  <div class='ocr_page' id='page_1' title='image "/cluster/home/n/w/nwhite01/storage/ocr_20150623/5/hvd.32044019206598/487.png"; bbox 0 0 3802 6210; ppageno 0'>
   <div class='ocr_carea' id='block_1_1' title="bbox 455 288 3664 363">
    <p class='ocr_par' dir='ltr' id='par_1_1' title="bbox 455 288 3664 363">
     <span class='ocr_line' id='line_1_1' title="bbox 455 288 3664 363; baseline 0.001 -12"><span class='ocrx_word' id='word_1_1' title='bbox 455 295 561 352; x_wconf 77' lang='lat'><strong>959</strong></span> <span class='ocrx_word' id='word_1_2' title='bbox 1248 294 1340 348; x_wconf 81' lang='lat' dir='ltr'><strong>AD</strong></span> <span class='ocrx_word' id='word_1_3' title='bbox 1382 292 1763 359; x_wconf 82' lang='lat' dir='ltr'><strong>EPISTOLAS</strong></span> <span class='ocrx_word' id='word_1_4' title='bbox 1804 295 1861 350; x_wconf 91' lang='lat' dir='ltr'><strong>S.</strong></span> <span class='ocrx_word' id='word_1_5' title='bbox 1902 296 2159 354; x_wconf 82' lang='lat' dir='ltr'><strong>lGNATlI</strong></span> <span class='ocrx_word' id='word_1_6' title='bbox 2190 296 2541 355; x_wconf 79' lang='lat' dir='ltr'><strong>GENUINAS</strong></span> <span class='ocrx_word' id='word_1_7' title='bbox 2579 298 2935 354; x_wconf 79' lang='lat' dir='ltr'><strong>APPENDIX.</strong></span> <span class='ocrx_word' id='word_1_8' title='bbox 3078 288 3081 289; x_wconf 15' lang='grc' dir='ltr'><em>ν</em></span> <span class='ocrx_word' id='word_1_9' title='bbox 3573 305 3664 363; x_wconf 77' lang='lat'><strong>960</strong></span> 
     </span>
    </p>
   </div>
   <div class='ocr_carea' id='block_1_2' title="bbox 1452 500 2703 575">
    <p class='ocr_par' dir='ltr' id='par_1_2' title="bbox 1452 500 2703 575">
     <span class='ocr_line' id='line_1_2' title="bbox 1452 500 2703 575; baseline 0.004 -21"><span class='ocrx_word' id='word_1_10' title='bbox 1452 500 1582 557; x_wconf 74' lang='lat' dir='ltr'><strong>[nu</strong></span> <span class='ocrx_word' id='word_1_11' title='bbox 1617 503 1773 568; x_wconf 84' lang='lat' dir='ltr'><strong>ibid.,</strong></span> <span class='ocrx_word' id='word_1_12' title='bbox 1799 503 1907 557; x_wconf 87' lang='lat' dir='ltr'><strong>litt.</strong></span> <span class='ocrx_word' id='word_1_13' title='bbox 1933 520 1988 568; x_wconf 92' lang='grc' dir='ltr'><strong>α,</strong></span> <span class='ocrx_word' id='word_1_14' title='bbox 2015 504 2099 558; x_wconf 85' lang='lat' dir='ltr'><strong>tit.</strong></span> <span class='ocrx_word' id='word_1_15' title='bbox 2127 520 2311 570; x_wconf 78' lang='lat' dir='ltr'><strong>um,</strong></span> <span class='ocrx_word' id='word_1_16' title='bbox 2334 522 2458 575; x_wconf 86' lang='lat' dir='ltr'><strong>pag.</strong></span> <span class='ocrx_word' id='word_1_17' title='bbox 2489 504 2613 567; x_wconf 78' lang='lat'><strong>775,</strong></span> <span class='ocrx_word' id='word_1_18' title='bbox 2638 505 2703 559; x_wconf 86' lang='lat' dir='ltr'><strong>A.</strong></span> 
     </span>
    </p>
   </div>
   <div class='ocr_carea' id='block_1_3' title="bbox 726 655 2227 730">
    <p class='ocr_par' dir='ltr' id='par_1_3' title="bbox 726 655 2096 727">
     <span class='ocr_line' id='line_1_3' title="bbox 726 655 2096 727; baseline 0.002 -19"><span class='ocrx_word' id='word_1_19' title='bbox 726 655 809 708; x_wconf 79' lang='lat' dir='ltr'><strong>Ex</strong></span> <span class='ocrx_word' id='word_1_20' title='bbox 833 655 1076 727; x_wconf 83' lang='lat' dir='ltr'><strong>Epistola</strong></span> <span class='ocrx_word' id='word_1_21' title='bbox 1102 657 1171 709; x_wconf 83' lang='lat' dir='ltr'><strong>ad</strong></span> <span class='ocrx_word' id='word_1_22' title='bbox 1197 655 1741 711; x_wconf 63' lang='lat' dir='ltr'><strong>Pmnansumsssas.</strong></span> <span class='ocrx_word' id='word_1_23' title='bbox 2048 670 2096 726; x_wconf 73' lang='grc' dir='ltr'><strong>Α</strong></span> 
     </span>
    </p>
   </div>
   <div class='ocr_carea' id='block_1_4' title="bbox 2055 655 3556 730">
    <p class='ocr_par' dir='ltr' id='par_1_4' title="bbox 2055 658 3556 730">
     <span class='ocr_line' id='line_1_4' title="bbox 2055 658 3556 730; baseline 0.007 -26"><span class='ocrx_word' id='word_1_24' title='bbox 2055 670 2096 726; x_wconf 67' lang='grc' dir='ltr'><strong>Α</strong></span> <span class='ocrx_word' id='word_1_25' title='bbox 2242 659 2337 711; x_wconf 83' lang='grc' dir='ltr'>Ἐκ</span> <span class='ocrx_word' id='word_1_26' title='bbox 2370 658 2480 727; x_wconf 81' lang='grc' dir='ltr'><strong>τῆς</strong></span> <span class='ocrx_word' id='word_1_27' title='bbox 2508 660 2657 726; x_wconf 80' lang='grc' dir='ltr'>πρὸς</span> <span class='ocrx_word' id='word_1_28' title='bbox 2681 658 3178 713; x_wconf 80' lang='grc' dir='ltr'><strong>ΦΙΛΑΔΕΛΦΙΟΥΣ</strong></span> <span class='ocrx_word' id='word_1_29' title='bbox 3220 660 3556 730; x_wconf 72' lang='grc' dir='ltr'><strong>Ἐπιστολῆς</strong></span> 
     </span>
    </p>
   </div>
   <div class='ocr_carea' id='block_1_5' title="bbox 522 762 2023 843">
    <p class='ocr_par' dir='ltr' id='par_1_5' title="bbox 522 768 2023 839">
     <span class='ocr_line' id='line_1_5' title="bbox 522 768 2023 839; baseline -0.001 -13"><span class='ocrx_word' id='word_1_30' title='bbox 522 771 570 826; x_wconf 75' lang='grc' dir='ltr'><strong>Α</strong></span> <span class='ocrx_word' id='word_1_31' title='bbox 615 771 774 826; x_wconf 88' lang='lat' dir='ltr'><strong>malis</strong></span> <span class='ocrx_word' id='word_1_32' title='bbox 824 770 1010 825; x_wconf 85' lang='lat' dir='ltr'><strong>herbis</strong></span> <span class='ocrx_word' id='word_1_33' title='bbox 1059 770 1344 834; x_wconf 74' lang='lat' dir='ltr'><strong>abstinete,</strong></span> <span class='ocrx_word' id='word_1_34' title='bbox 1401 784 1539 839; x_wconf 89' lang='lat' dir='ltr'><strong>quas</strong></span> <span class='ocrx_word' id='word_1_35' title='bbox 1571 768 1731 825; x_wconf 79' lang='lat' dir='ltr'><strong>Jesus</strong></span> <span class='ocrx_word' id='word_1_36' title='bbox 1773 768 2023 824; x_wconf 78' lang='lat' dir='ltr'><strong>Christus</strong></span> 
     </span>
    </p>
   </div>
   <div class='ocr_carea' id='block_1_6' title="bbox 2164 762 3665 843">
    <p class='ocr_par' dir='ltr' id='par_1_6' title="bbox 2212 762 3665 843">
     <span class='ocr_line' id='line_1_6' title="bbox 2212 762 3665 843; baseline 0.003 -22"><span class='ocrx_word' id='word_1_37' title='bbox 2212 768 2503 841; x_wconf 81' lang='grc' dir='ltr'>Ἀπέχεσθε</span> <span class='ocrx_word' id='word_1_38' title='bbox 2535 766 2643 821; x_wconf 84' lang='grc' dir='ltr'><strong>τῶν</strong></span> <span class='ocrx_word' id='word_1_39' title='bbox 2689 766 2873 821; x_wconf 80' lang='grc' dir='ltr'>κακῶν</span> <span class='ocrx_word' id='word_1_40' title='bbox 2921 767 3178 837; x_wconf 82' lang='grc' dir='ltr'><strong>βοτανῶν,</strong></span> <span class='ocrx_word' id='word_1_41' title='bbox 3218 762 3292 822; x_wconf 84' lang='grc' dir='ltr'>ὧν</span> <span class='ocrx_word' id='word_1_42' title='bbox 3320 768 3540 842; x_wconf 78' lang='grc' dir='ltr'>Χριστὸς</span> <span class='ocrx_word' id='word_1_43' title='bbox 3578 771 3665 843; x_wconf 85' lang='grc' dir='ltr'><strong>Ίη-</strong></span> 
     </span>
    </p>
   </div>
   <div class='ocr_carea' id='block_1_7' title="bbox 454 853 1955 932">
    <p class='ocr_par' dir='ltr' id='par_1_7' title="bbox 454 861 1955 932">
     <span class='ocr_line' id='line_1_7' title="bbox 454 861 1955 932; baseline -0.004 -13"><span class='ocrx_word' id='word_1_44' title='bbox 454 878 562 919; x_wconf 83' lang='lat' dir='ltr'><strong>non</strong></span> <span class='ocrx_word' id='word_1_45' title='bbox 589 864 740 927; x_wconf 87' lang='lat' dir='ltr'><strong>colit,</strong></span> <span class='ocrx_word' id='word_1_46' title='bbox 775 871 1056 932; x_wconf 83' lang='lat' dir='ltr'><strong>propterea</strong></span> <span class='ocrx_word' id='word_1_47' title='bbox 1096 862 1243 931; x_wconf 87' lang='lat' dir='ltr'><strong>quod</strong></span> <span class='ocrx_word' id='word_1_48' title='bbox 1288 878 1397 916; x_wconf 86' lang='lat' dir='ltr'><strong>non</strong></span> <span class='ocrx_word' id='word_1_49' title='bbox 1446 862 1549 931; x_wconf 91' lang='lat' dir='ltr'><strong>ipsi</strong></span> <span class='ocrx_word' id='word_1_50' title='bbox 1594 869 1723 915; x_wconf 90' lang='lat' dir='ltr'><strong>sunt</strong></span> <span class='ocrx_word' id='word_1_51' title='bbox 1761 861 1955 930; x_wconf 73' lang='lat' dir='ltr'><strong>planta!</strong></span> 
     </span>
    </p>
   </div>
   <div class='ocr_carea' id='block_1_8' title="bbox 2164 853 3665 932">
    <p class='ocr_par' dir='ltr' id='par_1_8' title="bbox 2164 853 3665 929">
     <span class='ocr_line' id='line_1_8' title="bbox 2164 853 3665 929; baseline 0.002 -17"><span class='ocrx_word' id='word_1_52' title='bbox 2164 858 2255 923; x_wconf 85' lang='grc' dir='ltr'><strong>οῦς</strong></span> <span class='ocrx_word' id='word_1_53' title='bbox 2283 860 2342 911; x_wconf 78' lang='grc' dir='ltr'><strong>οὐ</strong></span> <span class='ocrx_word' id='word_1_54' title='bbox 2366 860 2621 929; x_wconf 84' lang='grc' dir='ltr'><strong>γεωργεῖ,</strong></span> <span class='ocrx_word' id='word_1_55' title='bbox 2646 856 2732 910; x_wconf 81' lang='grc' dir='ltr'>διὰ</span> <span class='ocrx_word' id='word_1_56' title='bbox 2763 857 2822 910; x_wconf 81' lang='grc' dir='ltr'>τὸ</span> <span class='ocrx_word' id='word_1_57' title='bbox 2848 856 2922 927; x_wconf 75' lang='grc' dir='ltr'>μὴ</span> <span class='ocrx_word' id='word_1_58' title='bbox 2955 853 3093 911; x_wconf 81' lang='grc' dir='ltr'>εἶναι</span> <span class='ocrx_word' id='word_1_59' title='bbox 3128 859 3325 922; x_wconf 81' lang='grc' dir='ltr'>αὐτοὺς</span> <span class='ocrx_word' id='word_1_60' title='bbox 3363 860 3567 929; x_wconf 79' lang='grc' dir='ltr'><strong>φυτείαν</strong></span> <span class='ocrx_word' id='word_1_61' title='bbox 3586 864 3665 918; x_wconf 79' lang='grc' dir='ltr'><strong>τοῦ</strong></span> 
     </span>
    </p>
   </div>
   <div class='ocr_carea' id='block_1_9' title="bbox 452 947 1953 1023">
    <p class='ocr_par' dir='ltr' id='par_1_9' title="bbox 452 950 1953 1021">
     <span class='ocr_line' id='line_1_9' title="bbox 452 950 1953 1021; baseline -0.003 -14"><span class='ocrx_word' id='word_1_62' title='bbox 452 952 649 1007; x_wconf 84' lang='lat' dir='ltr'><strong>Patris.</strong></span> <span class='ocrx_word' id='word_1_63' title='bbox 706 950 784 1006; x_wconf 88' lang='lat' dir='ltr'><strong>Ne</strong></span> <span class='ocrx_word' id='word_1_64' title='bbox 837 953 1052 1019; x_wconf 85' lang='lat' dir='ltr'><strong>erretis,</strong></span> <span class='ocrx_word' id='word_1_65' title='bbox 1098 952 1294 1007; x_wconf 76' lang='lat' dir='ltr'><strong>fratres</strong></span> <span class='ocrx_word' id='word_1_66' title='bbox 1345 952 1483 1019; x_wconf 88' lang='lat' dir='ltr'><strong>mei;</strong></span> <span class='ocrx_word' id='word_1_67' title='bbox 1527 952 1572 1005; x_wconf 93' lang='lat' dir='ltr'><strong>si</strong></span> <span class='ocrx_word' id='word_1_68' title='bbox 1614 953 1739 1021; x_wconf 90' lang='lat' dir='ltr'><strong>quis</strong></span> <span class='ocrx_word' id='word_1_69' title='bbox 1779 966 1953 1020; x_wconf 86' lang='lat' dir='ltr'><strong>eumq</strong></span> 
     </span>
    </p>
   </div>
   <div class='ocr_carea' id='block_1_10' title="bbox 2166 947 3667 1023">
    <p class='ocr_par' dir='ltr' id='par_1_10' title="bbox 2166 947 3667 1023">
     <span class='ocr_line' id='line_1_10' title="bbox 2166 947 3667 1023; baseline 0.003 -21"><span class='ocrx_word' id='word_1_70' title='bbox 2166 950 2359 1020; x_wconf 90' lang='grc' dir='ltr'>[ατρός.</span> <span class='ocrx_word' id='word_1_71' title='bbox 2387 948 2479 1019; x_wconf 84' lang='grc' dir='ltr'><strong>Μὴ</strong></span> <span class='ocrx_word' id='word_1_72' title='bbox 2510 947 2808 1012; x_wconf 75' lang='grc' dir='ltr'><strong>πλανᾶσθε,</strong></span> <span class='ocrx_word' id='word_1_73' title='bbox 2837 948 3055 1018; x_wconf 79' lang='grc' dir='ltr'>ἀδελφοί</span> <span class='ocrx_word' id='word_1_74' title='bbox 3084 967 3204 1019; x_wconf 86' lang='grc' dir='ltr'>μου·</span> <span class='ocrx_word' id='word_1_75' title='bbox 3256 952 3310 1003; x_wconf 76' lang='lat' dir='ltr'><strong>el’</strong></span> <span class='ocrx_word' id='word_1_76' title='bbox 3348 967 3429 1014; x_wconf 87' lang='grc' dir='ltr'><strong>τις</strong></span> <span class='ocrx_word' id='word_1_77' title='bbox 3464 952 3667 1023; x_wconf 78' lang='grc' dir='ltr'>σχίζοντι</span> 
     </span>
    </p>
   </div>
   <div class='ocr_carea' id='block_1_11' title="bbox 452 1042 1953 1117">
    <p class='ocr_par' dir='ltr' id='par_1_11' title="bbox 452 1042 1953 1115">
     <span class='ocr_line' id='line_1_11' title="bbox 452 1042 1953 1115; baseline -0.003 -15"><span class='ocrx_word' id='word_1_78' title='bbox 452 1046 771 1101; x_wconf 76' lang='lat' dir='ltr'><strong>scissionem</strong></span> <span class='ocrx_word' id='word_1_79' title='bbox 812 1044 942 1099; x_wconf 83' lang='lat' dir='ltr'><strong>facit</strong></span> <span class='ocrx_word' id='word_1_80' title='bbox 1005 1046 1273 1113; x_wconf 87' lang='lat' dir='ltr'><strong>sequitur,</strong></span> <span class='ocrx_word' id='word_1_81' title='bbox 1315 1060 1541 1115; x_wconf 82' lang='lat' dir='ltr'><strong>regnum</strong></span> <span class='ocrx_word' id='word_1_82' title='bbox 1584 1042 1675 1099; x_wconf 88' lang='lat' dir='ltr'><strong>Dei</strong></span> <span class='ocrx_word' id='word_1_83' title='bbox 1715 1043 1953 1099; x_wconf 67' lang='lat' dir='ltr'><strong>hazredit:</strong></span> 
     </span>
    </p>
   </div>
   <div class='ocr_carea' id='block_1_12' title="bbox 1848 1042 3349 1117">
    <p class='ocr_par' dir='ltr' id='par_1_12' title="bbox 1848 1043 3349 1117">
     <span class='ocr_line' id='line_1_12' title="bbox 1848 1043 3349 1117; baseline 0.001 -20"><span class='ocrx_word' id='word_1_84' title='bbox 1848 1043 2026 1097; x_wconf 74' lang='lat' dir='ltr'><strong>:ditatc</strong></span> <span class='ocrx_word' id='word_1_85' title='bbox 2126 1044 2426 1109; x_wconf 87' lang='grc' dir='ltr'>ἀκολουθεῖ,</span> <span class='ocrx_word' id='word_1_86' title='bbox 2459 1043 2732 1115; x_wconf 85' lang='grc' dir='ltr'>βασιλείαν</span> <span class='ocrx_word' id='word_1_87' title='bbox 2753 1043 2887 1097; x_wconf 82' lang='grc' dir='ltr'><strong>Θεοῦ</strong></span> <span class='ocrx_word' id='word_1_88' title='bbox 2917 1044 2978 1097; x_wconf 80' lang='grc' dir='ltr'><strong>οὐ</strong></span> <span class='ocrx_word' id='word_1_89' title='bbox 3010 1044 3349 1117; x_wconf 83' lang='grc' dir='ltr'>κληρονομεῖ.</span> 
     </span>
    </p>
   </div>
   <div class='ocr_carea' id='block_1_13' title="bbox 452 1136 1613 1207">
    <p class='ocr_par' dir='ltr' id='par_1_13' title="bbox 452 1136 1613 1207">
     <span class='ocr_line' id='line_1_13' title="bbox 452 1136 1613 1207; baseline -0.002 -16"><span class='ocrx_word' id='word_1_90' title='bbox 452 1152 561 1191; x_wconf 89' lang='lat' dir='ltr'><strong>non</strong></span> <span class='ocrx_word' id='word_1_91' title='bbox 592 1136 907 1207; x_wconf 88' lang='lat' dir='ltr'><strong>possidebit.</strong></span> <span class='ocrx_word' id='word_1_92' title='bbox 935 1137 1017 1190; x_wconf 84' lang='lat' dir='ltr'><strong>Ad</strong></span> <span class='ocrx_word' id='word_1_93' title='bbox 1045 1136 1382 1206; x_wconf 87' lang='lat' dir='ltr'><strong>Philadelph.</strong></span> <span class='ocrx_word' id='word_1_94' title='bbox 1409 1153 1527 1205; x_wconf 86' lang='lat' dir='ltr'><strong>cap.</strong></span> <span class='ocrx_word' id='word_1_95' title='bbox 1558 1137 1613 1190; x_wconf 81' lang='grc'>5.</span> 
     </span>
    </p>
   </div>
   <div class='ocr_carea' id='block_1_14' title="bbox 1381 1290 2724 1362">
    <p class='ocr_par' dir='ltr' id='par_1_14' title="bbox 1381 1290 2724 1362">
     <span class='ocr_line' id='line_1_14' title="bbox 1381 1290 2724 1362; baseline -0.002 -13"><span class='ocrx_word' id='word_1_96' title='bbox 1381 1294 1511 1350; x_wconf 73' lang='lat' dir='ltr'><strong>lusu</strong></span> <span class='ocrx_word' id='word_1_97' title='bbox 1544 1294 1701 1360; x_wconf 85' lang='lat' dir='ltr'><strong>ibid.,</strong></span> <span class='ocrx_word' id='word_1_98' title='bbox 1727 1295 1833 1349; x_wconf 86' lang='lat' dir='ltr'><strong>litt.</strong></span> <span class='ocrx_word' id='word_1_99' title='bbox 1868 1311 1914 1359; x_wconf 90' lang='grc' dir='ltr'><strong>ε,</strong></span> <span class='ocrx_word' id='word_1_100' title='bbox 1952 1294 2038 1347; x_wconf 85' lang='lat' dir='ltr'><strong>tit.</strong></span> <span class='ocrx_word' id='word_1_101' title='bbox 2066 1307 2255 1359; x_wconf 71' lang='lat' dir='ltr'><strong>xum,</strong></span> <span class='ocrx_word' id='word_1_102' title='bbox 2282 1308 2405 1362; x_wconf 88' lang='lat' dir='ltr'><strong>pag.</strong></span> <span class='ocrx_word' id='word_1_103' title='bbox 2442 1290 2565 1357; x_wconf 88' lang='lat'><strong>780,</strong></span> <span class='ocrx_word' id='word_1_104' title='bbox 2593 1290 2655 1359; x_wconf 89' lang='grc' dir='ltr'>Β,</span> <span class='ocrx_word' id='word_1_105' title='bbox 2682 1290 2724 1346; x_wconf 90' lang='lat' dir='ltr'><strong><em>C</em></strong></span> 
     </span>
    </p>
   </div>
   <div class='ocr_carea' id='block_1_15' title="bbox 1098 1447 2599 1522">
    <p class='ocr_par' dir='ltr' id='par_1_15' title="bbox 1098 1452 1372 1522">
     <span class='ocr_line' id='line_1_15' title="bbox 1098 1452 1372 1522; baseline 0.004 -17"><span class='ocrx_word' id='word_1_106' title='bbox 1098 1452 1372 1522; x_wconf 84' lang='lat' dir='ltr'><strong>Ejusdem.</strong></span> 
     </span>
    </p>
   </div>
   <div class='ocr_carea' id='block_1_16' title="bbox 1589 1447 3090 1522">
    <p class='ocr_par' dir='ltr' id='par_1_16' title="bbox 2739 1447 3090 1503">
     <span class='ocr_line' id='line_1_16' title="bbox 2739 1447 3090 1503; baseline -0.003 -2"><span class='ocrx_word' id='word_1_107' title='bbox 2739 1448 2851 1503; x_wconf 88' lang='grc' dir='ltr'><strong>Τοῦ</strong></span> <span class='ocrx_word' id='word_1_108' title='bbox 2886 1447 3090 1501; x_wconf 78' lang='grc' dir='ltr'>αὐτοῦ.</span> 
     </span>
    </p>
   </div>
   <div class='ocr_carea' id='block_1_17' title="bbox 519 1552 2020 1635">
    <p class='ocr_par' dir='ltr' id='par_1_17' title="bbox 519 1563 2020 1634">
     <span class='ocr_line' id='line_1_17' title="bbox 519 1563 2020 1634; baseline 0.001 -17"><span class='ocrx_word' id='word_1_109' title='bbox 519 1563 701 1619; x_wconf 80' lang='lat' dir='ltr'><strong>Testis</strong></span> <span class='ocrx_word' id='word_1_110' title='bbox 736 1572 915 1617; x_wconf 80' lang='lat' dir='ltr'><strong>autem</strong></span> <span class='ocrx_word' id='word_1_111' title='bbox 941 1563 1074 1617; x_wconf 87' lang='lat' dir='ltr'><strong>mihi</strong></span> <span class='ocrx_word' id='word_1_112' title='bbox 1107 1573 1209 1631; x_wconf 85' lang='lat' dir='ltr'><strong>est,</strong></span> <span class='ocrx_word' id='word_1_113' title='bbox 1238 1564 1290 1617; x_wconf 90' lang='lat' dir='ltr'><strong>in</strong></span> <span class='ocrx_word' id='word_1_114' title='bbox 1318 1580 1427 1634; x_wconf 85' lang='lat' dir='ltr'><strong>quo</strong></span> <span class='ocrx_word' id='word_1_115' title='bbox 1452 1564 1666 1619; x_wconf 88' lang='lat' dir='ltr'><strong>vinctus</strong></span> <span class='ocrx_word' id='word_1_116' title='bbox 1701 1580 1843 1629; x_wconf 89' lang='lat' dir='ltr'><strong>sum,</strong></span> <span class='ocrx_word' id='word_1_117' title='bbox 1883 1580 2020 1634; x_wconf 90' lang='lat' dir='ltr'><strong>quo-</strong></span> 
     </span>
    </p>
   </div>
   <div class='ocr_carea' id='block_1_18' title="bbox 2170 1552 3671 1635">
    <p class='ocr_par' dir='ltr' id='par_1_18' title="bbox 2195 1552 3671 1635">
     <span class='ocr_line' id='line_1_18' title="bbox 2195 1552 3671 1635; baseline -0.001 -17"><span class='ocrx_word' id='word_1_118' title='bbox 2195 1563 2421 1635; x_wconf 86' lang='grc' dir='ltr'>Μάρτυς</span> <span class='ocrx_word' id='word_1_119' title='bbox 2463 1579 2563 1633; x_wconf 86' lang='grc' dir='ltr'><strong>μου</strong></span> <span class='ocrx_word' id='word_1_120' title='bbox 2590 1561 2647 1614; x_wconf 80' lang='grc' dir='ltr'>ὲν</span> <span class='ocrx_word' id='word_1_121' title='bbox 2671 1552 2715 1629; x_wconf 80' lang='grc' dir='ltr'><strong>ᾧ</strong></span> <span class='ocrx_word' id='word_1_122' title='bbox 2744 1561 2983 1632; x_wconf 79' lang='grc' dir='ltr'><strong>δέδεμαι,</strong></span> <span class='ocrx_word' id='word_1_123' title='bbox 3016 1564 3098 1615; x_wconf 82' lang='grc' dir='ltr'><strong>ὅτι</strong></span> <span class='ocrx_word' id='word_1_124' title='bbox 3128 1560 3236 1615; x_wconf 81' lang='grc' dir='ltr'><strong>ἀπὸ</strong></span> <span class='ocrx_word' id='word_1_125' title='bbox 3270 1560 3464 1634; x_wconf 71' lang='grc' dir='ltr'>σαρκὸς</span> <span class='ocrx_word' id='word_1_126' title='bbox 3492 1562 3671 1633; x_wconf 70' lang='grc' dir='ltr'>ἀνθρω-</span> 
     </span>
    </p>
   </div>
   <div class='ocr_carea' id='block_1_19' title="bbox 450 1649 1951 1725">
    <p class='ocr_par' dir='ltr' id='par_1_19' title="bbox 450 1654 1951 1725">
     <span class='ocr_line' id='line_1_19' title="bbox 450 1654 1951 1725; baseline 0.001 -15"><span class='ocrx_word' id='word_1_127' title='bbox 450 1656 599 1710; x_wconf 83' lang='lat' dir='ltr'><strong>niam</strong></span> <span class='ocrx_word' id='word_1_128' title='bbox 642 1670 672 1707; x_wconf 91' lang='lat' dir='ltr'><strong>a</strong></span> <span class='ocrx_word' id='word_1_129' title='bbox 722 1669 888 1707; x_wconf 90' lang='lat' dir='ltr'><strong>carne</strong></span> <span class='ocrx_word' id='word_1_130' title='bbox 932 1654 1169 1708; x_wconf 91' lang='lat' dir='ltr'><strong>humana</strong></span> <span class='ocrx_word' id='word_1_131' title='bbox 1202 1672 1313 1710; x_wconf 88' lang='lat' dir='ltr'><strong>non</strong></span> <span class='ocrx_word' id='word_1_132' title='bbox 1350 1658 1599 1725; x_wconf 78' lang='lat' dir='ltr'><strong>cognovi.</strong></span> <span class='ocrx_word' id='word_1_133' title='bbox 1633 1654 1868 1725; x_wconf 90' lang='lat' dir='ltr'><strong>Spiritus</strong></span> <span class='ocrx_word' id='word_1_134' title='bbox 1891 1673 1951 1711; x_wconf 84' lang='lat' dir='ltr'><strong>ve</strong></span> 
     </span>
    </p>
   </div>
   <div class='ocr_carea' id='block_1_20' title="bbox 2165 1649 3666 1725">
    <p class='ocr_par' dir='ltr' id='par_1_20' title="bbox 2165 1649 3666 1722">
     <span class='ocr_line' id='line_1_20' title="bbox 2165 1649 3666 1722; baseline 0.003 -22"><span class='ocrx_word' id='word_1_135' title='bbox 2165 1652 2288 1721; x_wconf 80' lang='grc' dir='ltr'>τίνης</span> <span class='ocrx_word' id='word_1_136' title='bbox 2331 1650 2429 1703; x_wconf 81' lang='grc' dir='ltr'><strong>οὐκ</strong></span> <span class='ocrx_word' id='word_1_137' title='bbox 2477 1650 2665 1717; x_wconf 76' lang='grc' dir='ltr'>ἔγνων.</span> <span class='ocrx_word' id='word_1_138' title='bbox 2719 1649 2791 1701; x_wconf 83' lang='grc' dir='ltr'><strong>Τὸ</strong></span> <span class='ocrx_word' id='word_1_139' title='bbox 2833 1649 2891 1702; x_wconf 81' lang='grc' dir='ltr'><strong>δὲ</strong></span> <span class='ocrx_word' id='word_1_140' title='bbox 2958 1649 3184 1721; x_wconf 78' lang='grc' dir='ltr'><strong>Πνεῦμα</strong></span> <span class='ocrx_word' id='word_1_141' title='bbox 3237 1652 3501 1722; x_wconf 76' lang='grc' dir='ltr'><strong>ἐκήρυσσε</strong></span> <span class='ocrx_word' id='word_1_142' title='bbox 3543 1652 3666 1705; x_wconf 79' lang='grc' dir='ltr'>τάδε’</span> 
     </span>
    </p>
   </div>
   <div class='ocr_carea' id='block_1_21' title="bbox 452 1740 1953 1819">
    <p class='ocr_par' dir='ltr' id='par_1_21' title="bbox 452 1744 1953 1819">
     <span class='ocr_line' id='line_1_21' title="bbox 452 1744 1953 1819; baseline 0.001 -16"><span class='ocrx_word' id='word_1_143' title='bbox 452 1751 568 1804; x_wconf 74' lang='lat' dir='ltr'><strong>hzec</strong></span> <span class='ocrx_word' id='word_1_144' title='bbox 606 1748 945 1819; x_wconf 68' lang='lat' dir='ltr'><strong>prtedicavit:</strong></span> <span class='ocrx_word' id='word_1_145' title='bbox 972 1744 1099 1801; x_wconf 87' lang='lat' dir='ltr'><strong>Sine</strong></span> <span class='ocrx_word' id='word_1_146' title='bbox 1138 1748 1394 1817; x_wconf 89' lang='lat' dir='ltr'><strong>episcopo</strong></span> <span class='ocrx_word' id='word_1_147' title='bbox 1430 1751 1566 1803; x_wconf 83' lang='lat' dir='ltr'><strong>nihil</strong></span> <span class='ocrx_word' id='word_1_148' title='bbox 1616 1751 1855 1815; x_wconf 82' lang='lat' dir='ltr'><strong>faciatis;</strong></span> <span class='ocrx_word' id='word_1_149' title='bbox 1900 1766 1953 1806; x_wconf 79' lang='lat' dir='ltr'><strong>ca</strong></span> 
     </span>
    </p>
   </div>
   <div class='ocr_carea' id='block_1_22' title="bbox 2169 1740 3670 1819">
    <p class='ocr_par' dir='ltr' id='par_1_22' title="bbox 2169 1740 3670 1813">
     <span class='ocr_line' id='line_1_22' title="bbox 2169 1740 3670 1813; baseline -0.001 -19"><span class='ocrx_word' id='word_1_150' title='bbox 2169 1741 2310 1813; x_wconf 75' lang='grc' dir='ltr'>,ωρὶς</span> <span class='ocrx_word' id='word_1_151' title='bbox 2331 1742 2628 1794; x_wconf 77' lang='grc' dir='ltr'>ἐπισκόπου</span> <span class='ocrx_word' id='word_1_152' title='bbox 2663 1741 2826 1812; x_wconf 81' lang='grc' dir='ltr'>μηδὲν</span> <span class='ocrx_word' id='word_1_153' title='bbox 2850 1744 3072 1795; x_wconf 80' lang='grc' dir='ltr'>ποιεῖτε·</span> <span class='ocrx_word' id='word_1_154' title='bbox 3117 1741 3213 1813; x_wconf 83' lang='grc' dir='ltr'>τὴν</span> <span class='ocrx_word' id='word_1_155' title='bbox 3243 1742 3421 1811; x_wconf 84' lang='grc' dir='ltr'>σάρκα</span> <span class='ocrx_word' id='word_1_156' title='bbox 3450 1740 3583 1812; x_wconf 82' lang='grc' dir='ltr'>ὑμῶν</span> <span class='ocrx_word' id='word_1_157' title='bbox 3607 1742 3670 1804; x_wconf 82' lang='grc' dir='ltr'>ὼς</span> 
     </span>
    </p>
   </div>
   <div class='ocr_carea' id='block_1_23' title="bbox 450 1832 1951 1946">
    <p class='ocr_par' dir='ltr' id='par_1_23' title="bbox 450 1840 1951 1913">
     <span class='ocr_line' id='line_1_23' title="bbox 450 1840 1951 1913; baseline 0.001 -18"><span class='ocrx_word' id='word_1_158' title='bbox 450 1857 575 1895; x_wconf 87' lang='lat' dir='ltr'><strong>nem</strong></span> <span class='ocrx_word' id='word_1_159' title='bbox 637 1850 873 1895; x_wconf 84' lang='lat' dir='ltr'><strong>vestram</strong></span> <span class='ocrx_word' id='word_1_160' title='bbox 926 1850 1182 1910; x_wconf 86' lang='lat' dir='ltr'><strong>tanquam</strong></span> <span class='ocrx_word' id='word_1_161' title='bbox 1239 1840 1334 1897; x_wconf 90' lang='lat' dir='ltr'><strong>Dei</strong></span> <span class='ocrx_word' id='word_1_162' title='bbox 1398 1844 1657 1913; x_wconf 84' lang='lat' dir='ltr'><strong>templum</strong></span> <span class='ocrx_word' id='word_1_163' title='bbox 1713 1843 1951 1898; x_wconf 88' lang='lat' dir='ltr'><strong>custodit</strong></span> 
     </span>
    </p>
   </div>
   <div class='ocr_carea' id='block_1_24' title="bbox 2171 1832 3672 1946">
    <p class='ocr_par' dir='ltr' id='par_1_24' title="bbox 2171 1832 3672 1946">
     <span class='ocr_line' id='line_1_24' title="bbox 2171 1832 3672 1905; baseline -0.001 -20"><span class='ocrx_word' id='word_1_164' title='bbox 2171 1833 2250 1886; x_wconf 79' lang='grc' dir='ltr'>ῑὸν</span> <span class='ocrx_word' id='word_1_165' title='bbox 2278 1832 2413 1886; x_wconf 83' lang='grc' dir='ltr'>Θεοῦ</span> <span class='ocrx_word' id='word_1_166' title='bbox 2447 1833 2682 1903; x_wconf 81' lang='grc' dir='ltr'>τηρεῖτε·</span> <span class='ocrx_word' id='word_1_167' title='bbox 2731 1833 2827 1905; x_wconf 77' lang='grc' dir='ltr'>τὴν</span> <span class='ocrx_word' id='word_1_168' title='bbox 2861 1833 3053 1886; x_wconf 75' lang='grc' dir='ltr'>ἕνωσιν</span> <span class='ocrx_word' id='word_1_169' title='bbox 3087 1834 3357 1902; x_wconf 57' lang='grc' dir='ltr'>ἀγαπᾶτε</span> <span class='ocrx_word' id='word_1_170' title='bbox 3391 1834 3509 1896; x_wconf 71' lang='grc' dir='ltr'>τοὺς</span> <span class='ocrx_word' id='word_1_171' title='bbox 3542 1851 3672 1904; x_wconf 85' lang='grc' dir='ltr'>μερι-</span> 
     </span>
     <span class='ocr_line' id='line_1_25' title="bbox 2171 1923 3651 1946; baseline -0.001 -1"><span class='ocrx_word' id='word_1_172' title='bbox 2285 1943 2298 1946; x_wconf 84' lang='lat'>_</span> <span class='ocrx_word' id='word_1_173' title='bbox 2659 1923 2884 1946; x_wconf 40' lang='grc' dir='ltr'><strong>-.-μμ-Λ</strong></span> <span class='ocrx_word' id='word_1_174' title='bbox 2934 1924 3142 1946; x_wconf 61' lang='grc' dir='ltr'><strong>--ι-.--ιι-</strong></span> <span class='ocrx_word' id='word_1_175' title='bbox 3218 1924 3392 1946; x_wconf 40' lang='grc' dir='ltr'><strong>..η-,ρ</strong></span> <span class='ocrx_word' id='word_1_176' title='bbox 3445 1928 3516 1946; x_wconf 73' lang='grc' dir='ltr'><strong>ν,</strong></span> <span class='ocrx_word' id='word_1_177' title='bbox 3555 1926 3651 1946; x_wconf 62' lang='grc'><strong>---9</strong></span> 
     </span>
    </p>
   </div>
   <div class='ocr_carea' id='block_1_25' title="bbox 451 1923 1952 2005">
    <p class='ocr_par' dir='ltr' id='par_1_25' title="bbox 451 1932 1952 2005">
     <span class='ocr_line' id='line_1_26' title="bbox 451 1932 1952 2005; baseline 0.003 -20"><span class='ocrx_word' id='word_1_178' title='bbox 451 1934 711 1987; x_wconf 88' lang='lat' dir='ltr'><strong>unionem</strong></span> <span class='ocrx_word' id='word_1_179' title='bbox 777 1932 1017 2001; x_wconf 83' lang='lat' dir='ltr'><strong>diligite,</strong></span> <span class='ocrx_word' id='word_1_180' title='bbox 1078 1933 1374 1990; x_wconf 90' lang='lat' dir='ltr'><strong>scissiones</strong></span> <span class='ocrx_word' id='word_1_181' title='bbox 1431 1934 1647 2005; x_wconf 81' lang='lat' dir='ltr'><strong>fugite;</strong></span> <span class='ocrx_word' id='word_1_182' title='bbox 1717 1936 1952 1990; x_wconf 74' lang='lat' dir='ltr'><strong>inritator</strong></span> 
     </span>
    </p>
   </div>
   <div class='ocr_carea' id='block_1_26' title="bbox 2169 1923 3670 2005">
    <p class='ocr_par' dir='ltr' id='par_1_26' title="bbox 2169 1923 3670 1997">
     <span class='ocr_line' id='line_1_27' title="bbox 2169 1923 3670 1997; baseline 0 -18"><span class='ocrx_word' id='word_1_183' title='bbox 2169 1926 2299 1996; x_wconf 74' lang='grc' dir='ltr'><strong>μοῦς</strong></span> <span class='ocrx_word' id='word_1_184' title='bbox 2358 1925 2607 1995; x_wconf 78' lang='grc' dir='ltr'>φεύγετε·</span> <span class='ocrx_word' id='word_1_185' title='bbox 2656 1923 2889 1995; x_wconf 78' lang='grc' dir='ltr'>μιμηταὶ</span> <span class='ocrx_word' id='word_1_186' title='bbox 2932 1924 3147 1994; x_wconf 79' lang='grc' dir='ltr'>γίνεσθε</span> <span class='ocrx_word' id='word_1_187' title='bbox 3218 1924 3395 1997; x_wconf 80' lang='grc' dir='ltr'>Ἰησοῦ</span> <span class='ocrx_word' id='word_1_188' title='bbox 3445 1926 3670 1997; x_wconf 71' lang='grc' dir='ltr'>Χριστοῦ,</span> 
     </span>
    </p>
   </div>
   <div class='ocr_carea' id='block_1_27' title="bbox 448 2013 1949 2097">
    <p class='ocr_par' dir='ltr' id='par_1_27' title="bbox 448 2023 1949 2097">
     <span class='ocr_line' id='line_1_28' title="bbox 448 2023 1949 2097; baseline 0.001 -18"><span class='ocrx_word' id='word_1_189' title='bbox 448 2034 625 2080; x_wconf 87' lang='lat' dir='ltr'><strong>estote</strong></span> <span class='ocrx_word' id='word_1_190' title='bbox 648 2023 774 2079; x_wconf 86' lang='lat' dir='ltr'><strong>Jesu</strong></span> <span class='ocrx_word' id='word_1_191' title='bbox 812 2024 1035 2093; x_wconf 89' lang='lat' dir='ltr'><strong>Christi,</strong></span> <span class='ocrx_word' id='word_1_192' title='bbox 1066 2026 1213 2081; x_wconf 89' lang='lat' dir='ltr'><strong>velut</strong></span> <span class='ocrx_word' id='word_1_193' title='bbox 1248 2035 1302 2081; x_wconf 85' lang='lat' dir='ltr'><strong>et</strong></span> <span class='ocrx_word' id='word_1_194' title='bbox 1336 2027 1450 2097; x_wconf 86' lang='lat' dir='ltr'><strong>ipse</strong></span> <span class='ocrx_word' id='word_1_195' title='bbox 1485 2027 1678 2083; x_wconf 85' lang='lat' dir='ltr'><strong>Patris.</strong></span> <span class='ocrx_word' id='word_1_196' title='bbox 1718 2029 1800 2083; x_wconf 79' lang='lat' dir='ltr'><strong>Ad</strong></span> <span class='ocrx_word' id='word_1_197' title='bbox 1834 2027 1949 2082; x_wconf 90' lang='lat' dir='ltr'><strong>Phil</strong></span> 
     </span>
    </p>
   </div>
   <div class='ocr_carea' id='block_1_28' title="bbox 1463 2013 2964 2097">
    <p class='ocr_par' dir='ltr' id='par_1_28' title="bbox 1485 2013 2964 2088">
     <span class='ocr_line' id='line_1_29' title="bbox 1485 2013 2964 2088; baseline -0.009 -5"><span class='ocrx_word' id='word_1_198' title='bbox 1485 2027 1678 2083; x_wconf 84' lang='lat' dir='ltr'><strong>Patris.</strong></span> <span class='ocrx_word' id='word_1_199' title='bbox 1718 2029 1800 2083; x_wconf 79' lang='lat' dir='ltr'><strong>Ad</strong></span> <span class='ocrx_word' id='word_1_200' title='bbox 1834 2027 2021 2082; x_wconf 85' lang='lat' dir='ltr'><strong>Phila-</strong></span> <span class='ocrx_word' id='word_1_201' title='bbox 2128 2018 2203 2082; x_wconf 78' lang='grc' dir='ltr'><strong>ὡς</strong></span> <span class='ocrx_word' id='word_1_202' title='bbox 2224 2018 2385 2082; x_wconf 65' lang='grc' dir='ltr'>αὐτὸς</span> <span class='ocrx_word' id='word_1_203' title='bbox 2409 2017 2501 2071; x_wconf 73' lang='grc' dir='ltr'><strong>τοῦ</strong></span> <span class='ocrx_word' id='word_1_204' title='bbox 2535 2016 2746 2088; x_wconf 84' lang='grc' dir='ltr'>Πατρὸς</span> <span class='ocrx_word' id='word_1_205' title='bbox 2775 2013 2964 2071; x_wconf 82' lang='grc' dir='ltr'>αὐτοῦ.</span> 
     </span>
    </p>
   </div>
   <div class='ocr_carea' id='block_1_29' title="bbox 450 2117 873 2187">
    <p class='ocr_par' dir='ltr' id='par_1_29' title="bbox 450 2117 873 2187">
     <span class='ocr_line' id='line_1_30' title="bbox 450 2117 873 2187; baseline -0.002 -14"><span class='ocrx_word' id='word_1_206' title='bbox 450 2117 632 2186; x_wconf 88' lang='lat' dir='ltr'><strong>delph.</strong></span> <span class='ocrx_word' id='word_1_207' title='bbox 671 2134 789 2187; x_wconf 87' lang='lat' dir='ltr'><strong>cap.</strong></span> <span class='ocrx_word' id='word_1_208' title='bbox 820 2118 873 2172; x_wconf 92' lang='lat'><strong>7.</strong></span> 
     </span>
    </p>
   </div>
   <div class='ocr_carea' id='block_1_30' title="bbox 1868 2281 2291 2349">
    <p class='ocr_par' dir='ltr' id='par_1_30' title="bbox 1868 2281 2291 2349">
     <span class='ocr_line' id='line_1_31' title="bbox 1868 2281 2291 2349; baseline 0.002 -14"><span class='ocrx_word' id='word_1_209' title='bbox 1868 2281 1995 2337; x_wconf 70' lang='lat' dir='ltr'><strong>locu</strong></span> <span class='ocrx_word' id='word_1_210' title='bbox 2048 2282 2157 2337; x_wconf 82' lang='lat' dir='ltr'><strong>ibid</strong></span> <span class='ocrx_word' id='word_1_211' title='bbox 2166 2324 2203 2349; x_wconf 93' lang='lat'><strong>.,</strong></span> <span class='ocrx_word' id='word_1_212' title='bbox 2230 2281 2291 2336; x_wconf 89' lang='grc' dir='ltr'><strong>Β.</strong></span> 
     </span>
    </p>
   </div>
   <div class='ocr_carea' id='block_1_31' title="bbox 1100 2435 2601 2504">
    <p class='ocr_par' dir='ltr' id='par_1_31' title="bbox 1100 2435 1371 2504">
     <span class='ocr_line' id='line_1_32' title="bbox 1100 2435 1371 2504; baseline 0 -15"><span class='ocrx_word' id='word_1_213' title='bbox 1100 2435 1371 2504; x_wconf 80' lang='lat' dir='ltr'><strong>Ejusdem.</strong></span> 
     </span>
    </p>
   </div>
   <div class='ocr_carea' id='block_1_32' title="bbox 1592 2435 3093 2504">
    <p class='ocr_par' dir='ltr' id='par_1_32' title="bbox 2745 2436 3093 2491">
     <span class='ocr_line' id='line_1_33' title="bbox 2745 2436 3093 2491; baseline -0.009 0"><span class='ocrx_word' id='word_1_214' title='bbox 2745 2437 2855 2491; x_wconf 82' lang='grc' dir='ltr'>Τοῦ</span> <span class='ocrx_word' id='word_1_215' title='bbox 2887 2436 3093 2490; x_wconf 83' lang='grc' dir='ltr'>αὑτοῦ.</span> 
     </span>
    </p>
   </div>
   <div class='ocr_carea' id='block_1_33' title="bbox 521 2543 2022 2625">
    <p class='ocr_par' dir='ltr' id='par_1_33' title="bbox 521 2543 2022 2621">
     <span class='ocr_line' id='line_1_34' title="bbox 521 2543 2022 2621; baseline 0.005 -24"><span class='ocrx_word' id='word_1_216' title='bbox 521 2543 752 2611; x_wconf 83' lang='lat' dir='ltr'><strong>Quando</strong></span> <span class='ocrx_word' id='word_1_217' title='bbox 808 2546 1038 2616; x_wconf 86' lang='lat' dir='ltr'><strong>subjecti</strong></span> <span class='ocrx_word' id='word_1_218' title='bbox 1084 2549 1217 2603; x_wconf 86' lang='lat' dir='ltr'><strong>estis</strong></span> <span class='ocrx_word' id='word_1_219' title='bbox 1266 2550 1542 2621; x_wconf 87' lang='lat' dir='ltr'><strong>episcopo,</strong></span> <span class='ocrx_word' id='word_1_220' title='bbox 1577 2550 1713 2606; x_wconf 90' lang='lat' dir='ltr'><strong>mihi</strong></span> <span class='ocrx_word' id='word_1_221' title='bbox 1746 2550 2022 2619; x_wconf 87' lang='lat' dir='ltr'><strong>videmini,</strong></span> 
     </span>
    </p>
   </div>
   <div class='ocr_carea' id='block_1_34' title="bbox 2178 2543 3679 2625">
    <p class='ocr_par' dir='ltr' id='par_1_34' title="bbox 2205 2549 3679 2625">
     <span class='ocr_line' id='line_1_35' title="bbox 2205 2549 3679 2625; baseline -0.002 -18"><span class='ocrx_word' id='word_1_222' title='bbox 2205 2555 2371 2608; x_wconf 84' lang='grc' dir='ltr'>Ὅταν</span> <span class='ocrx_word' id='word_1_223' title='bbox 2410 2555 2487 2625; x_wconf 80' lang='grc' dir='ltr'>τῷ</span> <span class='ocrx_word' id='word_1_224' title='bbox 2526 2553 2807 2624; x_wconf 80' lang='grc' dir='ltr'>ὲπισκόπῳ</span> <span class='ocrx_word' id='word_1_225' title='bbox 2850 2551 3254 2617; x_wconf 82' lang='grc' dir='ltr'>ὑποτάσσεσθε,</span> <span class='ocrx_word' id='word_1_226' title='bbox 3295 2549 3541 2621; x_wconf 84' lang='grc' dir='ltr'>φαίνεσθὲ</span> <span class='ocrx_word' id='word_1_227' title='bbox 3584 2567 3679 2620; x_wconf 79' lang='grc' dir='ltr'>μοι,</span> 
     </span>
    </p>
   </div>
   <div class='ocr_carea' id='block_1_35' title="bbox 451 2638 1952 2721">
    <p class='ocr_par' dir='ltr' id='par_1_35' title="bbox 451 2638 1952 2708">
     <span class='ocr_line' id='line_1_36' title="bbox 451 2638 1952 2708; baseline 0.003 -18"><span class='ocrx_word' id='word_1_228' title='bbox 451 2652 565 2690; x_wconf 86' lang='lat' dir='ltr'><strong>non</strong></span> <span class='ocrx_word' id='word_1_229' title='bbox 595 2638 899 2693; x_wconf 88' lang='lat' dir='ltr'><strong>secundum</strong></span> <span class='ocrx_word' id='word_1_230' title='bbox 939 2639 1215 2694; x_wconf 87' lang='lat' dir='ltr'><strong>hominem</strong></span> <span class='ocrx_word' id='word_1_231' title='bbox 1257 2641 1520 2708; x_wconf 86' lang='lat' dir='ltr'><strong>viventes,</strong></span> <span class='ocrx_word' id='word_1_232' title='bbox 1583 2642 1677 2696; x_wconf 89' lang='lat' dir='ltr'><strong>sed</strong></span> <span class='ocrx_word' id='word_1_233' title='bbox 1725 2642 1952 2697; x_wconf 81' lang='lat' dir='ltr'><strong>secundi</strong></span> 
     </span>
    </p>
   </div>
   <div class='ocr_carea' id='block_1_36' title="bbox 2181 2638 3682 2721">
    <p class='ocr_par' dir='ltr' id='par_1_36' title="bbox 2181 2642 3682 2721">
     <span class='ocr_line' id='line_1_37' title="bbox 2181 2642 3682 2721; baseline -0.003 -23"><span class='ocrx_word' id='word_1_234' title='bbox 2181 2649 2191 2698; x_wconf 54' lang='grc' dir='ltr'>β</span> <span class='ocrx_word' id='word_1_235' title='bbox 2227 2648 2366 2701; x_wconf 90' lang='grc' dir='ltr'><strong>κατά</strong></span> <span class='ocrx_word' id='word_1_236' title='bbox 2396 2647 2681 2721; x_wconf 79' lang='grc' dir='ltr'>ἄνθρωπον</span> <span class='ocrx_word' id='word_1_237' title='bbox 2711 2646 2931 2711; x_wconf 81' lang='grc' dir='ltr'>ζῶντες,</span> <span class='ocrx_word' id='word_1_238' title='bbox 2975 2644 3110 2700; x_wconf 78' lang='grc' dir='ltr'><strong>ἀλλά</strong></span> <span class='ocrx_word' id='word_1_239' title='bbox 3147 2645 3290 2700; x_wconf 89' lang='grc' dir='ltr'><strong>κατά</strong></span> <span class='ocrx_word' id='word_1_240' title='bbox 3339 2642 3539 2717; x_wconf 79' lang='grc' dir='ltr'>Ἰησοῦν</span> <span class='ocrx_word' id='word_1_241' title='bbox 3570 2643 3682 2715; x_wconf 79' lang='grc' dir='ltr'>Χρι-</span> 
     </span>
    </p>
   </div>
   <div class='ocr_carea' id='block_1_37' title="bbox 450 2726 1951 2872">
    <p class='ocr_par' dir='ltr' id='par_1_37' title="bbox 450 2726 1951 2872">
     <span class='ocr_line' id='line_1_38' title="bbox 450 2726 1951 2803; baseline 0.004 -20"><span class='ocrx_word' id='word_1_242' title='bbox 450 2726 638 2784; x_wconf 67' lang='lat' dir='ltr'><strong>Iesum</strong></span> <span class='ocrx_word' id='word_1_243' title='bbox 673 2728 1079 2803; x_wconf 86' lang='lat' dir='ltr'><strong>Christum,qui</strong></span> <span class='ocrx_word' id='word_1_244' title='bbox 1123 2732 1297 2788; x_wconf 86' lang='lat' dir='ltr'><strong>nostri</strong></span> <span class='ocrx_word' id='word_1_245' title='bbox 1326 2748 1495 2789; x_wconf 87' lang='lat' dir='ltr'><strong>causa</strong></span> <span class='ocrx_word' id='word_1_246' title='bbox 1538 2742 1788 2790; x_wconf 89' lang='lat' dir='ltr'><strong>mortuus</strong></span> <span class='ocrx_word' id='word_1_247' title='bbox 1811 2742 1914 2792; x_wconf 87' lang='lat' dir='ltr'><strong>est.</strong></span> <span class='ocrx_word' id='word_1_248' title='bbox 1942 2776 1951 2789; x_wconf 56' lang='grc' dir='ltr'>ι</span> 
     </span>
     <span class='ocr_line' id='line_1_39' title="bbox 451 2815 863 2872; baseline 0 0"><span class='ocrx_word' id='word_1_249' title='bbox 451 2815 623 2872; x_wconf 77' lang='lat' dir='ltr'><strong>Trall.</strong></span> <span class='ocrx_word' id='word_1_250' title='bbox 664 2836 780 2872; x_wconf 84' lang='lat' dir='ltr'><strong>can.</strong></span> <span class='ocrx_word' id='word_1_251' title='bbox 808 2820 863 2872; x_wconf 73' lang='lat'><strong>2.</strong></span> 
     </span>
    </p>
   </div>
   <div class='ocr_carea' id='block_1_38' title="bbox 1546 2726 3047 2872">
    <p class='ocr_par' dir='ltr' id='par_1_38' title="bbox 1546 2734 3047 2809">
     <span class='ocr_line' id='line_1_40' title="bbox 1546 2734 3047 2809; baseline 0.001 -21"><span class='ocrx_word' id='word_1_252' title='bbox 1546 2742 1788 2790; x_wconf 85' lang='lat' dir='ltr'><strong>mortuus</strong></span> <span class='ocrx_word' id='word_1_253' title='bbox 1811 2742 1914 2792; x_wconf 80' lang='lat' dir='ltr'><strong>est.</strong></span> <span class='ocrx_word' id='word_1_254' title='bbox 1942 2734 2025 2789; x_wconf 81' lang='lat' dir='ltr'><strong>Ad</strong></span> <span class='ocrx_word' id='word_1_255' title='bbox 2134 2736 2277 2802; x_wconf 86' lang='grc' dir='ltr'>στδν,</span> <span class='ocrx_word' id='word_1_256' title='bbox 2304 2737 2393 2790; x_wconf 84' lang='grc' dir='ltr'><strong>τὸν</strong></span> <span class='ocrx_word' id='word_1_257' title='bbox 2422 2736 2487 2790; x_wconf 85' lang='grc' dir='ltr'>δι’</span> <span class='ocrx_word' id='word_1_258' title='bbox 2521 2739 2667 2809; x_wconf 77' lang='grc' dir='ltr'><strong>ἡμᾶς</strong></span> <span class='ocrx_word' id='word_1_259' title='bbox 2692 2735 3047 2791; x_wconf 84' lang='grc' dir='ltr'>ἀποθανόντα.</span> 
     </span>
    </p>
   </div>
   <div class='ocr_carea' id='block_1_39' title="bbox 451 2816 863 2892">
    <p class='ocr_par' dir='ltr' id='par_1_39' title="bbox 451 2816 863 2892">
     <span class='ocr_line' id='line_1_41' title="bbox 451 2816 863 2892; baseline 0.012 -21"><span class='ocrx_word' id='word_1_260' title='bbox 451 2816 623 2874; x_wconf 78' lang='lat' dir='ltr'><strong>Trall.</strong></span> <span class='ocrx_word' id='word_1_261' title='bbox 664 2836 780 2892; x_wconf 86' lang='lat' dir='ltr'><strong>cap.</strong></span> <span class='ocrx_word' id='word_1_262' title='bbox 808 2820 863 2876; x_wconf 72' lang='lat'><strong>2.</strong></span> 
     </span>
    </p>
   </div>
   <div class='ocr_carea' id='block_1_40' title="bbox 1436 2982 2712 3057">
    <p class='ocr_par' dir='ltr' id='par_1_40' title="bbox 1436 2982 2712 3057">
     <span class='ocr_line' id='line_1_42' title="bbox 1436 2982 2712 3057; baseline 0.004 -21"><span class='ocrx_word' id='word_1_263' title='bbox 1436 2982 1569 3039; x_wconf 65' lang='lat' dir='ltr'><strong>In“</strong></span> <span class='ocrx_word' id='word_1_264' title='bbox 1604 2982 1754 3051; x_wconf 74' lang='grc' dir='ltr'><strong>ιὺὶιι.⁵</strong></span> <span class='ocrx_word' id='word_1_265' title='bbox 1788 2984 1897 3039; x_wconf 87' lang='lat' dir='ltr'><strong>litt.</strong></span> <span class='ocrx_word' id='word_1_266' title='bbox 1922 3002 1976 3050; x_wconf 91' lang='grc' dir='ltr'><strong>α,</strong></span> <span class='ocrx_word' id='word_1_267' title='bbox 2003 2984 2089 3039; x_wconf 86' lang='lat' dir='ltr'><strong>tit.</strong></span> <span class='ocrx_word' id='word_1_268' title='bbox 2119 3001 2303 3053; x_wconf 72' lang='lat' dir='ltr'><strong>lXXVI,</strong></span> <span class='ocrx_word' id='word_1_269' title='bbox 2335 3002 2459 3057; x_wconf 86' lang='lat' dir='ltr'><strong>pag.</strong></span> <span class='ocrx_word' id='word_1_270' title='bbox 2493 2984 2617 3050; x_wconf 71' lang='lat'><strong>772,</strong></span> <span class='ocrx_word' id='word_1_271' title='bbox 2646 2984 2712 3041; x_wconf 87' lang='lat' dir='ltr'><strong>E.</strong></span> 
     </span>
    </p>
   </div>
   <div class='ocr_carea' id='block_1_41' title="bbox 823 3136 2324 3211">
    <p class='ocr_par' dir='ltr' id='par_1_41' title="bbox 823 3136 2324 3211">
     <span class='ocr_line' id='line_1_43' title="bbox 823 3136 2324 3211; baseline 0.003 -21"><span class='ocrx_word' id='word_1_272' title='bbox 823 3136 911 3193; x_wconf 81' lang='lat' dir='ltr'><strong>Ea:</strong></span> <span class='ocrx_word' id='word_1_273' title='bbox 934 3137 1181 3208; x_wconf 82' lang='lat' dir='ltr'><strong>Epistola</strong></span> <span class='ocrx_word' id='word_1_274' title='bbox 1204 3139 1273 3194; x_wconf 85' lang='lat' dir='ltr'><strong>ad</strong></span> <span class='ocrx_word' id='word_1_275' title='bbox 1298 3138 1665 3196; x_wconf 76' lang='lat' dir='ltr'><strong>TBALLENSES.</strong></span> <span class='ocrx_word' id='word_1_276' title='bbox 2065 3154 2107 3211; x_wconf 71' lang='grc' dir='ltr'><strong>ο</strong></span> <span class='ocrx_word' id='word_1_277' title='bbox 2261 3142 2324 3195; x_wconf 79' lang='lat' dir='ltr'><strong>&#39;E:</strong></span> 
     </span>
    </p>
   </div>
   <div class='ocr_carea' id='block_1_42' title="bbox 2097 3136 3598 3211">
    <p class='ocr_par' dir='ltr' id='par_1_42' title="bbox 2097 3138 3598 3210">
     <span class='ocr_line' id='line_1_44' title="bbox 2097 3138 3598 3210; baseline -0.002 -14"><span class='ocrx_word' id='word_1_278' title='bbox 2097 3156 2107 3209; x_wconf 70' lang='grc' dir='ltr'>ζ</span> <span class='ocrx_word' id='word_1_279' title='bbox 2261 3142 2354 3195; x_wconf 80' lang='grc' dir='ltr'>Ἐκ</span> <span class='ocrx_word' id='word_1_280' title='bbox 2387 3142 2497 3210; x_wconf 84' lang='grc' dir='ltr'>τῆς</span> <span class='ocrx_word' id='word_1_281' title='bbox 2529 3140 2677 3209; x_wconf 80' lang='grc' dir='ltr'>πρὸς</span> <span class='ocrx_word' id='word_1_282' title='bbox 2710 3139 3197 3193; x_wconf 78' lang='grc' dir='ltr'><strong>ΤΡΑΛΛΙΑΝΟΥΣ</strong></span> <span class='ocrx_word' id='word_1_283' title='bbox 3233 3138 3598 3207; x_wconf 70' lang='grc' dir='ltr'>Ἐπιστολῆς.</span> 
     </span>
    </p>
   </div>
   <div class='ocr_carea' id='block_1_43' title="bbox 530 3225 2031 3306">
    <p class='ocr_par' dir='ltr' id='par_1_43' title="bbox 530 3225 2031 3302">
     <span class='ocr_line' id='line_1_45' title="bbox 530 3225 2031 3302; baseline 0.001 -15"><span class='ocrx_word' id='word_1_284' title='bbox 530 3225 737 3287; x_wconf 81' lang='grc' dir='ltr'>Βοῐιυι·</span> <span class='ocrx_word' id='word_1_285' title='bbox 760 3244 880 3297; x_wconf 85' lang='lat' dir='ltr'><strong>vos,</strong></span> <span class='ocrx_word' id='word_1_286' title='bbox 924 3246 1035 3285; x_wconf 88' lang='lat' dir='ltr'><strong>non</strong></span> <span class='ocrx_word' id='word_1_287' title='bbox 1077 3246 1199 3301; x_wconf 88' lang='lat' dir='ltr'><strong>ego,</strong></span> <span class='ocrx_word' id='word_1_288' title='bbox 1234 3232 1331 3287; x_wconf 88' lang='lat' dir='ltr'><strong>sed</strong></span> <span class='ocrx_word' id='word_1_289' title='bbox 1381 3231 1554 3302; x_wconf 80' lang='lat' dir='ltr'><strong>gratia</strong></span> <span class='ocrx_word' id='word_1_290' title='bbox 1592 3231 1812 3286; x_wconf 92' lang='lat' dir='ltr'><strong>Domini</strong></span> <span class='ocrx_word' id='word_1_291' title='bbox 1861 3234 2031 3289; x_wconf 79' lang='lat' dir='ltr'><strong>nostri</strong></span> 
     </span>
    </p>
   </div>
   <div class='ocr_carea' id='block_1_44' title="bbox 2187 3225 3688 3306">
    <p class='ocr_par' dir='ltr' id='par_1_44' title="bbox 2206 3229 3688 3306">
     <span class='ocr_line' id='line_1_46' title="bbox 2206 3229 3688 3306; baseline -0.004 -18"><span class='ocrx_word' id='word_1_292' title='bbox 2206 3234 2513 3306; x_wconf 84' lang='grc' dir='ltr'>Παρακαλῶ</span> <span class='ocrx_word' id='word_1_293' title='bbox 2544 3235 2709 3305; x_wconf 84' lang='grc' dir='ltr'>ὑμᾶς,</span> <span class='ocrx_word' id='word_1_294' title='bbox 2737 3233 2837 3287; x_wconf 83' lang='grc' dir='ltr'><strong>οὐκ</strong></span> <span class='ocrx_word' id='word_1_295' title='bbox 2876 3232 3007 3301; x_wconf 81' lang='grc' dir='ltr'>ἐγὼ,</span> <span class='ocrx_word' id='word_1_296' title='bbox 3042 3232 3157 3286; x_wconf 88' lang='grc' dir='ltr'>ἀλλ’</span> <span class='ocrx_word' id='word_1_297' title='bbox 3188 3233 3222 3303; x_wconf 77' lang='grc' dir='ltr'><strong>ἡ</strong></span> <span class='ocrx_word' id='word_1_298' title='bbox 3264 3232 3425 3304; x_wconf 82' lang='grc' dir='ltr'>χάρις</span> <span class='ocrx_word' id='word_1_299' title='bbox 3470 3229 3560 3285; x_wconf 89' lang='grc' dir='ltr'><strong>τοῦ</strong></span> <span class='ocrx_word' id='word_1_300' title='bbox 3596 3231 3688 3283; x_wconf 83' lang='grc' dir='ltr'><strong>Κυ-</strong></span> 
     </span>
    </p>
   </div>
   <div class='ocr_carea' id='block_1_45' title="bbox 453 3320 1954 3400">
    <p class='ocr_par' dir='ltr' id='par_1_45' title="bbox 453 3320 1954 3391">
     <span class='ocr_line' id='line_1_47' title="bbox 453 3320 1954 3391; baseline 0.001 -14"><span class='ocrx_word' id='word_1_301' title='bbox 453 3320 586 3377; x_wconf 76' lang='lat' dir='ltr'><strong>Jesu</strong></span> <span class='ocrx_word' id='word_1_302' title='bbox 636 3321 861 3390; x_wconf 87' lang='lat' dir='ltr'><strong>Christi,</strong></span> <span class='ocrx_word' id='word_1_303' title='bbox 897 3322 1015 3377; x_wconf 92' lang='lat' dir='ltr'><strong>solo</strong></span> <span class='ocrx_word' id='word_1_304' title='bbox 1044 3322 1481 3379; x_wconf 76' lang='lat' dir='ltr'><strong>Christianorum</strong></span> <span class='ocrx_word' id='word_1_305' title='bbox 1528 3324 1653 3380; x_wconf 90' lang='lat' dir='ltr'><strong>cibo</strong></span> <span class='ocrx_word' id='word_1_306' title='bbox 1692 3324 1802 3391; x_wconf 90' lang='lat' dir='ltr'><strong>uti,</strong></span> <span class='ocrx_word' id='word_1_307' title='bbox 1842 3325 1954 3379; x_wconf 69' lang='lat' dir='ltr'><strong>abi</strong></span> 
     </span>
    </p>
   </div>
   <div class='ocr_carea' id='block_1_46' title="bbox 2184 3320 3685 3400">
    <p class='ocr_par' dir='ltr' id='par_1_46' title="bbox 2184 3322 3685 3399">
     <span class='ocr_line' id='line_1_48' title="bbox 2184 3322 3685 3399; baseline -0.004 -19"><span class='ocrx_word' id='word_1_308' title='bbox 2184 3327 2255 3380; x_wconf 72' lang='grc' dir='ltr'>ἴου</span> <span class='ocrx_word' id='word_1_309' title='bbox 2288 3326 2445 3398; x_wconf 76' lang='grc' dir='ltr'>ἡμῶν</span> <span class='ocrx_word' id='word_1_310' title='bbox 2500 3325 2671 3399; x_wconf 80' lang='grc' dir='ltr'>Ἰησοῦ</span> <span class='ocrx_word' id='word_1_311' title='bbox 2732 3324 2990 3397; x_wconf 86' lang='grc' dir='ltr'>Χριστοῦ,</span> <span class='ocrx_word' id='word_1_312' title='bbox 3040 3323 3174 3396; x_wconf 81' lang='grc' dir='ltr'>μόνῃ</span> <span class='ocrx_word' id='word_1_313' title='bbox 3230 3327 3297 3396; x_wconf 77' lang='grc' dir='ltr'>τῇ</span> <span class='ocrx_word' id='word_1_314' title='bbox 3359 3322 3685 3395; x_wconf 78' lang='grc' dir='ltr'>Χριστιανικῇ</span> 
     </span>
    </p>
   </div>
   <div class='ocr_carea' id='block_1_47' title="bbox 452 3413 1953 3491">
    <p class='ocr_par' dir='ltr' id='par_1_47' title="bbox 452 3413 1926 3485">
     <span class='ocr_line' id='line_1_49' title="bbox 452 3413 1926 3485; baseline 0 -17"><span class='ocrx_word' id='word_1_315' title='bbox 452 3418 649 3471; x_wconf 77' lang='lat' dir='ltr'><strong>trabea</strong></span> <span class='ocrx_word' id='word_1_316' title='bbox 677 3430 809 3470; x_wconf 86' lang='lat' dir='ltr'><strong>vero</strong></span> <span class='ocrx_word' id='word_1_317' title='bbox 850 3414 1018 3469; x_wconf 89' lang='lat' dir='ltr'><strong>herba</strong></span> <span class='ocrx_word' id='word_1_318' title='bbox 1065 3414 1361 3482; x_wconf 84' lang='lat' dir='ltr'><strong>abstinere,</strong></span> <span class='ocrx_word' id='word_1_319' title='bbox 1399 3429 1521 3485; x_wconf 77' lang='lat' dir='ltr'><strong>quae</strong></span> <span class='ocrx_word' id='word_1_320' title='bbox 1564 3422 1647 3470; x_wconf 90' lang='lat' dir='ltr'><strong>est</strong></span> <span class='ocrx_word' id='word_1_321' title='bbox 1685 3413 1926 3469; x_wconf 65' lang='lat' dir='ltr'><strong>haeresis.</strong></span> 
     </span>
    </p>
   </div>
   <div class='ocr_carea' id='block_1_48' title="bbox 2188 3413 3689 3491">
    <p class='ocr_par' dir='ltr' id='par_1_48' title="bbox 2188 3414 3689 3491">
     <span class='ocr_line' id='line_1_50' title="bbox 2188 3414 3689 3491; baseline -0.019 0"><span class='ocrx_word' id='word_1_322' title='bbox 2188 3422 2305 3490; x_wconf 73' lang='grc' dir='ltr'><strong>³οφῇ</strong></span> <span class='ocrx_word' id='word_1_323' title='bbox 2345 3419 2600 3491; x_wconf 72' lang='grc' dir='ltr'><strong>Χρῆσθαιν</strong></span> <span class='ocrx_word' id='word_1_324' title='bbox 2634 3418 2919 3490; x_wconf 79' lang='grc' dir='ltr'><strong>ἀλλοτρίας</strong></span> <span class='ocrx_word' id='word_1_325' title='bbox 2949 3417 3007 3471; x_wconf 75' lang='grc' dir='ltr'><strong>δὲ</strong></span> <span class='ocrx_word' id='word_1_326' title='bbox 3044 3416 3275 3488; x_wconf 81' lang='grc' dir='ltr'>βοτάνης</span> <span class='ocrx_word' id='word_1_327' title='bbox 3301 3416 3613 3487; x_wconf 82' lang='grc' dir='ltr'>ἀπέχεσθαι,</span> <span class='ocrx_word' id='word_1_328' title='bbox 3633 3414 3689 3482; x_wconf 68' lang='grc' dir='ltr'><strong>ἢ·</strong></span> 
     </span>
    </p>
   </div>
   <div class='ocr_carea' id='block_1_49' title="bbox 449 3504 1950 3579">
    <p class='ocr_par' dir='ltr' id='par_1_49' title="bbox 449 3504 1950 3576">
     <span class='ocr_line' id='line_1_51' title="bbox 449 3504 1950 3576; baseline -0.003 -15"><span class='ocrx_word' id='word_1_329' title='bbox 449 3518 734 3561; x_wconf 83' lang='lat' dir='ltr'><strong>venenum</strong></span> <span class='ocrx_word' id='word_1_330' title='bbox 763 3521 1046 3576; x_wconf 84' lang='lat' dir='ltr'><strong>perperam</strong></span> <span class='ocrx_word' id='word_1_331' title='bbox 1080 3505 1384 3576; x_wconf 86' lang='lat' dir='ltr'><strong>implicant,</strong></span> <span class='ocrx_word' id='word_1_332' title='bbox 1412 3520 1537 3561; x_wconf 91' lang='lat' dir='ltr'><strong>cum</strong></span> <span class='ocrx_word' id='word_1_333' title='bbox 1568 3504 1725 3574; x_wconf 81' lang='lat' dir='ltr'><strong>juxta</strong></span> <span class='ocrx_word' id='word_1_334' title='bbox 1752 3512 1917 3573; x_wconf 89' lang='lat' dir='ltr'><strong>atque</strong></span> <span class='ocrx_word' id='word_1_335' title='bbox 1948 3533 1950 3544; x_wconf 75' lang='grc'>‹</span> 
     </span>
    </p>
   </div>
   <div class='ocr_carea' id='block_1_50' title="bbox 2190 3504 3691 3579">
    <p class='ocr_par' dir='ltr' id='par_1_50' title="bbox 2190 3506 3691 3579">
     <span class='ocr_line' id='line_1_52' title="bbox 2190 3506 3691 3579; baseline -0.003 -18"><span class='ocrx_word' id='word_1_336' title='bbox 2190 3525 2219 3572; x_wconf 91' lang='grc' dir='ltr'><strong>ς</strong></span> <span class='ocrx_word' id='word_1_337' title='bbox 2249 3508 2395 3561; x_wconf 76' lang='grc' dir='ltr'>ἐστὶν</span> <span class='ocrx_word' id='word_1_338' title='bbox 2426 3508 2653 3579; x_wconf 81' lang='grc' dir='ltr'>αἵρεσις.</span> <span class='ocrx_word' id='word_1_339' title='bbox 2686 3508 2794 3560; x_wconf 72' lang='grc' dir='ltr'><strong>Καὶ</strong></span> <span class='ocrx_word' id='word_1_340' title='bbox 2825 3506 3303 3579; x_wconf 75' lang='grc' dir='ltr'>παρεμπλέκουσιν</span> <span class='ocrx_word' id='word_1_341' title='bbox 3350 3508 3549 3577; x_wconf 87' lang='grc' dir='ltr'>Ἰησοῦν</span> <span class='ocrx_word' id='word_1_342' title='bbox 3578 3507 3691 3576; x_wconf 77' lang='grc' dir='ltr'>Χρι-</span> 
     </span>
    </p>
   </div>
   <div class='ocr_carea' id='block_1_51' title="bbox 450 3594 1951 3672">
    <p class='ocr_par' dir='ltr' id='par_1_51' title="bbox 450 3594 1951 3669">
     <span class='ocr_line' id='line_1_53' title="bbox 450 3594 1951 3669; baseline -0.002 -18"><span class='ocrx_word' id='word_1_343' title='bbox 450 3598 543 3669; x_wconf 88' lang='lat' dir='ltr'><strong>gni</strong></span> <span class='ocrx_word' id='word_1_344' title='bbox 590 3606 735 3663; x_wconf 87' lang='lat' dir='ltr'><strong>sunt,</strong></span> <span class='ocrx_word' id='word_1_345' title='bbox 777 3597 939 3651; x_wconf 82' lang='lat' dir='ltr'><strong>ﬁdem</strong></span> <span class='ocrx_word' id='word_1_346' title='bbox 985 3597 1263 3664; x_wconf 87' lang='lat' dir='ltr'><strong>habeant;</strong></span> <span class='ocrx_word' id='word_1_347' title='bbox 1314 3605 1503 3667; x_wconf 88' lang='lat' dir='ltr'><strong>utpote</strong></span> <span class='ocrx_word' id='word_1_348' title='bbox 1547 3612 1642 3666; x_wconf 82' lang='lat' dir='ltr'><strong>qui</strong></span> <span class='ocrx_word' id='word_1_349' title='bbox 1686 3594 1951 3650; x_wconf 77' lang='lat' dir='ltr'><strong>mortiferi</strong></span> 
     </span>
    </p>
   </div>
   <div class='ocr_carea' id='block_1_52' title="bbox 2188 3594 3689 3672">
    <p class='ocr_par' dir='ltr' id='par_1_52' title="bbox 2188 3595 3689 3672">
     <span class='ocr_line' id='line_1_54' title="bbox 2188 3595 3689 3672; baseline -0.003 -20"><span class='ocrx_word' id='word_1_350' title='bbox 2188 3600 2261 3654; x_wconf 75' lang='grc' dir='ltr'><strong>τὸν</strong></span> <span class='ocrx_word' id='word_1_351' title='bbox 2294 3600 2421 3671; x_wconf 87' lang='lat' dir='ltr'><strong>(leg.</strong></span> <span class='ocrx_word' id='word_1_352' title='bbox 2453 3614 2577 3655; x_wconf 88' lang='lat' dir='ltr'><strong>cum</strong></span> <span class='ocrx_word' id='word_1_353' title='bbox 2613 3599 2865 3669; x_wconf 88' lang='lat' dir='ltr'><strong>interpol.</strong></span> <span class='ocrx_word' id='word_1_354' title='bbox 2892 3599 2987 3653; x_wconf 74' lang='grc' dir='ltr'><strong>καὶ</strong></span> <span class='ocrx_word' id='word_1_355' title='bbox 3020 3617 3153 3672; x_wconf 84' lang='grc' dir='ltr'>παρ.</span> <span class='ocrx_word' id='word_1_356' title='bbox 3196 3599 3290 3654; x_wconf 78' lang='grc' dir='ltr'><strong>τὸν</strong></span> <span class='ocrx_word' id='word_1_357' title='bbox 3328 3598 3425 3670; x_wconf 79' lang='grc' dir='ltr'>ἰὸν)</span> <span class='ocrx_word' id='word_1_358' title='bbox 3468 3595 3689 3661; x_wconf 81' lang='grc' dir='ltr'>καταξιο-</span> 
     </span>
    </p>
   </div>
   <div class='ocr_carea' id='block_1_53' title="bbox 452 3686 1953 3763">
    <p class='ocr_par' dir='ltr' id='par_1_53' title="bbox 452 3686 1953 3760">
     <span class='ocr_line' id='line_1_55' title="bbox 452 3686 1953 3760; baseline -0.002 -16"><span class='ocrx_word' id='word_1_359' title='bbox 452 3692 810 3760; x_wconf 84' lang='lat' dir='ltr'><strong>pharmacum</strong></span> <span class='ocrx_word' id='word_1_360' title='bbox 841 3706 952 3744; x_wconf 86' lang='lat' dir='ltr'><strong>una</strong></span> <span class='ocrx_word' id='word_1_361' title='bbox 998 3705 1121 3744; x_wconf 89' lang='lat' dir='ltr'><strong>cum</strong></span> <span class='ocrx_word' id='word_1_362' title='bbox 1153 3689 1334 3744; x_wconf 92' lang='lat' dir='ltr'><strong>mulso</strong></span> <span class='ocrx_word' id='word_1_363' title='bbox 1383 3688 1696 3759; x_wconf 61' lang='lat' dir='ltr'><strong>praebeant;</strong></span> <span class='ocrx_word' id='word_1_364' title='bbox 1732 3686 1882 3757; x_wconf 89' lang='lat' dir='ltr'><strong>quod</strong></span> <span class='ocrx_word' id='word_1_365' title='bbox 1937 3708 1953 3741; x_wconf 78' lang='grc' dir='ltr'><strong>ι</strong></span> 
     </span>
    </p>
   </div>
   <div class='ocr_carea' id='block_1_54' title="bbox 2187 3686 3688 3763">
    <p class='ocr_par' dir='ltr' id='par_1_54' title="bbox 2187 3689 3688 3763">
     <span class='ocr_line' id='line_1_56' title="bbox 2187 3689 3688 3763; baseline -0.003 -18"><span class='ocrx_word' id='word_1_366' title='bbox 2187 3692 2536 3763; x_wconf 81' lang='grc' dir='ltr'>ιστευόμενοι,</span> <span class='ocrx_word' id='word_1_367' title='bbox 2576 3690 2765 3763; x_wconf 84' lang='grc' dir='ltr'>ὥσπερ</span> <span class='ocrx_word' id='word_1_368' title='bbox 2804 3689 3099 3763; x_wconf 83' lang='grc' dir='ltr'>θανάσιμον</span> <span class='ocrx_word' id='word_1_369' title='bbox 3154 3690 3447 3763; x_wconf 83' lang='grc' dir='ltr'>φάρμακον</span> <span class='ocrx_word' id='word_1_370' title='bbox 3485 3690 3688 3751; x_wconf 86' lang='grc' dir='ltr'>διδόντες</span> 
     </span>
    </p>
   </div>
   <div class='ocr_carea' id='block_1_55' title="bbox 453 3780 1954 3855">
    <p class='ocr_par' dir='ltr' id='par_1_55' title="bbox 453 3780 1954 3852">
     <span class='ocr_line' id='line_1_57' title="bbox 453 3780 1954 3852; baseline -0.002 -14"><span class='ocrx_word' id='word_1_371' title='bbox 453 3782 691 3851; x_wconf 87' lang='lat' dir='ltr'><strong>nesciat,</strong></span> <span class='ocrx_word' id='word_1_372' title='bbox 738 3782 987 3838; x_wconf 88' lang='lat' dir='ltr'><strong>lubenter</strong></span> <span class='ocrx_word' id='word_1_373' title='bbox 1023 3783 1241 3852; x_wconf 88' lang='lat' dir='ltr'><strong>accipit,</strong></span> <span class='ocrx_word' id='word_1_374' title='bbox 1289 3792 1351 3838; x_wconf 93' lang='lat' dir='ltr'><strong>ut</strong></span> <span class='ocrx_word' id='word_1_375' title='bbox 1400 3782 1454 3837; x_wconf 93' lang='lat' dir='ltr'><strong>in</strong></span> <span class='ocrx_word' id='word_1_376' title='bbox 1496 3780 1856 3837; x_wconf 89' lang='lat' dir='ltr'><strong>delectatione</strong></span> <span class='ocrx_word' id='word_1_377' title='bbox 1886 3796 1954 3835; x_wconf 91' lang='lat' dir='ltr'><strong>m:</strong></span> 
     </span>
    </p>
   </div>
   <div class='ocr_carea' id='block_1_56' title="bbox 2187 3780 3688 3855">
    <p class='ocr_par' dir='ltr' id='par_1_56' title="bbox 2187 3781 3688 3855">
     <span class='ocr_line' id='line_1_58' title="bbox 2187 3781 3688 3855; baseline -0.003 -19"><span class='ocrx_word' id='word_1_378' title='bbox 2187 3784 2252 3836; x_wconf 77' lang='grc' dir='ltr'>ετ’</span> <span class='ocrx_word' id='word_1_379' title='bbox 2283 3784 2631 3855; x_wconf 74' lang='grc' dir='ltr'>οἰνομέλιτος,</span> <span class='ocrx_word' id='word_1_380' title='bbox 2670 3784 2805 3854; x_wconf 79' lang='grc' dir='ltr'>ὅπερ</span> <span class='ocrx_word' id='word_1_381' title='bbox 2836 3784 2864 3836; x_wconf 87' lang='grc' dir='ltr'>ὁ</span> <span class='ocrx_word' id='word_1_382' title='bbox 2891 3782 3119 3851; x_wconf 82' lang='grc' dir='ltr'>ἀγνοῶν,</span> <span class='ocrx_word' id='word_1_383' title='bbox 3147 3782 3317 3853; x_wconf 82' lang='grc' dir='ltr'><strong>ἡδέως</strong></span> <span class='ocrx_word' id='word_1_384' title='bbox 3347 3782 3622 3854; x_wconf 81' lang='grc' dir='ltr'>λαμϐάνει,</span> <span class='ocrx_word' id='word_1_385' title='bbox 3642 3781 3688 3831; x_wconf 81' lang='grc' dir='ltr'>ὲν</span> 
     </span>
    </p>
   </div>
   <div class='ocr_carea' id='block_1_57' title="bbox 453 3872 1954 3951">
    <p class='ocr_par' dir='ltr' id='par_1_57' title="bbox 453 3873 1954 3951">
     <span class='ocr_line' id='line_1_59' title="bbox 453 3873 1954 3951; baseline -0.005 -15"><span class='ocrx_word' id='word_1_386' title='bbox 453 3881 743 3936; x_wconf 88' lang='lat' dir='ltr'><strong>moriatur.</strong></span> <span class='ocrx_word' id='word_1_387' title='bbox 796 3878 1173 3935; x_wconf 89' lang='lat' dir='ltr'><strong>Observemini</strong></span> <span class='ocrx_word' id='word_1_388' title='bbox 1220 3878 1386 3951; x_wconf 83' lang='lat' dir='ltr'><strong>igitur</strong></span> <span class='ocrx_word' id='word_1_389' title='bbox 1420 3892 1451 3931; x_wconf 92' lang='lat' dir='ltr'><strong>a</strong></span> <span class='ocrx_word' id='word_1_390' title='bbox 1487 3876 1710 3932; x_wconf 89' lang='lat' dir='ltr'><strong>talibus.</strong></span> <span class='ocrx_word' id='word_1_391' title='bbox 1742 3875 1826 3929; x_wconf 80' lang='lat' dir='ltr'><strong>Ad</strong></span> <span class='ocrx_word' id='word_1_392' title='bbox 1857 3873 1954 3930; x_wconf 80' lang='lat' dir='ltr'><strong>Tra</strong></span> 
     </span>
    </p>
   </div>
   <div class='ocr_carea' id='block_1_58' title="bbox 2187 3872 3688 3951">
    <p class='ocr_par' dir='ltr' id='par_1_58' title="bbox 2187 3872 3688 3948">
     <span class='ocr_line' id='line_1_60' title="bbox 2187 3872 3688 3948; baseline 0 -19"><span class='ocrx_word' id='word_1_393' title='bbox 2187 3878 2292 3947; x_wconf 73' lang='grc' dir='ltr'><strong>ἰονῇ</strong></span> <span class='ocrx_word' id='word_1_394' title='bbox 2356 3879 2501 3948; x_wconf 78' lang='grc' dir='ltr'>κακῇ</span> <span class='ocrx_word' id='word_1_395' title='bbox 2555 3876 2616 3930; x_wconf 79' lang='grc' dir='ltr'>τὸ</span> <span class='ocrx_word' id='word_1_396' title='bbox 2664 3875 2973 3929; x_wconf 79' lang='grc' dir='ltr'>ἀποθανεῖν.</span> <span class='ocrx_word' id='word_1_397' title='bbox 3036 3874 3381 3928; x_wconf 75' lang='grc' dir='ltr'>Φυλάσσεσθε</span> <span class='ocrx_word' id='word_1_398' title='bbox 3437 3872 3530 3928; x_wconf 83' lang='grc' dir='ltr'>οὖν</span> <span class='ocrx_word' id='word_1_399' title='bbox 3583 3872 3688 3929; x_wconf 73' lang='grc' dir='ltr'>τοὺς</span> 
     </span>
    </p>
   </div>
   <div class='ocr_carea' id='block_1_59' title="bbox 451 3966 1952 4043">
    <p class='ocr_par' dir='ltr' id='par_1_59' title="bbox 451 3972 653 4043">
     <span class='ocr_line' id='line_1_61' title="bbox 451 3972 653 4043; baseline -0.005 -14"><span class='ocrx_word' id='word_1_400' title='bbox 451 3989 572 4043; x_wconf 86' lang='lat' dir='ltr'><strong>cap.</strong></span> <span class='ocrx_word' id='word_1_401' title='bbox 600 3972 653 4028; x_wconf 87' lang='lat'><strong>6.</strong></span> 
     </span>
    </p>
   </div>
   <div class='ocr_carea' id='block_1_60' title="bbox 925 3966 2426 4043">
    <p class='ocr_par' dir='ltr' id='par_1_60' title="bbox 2131 3966 2426 4030">
     <span class='ocr_line' id='line_1_62' title="bbox 2131 3966 2426 4030; baseline 0 -10"><span class='ocrx_word' id='word_1_402' title='bbox 2131 3966 2426 4030; x_wconf 74' lang='grc' dir='ltr'>τοιούτους.</span> 
     </span>
    </p>
   </div>
   <div class='ocr_carea' id='block_1_61' title="bbox 1499 4118 2671 4191">
    <p class='ocr_par' dir='ltr' id='par_1_61' title="bbox 1499 4118 2671 4191">
     <span class='ocr_line' id='line_1_63' title="bbox 1499 4118 2671 4191; baseline -0.002 -14"><span class='ocrx_word' id='word_1_403' title='bbox 1499 4122 1633 4179; x_wconf 74' lang='grc' dir='ltr'><strong>Ιυει</strong></span> <span class='ocrx_word' id='word_1_404' title='bbox 1659 4122 1817 4191; x_wconf 85' lang='lat' dir='ltr'><strong>ibid.,</strong></span> <span class='ocrx_word' id='word_1_405' title='bbox 1843 4121 1951 4177; x_wconf 87' lang='lat' dir='ltr'><strong>litt.</strong></span> <span class='ocrx_word' id='word_1_406' title='bbox 1980 4137 2033 4187; x_wconf 88' lang='grc' dir='ltr'><strong>υ,</strong></span> <span class='ocrx_word' id='word_1_407' title='bbox 2067 4120 2151 4175; x_wconf 90' lang='lat' dir='ltr'><strong>tit.</strong></span> <span class='ocrx_word' id='word_1_408' title='bbox 2180 4137 2259 4189; x_wconf 82' lang='lat' dir='ltr'><strong>Ix,</strong></span> <span class='ocrx_word' id='word_1_409' title='bbox 2294 4136 2419 4191; x_wconf 85' lang='lat' dir='ltr'><strong>pag.</strong></span> <span class='ocrx_word' id='word_1_410' title='bbox 2451 4119 2573 4187; x_wconf 74' lang='lat'><strong>702,</strong></span> <span class='ocrx_word' id='word_1_411' title='bbox 2608 4118 2671 4175; x_wconf 85' lang='grc' dir='ltr'>Ε.</span> 
     </span>
    </p>
   </div>
   <div class='ocr_carea' id='block_1_62' title="bbox 1116 4274 3118 4338">
    <p class='ocr_par' dir='ltr' id='par_1_62' title="bbox 1116 4274 3118 4338">
     <span class='ocr_line' id='line_1_64' title="bbox 1116 4274 3118 4338; baseline -0.004 -1"><span class='ocrx_word' id='word_1_412' title='bbox 1116 4282 1346 4337; x_wconf 72' lang='lat' dir='ltr'><strong>lcm&#39;ru.</strong></span> <span class='ocrx_word' id='word_1_413' title='bbox 2063 4283 2109 4338; x_wconf 84' lang='grc' dir='ltr'><strong>Ι)</strong></span> <span class='ocrx_word' id='word_1_414' title='bbox 2758 4274 3118 4329; x_wconf 79' lang='grc' dir='ltr'><strong>ἸΓΝΑΤΙΟΥ.</strong></span> 
     </span>
    </p>
   </div>
   <div class='ocr_carea' id='block_1_63' title="bbox 523 4382 2024 4464">
    <p class='ocr_par' dir='ltr' id='par_1_63' title="bbox 523 4390 2024 4464">
     <span class='ocr_line' id='line_1_65' title="bbox 523 4390 2024 4464; baseline -0.005 -12"><span class='ocrx_word' id='word_1_415' title='bbox 523 4395 695 4452; x_wconf 88' lang='lat' dir='ltr'><strong>Nemo</strong></span> <span class='ocrx_word' id='word_1_416' title='bbox 715 4402 957 4452; x_wconf 88' lang='lat' dir='ltr'><strong>vestrum</strong></span> <span class='ocrx_word' id='word_1_417' title='bbox 982 4394 1246 4451; x_wconf 85' lang='lat' dir='ltr'><strong>adversus</strong></span> <span class='ocrx_word' id='word_1_418' title='bbox 1266 4392 1575 4464; x_wconf 81' lang='lat' dir='ltr'><strong>proximum</strong></span> <span class='ocrx_word' id='word_1_419' title='bbox 1598 4391 1897 4464; x_wconf 89' lang='lat' dir='ltr'><strong>quidquam</strong></span> <span class='ocrx_word' id='word_1_420' title='bbox 1928 4390 2024 4446; x_wconf 90' lang='lat' dir='ltr'><strong>ba-</strong></span> 
     </span>
    </p>
   </div>
   <div class='ocr_carea' id='block_1_64' title="bbox 2184 4382 3685 4464">
    <p class='ocr_par' dir='ltr' id='par_1_64' title="bbox 2202 4382 3685 4457">
     <span class='ocr_line' id='line_1_66' title="bbox 2202 4382 3685 4457; baseline 0.003 -21"><span class='ocrx_word' id='word_1_421' title='bbox 2202 4382 2409 4453; x_wconf 77' lang='grc' dir='ltr'>Μηδεὶς</span> <span class='ocrx_word' id='word_1_422' title='bbox 2469 4382 2622 4453; x_wconf 84' lang='grc' dir='ltr'>ὑμῶν</span> <span class='ocrx_word' id='word_1_423' title='bbox 2656 4383 2797 4437; x_wconf 89' lang='grc' dir='ltr'><strong>κατά</strong></span> <span class='ocrx_word' id='word_1_424' title='bbox 2843 4383 2939 4437; x_wconf 84' lang='grc' dir='ltr'><strong>τοῦ</strong></span> <span class='ocrx_word' id='word_1_425' title='bbox 2991 4386 3218 4457; x_wconf 81' lang='grc' dir='ltr'>πλησίον</span> <span class='ocrx_word' id='word_1_426' title='bbox 3272 4386 3444 4457; x_wconf 80' lang='grc' dir='ltr'>ἐχέτω</span> <span class='ocrx_word' id='word_1_427' title='bbox 3498 4404 3576 4440; x_wconf 81' lang='grc' dir='ltr'>τι’</span> <span class='ocrx_word' id='word_1_428' title='bbox 3627 4384 3685 4457; x_wconf 76' lang='grc' dir='ltr'><strong>μὴ</strong></span> 
     </span>
    </p>
   </div>
   <div class='ocr_carea' id='block_1_65' title="bbox 452 4473 1953 4559">
    <p class='ocr_par' dir='ltr' id='par_1_65' title="bbox 452 4486 1953 4559">
     <span class='ocr_line' id='line_1_67' title="bbox 452 4486 1953 4559; baseline -0.004 -13"><span class='ocrx_word' id='word_1_429' title='bbox 452 4488 599 4553; x_wconf 67' lang='lat' dir='ltr'><strong>beat,</strong></span> <span class='ocrx_word' id='word_1_430' title='bbox 651 4504 720 4543; x_wconf 87' lang='lat' dir='ltr'><strong>ne</strong></span> <span class='ocrx_word' id='word_1_431' title='bbox 742 4488 1088 4543; x_wconf 89' lang='lat' dir='ltr'><strong>occasionem</strong></span> <span class='ocrx_word' id='word_1_432' title='bbox 1121 4486 1379 4559; x_wconf 76' lang='lat' dir='ltr'><strong>gentibus</strong></span> <span class='ocrx_word' id='word_1_433' title='bbox 1414 4487 1584 4551; x_wconf 85' lang='lat' dir='ltr'><strong>detis;</strong></span> <span class='ocrx_word' id='word_1_434' title='bbox 1624 4501 1693 4541; x_wconf 91' lang='lat' dir='ltr'><strong>ne</strong></span> <span class='ocrx_word' id='word_1_435' title='bbox 1725 4500 1953 4556; x_wconf 84' lang='lat' dir='ltr'><strong>paucort</strong></span> 
     </span>
    </p>
   </div>
   <div class='ocr_carea' id='block_1_66' title="bbox 2183 4473 3684 4559">
    <p class='ocr_par' dir='ltr' id='par_1_66' title="bbox 2183 4473 3684 4551">
     <span class='ocr_line' id='line_1_68' title="bbox 2183 4473 3684 4551; baseline 0.003 -24"><span class='ocrx_word' id='word_1_436' title='bbox 2183 4473 2392 4547; x_wconf 78' lang='grc' dir='ltr'>φορμάς</span> <span class='ocrx_word' id='word_1_437' title='bbox 2454 4474 2623 4529; x_wconf 86' lang='grc' dir='ltr'>δίδοτε</span> <span class='ocrx_word' id='word_1_438' title='bbox 2683 4478 2795 4540; x_wconf 87' lang='grc' dir='ltr'>τοῖς</span> <span class='ocrx_word' id='word_1_439' title='bbox 2839 4476 3069 4542; x_wconf 76' lang='grc' dir='ltr'>ἔθνεσιν,</span> <span class='ocrx_word' id='word_1_440' title='bbox 3128 4479 3214 4531; x_wconf 78' lang='grc' dir='ltr'>ἵνα</span> <span class='ocrx_word' id='word_1_441' title='bbox 3249 4479 3350 4551; x_wconf 83' lang='grc' dir='ltr'><strong>’μὴ</strong></span> <span class='ocrx_word' id='word_1_442' title='bbox 3389 4481 3457 4533; x_wconf 84' lang='grc' dir='ltr'>δι’</span> <span class='ocrx_word' id='word_1_443' title='bbox 3503 4479 3684 4547; x_wconf 78' lang='grc' dir='ltr'>ὀλίγους</span> 
     </span>
    </p>
   </div>
   <div class='ocr_carea' id='block_1_67' title="bbox 452 4565 1953 4651">
    <p class='ocr_par' dir='ltr' id='par_1_67' title="bbox 452 4578 1953 4651">
     <span class='ocr_line' id='line_1_69' title="bbox 452 4578 1953 4651; baseline -0.003 -13"><span class='ocrx_word' id='word_1_444' title='bbox 452 4582 749 4639; x_wconf 81' lang='lat' dir='ltr'><strong>stultorum</strong></span> <span class='ocrx_word' id='word_1_445' title='bbox 798 4580 956 4651; x_wconf 88' lang='lat' dir='ltr'><strong>culpa</strong></span> <span class='ocrx_word' id='word_1_446' title='bbox 1003 4579 1117 4646; x_wconf 84' lang='lat' dir='ltr'><strong>ﬂat,</strong></span> <span class='ocrx_word' id='word_1_447' title='bbox 1176 4587 1238 4634; x_wconf 92' lang='lat' dir='ltr'><strong>ut</strong></span> <span class='ocrx_word' id='word_1_448' title='bbox 1277 4579 1569 4635; x_wconf 91' lang='lat' dir='ltr'><strong>multitudo</strong></span> <span class='ocrx_word' id='word_1_449' title='bbox 1602 4578 1787 4634; x_wconf 83' lang='lat' dir='ltr'><strong>divina</strong></span> <span class='ocrx_word' id='word_1_450' title='bbox 1826 4578 1953 4634; x_wconf 79' lang='lat' dir='ltr'><strong>virtl</strong></span> 
     </span>
    </p>
   </div>
   <div class='ocr_carea' id='block_1_68' title="bbox 1824 4565 3325 4651">
    <p class='ocr_par' dir='ltr' id='par_1_68' title="bbox 1826 4565 3325 4649">
     <span class='ocr_line' id='line_1_70' title="bbox 1826 4565 3325 4649; baseline 0.002 -28"><span class='ocrx_word' id='word_1_451' title='bbox 1826 4578 2029 4634; x_wconf 65' lang='grc' dir='ltr'>νίι-ιυιε</span> <span class='ocrx_word' id='word_1_452' title='bbox 2133 4565 2463 4649; x_wconf 19' lang='grc' dir='ltr'>ἀφροναςιξτδ</span> <span class='ocrx_word' id='word_1_453' title='bbox 2487 4565 2667 4620; x_wconf 78' lang='grc' dir='ltr'>ἔνθεον</span> <span class='ocrx_word' id='word_1_454' title='bbox 2689 4567 2891 4639; x_wconf 83' lang='grc' dir='ltr'>πλῆθος</span> <span class='ocrx_word' id='word_1_455' title='bbox 2918 4567 3325 4640; x_wconf 82' lang='grc' dir='ltr'>βλασφημῆται.</span> 
     </span>
    </p>
   </div>
   <div class='ocr_carea' id='block_1_69' title="bbox 454 4672 1907 4747">
    <p class='ocr_par' dir='ltr' id='par_1_69' title="bbox 454 4672 1907 4747">
     <span class='ocr_line' id='line_1_71' title="bbox 454 4672 1907 4747; baseline 0 -19"><span class='ocrx_word' id='word_1_456' title='bbox 454 4674 679 4746; x_wconf 64' lang='grc' dir='ltr'>ρισκίἱια</span> <span class='ocrx_word' id='word_1_457' title='bbox 707 4673 1013 4731; x_wconf 89' lang='lat' dir='ltr'><strong>maledictis</strong></span> <span class='ocrx_word' id='word_1_458' title='bbox 1037 4675 1351 4747; x_wconf 87' lang='lat' dir='ltr'><strong>impetatur.</strong></span> <span class='ocrx_word' id='word_1_459' title='bbox 1376 4673 1461 4728; x_wconf 80' lang='lat' dir='ltr'><strong>Ad</strong></span> <span class='ocrx_word' id='word_1_460' title='bbox 1497 4672 1665 4728; x_wconf 89' lang='lat' dir='ltr'><strong>Trall.</strong></span> <span class='ocrx_word' id='word_1_461' title='bbox 1702 4689 1820 4743; x_wconf 86' lang='lat' dir='ltr'><strong>cap.</strong></span> <span class='ocrx_word' id='word_1_462' title='bbox 1853 4672 1907 4728; x_wconf 94' lang='lat'><strong>8.</strong></span> 
     </span>
    </p>
   </div>
   <div class='ocr_carea' id='block_1_70' title="bbox 1444 4812 2731 4884">
    <p class='ocr_par' dir='ltr' id='par_1_70' title="bbox 1444 4812 2731 4884">
     <span class='ocr_line' id='line_1_72' title="bbox 1444 4812 2731 4884; baseline 0 -16"><span class='ocrx_word' id='word_1_463' title='bbox 1444 4812 1577 4869; x_wconf 64' lang='lat' dir='ltr'><strong>los!</strong></span> <span class='ocrx_word' id='word_1_464' title='bbox 1613 4812 1771 4877; x_wconf 87' lang='lat' dir='ltr'><strong>ibid..</strong></span> <span class='ocrx_word' id='word_1_465' title='bbox 1792 4812 1903 4869; x_wconf 86' lang='lat' dir='ltr'><strong>litt.</strong></span> <span class='ocrx_word' id='word_1_466' title='bbox 1940 4831 1996 4879; x_wconf 86' lang='grc' dir='ltr'><strong>α,</strong></span> <span class='ocrx_word' id='word_1_467' title='bbox 2030 4814 2115 4867; x_wconf 84' lang='lat' dir='ltr'><strong>tit.</strong></span> <span class='ocrx_word' id='word_1_468' title='bbox 2148 4828 2333 4882; x_wconf 74' lang='lat' dir='ltr'><strong>LXXVI,</strong></span> <span class='ocrx_word' id='word_1_469' title='bbox 2360 4830 2484 4884; x_wconf 86' lang='lat' dir='ltr'><strong>pag.</strong></span> <span class='ocrx_word' id='word_1_470' title='bbox 2512 4812 2635 4882; x_wconf 70' lang='lat'><strong>772,</strong></span> <span class='ocrx_word' id='word_1_471' title='bbox 2667 4813 2731 4868; x_wconf 79' lang='grc' dir='ltr'>Ε.</span> 
     </span>
    </p>
   </div>
   <div class='ocr_carea' id='block_1_71' title="bbox 1085 4989 2586 5064">
    <p class='ocr_par' dir='ltr' id='par_1_71' title="bbox 1085 4989 1399 5045">
     <span class='ocr_line' id='line_1_73' title="bbox 1085 4989 1399 5045; baseline 0.003 -1"><span class='ocrx_word' id='word_1_472' title='bbox 1085 4989 1169 5044; x_wconf 82' lang='lat' dir='ltr'><strong>Ea:</strong></span> <span class='ocrx_word' id='word_1_473' title='bbox 1198 4992 1399 5045; x_wconf 82' lang='lat' dir='ltr'><strong>eadem.</strong></span> 
     </span>
    </p>
   </div>
   <div class='ocr_carea' id='block_1_72' title="bbox 1671 4989 3172 5064">
    <p class='ocr_par' dir='ltr' id='par_1_72' title="bbox 2696 4991 3172 5064">
     <span class='ocr_line' id='line_1_74' title="bbox 2696 4991 3172 5064; baseline 0.002 -19"><span class='ocrx_word' id='word_1_474' title='bbox 2696 4993 2791 5048; x_wconf 81' lang='grc' dir='ltr'>Ἐκ</span> <span class='ocrx_word' id='word_1_475' title='bbox 2823 4994 2932 5064; x_wconf 84' lang='grc' dir='ltr'>τῆς</span> <span class='ocrx_word' id='word_1_476' title='bbox 2964 4991 3172 5062; x_wconf 83' lang='grc' dir='ltr'>αὐτῆς.</span> 
     </span>
    </p>
   </div>
   <div class='ocr_carea' id='block_1_73' title="bbox 526 5103 2027 5181">
    <p class='ocr_par' dir='ltr' id='par_1_73' title="bbox 526 5103 2027 5177">
     <span class='ocr_line' id='line_1_75' title="bbox 526 5103 2027 5177; baseline 0.001 -16"><span class='ocrx_word' id='word_1_477' title='bbox 526 5103 718 5175; x_wconf 80' lang='lat' dir='ltr'><strong>Fugite</strong></span> <span class='ocrx_word' id='word_1_478' title='bbox 765 5104 940 5162; x_wconf 89' lang='lat' dir='ltr'><strong>malas</strong></span> <span class='ocrx_word' id='word_1_479' title='bbox 984 5107 1337 5176; x_wconf 83' lang='lat' dir='ltr'><strong>propagines,</strong></span> <span class='ocrx_word' id='word_1_480' title='bbox 1388 5122 1511 5177; x_wconf 70' lang='lat' dir='ltr'><strong>qua:</strong></span> <span class='ocrx_word' id='word_1_481' title='bbox 1539 5106 1883 5163; x_wconf 86' lang='lat' dir='ltr'><strong>mortiferum</strong></span> <span class='ocrx_word' id='word_1_482' title='bbox 1914 5106 2027 5162; x_wconf 87' lang='lat' dir='ltr'><strong>fru-</strong></span> 
     </span>
    </p>
   </div>
   <div class='ocr_carea' id='block_1_74' title="bbox 2186 5103 3687 5181">
    <p class='ocr_par' dir='ltr' id='par_1_74' title="bbox 2204 5106 3687 5181">
     <span class='ocr_line' id='line_1_76' title="bbox 2204 5106 3687 5181; baseline 0.002 -21"><span class='ocrx_word' id='word_1_483' title='bbox 2204 5108 2438 5178; x_wconf 80' lang='grc' dir='ltr'>Φεύγετε</span> <span class='ocrx_word' id='word_1_484' title='bbox 2496 5107 2596 5173; x_wconf 82' lang='grc' dir='ltr'>τὰς</span> <span class='ocrx_word' id='word_1_485' title='bbox 2639 5109 2813 5174; x_wconf 86' lang='grc' dir='ltr'>κακάς</span> <span class='ocrx_word' id='word_1_486' title='bbox 2861 5110 3240 5181; x_wconf 77' lang='grc' dir='ltr'>παραφυάδας,</span> <span class='ocrx_word' id='word_1_487' title='bbox 3290 5108 3391 5173; x_wconf 83' lang='grc' dir='ltr'><strong>τάς</strong></span> <span class='ocrx_word' id='word_1_488' title='bbox 3444 5106 3687 5177; x_wconf 72' lang='grc' dir='ltr'>γεννώσας</span> 
     </span>
    </p>
   </div>
   <div class='ocr_carea' id='block_1_75' title="bbox 454 5193 1955 5273">
    <p class='ocr_par' dir='ltr' id='par_1_75' title="bbox 454 5198 1955 5269">
     <span class='ocr_line' id='line_1_77' title="bbox 454 5198 1955 5269; baseline 0.001 -17"><span class='ocrx_word' id='word_1_489' title='bbox 454 5204 603 5252; x_wconf 83' lang='lat' dir='ltr'><strong>ctum</strong></span> <span class='ocrx_word' id='word_1_490' title='bbox 628 5208 924 5267; x_wconf 84' lang='lat' dir='ltr'><strong>generant;</strong></span> <span class='ocrx_word' id='word_1_491' title='bbox 955 5212 1117 5268; x_wconf 89' lang='lat' dir='ltr'><strong>quem</strong></span> <span class='ocrx_word' id='word_1_492' title='bbox 1156 5198 1200 5254; x_wconf 86' lang='lat' dir='ltr'><strong>si</strong></span> <span class='ocrx_word' id='word_1_493' title='bbox 1233 5207 1412 5269; x_wconf 89' lang='lat' dir='ltr'><strong>gustet</strong></span> <span class='ocrx_word' id='word_1_494' title='bbox 1441 5200 1663 5269; x_wconf 87' lang='lat' dir='ltr'><strong>aliquis,</strong></span> <span class='ocrx_word' id='word_1_495' title='bbox 1706 5200 1890 5255; x_wconf 84' lang='lat' dir='ltr'><strong>statim</strong></span> <span class='ocrx_word' id='word_1_496' title='bbox 1918 5216 1955 5253; x_wconf 79' lang='grc' dir='ltr'><strong>ιι</strong></span> 
     </span>
    </p>
   </div>
   <div class='ocr_carea' id='block_1_76' title="bbox 2181 5193 3682 5273">
    <p class='ocr_par' dir='ltr' id='par_1_76' title="bbox 2181 5193 3682 5273">
     <span class='ocr_line' id='line_1_78' title="bbox 2181 5193 3682 5273; baseline -0.003 -21"><span class='ocrx_word' id='word_1_497' title='bbox 2181 5199 2347 5270; x_wconf 79' lang='grc' dir='ltr'>αρπὸν</span> <span class='ocrx_word' id='word_1_498' title='bbox 2379 5199 2769 5273; x_wconf 83' lang='grc' dir='ltr'>θανατηφόρον,</span> <span class='ocrx_word' id='word_1_499' title='bbox 2812 5193 2874 5254; x_wconf 81' lang='grc' dir='ltr'><strong>οῦ</strong></span> <span class='ocrx_word' id='word_1_500' title='bbox 2907 5201 3000 5254; x_wconf 81' lang='grc' dir='ltr'><strong>ὲάν</strong></span> <span class='ocrx_word' id='word_1_501' title='bbox 3041 5198 3295 5268; x_wconf 84' lang='grc' dir='ltr'>γεύσεταί</span> <span class='ocrx_word' id='word_1_502' title='bbox 3344 5216 3449 5264; x_wconf 86' lang='grc' dir='ltr'>τις,</span> <span class='ocrx_word' id='word_1_503' title='bbox 3497 5212 3682 5269; x_wconf 83' lang='grc' dir='ltr'>παραυ-</span> 
     </span>
    </p>
   </div>
   <div class='ocr_carea' id='block_1_77' title="bbox 456 5280 1957 5364">
    <p class='ocr_par' dir='ltr' id='par_1_77' title="bbox 456 5286 1957 5363">
     <span class='ocr_line' id='line_1_79' title="bbox 456 5286 1957 5363; baseline 0.001 -21"><span class='ocrx_word' id='word_1_504' title='bbox 456 5288 619 5344; x_wconf 88' lang='lat' dir='ltr'><strong>ritur.</strong></span> <span class='ocrx_word' id='word_1_505' title='bbox 664 5286 756 5343; x_wconf 89' lang='lat' dir='ltr'><strong>lsti</strong></span> <span class='ocrx_word' id='word_1_506' title='bbox 790 5288 936 5344; x_wconf 88' lang='lat' dir='ltr'><strong>enim</strong></span> <span class='ocrx_word' id='word_1_507' title='bbox 983 5304 1092 5346; x_wconf 86' lang='lat' dir='ltr'><strong>non</strong></span> <span class='ocrx_word' id='word_1_508' title='bbox 1138 5298 1266 5346; x_wconf 86' lang='lat' dir='ltr'><strong>sunt</strong></span> <span class='ocrx_word' id='word_1_509' title='bbox 1318 5291 1583 5362; x_wconf 88' lang='lat' dir='ltr'><strong>plantatio</strong></span> <span class='ocrx_word' id='word_1_510' title='bbox 1638 5291 1893 5363; x_wconf 87' lang='lat' dir='ltr'><strong>Spiritus.</strong></span> <span class='ocrx_word' id='word_1_511' title='bbox 1954 5330 1957 5344; x_wconf 84' lang='lat'><strong>.</strong></span> 
     </span>
    </p>
   </div>
   <div class='ocr_carea' id='block_1_78' title="bbox 2183 5280 3684 5364">
    <p class='ocr_par' dir='ltr' id='par_1_78' title="bbox 2183 5280 3684 5364">
     <span class='ocr_line' id='line_1_80' title="bbox 2183 5280 3684 5364; baseline -0.001 -23"><span class='ocrx_word' id='word_1_512' title='bbox 2183 5290 2264 5343; x_wconf 82' lang='grc' dir='ltr'>ῖκα</span> <span class='ocrx_word' id='word_1_513' title='bbox 2314 5291 2660 5364; x_wconf 84' lang='grc' dir='ltr'>ἀποθνήσκει.</span> <span class='ocrx_word' id='word_1_514' title='bbox 2709 5284 2870 5347; x_wconf 83' lang='grc' dir='ltr'>Οῦτοι</span> <span class='ocrx_word' id='word_1_515' title='bbox 2913 5291 3021 5364; x_wconf 80' lang='grc' dir='ltr'>γὰρ</span> <span class='ocrx_word' id='word_1_516' title='bbox 3068 5291 3168 5345; x_wconf 84' lang='grc' dir='ltr'><strong>οὐκ</strong></span> <span class='ocrx_word' id='word_1_517' title='bbox 3218 5290 3328 5345; x_wconf 78' lang='grc' dir='ltr'>είσὶ</span> <span class='ocrx_word' id='word_1_518' title='bbox 3384 5289 3569 5362; x_wconf 71' lang='grc' dir='ltr'>φυτεία</span> <span class='ocrx_word' id='word_1_519' title='bbox 3607 5280 3684 5340; x_wconf 76' lang='grc' dir='ltr'><strong>τοῦ</strong></span> 
     </span>
    </p>
   </div>
   <div class='ocr_carea' id='block_1_79' title="bbox 453 5374 1954 5457">
    <p class='ocr_par' dir='ltr' id='par_1_79' title="bbox 453 5374 895 5453">
     <span class='ocr_line' id='line_1_81' title="bbox 453 5374 895 5453; baseline -0.002 -16"><span class='ocrx_word' id='word_1_520' title='bbox 453 5374 625 5437; x_wconf 81' lang='lat' dir='ltr'><strong>Trall.</strong></span> <span class='ocrx_word' id='word_1_521' title='bbox 659 5396 777 5453; x_wconf 83' lang='lat' dir='ltr'><strong>cap.</strong></span> <span class='ocrx_word' id='word_1_522' title='bbox 805 5380 895 5437; x_wconf 80' lang='grc' dir='ltr'><strong>Η.</strong></span> 
     </span>
    </p>
   </div>
   <div class='ocr_carea' id='block_1_80' title="bbox 971 5374 2472 5457">
    <p class='ocr_par' dir='ltr' id='par_1_80' title="bbox 2139 5382 2472 5457">
     <span class='ocr_line' id='line_1_82' title="bbox 2139 5382 2472 5457; baseline 0.012 -22"><span class='ocrx_word' id='word_1_523' title='bbox 2139 5382 2472 5457; x_wconf 77' lang='grc' dir='ltr'>Πνεῦματος.</span> 
     </span>
    </p>
   </div>
  </div>
