3802 6210
482 163 587 222 907

1162 159 1533 218 EXCERPTA
1571 160 1667 215 EX
1698 159 2063 218 EPISTOLIS
2098 162 2157 219 S.
2200 163 2459 223 IGNATII
2501 166 2798 225 SYRIACE
2824 169 3073 229 EDITIS.

477 275 838 340 Provocando
869 286 1161 349 provocate
1182 278 1305 335 illas
1334 279 1561 346 bestias,
1589 280 1785 335 ut-sint
1806 281 1943 336 mihi
1975 297 2057 337 se-
2084 287 2132 345 Δ
2158 283 2212 340 6.
2246 284 2477 344 Dolores
2502 297 2696 359 partus
2730 298 2879 347 stant
2904 306 3069 363 super
3097 308 3186 350 me
3212 293 3353 367 (79),
3441 333 3460 353 .
3529 334 3547 354 .

478 371 731 443 pulcrum
771 370 907 439 (75),
953 370 1347 441 et-quidquam
1394 386 1462 425 ne
1506 370 1824 440 relinquant
1854 387 1885 427 e
1928 388 2058 427 cor-

476 478 784 553 Pore'meog
816 471 1223 553 “bnequécum
1245 463 1578 529 οοευδυενον
1609 463 1713 517 Sim
1732 478 1873 519 0"“3
1897 479 2059 534 super
2161 470 2214 528 7.
2242 481 2657 531 et-amor-meus
2682 476 2979 533 cruciﬁxus
2999 486 3225 534 :et—non
3247 482 3371 552 (est)
3399 479 3713 553 in-meiguis

476 555 716 608 homine.
743 552 897 609 Tunc
926 553 1041 623 ipse
1061 551 1241 608 factus
1264 568 1365 622 ego
1395 552 1701 623 discipulus
1732 554 2055 609 in-veritate

471 643 601 701 Jesu
633 646 874 711 Christo,
904 661 1029 701 cum
1062 661 1239 716 neque
1278 661 1687 716 corpus-meum
1714 646 1866 701 videt
1889 663 2053 701 mun—

471 736 594 794 dus.
627 735 833 806 Rogate
865 751 895 790 a
926 736 1383 793 Domino-nostro
1434 752 1679 817 pro-me,
1728 746 1915 807 ut-per
1966 738 2054 792 in-

471 838 774 885 strumenta
806 830 921 884 haec
951 830 1201 885 inveniar
1250 829 1583 884 sacriﬁcium
1637 829 1769 885 Deo.
1802 828 1921 884 Non
1976 829 2054 885 fa-

468 930 590 978 ctus
615 932 673 976 ut
701 920 896 977 Petrus
919 920 1204 977 et-Paulus
1235 922 1557 993 praecipiens
1597 938 1698 994 ego
1735 923 1890 978 vobis
1923 942 1936 977 :
1972 923 2047 978 illi

469 1018 725 1087 qui-sunt
758 1017 1017 1087 apostoli,
1067 1033 1169 1088 ego
1201 1026 1381 1073 autem
1435 1018 1550 1087 (74)
1598 1019 1998 1074 condemnatus
2030 1037 2045 1075 :

465 1110 540 1164 illi
574 1108 792 1179 quidem
824 1109 941 1181 (75)
987 1110 1083 1163 lilii
1133 1110 1435 1164 liberorum
1476 1110 1703 1181 (liberi),
1728 1126 1830 1182 ego
1865 1121 2045 1165 autem

464 1218 656 1257 servus
694 1217 867 1270 usque
913 1203 1182 1268 ad-nunc;
1216 1201 1311 1256 sed
1347 1202 1393 1256 si
1446 1203 1644 1272 patior,
1671 1204 2045 1259 manumissus

460 1291 589 1347 Jesu
621 1292 825 1347 Christi
869 1290 1049 1347 factus
1105 1294 1244 1362 (ero)
1288 1307 1390 1364 ego
1439 1302 1749 1366 et-surgam
1784 1293 1937 1350 in-eo
1974 1296 2043 1349 ab

459 1382 604 1439 inter
634 1392 881 1438 mortuos
913 1383 1055 1438 filius
1085 1383 1385 1439 liberorum
1423 1385 1627 1455 (liber).

530 1472 619 1529 111.
655 1472 723 1528 Et
749 1489 895 1529 nunc
923 1489 1048 1531 cum
1073 1474 1292 1531 vinctus
1316 1491 1437 1547 ego,
1468 1477 1620 1532 disco
1650 1477 2039 1549 ut-quidquam

456 1581 527 1621 ne
552 1567 791 1636 cupiam.
826 1568 880 1623 5.
900 1567 948 1623 Α
976 1566 1132 1638 Syria
1165 1577 1416 1639 et-usque
1439 1568 1761 1625 ad-Romam
1786 1569 1929 1625 inter
1946 1571 2040 1626 be-

457 1660 591 1715 stias
612 1659 795 1729 jactus
822 1674 947 1731 ego,
977 1661 1205 1715 in-mari
1235 1662 1578 1728 et-in-terra,
1600 1662 1838 1718 in-nocte
1866 1663 2039 1719 et-in-

455 1752 564 1820 die,
598 1768 722 1809 cum
772 1753 991 1809 vinctus
1032 1769 1133 1824 ego
1170 1754 1315 1809 inter
1352 1754 1539 1811 decem
1575 1755 1883 1825 leopardos,
1908 1757 2033 1827 qui-

454 1853 585 1900 sunt
612 1846 749 1901 ordo
792 1846 1024 1900 militum
1046 1889 1061 1913 ,
1091 1846 1382 1917 qui-etiam
1416 1848 1548 1903 dum
1586 1848 1914 1913 bene-facio
1942 1850 2032 1914 iis,

451 1942 627 2010 magis
656 1939 797 1994 male
830 1937 1094 1995 facientes
1132 1940 1288 1994 mihi.
1334 1939 1449 2018 Ego
1488 1948 1670 1996 autem
1710 1942 2037 2012 in-injuriis-

448 2047 639 2087 eorum
670 2032 844 2102 magis
881 2032 1386 2103 factus-discipulus
1408 2048 1528 2105 ego.
1562 2034 1679 2089 Non
1704 2045 1883 2089 autem
1914 2049 2037 2104 pro-

447 2132 567 2194 pter
600 2125 705 2180 hoc
743 2124 1229 2194 justiticatus-sum
1276 2126 1435 2181 mihi.
1477 2126 1701 2182 Gaudeo
1748 2127 2034 2183 in-bestiis

446 2228 801 2288 quae-paratae
834 2218 989 2282 mihi,
1024 2227 1212 2272 et-oro
1243 2217 1773 2273 ut-in-festinatione
1798 2219 2034 2274 inventa:

446 2309 604 2373 mihi,
630 2310 1025 2379 et—provocabo
1054 2324 1149 2364 eas
1181 2308 1718 2365 ut-in-festiuatione
1746 2311 2034 2367 devorent-

446 2416 555 2466 me,
589 2408 782 2455 et-non
828 2401 971 2455 sicut
997 2400 1052 2455 id
1096 2401 1243 2472 quod
1277 2401 1429 2456 timet
1464 2401 1533 2455 ab
1565 2402 1879 2458 hominibus
1906 2405 2030 2460 aliis

443 2501 638 2547 et-non
683 2494 1084 2563 appropinquat
1118 2494 1349 2547 ad—eos:
1397 2492 1637 2547 etiam-si
1671 2492 1775 2547 illa:
1798 2509 1907 2547 non
1936 2510 2031 2549 ve-

443 2584 547 2638 lint
577 2586 1017 2656 appropinquare
1038 2586 1247 2652 ad-me,
1291 2600 1394 2655 ego
1426 2584 1775 2639 in-violentia
1810 2586 1903 2640 ibo
1937 2602 2031 2640 su-

442 2691 682 2745 per-eas.

2156 563 2431 622 in-amore
2457 566 2564 622 alio
2600 567 2736 640 (80).
2766 566 2888 624 Non
2915 571 3079 641 cupio
3114 570 3298 627 cibum
3347 575 3709 642 corruptionis,

2156 672 2333 728 neque
2378 660 2851 731 concupiscentias
2903 662 3095 717 mundi
3143 662 3328 733 hujus.
3385 662 3580 719 Panem
3626 664 3708 719 Dei

2152 765 2357 821 quwro,
2376 752 2578 821 qui-est
2595 768 2794 823 corpus
2809 753 3035 818 Christi,
3052 756 3708 826 et-sanguinein-eju3(81)

2152 868 2338 921 quaero
2364 862 2549 922 potum
2572 895 2586 919 ,
2636 854 2849 925 qui-est
2878 855 3124 911 charitas
3158 872 3423 927 quae-non
3456 860 3708 928 corruptio

2155 944 2677 1015 (incorruptibilis).
2755 986 2771 1002 .
2848 986 2864 1003 .
2946 987 2961 1002 .
3038 988 3052 1001 .
3137 988 3151 1003 .
3233 988 3249 1004 .
3332 990 3346 1006 .
3427 991 3444 1005 .
3520 991 3535 1006 .
3607 991 3622 1007 .
3688 994 3705 1010 .

2226 1079 2289 1134 γ.
2327 1081 2381 1137 9.
2418 1080 2591 1151 Rogat
2618 1091 3073 1151 pacem-vestram
3101 1086 3173 1153 (ἰ.
3208 1103 3253 1139 e.
3285 1087 3495 1143 salvere
3516 1105 3607 1144 vos
3631 1092 3711 1159 juo

2152 1174 2265 1240 bet)
2290 1174 2707 1243 spiritus-meus
2728 1175 3050 1231 et~charitas
3085 1176 3456 1233 Ecclesiarum
3486 1197 3711 1251 quamc-

2150 1276 2529 1336 ccpernnbme
2554 1267 2702 1322 velut
2730 1284 2925 1322 nomen
2956 1266 3084 1323 Jesu
3113 1269 3321 1326 Christi
3344 1289 3358 1325 :
3391 1274 3548 1328 etiam
3575 1276 3707 1329 enim

2072 1396 2118 1456 Β
2148 1358 2225 1413 illi
2250 1361 2343 1429 qui
2376 1358 2491 1429 (82)
2518 1360 2808 1430 propinqui
2846 1360 3090 1456 ad-viam
3123 1362 3449 1434 in-corpore
3485 1367 3709 1421 in-omni

2145 1452 2386 1519 civitate,
2421 1453 2780 1506 obviaverunt
2830 1451 2989 1507 mihi.
3034 1452 3191 1509 Nunc
3239 1471 3409 1527 prope
3439 1474 3535 1529 ego
3581 1459 3708 1528 ipse,

2145 1545 2251 1616 (ut)
2284 1543 2540 1600 accedam
2569 1542 2899 1599 ad-Romam
2934 1544 3128 1613 (Trall.
3156 1548 3212 1615 4)
3243 1565 3256 1602 :
3293 1550 3461 1603 multa
3484 1550 3594 1604 scio
3625 1550 3709 1604 in-

2145 1637 2279 1700 Deo,
2313 1637 2403 1694 sed
2429 1637 2686 1693 moderor
2713 1637 2983 1706 meipsum
3003 1679 3019 1705 ,
3058 1647 3221 1695 ut-ne
3250 1656 3471 1710 peream
3515 1642 3709 1713 iii-glo.

2141 1728 2396 1784 riatione.
2430 1727 2585 1783 Nunc
2612 1728 2665 1783 id
2690 1727 2835 1781 enim
2865 1727 3021 1784 decet
3046 1745 3153 1794 me,
3196 1733 3512 1787 ut-tiineam
3537 1733 3711 1786 abun-

2143 1823 2384 1888 dantius,
2408 1837 2543 1878 neve
2566 1822 2831 1893 aspiciam
2862 1823 3072 1879 in-illos
3101 1824 3424 1894 qui-inllant
3445 1825 3596 1879 mihi.
3626 1824 3707 1880 llli

2138 1918 2286 1972 enim
2317 1916 2635 1986 qui-dicunt
2652 1916 2789 1971 mihi
2818 1917 3146 1986 qum-(sunt)
3169 1918 3316 1973 sicut
3344 1919 3493 1986 haec,
3529 1918 3709 1988 ﬂagel-

2136 2009 2253 2064 lant
2276 2022 2381 2062 me.
2421 2007 2562 2063 Amo
2594 2009 2740 2063 enim
2770 2008 3065 2079 ut-patiar,
3100 2009 3193 2065 sed
3223 2025 3333 2065 non
3365 2011 3501 2077 scio,
3538 2010 3588 2065 si
3627 2010 3709 2066 di-

2135 2116 2276 2171 gnus
2299 2116 2420 2172 ego.
2447 2100 2608 2156 Zelus
2630 2102 2775 2155 enim
2805 2102 2993 2157 multis
3011 2118 3117 2157 non
3142 2103 3316 2171 visus,
3343 2120 3554 2159 mecum
3579 2119 3708 2158 vero

2134 2194 2338 2249 bellum
2382 2202 2468 2249 est
2511 2193 2581 2249 ei.
2616 2191 2780 2248 Utilis
2820 2209 2885 2248 ea
2928 2195 3062 2248 mihi
3108 2195 3278 2267 igitur
3320 2195 3705 2258 mansuetudo,

2132 2286 2460 2355 quod-in-ea
2478 2285 2778 2341 dissolutus
2794 2285 3001 2341 archon
3025 2286 3213 2341 mundi
3232 2286 3401 2356 hujus
3418 2286 3608 2355 (Trau.
3626 2288 3703 2355 5).

2131 2377 2471 2451 Potens-ego
2504 2378 2700 2451 (sum)
2735 2377 3059 2433 ut-scribam
3106 2380 3262 2434 vobis
3310 2382 3548 2436 coelestia
3569 2421 3585 2446 ,
3612 2381 3705 2438 sed

2133 2470 2299 2525 timeo
2334 2486 2402 2525 ne
2430 2473 2693 2525 damnum
2728 2468 2927 2525 faciam
2956 2470 3133 2525 vobis.
3166 2468 3391 2527 Noscite
3425 2487 3509 2526 me
3535 2487 3569 2525 a
3594 2488 3708 2527 me-

2131 2564 2281 2634 ipso:
2308 2574 2507 2619 cautus
2537 2579 2638 2636 ego
2679 2568 2825 2618 enim
2871 2580 2941 2619 ne
2987 2580 3099 2618 non
3124 2563 3419 2617 inveniatis
3467 2562 3707 2618 sufﬁcere

2130 2657 2607 2727 et-impediamini.
2642 2656 2819 2711 Etiam
2847 2672 2951 2728 ego
2970 2657 3116 2711 enim
3147 2671 3261 2710 non
3294 2666 3513 2727 propter
3533 2655 3708 2725 quod:

513 2767 607 2825 ιν.
626 2767 845 2825 Noscite
874 2786 961 2825 me
981 2786 1011 2825 a
1042 2772 1285 2841 me-ipso
1312 2770 1458 2840 quod
1483 2769 1701 2838 expedit
1724 2770 1857 2824 mihi
1890 2770 1997 2841 (76)

2155 2751 2347 2805 Vinctus
2370 2765 2493 2821 ego,
2526 2759 2827 2819 et—possum
2884 2753 3025 2804 scire
3057 2750 3307 2804 cmlestia
3350 2748 3545 2819 (ξι-(85)
3588 2748 3708 2803 loca

437 2857 585 2916 Nihil
616 2862 853 2918 invideat
880 2863 1048 2918 in-me
1080 2864 1383 2935 quidquam
1432 2878 1497 2916 ex
1534 2863 1603 2917 iis
1638 2865 1905 2932 quae-visa
1947 2872 2030 2918 ct-

439 2970 701 3027 quaa-non
736 2957 875 3022 visa,
907 2955 1125 3010 tit-Jesu
1155 2956 1377 3010 Christo
1406 2954 1707 3025 dignilicer.
1736 2953 1881 3026 Ignis
1913 2954 2026 3024 (77)

439 3057 659 3103 et-crux
690 3048 967 3103 et-bestize
995 3057 1373 3117 qum-paratae,
1408 3047 1713 3116 amputatio
1747 3047 2021 3103 membro-

437 3157 583 3208 rum,
616 3142 916 3211 ct-sparsio
948 3140 1159 3195 ossium
1182 3139 1579 3194 et-molitiones
1624 3138 1792 3193 totius
1826 3155 2021 3208 corpo-

435 3233 536 3297 ris,
564 3242 833 3287 tormenta
880 3233 1018 3287 dura
1057 3232 1169 3302 (78)
1207 3231 1411 3286 diaboli
1448 3246 1729 3302 super-mc
1775 3231 2020 3299 veniant,

432 3326 695 3380 et-solum
718 3324 849 3381 Jesu
880 3324 1099 3379 Christo
1129 3323 1433 3394 digniliccr.
1515 3365 1529 3379 .
1611 3362 1626 3375 .
1707 3366 1720 3380 .
1804 3362 1820 3380 .
1900 3365 1915 3380 .
2000 3365 2015 3380 .

435 3452 453 3472 ο
526 3456 543 3473 ο
639 3456 654 3471 ο
731 3458 745 3471 ο
826 3457 842 3472 ο
916 3457 932 3471 ο
1015 3456 1029 3470 ι
1112 3457 1124 3469 ι
1209 3456 1223 3470 ο
1306 3455 1323 3471 ο
1403 3454 1420 3471 ο
1501 3458 1515 3473 ο
1603 3457 1618 3473 ο
1699 3459 1712 3472 ι
1802 3458 1816 3472 ι
1902 3458 1916 3472 ο
1999 3458 2014 3472 ο

515 3626 618 3697 [75)
657 3627 876 3697 Fragm.
903 3628 1033 3681 ibid.
1057 3643 1111 3697 p.
1140 3627 1269 3690 201,
1293 3626 1423 3696 legit
1460 3626 1561 3697 :Ain
1582 3625 1899 3697 sepulcrum.

531 3695 620 3767 74)
659 3695 822 3753 Deest
843 3708 1017 3751 autem
1048 3695 1103 3751 i‘n
1136 3695 1440 3767 fragmento
1461 3695 1620 3764 Corp.
1647 3695 1765 3765 lgn.
1800 3712 1852 3765 p.
1884 3695 2011 3751 296.

502 3767 615 3838 (75)
632 3784 691 3841 ,γ
715 3768 923 3841 omittit
944 3768 1257 3841 _quidem,et
1306 3768 1381 3820 ita
1402 3781 1621 3836 quoque
1648 3767 2010 3837 fragmentum

429 3834 603 3908 Corp.
623 3834 745 3908 Ign.
778 3854 832 3905 ι).
860 3834 989 3891 296ζ

525 3908 613 3979 76)
635 3906 969 3979 Ιὴλνθτδίοηθ
988 3907 1214 3979 ᾼῃειὶοιὶ
1241 3906 1396 3976 Corp.
1427 3906 1546 3978 Ign.
1576 3924 1629 3977 p.
1654 3908 1780 3979 251,
1804 3908 1874 3979 ita
1900 3910 2013 3965 lucc

429 3976 666 4048 reddidit
690 3976 926 4048 Curgton
951 3996 963 4030 :
994 3977 1209 4031 Noscite
1234 3980 1359 4031 mihi
1392 3995 1422 4030 a
1447 3976 1526 4031 me
1556 3976 1692 4048 ipso.
1716 3978 1856 4043 Quid
1886 3997 2013 4033 cou-

429 4047 564 4120 veuit
594 4048 719 4120 mihi
746 4048 769 4099 ?
800 4045 1018 4120 Fragin.
1056 4064 1187 4120 vero
1210 4050 1264 4102 in
1290 4048 1449 4120 Corp.
1489 4045 1608 4120 Igu.
1638 4065 1689 4118 p.
1716 4049 1815 4102 201
1844 4065 1856 4100 :

428 4117 700 4189 scitepzifzi
724 4135 756 4170 a
780 4134 859 4171 me
890 4118 1002 4187 ipso
1037 4119 1161 4189 quid
1186 4119 1499 4172 mandatum
1525 4117 1683 4173 'milii.

419 4212 423 4227 ι
502 4187 612 4258 (77)
639 4186 860 4261 Fragm.
890 4186 1194 4259 CorpIIgn.
1221 4205 1273 4258 p.
1302 4189 1545 4261 20111ωο
1571 4192 1641 4243 ita
1667 4190 1825 4261 legit:
1854 4188 2001 4259 Ignis

426 4267 478 4311 et
505 4274 635 4311 crux
657 4268 706 4312 et
732 4259 931 4323 bestiae,
951 4276 1067 4329 qua:
1094 4270 1300 4329 parata:
1320 4260 1521 4326 mihi,et
1544 4259 1738 4314 divisid
1764 4270 1813 4313 et
1844 4277 2000 4328 spar-

425 4329 505 4382 sio
534 4329 732 4383 ossium
761 4338 809 4383 et
840 4331 1134 4399 amputatio
1168 4329 1520 4384 membrorum
1548 4341 1597 4385 et
1622 4342 1886 4384 tormenta
1921 4339 2002 4382 to-

427 4399 534 4453 tius
551 4401 785 4455 corporis
816 4408 865 4453 et
895 4401 1024 4455 mali
1046 4402 1311 4455 cruciatus
1336 4400 1559 4454 diaboli.

416 4506 421 4521 .
497 4470 608 4538 (78)
639 4469 752 4524 Vox
788 4469 1009 4541 Syriaca
1052 4473 1124 4527 ob
1154 4472 1570 4527 similitudinem
1594 4486 1734 4541 cum
1764 4470 1868 4541 alia
1900 4471 2004 4524 im-

424 4540 893 4612 mutatavidetur,
930 4547 1080 4597 itaut
1111 4543 1347 4612 genuina
1388 4540 1807 4612 lectio,Syria_ca
1843 4540 1999 4595 foret:

424 4610 609 4735 attonita;
643 4611 719 4666 ita
744 4626 933 4669 revera
962 4613 1096 4684 legit
1116 4609 1495 4685 fragmentum
1541 4609 1702 4681 Corp.
1726 4609 1905 4680 lgnat.
1945 4627 1999 4680 p.

401 4738 406 4745 “
499 4750 607 4824 (79)
640 4751 859 4824 Fragm.
886 4768 942 4813 ι).
966 4753 1064 4809 201
1099 4753 1257 4825 Corp.
1295 4751 1456 4825 Ign.:
1494 4769 1543 4807 et
1572 4751 1779 4805 dolores
1812 4752 1997 4806 mortis

1892 4024 2000 4102 lvii.
2040 4067 2085 4120 ο
2116 4024 2220 4161 15(

2132 2843 2478 2910 angelorum,
2531 2842 2883 2897 et-stationes
2909 2850 3241 2911 potestatum
3263 2883 3278 2907 ,
3309 2841 3587 2911 quae-visa
3631 2848 3704 2894 et-

2130 2950 2391 3005 quae-non
2426 2935 2543 2989 visa
2574 2972 2591 2999 ,
2629 2941 2852 3004 propter
2886 2934 2991 2988 hoc
3022 2932 3354 2989 factus-sum
3389 2933 3501 3005 (84)
3539 2932 3708 2987 disci.

2125 3038 2308 3098 putus.
2342 3026 2572 3081 Multum
2595 3027 2741 3080 enim
2764 3026 2959 3081 deficio
2982 3042 3012 3081 a
3033 3025 3369 3096 perfectione
3392 3026 3709 3096 quae-digna

2124 3117 2235 3173 Deo
2270 3117 2380 3188 (85)
2414 3117 2588 3187 (Rom.
2634 3116 2742 3187 10).
2776 3114 2909 3173 Sitis
2938 3118 3056 3173 sani
3097 3117 3338 3187 perfecte
3361 3117 3709 3187 in—patieutia

2120 3207 2250 3265 .Iesu
2282 3209 2485 3265 Christi
2510 3208 2604 3263 Dei
2629 3208 2823 3264 nostri.

2188 3324 2381 3379 Finitze
2416 3334 2543 3380 sunt
2570 3325 2817 3394 epistola:
2853 3334 2964 3381 tres
2992 3324 3187 3396 lgnatii
3208 3326 3452 3397 episcopi
3477 3333 3535 3381 et
3554 3339 3711 3378 mar-

2116 3420 2251 3491 tyris
2283 3419 2415 3491 (86).

2116 3609 2281 3664 stant,
2316 3613 2436 3669 quae
2466 3612 2573 3651 vox
2625 3597 2810 3650 mortis
2864 3596 3087 3668 Syriace
3135 3596 3418 3651 simillima
3456 3601 3541 3649 est
3583 3592 3707 3647 voci

2116 3682 2324 3742 partus.
2602 3740 2609 3742 ξ
2717 3739 2744 3742 __
2886 3706 2893 3713 -

2212 3742 2302 3807 80)
2340 3758 2409 3811 γε
2441 3740 2639 3794 amoris
2672 3739 2837 3795 alius.

2213 3805 2302 3883 81)
2331 3805 2423 3866 Sic
2451 3811 2952 3883 interpunctionem
2995 3807 3245 3875 nabety;
3283 3805 3356 3860 al.
3380 3810 3462 3860 est
3481 3817 3703 3857 comma

2114 3892 2239 3954 post
2260 3882 2568 3954 sanguinem
2588 3882 2723 3950 ejus.

2190 3953 2303 4021 (8‘2)
2336 3971 2371 4020 γ
2391 3953 2516 4006 add.
2544 3967 2668 4005 non.

2211 4011 2301 4092 85)
2331 4011 2470 4077 Coll.
2504 4035 2778 4077 canonum
2817 4018 3041 4092 Syriaca
3090 4017 3286 4089 (Corp.
3321 4014 3445 4086 Ign.
3474 4029 3531 4072 υ.
3568 4011 3702 4079 198,

2252 4094 2379 4161 legit
2401 4112 2414 4147 :
2442 4093 2625 4145 etiam.

2183 4160 2292 4233 (84)
2308 4160 2466 4217 1116111
2504 4162 2673 4233 codex
2705 4161 2872 4233 legit:
2911 4162 3047 4233 facti
3069 4160 3218 4212 estis.

2184 4226 2297 4303 (85)
2335 4234 2479 4287 Idem
2516 4232 2676 4302 legit:
2708 4226 2942 4285 Multum
2969 4232 3108 4285 enim
3154 4228 3305 4283 nobis
3348 4226 3524 4295 deﬁcit
3561 4240 3627 4278 ne
3668 4241 3704 4276 τι

2116 4304 2221 4357 Deo
2246 4304 2576 4356 excidantus.

2184 4374 2295 4442 (86)
2338 4375 2443 4429 Ista
2476 4374 2642 4426 verba
2669 4373 2789 4443 cod.
2826 4372 2991 4443 βηοη
3023 4380 3152 4443 sunt
3174 4370 3247 4423 ita
3270 4366 3595 4443 ferienda.
3639 4374 3703 4416 ut

2109 4438 2490 4500 recte‘docuit
2531 4444 2615 4497 Cl.
2668 4438 3016 4496 Peterinann.
3061 4440 3238 4494 Voces
3266 4438 3502 4509 Syriaca:
3547 4438 3705 4509 hanc

2107 4517 2569 4587 versionemgnon
2618 4514 2939 4587 requirunt:
2987 4512 3239 4587 l_es_trois
3282 4506 3703 4587 lettres,sed.et

2106 4586 2267 4640 istam
2295 4584 2619 4639 admittunt:
2651 4582 2872 4655 lalettre
2903 4585 3056 4655 trois,
3082 4582 3213 4655 li._e.
3238 4581 3465 4655 epistola
3505 4581 3698 4655 tertia,

2104 4657 2191 4711 vel
2225 4658 2354 4709 trois
2381 4654 2583 4713 lettres.
2614 4655 2732 4710 sine
2758 4646 3045 4720 articulo,
3070 4653 3194 4709 cod.
3229 4646 3498 4720 y'habet:
3533 4646 3705 4697 ﬁnita

2107 4740 2182 4780 est
2213 4728 2391 4781 tertia.
