3802 6210
130 358 209 424 969
1351 339 1680 396 uruntur.
1721 342 1778 394 δ.
1810 336 2088 395 sanun.
3258 331 3366 388 979

133 531 3344 577 ww

764 727 1441 853 L‘lTUR—GIA
1519 727 2037 851 SANCTI
2126 730 2721 847 IGNATII.

440 977 747 1040 (Rnnscnor,
776 971 1099 1039 Liturgiarum
1123 969 1441 1029 Orientalium
1462 968 1708 1032 Collectio,
1748 971 1868 1021 edit.
1888 972 1937 1033 2,

1543 968 1708 1032 lectio,
1748 971 1868 1021 edit.
1888 972 1937 1033 2,
1962 971 2286 1033 Francolurti,
2337 972 2477 1034 1847,
2511 974 2662 1035 ιιι-4ο,
2688 980 2723 1025 t.
2754 976 2814 1037 ll,
2840 990 2888 1040 p.
2912 971 3044 1046 ait.)

187 1316 367 1387 Longa
404 1316 652 1390 oratione
692 1331 790 1390 non
826 1331 959 1390 opus
994 1323 1086 1390 _es_t
1120 1315 1189 1368 ad
1214 1316 1369 1390 istius
1408 1315 1668 1390 Liturgiaz
1710 1320 1990 1390 novitatem
2019 1318 2365 1390 probandam,
2398 1334 2515 1372 cum
2544 1320 2675 1373 satis
2704 1320 2819 1389 ipsa
2863 1336 2917 1373 se
2953 1320 3163 1388 prodat.
3194 1316 3376 1390 Stylus

126 1392 249 1442 enim
280 1385 604 1458 synonymis
633 1396 685 1460 et
704 1385 948 1454 epithetis
974 1386 1208 1454 inﬂatus
1234 1387 1379 1460 ultra
1408 1385 1644 1460 modum,
1669 1400 1811 1444 natat
1834 1385 2132 1460 infelicibus
2173 1389 2382 1460 saeculis
2409 1385 2908 1460 eloquentite'magis
2930 1385 3187 1456 convenit,
3219 1385 3380 1460 quam

128 1456 380 1530 primeepw
427 1456 1164 1530 apostolicorumtemporum
1206 1458 1561 1530 simplicitati.
1594 1476 1751 1530 quam
1787 1456 2012 1530 genuina
2062 1458 2264 1529 lgnatii
2314 1456 2569 1529 Martyris
2598 1461 2793 1530 scripta
2831 1456 3241 1530 reprtesentantI
3271 1458 3382 1515 Illa

128 1530 252 1597 apud
280 1527 448 1599 Syros
481 1528 691 1601 vulgari
718 1544 813 1580 sua
851 1527 1032 1601 lingua
1059 1527 1184 1583 olim
1204 1529 1467 1585 exstitisse
1506 1527 1819 1601 docent_nos
1842 1530 2009 1583 multa
2039 1527 2108 1587 eai
2125 1530 2233 1584 illis
2275 1527 2596 1601 testimonia,
2632 1527 2747 1601 qua:
2777 1532 2832 1583 in
2880 1527 3028 1585 libris
3058 1529 3383 1601 Theologicis

126 1608 423 1664 occurrunt,
454 1600 549 1652 sed
573 1614 681 1667 pra:
703 1599 903 1651 caneris
930 1607 1171 1670 excerpta
1195 1615 1260 1651 ex
1280 1601 1391 1668 ejus
1414 1601 1652 1670 genuinis
1674 1598 1929 1670 Epistolis
1953 1618 2053 1654 non
2070 1617 2264 1670 pauca,
2294 1616 2410 1670 quae
2426 1598 2781 1655 Conciliorum
2808 1601 3107 1655 (Iunonibus
3132 1598 3387 1670 adjuncta

128 1673 460 1737 reperiuntur
484 1670 539 1721 in
556 1677 755 1741 vetusta
779 1670 1013 1741 versione
1036 1667 1281 1739 Syriaca,
1304 1667 1465 1739 quam
1500 1669 1678 1724 Codex
1712 1667 1978 1725 Mediceus
2008 1667 2435 1724 mémbrandceus
2464 1681 2823 1741 reprcesentat.
2858 1672 3078 1725 Addidit
3108 1667 3386 1741 interpres,

126 1741 239 1795 illas
272 1739 750 1812 sententias_vulgo
779 1741 915 1794 inter
944 1739 1183 1795 Canones
1218 1741 1557 1812 nonreferri,
1604 1757 1780 1795 verum
1810 1758 1873 1799 ea:
1904 1744 2110 1795 nomine
2145 1743 2280 1794 tanti
2322 1742 2443 1807 viri,
2485 1739 2741 1812 (aqualem
2776 1741 3169 1812 quodammodo
3198 1739 3389 1796 habere

128 1812 526 1867 auctoritatem.
563 1807 791 1868 Factam
823 1827 936 1864 esse
958 1827 1028 1882 ea:
1062 1811 1272 1881 Optimis
1302 1807 1581 1867 Codicibus
1608 1811 2088 1882 interpretationem
2109 1812 2259 1866 illam
2294 1807 2620 1882 agnovimus,
2652 1824 2700 1867 et
2737 1807 2801 1867 ab
2847 1824 3059 1867 auctore
3096 1813 3389 1882 quicunque

128 1882 278 1951 fuerit
312 1899 419 1934 non
454 1882 734 1949 imperito:
755 1890 869 1952 tum
906 1880 1041 1933 illud
1064 1880 1219 1934 etiam
1244 1881 1695 1935 animadversione
1723 1884 1939 1952 dignum
1974 1880 2376 1947 observavimus,
2411 1883 2613 1937 codices
2640 1883 2815 1948 illum,
2846 1883 3046 1936 similes
3076 1880 3389 1936 Florentino

126 1950 198 2005 illi
225 1953 571 2006 celeberrimo
604 1968 705 2024 quo
738 1950 964 2024 Latinus
987 1952 1395 2024 interpresusus
1425 1952 1622 2024 [uerat,
1654 1950 1888 2006 secutum
1933 1952 2113 2021 fuisse,
2152 1970 2243 2007 nec
2276 1952 2435 2024 alias,
2476 1954 2578 2007 nisi
2608 1970 2758 2024 veras
2795 1953 3063 2021 Epistolas
3097 1954 3388 2024 agnovisse.

126 2024 187 2076 At
218 2023 391 2088 nulla,
422 2033 622 2091 printer
640 2020 994 2094 Jacobiticam
1012 2022 1393 2077 Antiochenam
1414 2020 1941 2094 Ecclesiam,habuit
1967 2023 2066 2076 huc
2093 2040 2252 2094 usque
2272 2023 2567 2094 Liturgiam
2594 2023 2808 2094 Ignatio
2831 2020 3149 2077 attributam
3173 2039 3192 2077 :
3229 2038 3394 2093 neque

124 2094 181 2147 de
206 2095 310 2149 ista
333 2094 632 2164 quidquam
656 2092 1057 2164 aliuddcogitare
1077 2095 1499 2164 possumus,_nisi
1528 2093 1664 2164 quod
1682 2092 1759 2151 ab
1784 2096 1959 2163 aliquo
1983 2092 2202 2164 scripta,
2228 2111 2344 2147 cum
2367 2092 2686 2163 singularem
2730 2094 2943 2151 titulum
2968 2111 3074 2148 non
3093 2092 3391 2164 prw[erret,

125 2156 357 2234 essetque
409 2156 751 2235 Antiocheam
794 2156 1043 2217 Ecclesia:
1077 2156 1316 2235 propria,
1361 2156 1565 2235 lgnatii
1593 2180 1799 2230 nomen,
1829 2156 2261 2233 tanquam-illius
2302 2156 2522 2235 insignis
2572 2165 2838 2234 Episcopi,
2883 2156 3160 2234 acceperit.
3194 2156 3395 2235 Potuit

125 2232 280 2287 etiam
310 2239 377 2307 a_b
406 2235 609 2307 aliqua
631 2232 851 2307 Ignalioq
865 2235 1064 2307 scripta
1084 2232 1274 2307 fuisse,
1300 2233 1389 2303 qui
1408 2234 1559 2307 illam
1587 2235 1759 2288 sedem
1788 2232 2030 2307 tenuerit,
2063 2235 2263 2306 aliquot
2294 2232 2430 2307 enim
2462 2238 2539 2290 ita
2574 2232 2825 2307 appellati
2852 2232 3157 2300 sunt,‘inter
3177 2233 3397 2307 Jacobi:

126 2316 299 2377 tarum
326 2303 705 2377 Patriarchas,
738 2314 786 2377 et
814 2303 1159 2361 librariorum
1179 2305 1333 2372 culpa
1363 2305 1430 2357 ad
1455 2304 1749 2377 Martyrem
1780 2306 1985 2375 referri,
2013 2321 2129 2377 qua:
2150 2303 2267 2360 novi
2297 2306 2521 2360 hominis
2545 2303 2701 2377 foret.
2734 2305 2838 2361 Sed
2853 2307 2979 2376 quid
3002 2307 3066 2360 de
3092 2303 3398 2361 istiusmodi

127 2376 295 2430 titulis
326 2376 674 2429 statuendum
707 2376 796 2439 sit,
828 2386 1083 2445 quantum
1112 2391 1239 2443 opus
1267 2385 1403 2440 erat,
1442 2376 1645 2429 dictum
1672 2384 1748 2430 est
1772 2376 1919 2430 alibi.

197 2446 265 2499 In
317 2448 424 2500 ista
466 2446 677 2516 quidem
712 2445 958 2514 Liturgia
993 2445 1481 2514 Monophysitarum
1513 2446 1768 2501 hiereseos
1809 2463 1870 2499 ne
1907 2448 2227 2501 levissimum
2249 2448 2461 2517 quidem
2509 2449 2785 2517 vestigium
2817 2446 3242 2517 deprehenditur,
3282 2460 3400 2517 qua

124 2518 368 2590 majoris,
392 2533 558 2590 quam
581 2517 967 2583 existimamus,
1010 2517 1345 2590 antiquitatis
1386 2528 1531 2590 nota,
1571 2517 1870 2590 verisimilis
1898 2519 2060 2571 videri
2092 2519 2356 2590 aliquibus
2388 2528 2585 2588 posset.
2627 2517 2936 2590 Meminisse»
2959 2528 3136 2590 tamen
3173 2527 3399 2590 oportet,

126 2589 261 2656 quod
295 2589 435 2660 alibi
460 2587 791 2660 observatum
824 2596 930 2660 est,
967 2603 1089 2660 raro
1127 2589 1265 2640 inter
1299 2585 1574 2660 Jacobitas
1601 2586 1783 2660 Syros,
1816 2587 2105 2660 Liturgicis
2136 2585 2399 2660 precibus,
2434 2606 2496 2643 ea
2510 2606 2636 2660 (qua:
2665 2589 2734 2642 ad
2758 2605 2869 2643 suae
2903 2588 2967 2642 de
3001 2585 3400 2660 lncarnationis

127 2660 376 2731 mysterio
402 2658 664 2731 doctrina:
702 2658 1157 2731 confirmationem
1184 2658 1463 2731 pertinent,
1502 2658 1663 2731 inseri
1693 2658 1877 2731 solere.
1926 2658 2066 2731 Solis
2091 2658 2364 2729 Ai‘gyptiis
2401 2658 2678 2731 proprium
2718 2660 2848 2713 illud
2887 2660 3012 2729 fuit,
3058 2660 3147 2730 qui
3179 2658 3401 2728 Confes-

128 2726 266 2799 sioni
298 2729 362 2781 de
396 2728 617 2799 veritate
640 2729 873 2799 corporis
903 2738 950 2780 et
974 2727 1244 2798 sanguinis
1269 2726 1467 2783 Christi
1499 2729 1552 2799 in
1579 2728 1941 2799 Eucharistia,
1969 2726 2287 2787 alteram—de
2317 2726 2424 2785 una
2455 2726 2511 2784 in
2541 2730 2753 2785 Christo
2779 2726 2970 2783 natura
2992 2726 3399 2799 conjunxerunt.

128 2796 317 2871 Itaque
351 2798 493 2869 quod
525 2798 657 2871 nihil
689 2798 758 2851 ad
792 2815 907 2851 eam
948 2796 1211 2871 pertinens
1251 2799 1303 2851 in
1345 2800 1451 2853 ista
1492 2797 1692 2871 [gnatii
1724 2798 1973 2871 Liturgia
2016 2802 2346 2871 reperiatur,
2395 2802 2463 2854 ad
2496 2801 2643 2871 illius
2680 2802 3050 2870 antiquitatem
3073 2796 3403 2870 probandam

124 2869 327 2941 nullius
359 2870 616 2941 iuomenti
647 2878 745 2935 est,
785 2885 899 2922 cum
932 2869 1235 2922 recentioris
1264 2870 1360 2923 wvi
1386 2880 1497 2923 tam
1512 2869 1689 2941 multa
1720 2869 1934 2924 aliunde
1964 2869 2213 2941 praaferat
2240 2871 2461 2941 indicia.
2493 2870 2758 2925 lnterilla
2783 2869 2954 2924 tamen
2978 2869 3405 2924 commemoratio

128 2940 183 2991 in
230 2939 507 3010 Diptychis
547 2940 713 3008 facta,
750 2949 1057 3011 sanctorum
1081 2941 1171 3010 qui
1207 2950 1515 3009 consumpto
1544 2939 1743 2995 dudum
1766 2958 1857 3011 per
1902 2939 2219 3010 martyrium
2262 2940 2470 3011 lgnatio
2508 2945 2562 2995 in
2609 2941 2845 2997 Ecclesia
2874 2942 3163 3010 ﬂoruerunt
3206 2940 3406 2995 censeri

131 3025 232 3063 non
262 3011 415 3065 debet
441 3029 471 3081 :7
490 3012 706 3064 nomina
735 3012 920 3081 quippe
941 3010 1036 3064 illa
1070 3010 1242 3081 adjici
1268 3019 1572 3081 potuerunt,
1613 3023 1668 3062 ut
1698 3012 1755 3065 in
1797 3012 1919 3064 aliis
1950 3012 2276 3079 observatur,
2292 3010 2428 3081 quia
2461 3013 2591 3067 tales
2621 3014 3137 3067 commemorationes
3160 3020 3311 3065 erant
3341 3025 3407 3064 ea:

128 3096 226 3133 usu
282 3080 670 3135 ecclesiastico.
703 3079 855 3153 Quod
893 3097 1023 3153 vero!
1057 3079 1342 3153 Dioscorus
1385 3092 1434 3135 et
1476 3079 1693 3135 Severus
1733 3083 2045 3136 nominatim
2073 3079 2589 3151 commemorantur,
2615 3083 2767 3137 illam
2808 3081 3107 3153 Liturgiam
3143 3081 3406 3136 Jacobitis

128 3153 401 3221 prapriwn
430 3152 600 3222 fuisse
631 3152 973 3220 manifestum
997 3151 1147 3220 facit.

488 3354 733 3407 primum
774 3353 963 3409 οναιίο
993 3366 1117 3410 ante
1157 3356 1370 3409 pacem.
1750 3339 1792 3395 Α
1822 3333 1935 3387 lum
1969 3343 2122 3387 tuum
2168 3333 2403 3401 ﬁdelem,
2438 3333 2700 3401 Domine,
2751 3336 2924 3408 gratia
2951 3343 3042 3389 tua
3071 3335 3276 3402 divina,
3314 3335 3411 3389 sed

1826 3423 2036 3492 placide
2073 3433 2129 3478 et
2168 3424 2425 3495 benigne,
2459 3424 2611 3479 mitte
2642 3424 3047 3480 benedictiones
3082 3431 3204 3480 tuas
3246 3438 3412 3493 super

202 3510 348 3571 Deus
391 3511 560 3569 Pater
593 3522 816 3581 sancte,
851 3515 1070 3585 genitor
1104 3513 1430 3586 propaginis
1462 3523 1681 3569 alemus
1706 3555 1721 3580 ,
1825 3518 2308 3589 congregationem
2351 3519 2492 3574 hanc
2553 3517 2900 3574 adorantium
2948 3528 3048 3573 te:
3093 3517 3260 3587 imple
3310 3532 3413 3571 nos

130 3603 358 3675 largitor
389 3607 672 3661 bonorum
718 3615 773 3661 et
804 3607 963 3662 dator
994 3606 1410 3677 tranquillitatis
1454 3616 1509 3661 et
1550 3606 1722 3676 pacis,
1827 3610 2003 3681 gratia
2042 3620 2096 3666 et
2140 3611 2346 3666 lumine
2391 3613 2633 3668 scientiae
2665 3622 2799 3679 tute,
2851 3619 2908 3666 et
2954 3610 3173 3681 suscipe
3217 3610 3415 3679 depre-

129 3699 229 3767 qui
285 3701 429 3756 ultra
482 3715 707 3755 omnem
756 3702 1305 3772 comprehensionem
1360 3699 1623 3755 mentium
1674 3709 1729 3754 et
1830 3704 2073 3758 cationes
2103 3704 2283 3774 gregis
2311 3705 2411 3771 tui,
2440 3704 2580 3760 utin
2608 3704 3066 3769 contemplatione
3094 3717 3253 3772 pura,
3287 3714 3414 3755 cum

132 3794 449 3851 animarum
502 3795 857 3850 rationalium
896 3794 1221 3865 magniﬁcus
1251 3810 1311 3850 es
1342 3793 1399 3848 in
1429 3793 1588 3849 donis
1617 3793 1728 3848 tuis
1830 3798 2092 3868 primitiis
2122 3796 2396 3855 feracibus
2426 3814 2653 3869 operum
2702 3798 2996 3864 bonorum,
3049 3796 3248 3851 festum
3281 3810 3417 3864 aga-

132 3886 496 3960 divinisquas
547 3888 710 3944 nobis
741 3889 1123 3959 peccatoribus
1158 3897 1218 3949 et
1258 3888 1386 3943 ﬁliis
1429 3888 1542 3947 tuis
1590 3901 1728 3945 con-
1834 3908 1958 3948 mus
1986 3893 2083 3947 tibi
2116 3893 2302 3959 simul,
2347 3902 2511 3964 teque
2539 3892 2844 3949 exaltemus
2869 3900 2924 3946 et
2950 3890 3292 3961 unigenitum
3322 3888 3415 3942 Fi-

130 3984 370 4049 cessisti,
398 3999 529 4039 cum
555 3982 860 4053 praestitisti
888 3982 1069 4049 nobis,
1102 3991 1159 4037 ut
1179 3997 1244 4036 ea
1260 3980 1729 4051 quemadmodum
1832 3986 1965 4040 lium
2000 3996 2154 4041 tuum
2184 3996 2237 4042 et
2270 3986 2534 4057 Spiritum
2564 3996 2719 4041 tuum
2754 3993 3027 4040 sanctum.

134 4085 351 4139 aequum
385 4084 475 4132 est
501 4086 556 4132 et
581 4076 792 4147 justum
821 4076 1369 4131 administraremus:
1403 4082 1601 4146 priuata
1628 4088 1731 4128 ηοσ-
1908 4079 2167 4152 Populus.
2201 4080 2398 4135 Amen.

138 4162 249 4227 his,
275 4172 334 4217 ιιι
362 4187 489 4225 eum
518 4186 737 4225 summa
771 4170 1008 4239 puritate
1034 4179 1087 4225 et
1116 4171 1385 4237 castitate,
1426 4178 1591 4239 atque
1626 4168 1733 4221 im-
1908 4170 2167 4226 Sacerdos
2202 4171 2410 4226 elevans
2446 4186 2640 4225 vocem.
2669 4168 2805 4235 Quis
2833 4166 3005 4237 possit
3032 4164 3211 4221 verbis
3251 4154 3423 4233 expli-

137 4258 411 4312 munitate
438 4257 508 4312 ab
536 4265 686 4317 omni
710 4264 857 4331 dolo,
886 4264 1080 4319 demus
1112 4264 1343 4319 invicem
1365 4278 1577 4335 pacem,
1608 4277 1732 4317 cum
1837 4278 1963 4318 care
2016 4263 2277 4318 beneﬁcia
2305 4261 2606 4318 clementiae
2660 4269 2791 4325 tuae,
2839 4259 3115 4315 Domine?
3160 4265 3256 4311 aut
3297 4254 3423 4325 quis

140 4349 490 4417 ³¹¹¹Ρ¹θδῖδυε
537 4347 775 4418 Spiritus
827 4357 1003 4411 sancti
1030 4396 1044 4420 ,
1097 4364 1153 4410 et
1206 4355 1259 4410 in
1319 4356 1541 4410 vinculo
1594 4369 1737 4409 verse
1839 4356 2016 4426 possit
2055 4372 2283 4411 narrare
2312 4354 2703 4410 abundantiam
2741 4353 2947 4408 amoris
2977 4351 3055 4405 tui
3086 4365 3213 4420 erga
3242 4346 3423 4402 homi-

139 4440 455 4508 charitatis,
488 4451 547 4496 ut
578 4442 631 4495 in
662 4458 769 4497 una
794 4448 1086 4501 concordia
1127 4449 1397 4518 spirituali
1429 4448 1739 4504 consisten-
1838 4465 1958 4515 nes,
1984 4465 2016 4504 ο
2047 4450 2241 4506 beate?
2269 4449 2362 4519 qui
2386 4463 2488 4503 nos
2526 4463 2652 4503 cum
2697 4444 3046 4501 multitudine
3079 4443 3421 4511 impietatum

139 4542 249 4598 tes,
278 4544 332 4589 et
368 4534 792 4589 unanimitatem
826 4538 1109 4606 paciﬁcam
1150 4542 1541 4607 observantes,
1583 4540 1735 4611 digni
1837 4542 2226 4606 detineremur,
2277 4554 2332 4597 et
2373 4540 2581 4595 catenis
2605 4546 2959 4609 peccatorum
3002 4532 3292 4604 compediti
3335 4545 3425 4586 es-

137 4625 444 4682 eﬂiciamur
468 4627 722 4683 convivio
747 4628 909 4684 beato
932 4641 986 4686 et
1009 4634 1445 4690 sanctiﬁcatione
1470 4633 1734 4704 unigeniti
1767 4697 1805 4705 _
1840 4651 2046 4697 semus,
2080 4635 2275 4705 dignos
2309 4631 2483 4687 fecisti
2511 4629 2827 4701 bujusmodi
2866 4628 3176 4684 ministerio
3204 4623 3424 4680 excelso

140 4717 267 4773 Filii
296 4719 395 4781 tui,
450 4734 581 4774 cum
612 4735 722 4789 quo
767 4729 817 4775 te
860 4722 1015 4778 decet
1039 4725 1232 4794 gloria,
1265 4727 1443 4782 honor
1497 4735 1550 4783 et
1571 4697 1732 4795 pote-
1767 4697 1810 4752 Β
1842 4740 1895 4782 et
1938 4697 2169 4796 magno:
2212 4725 2415 4779 Praesta
2462 4697 2647 4789 nobis,
2695 4734 2755 4777 ut
2806 4719 3040 4776 abstersi
3090 4733 3122 4774 a
3169 4716 3424 4774 sordibus

141 4820 281 4879 stas,
311 4829 439 4868 cum
475 4810 686 4882 Spiritu
718 4822 810 4868 tuo
837 4817 1208 4874 sanctissimo.
1846 4818 2075 4889 peccati,
2113 4828 2166 4872 et
2192 4816 2490 4887 purissime
2521 4831 2621 4870 nos
2654 4802 2957 4870 secundum
2999 4826 3198 4880 corpus
3223 4817 3279 4863 et
3305 4806 3427 4862 ani-

219 4904 479 4977 Populus.
529 4908 725 4966 Amen.
1848 4926 1992 4965 mam
2022 4909 2304 4974 habentes,
2334 4906 2483 4977 digni
2508 4906 2810 4962 elﬁciamur
2829 4903 3169 4960 beatitudine
3192 4900 3285 4954 illa
3303 4912 3428 4968 qua:

220 4995 501 5053 Sacerdos.
518 4998 661 5058 ,Pax.
1848 5018 1877 5056 a
1904 5011 1957 5056 te
1985 5000 2252 5070 promissa
2276 5006 2359 5054 est
2388 4998 2496 5052 illis
2536 4998 2630 5069 qui
2655 4997 2863 5052 faciunt
2892 4997 3225 5051 voluntatem
3252 5000 3424 5054 tuam,

222 5086 481 5154 Populus.
515 5091 581 5146 Et
600 5109 725 5148 cum
748 5095 952 5164 spiritu
986 5106 1100 5152 tuo.
1845 5104 1899 5150 et
1920 5091 2319 5149 illominatione
2347 5100 2511 5159 atque
2546 5090 2911 5144 illustratione
2936 5086 3174 5157 Spiritus
3195 5084 3273 5140 tui
3300 5098 3427 5138 san-

225 5176 513 5231 υίαοοηω-
542 5176 645 5232 Del
668 5191 1043 5257 unusquisque
1066 5202 1276 5256 pacem.
1846 5190 1940 5256 cti,
1976 5195 2036 5242 ut
2061 5186 2225 5241 etiam
2260 5183 2541 5239 iunctione
2582 5182 2869 5238 sacerdotii
2893 5178 3155 5249 unigeniti
3180 5173 3299 5230 Filii
3320 5172 3424 5239 tui,

226 5266 484 5337 Populus.
512 5266 737 5322 Omnes.

1924 5297 1946 5335 r
1972 5294 2134 5351 quem
2165 5287 2219 5332 et
2247 5292 2371 5331 cum
2400 5291 2510 5345 quo
2536 5284 2591 5329 te
2623 5275 2779 5329 decet
2807 5272 3004 5343 gloria,
3036 5272 3210 5323 honor
3230 5273 3288 5321 et
3317 5264 3425 5320 im-

230 5362 297 5414 Di
302 5379 517 5415 aconus.
544 5359 696 5416 Post.

1851 5373 2062 5440 perium
2092 5384 2218 5424 cum
2250 5365 2458 5435 Spiritu
2492 5378 2585 5419 tuo
2617 5376 2826 5420 sancto.

229 5452 482 5520 Populus.
510 5450 710 5506 Coram
734 5459 815 5505 te.
1920 5461 2177 5531 Populus.
2212 5459 2404 5513 Amen.

228 5541 508 5600 Sacerdos.
544 5542 761 5607 Bonus,
802 5543 1081 5600 beatuset
1106 5544 1379 5602 demissor
1407 5549 1742 5604 benedictio—
1920 5555 2211 5608 Diaconus.
2240 5549 2478 5614 Stemus,
2508 5556 2614 5603 etc.

144 5653 289 5690 num
315 5654 373 5693 es
398 5654 526 5710 erga
561 5654 660 5694 eos
690 5653 881 5695 omnes
906 5639 1002 5708 qui
1028 5640 1258 5695 credunt
1288 5640 1342 5695 in
1372 5652 1442 5696 te.
1477 5642 1544 5697 Et
1574 5659 1741 5709 nunc,
1920 5644 2178 5715 Populus.
2212 5639 2620 5704 Misericordia,
2652 5646 2755 5691 etc.

151 5727 405 5798 Domine,
443 5746 511 5786 ne
552 5731 792 5800 aspicias
839 5732 985 5800 quod
1015 5731 1223 5801 indigni
1268 5748 1479 5798 sumus,
1527 5748 1628 5789 nec
1672 5734 1743 5788 ob
1916 5736 2194 5791 Sacerdos.
2228 5732 2505 5797 Charitas,
2537 5739 2643 5786 etc.

155 5816 427 5880 delectum
470 5824 681 5880 ﬁducia:
718 5831 991 5891 nostrum,
1024 5840 1206 5881 coram
1249 5837 1322 5894 te,
1356 5827 1534 5897 prives
1564 5842 1741 5898 popu-
1925 5828 2183 5900 Populus.
2204 5827 2276 5883 Et
2302 5841 2427 5882 cum
2458 5823 2649 5895 spiritu
2674 5830 2791 5877 tuo.

304 5989 325 5999 _
400 5922 677 5983 PATBOL.
720 5921 840 5984 Gn.
891 5923 966 5982 V.
2866 6001 2901 6008 μ
3112 5909 3188 5972 31
