3802 6210
430 313 537 372 97f

417 448 425 507 ξ
516 437 792 494 Sacerdos.
826 436 1055 491 Sursum
1084 437 1270 491 corda.

518 534 771 604 Populus.
801 531 1075 587 Habemus
1104 532 1171 587 ad
1202 531 1512 585 Dominum.

515 627 790 681 Sacerdos.
824 626 1040 681 Gratias
1072 640 1301 697 agamus
1328 625 1455 681 Deo.

512 719 770 787 Populus.
811 717 1043 789 Dignum
1069 728 1122 772 et
1142 718 1348 788 justum
1376 726 1477 772 est.
1654 751 1673 775 ο

513 809 771 865 Sacerdos
802 810 1112 863 inclinatus.
1158 808 1297 864 Vere
1330 811 1483 865 decet
1516 811 1608 866 tibi
1646 812 2019 867 adorationem

438 920 566 959 cum
598 904 828 969 honore,
861 903 1020 958 laude
1046 912 1100 959 et
1126 904 1474 970 exaltatione,
1509 905 1753 960 exhiberi
1786 906 1855 961 ab
1900 920 2021 960 om—

441 998 605 1053 nibus
645 997 914 1052 creaturis
956 995 1065 1052 tuis
1103 996 1486 1061 rationalibus,
1528 998 1800 1069 simulque
1835 999 2022 1068 unige-

440 1092 555 1146 nito
579 1089 719 1145 Filio
742 1100 855 1157 tuo,
889 1098 942 1146 et
973 1088 1198 1159 Spiritui
1225 1103 1318 1144 tuo
1344 1100 1555 1145 sancto.

514 1184 741 1240 Elevans
788 1201 983 1239 vocem.
1013 1183 1096 1239 Tu
1144 1184 1232 1238 ille
1258 1199 1317 1238 es
1350 1184 1443 1254 qui
1478 1198 1505 1237 a
1532 1182 1856 1238 substantiis
1888 1181 2020 1237 sub-

440 1277 699 1345 limibus,
747 1286 800 1333 et
852 1276 1342 1341 immaterialibus,
1411 1276 1606 1331 decore
1654 1292 1915 1341 summo,
1970 1286 2023 1331 et

440 1370 849 1439 triumphaliter
892 1368 947 1423 in
995 1368 1250 1434 excelsis,
1292 1367 1613 1435 honoraris,
1661 1369 1935 1436 laudaris,
1970 1378 2023 1424 et

440 1464 835 1537 glorificatione
863 1472 1120 1533 perpetua
1155 1462 1468 1527 celebraris,
1508 1462 1759 1518 cantibus
1790 1462 1941 1532 puris
1968 1473 2022 1517 et

441 1557 670 1622 sanctis,
711 1554 938 1610 citharis
969 1554 1252 1619 suavibus,
1282 1553 1636 1624 etjucundis,
1676 1554 2023 1609 exaltationi-

440 1651 654 1721 busque
682 1660 737 1707 et
780 1650 995 1722 hymnis
1036 1649 1481 1719 triumphalibus,
1517 1649 1670 1704 festis
1712 1650 2023 1705 indesinen-

441 1746 611 1809 tibus,
645 1754 702 1799 et
728 1743 958 1798 canticis
995 1758 1102 1797 non
1145 1742 1515 1807 cessantibus,
1557 1758 1653 1812 per
1693 1757 1792 1796 ora
1842 1742 2022 1796 incor-

1674 312 2007 371 LITURGIA
2051 316 2110 370 S.
2145 314 2435 373 iGNATIl.

2048 443 2094 499 Α
2122 438 2452 509 baptismum
2492 450 2648 497 tuum
2686 441 2957 508 divinum,
3009 443 3349 513 sepulturam
3402 451 3551 498 tuatn
3583 444 3705 498 vivi-

3610 320 3704 376 9H

2127 531 2403 595 ﬁcantcm,
2436 535 2899 590 resurrectionem
2942 544 3092 590 tuam
3129 534 3501 601 Dominicam,
3528 551 3701 592 ascen-

2125 625 2340 679 sionem
2380 635 2529 681 tuam
2572 626 2757 697 gaudii
2796 628 3046 697 plenam,
3096 629 3516 699 sessionentque
3569 636 3701 683 tuam

2125 716 2195 771 ad
2222 718 2504 773 dexteram
2529 719 2837 788 majestatis
2872 718 2968 775 Dei
2996 730 3050 775 et
3078 719 3294 777 Patris:
3323 721 3525 776 iterum
3554 722 3703 777 etiam

2126 810 2418 865 adventum
2465 818 2621 864 tuum
2652 812 2955 867 secundum
2995 812 3322 880 timendum,
3367 821 3425 868 et
3470 815 3707 868 tremoris

2126 903 2344 973 plenum
2374 918 2893 973 commemoramus,
2912 907 3134 975 quando
3162 906 3424 963 exoriens
3443 922 3567 963 cum
3598 908 3706 978 glo-

2128 994 2229 1057 ria,
2267 995 2691 1066 terribiliterque
2730 998 3179 1067 conspiciendum
3205 1008 3258 1054 te
3287 1001 3543 1069 praebens
3569 1000 3709 1054 vivos

2123 1093 2177 1139 et
2221 1093 2469 1140 mortuos
2512 1084 2824 1155 iudicabis;
2870 1086 3093 1157 quando
3137 1085 3332 1158 Angeli
3367 1103 3398 1142 a
3436 1088 3713 1158 splendore

2094 1168 2313 1245 'judicii
2345 1178 2425 1233 tui
2460 1179 2890 1236 contremiscent
2913 1223 2928 1248 ,
2980 1190 3035 1236 et
3078 1170 3415 1253 Archangeli
3447 1192 3711 1251 trement,

2122 1269 2431 1327 Potestates
2478 1274 2891 1340 concutientur,
2949 1274 3133 1329 throni
3199 1277 3708 1342 conturbabuntur,

2122 1374 2174 1421 et
2195 1363 2428 1419 Ordines
2460 1365 2714 1420 caelestes
2740 1374 2954 1422 terrore
2976 1367 3390 1438 obstupescent.
3424 1368 3581 1424 Tunc
3603 1385 3707 1423 om

2123 1472 2221 1512 nes
2243 1455 2497 1511 homines
2546 1456 2602 1510 in
2652 1456 2841 1512 dolore
2886 1467 3112 1526 stantes,
3142 1459 3389 1529 judicem
3420 1461 3711 1517 timendum

2122 1561 2177 1606 et
2202 1559 2476 1622 potentem
2506 1551 2919 1620 exspectabunt,
2954 1560 3083 1607 tunc
3114 1567 3238 1607 cum
3270 1551 3502 1621 iustitia:
3526 1567 3716 1609 conve-

2124 1643 2281 1698 niens
2323 1642 2478 1698 locus
2527 1642 2670 1709 erit,
2726 1642 2902 1713 gratia
2946 1653 3129 1699 autem
3184 1644 3397 1698 nullam
3445 1646 3714 1715 praestabit

2124 1736 2604 1802 misericordiam;
2655 1751 2781 1791 cum
2829 1737 3099 1793 carbones
3152 1737 3454 1804 ardentes,
3501 1737 3713 1793 ﬂamma

439 1853 627 1908 porca,
656 1854 747 1907 per
777 1837 987 1908 linguas
1015 1852 1121 1891 non
1147 1852 1394 1903 carneas,
1419 1853 1514 1906 per
1534 1836 1803 1906 przeconia
1826 1835 2024 1889 eximia
2055 1815 2098 1870 Β
2128 1832 2487 1898 comburens,
2514 1830 2761 1902 gehenna
2786 1831 3245 1902 inexstinguibilis
3268 1831 3521 1902 :quando
3538 1847 3714 1903 preces

440 1930 844 1999 spiritualium,
884 1946 976 1999 per
1007 1929 1269 1999 :cqualem
1315 1938 1642 1985 concentum
1700 1929 1981 2000 igneorum
2005 1970 2021 1996 ,

441 2038 539 2090 per
575 2038 743 2092 puras
790 2037 950 2077 voces
999 2022 1360 2088 thronorum,
1404 2038 1499 2092 per
1525 2038 1721 2077 sonum
1765 2038 2025 2093 magnum

441 2115 758 2176 cherubim,
792 2124 845 2170 et
871 2114 1335 2170 sanctilicationes
1364 2114 1689 2185 purissimas
1726 2116 2023 2187 seraphim,

441 2209 534 2277 qui
578 2208 893 2264 terribiliter
924 2208 1027 2264 alis
1067 2208 1350 2279 plaudunt,
1387 2210 1744 2279 volantesque
1790 2218 1871 2264 ter
1906 2224 2029 2265 san-

440 2301 705 2368 ctificant,
734 2302 995 2369 clamant,
1026 2301 1399 2357 vociferantur
1425 2310 1480 2355 et
1507 2302 1695 2357 dicunt
1730 2321 1742 2355 :

520 2394 775 2464 Populus.
818 2393 1077 2459 Sanctus,
1104 2394 1363 2460 Sanctus,
1392 2391 1648 2448 Sanctus.

516 2483 775 2539 Sacerdos
798 2485 1111 2539 inclinatus.
1148 2484 1383 2539 Sanctus
1401 2484 1546 2538 enim
1570 2500 1651 2546 es,
1678 2483 1820 2540 Deus
1842 2484 2025 2551 Pater,

445 2579 681 2633 Sanctus
704 2579 867 2632 etiam
894 2578 1208 2648 unigenitus
1233 2577 1404 2633 Filius
1432 2588 1580 2644 tuus,
1608 2576 1843 2634 Sanctus
1863 2579 2026 2633 etiam

446 2670 683 2742 Spiritus
717 2680 844 2726 tuus
888 2681 1148 2727 sanctus:
1196 2670 1292 2741 qui
1323 2670 1530 2726 similes
1572 2671 1887 2727 cmlestibus
1934 2688 2029 2743 per

445 2778 688 2818 amorem
733 2772 887 2819 tuum
922 2780 1052 2836 erga
1085 2764 1359 2832 homines,
1411 2781 1513 2822 nos
1566 2765 1764 2835 fecisti,
1808 2776 1861 2822 et
1906 2777 2028 2823 tan-

445 2865 634 2927 topere
680 2856 919 2913 dilexisti
965 2874 1089 2925 nos,
1133 2867 1195 2913 ut
1237 2860 1401 2913 etiam
1441 2858 1783 2930 unigenitum
1831 2860 2028 2915 FiEium

444 2958 598 3005 tuum
649 2949 746 3005 tibi
810 2950 1336 3007 consubstantialem
1389 2952 1631 3007 mitteres
1683 2953 1750 3007 ad
1797 2952 2028 3007 salutem

444 3053 718 3099 nostram:
750 3044 842 3115 qui
882 3045 1202 3099 incarnatus
1233 3051 1335 3111 est,
1378 3044 1744 3112 ineﬂ‘abiliter,
1777 3055 1823 3101 et
1854 3045 2030 3102 factus

2126 1925 2477 1996 repellentur,
2536 1932 2592 1979 et
2634 1924 3045 1993 deprecationes
3090 1938 3201 1978 non
3245 1924 3709 1994 acceptabuntur,

2126 2019 2406 2075 orationes
2456 2032 2566 2072 non
2614 2016 2930 2084 audientur,
2980 2025 3036 2072 et
3078 2018 3497 2074 obsecrationes
3541 2020 3715 2088 cujus-

2127 2125 2345 2182 cunque
2386 2110 2787 2181 prrecidentur:
2834 2125 2996 2179 parce
3038 2111 3219 2179 nobis,
3259 2111 3513 2178 Domine,
3546 2121 3598 2165 et
3623 2127 3715 2166 ex-

2128 2206 2289 2261 tende
2314 2205 2593 2259 dexteram
2626 2212 2776 2259 tuam
2819 2219 2988 2274 super
3026 2219 3127 2259 nos
3157 2219 3376 2261 omnes.
3423 2204 3503 2261 Ne
3556 2206 3717 2260 intres

2127 2299 2182 2353 in
2220 2297 2487 2368 judicium
2529 2298 2841 2363 nobiscum,
2891 2312 3002 2353 non
3048 2297 3283 2353 reducas
3314 2299 3371 2352 in
3400 2299 3714 2354 memoriam

2129 2391 2447 2462 iniquitates
2474 2399 2715 2457 nostras,
2750 2407 2857 2447 non
2883 2392 2949 2445 ad
2983 2406 3213 2446 examen
3246 2393 3526 2460 strictum,
3568 2408 3717 2449 voces

2130 2504 2230 2543 nos
2265 2495 2318 2541 et
2360 2488 2705 2543 constituas:
2762 2502 2829 2541 ne
2863 2486 3039 2542 simus
3079 2488 3306 2543 exsules
3331 2504 3363 2543 a
3407 2490 3583 2560 gratia
3609 2501 3717 2553 tua,

2129 2596 2306 2652 neque
2336 2580 2502 2636 alieni
2536 2580 2605 2635 ab
2629 2580 2950 2635 haereditate
2975 2590 3097 2635 tua:
3126 2596 3197 2636 ne
3225 2582 3364 2637 diris
3392 2584 3721 2638 cruciatibus

2130 2674 2444 2738 tradamur,
2502 2686 2613 2725 non
2663 2671 2729 2725 ad
2770 2686 3011 2725 vermem
3053 2670 3339 2727 radentem
3382 2672 3717 2743 praecordia,

2130 2781 2253 2820 cum
2284 2764 2466 2836 impiis
2496 2763 2760 2818 amandos
2792 2779 2925 2828 nos;
2973 2778 3082 2818 non
3129 2763 3185 2817 in
3219 2774 3377 2833 parte
3415 2780 3604 2819 eorum
3632 2765 3721 2835 qui

2128 2868 2182 2913 te
2217 2858 2607 2914 crucifixerunt
2648 2871 3005 2911 censeamur:
3052 2872 3162 2911 non
3216 2873 3346 2913 cum
3398 2858 3582 2928 impiis
3617 2870 3724 2913 sta-

2131 2960 2385 3008 tuamur:
2439 2967 2549 3009 non
2595 2952 2894 3024 participes
2924 2950 3243 3021 iniquorum
3278 2953 3491 3007 simus:
3530 2969 3637 3007 non
3671 2953 3721 3006 in

2131 3045 2399 3116 supplicia
2447 3053 2502 3100 et
2545 3044 2811 3101 stridores
2865 3043 3111 3099 dentium
3163 3043 3567 3114 projiciamur:
3615 3059 3724 3098 non

443 3145 526 3189 est
569 3135 755 3199 homo,
788 3135 1063 3204 quomodo
1100 3134 1273 3188 voluit
1313 3143 1367 3189 et
1402 3136 1575 3199 novit,
1612 3145 1667 3190 et
1696 3139 1877 3190 omnia
1910 3152 2033 3206 qua:
2058 3173 2100 3231 Ο
2135 3138 2370 3208 abneges
2402 3152 2525 3203 nos,
2558 3137 2724 3192 veluti
2746 3151 2842 3192 eos
2870 3136 2964 3207 qui
2998 3146 3051 3193 te
3074 3152 3185 3192 non
3209 3144 3518 3192 noverunt:
3550 3151 3723 3207 neque

441 3236 631 3281 nostra
657 3237 834 3293 erant,
864 3236 1089 3298 excepto
1116 3235 1360 3297 peccato,
1394 3244 1491 3298 pro
1523 3227 1681 3282 nobis
1710 3227 1954 3298 perfecit.

520 3318 743 3373 Elevans
791 3336 982 3374 vocem.
1028 3319 1133 3386 Qui
1176 3328 1343 3374 totam
1383 3320 1845 3389 dispensationem
1884 3321 2031 3377 salu-

444 3422 615 3467 tarem
647 3429 743 3483 pro
773 3413 933 3468 nobis
964 3412 1207 3481 perfecit,
1236 3422 1291 3468 et
1320 3428 1415 3483 per
1438 3416 1721 3482 passiones
1746 3428 1875 3467 suas
1906 3429 2030 3469 san-

443 3517 579 3573 ctas,
625 3506 897 3561 adventus
923 3506 1007 3560 sui
1044 3506 1097 3559 in
1133 3522 1319 3570 carne,
1377 3505 1660 3560 veritatem
1687 3506 2031 3561 demonstra-

442 3599 539 3653 vit.
592 3598 647 3653 ln
687 3609 846 3654 nocte
876 3596 1161 3653 Paschalis
1195 3599 1250 3652 in
1294 3615 1401 3668 qna
1439 3584 1755 3652 tradebatur
1786 3614 1885 3667 pro
1920 3600 2028 3655 vita

441 3700 496 3746 et
519 3691 693 3746 salute
725 3691 936 3757 mundi,
967 3692 1175 3760 accepit
1198 3706 1393 3762 panem
1429 3691 1482 3745 in
1513 3708 1710 3747 manus
1743 3707 1871 3747 suas
1902 3709 2030 3748 san-

443 3793 579 3849 ctas,
628 3784 991 3839 sanctificat-it
1017 3798 1141 3836 eum
1183 3782 1241 3852 ΐ,
1273 3790 1327 3837 et
1352 3781 1511 3853 fregit
1537 3781 1578 3854 ἰ·
1602 3785 1861 3854 deditque
1879 3786 1919 3855 ἰ-
1945 3785 2030 3839 di-

442 3876 666 3946 scipulis
712 3878 828 3931 suis
886 3876 1149 3945 apostolis
1192 3877 1435 3940 sanctis,
1482 3876 1702 3930 dicens:
1749 3876 2025 3947 Accipite,

442 3971 584 4024 edite
626 3985 692 4025 ex
737 3984 845 4023 eo:
894 3967 1008 4024 Hoc
1040 3979 1125 4024 est
1166 3986 1365 4041 corpus
1416 3985 1597 4025 meum
1642 3969 1790 4039 quod
1835 3986 1930 4025 vos
1975 3979 2030 4026 ct

442 4062 643 4117 multos
675 4072 941 4131 prreparat
970 4062 1036 4116 ad
1079 4063 1457 4118 remissionem
1485 4072 1831 4134 peccatorum
1863 4073 1916 4119 et
1948 4064 2029 4118 vi—

442 4164 552 4208 tam
584 4164 865 4210 aeternam.

514 4247 774 4317 Populus.
820 4248 1016 4303 Amen.

516 4342 800 4397 Sacerdos.
855 4340 1120 4397 Similiter
1156 4344 1319 4399 etiam
1356 4355 1410 4400 et
1457 4346 1681 4401 calicem
1715 4346 1858 4413 vitm,
1900 4346 2028 4400 vino

441 4441 495 4487 et
533 4448 675 4504 aqua
723 4449 849 4489 cum
888 4435 1203 4490 miscuisset
1245 4432 1304 4503 ἦ,
1344 4438 1707 4493 sanctilicavit
1735 4440 1943 4507 reum,
1975 4446 2029 4493 et

442 4524 588 4580 dedit
611 4525 652 4596 -ι-
677 4525 963 4596 discipulis
990 4527 1104 4581 suis
1148 4529 1353 4583 sanctis
1384 4529 1606 4585 dicens:
1648 4530 1908 4599 Accipite,
1946 4531 2028 4586 bi-
2060 4535 2105 4590 D

442 4616 553 4671 bite
578 4632 643 4671 ex
682 4633 747 4672 eo
776 4632 875 4672 vos
897 4632 1124 4674 omnes:
1161 4616 1259 4674 llic
1293 4627 1377 4673 est
1400 4622 1625 4690 sanguis
1658 4636 1834 4685 meus,
1865 4638 2028 4691 quem

443 4722 543 4776 pro
574 4709 679 4762 vita
718 4709 911 4763 mundi
944 4708 1014 4764 do
1042 4726 1164 4779 ego,
1210 4726 1309 4765 vos
1350 4720 1528 4765 autem
1560 4720 1615 4766 et
1659 4713 1860 4769 multos
1890 4730 2029 4783 prae-

441 4810 600 4869 parat
652 4801 720 4854 ad
774 4802 1157 4857 remissionem
1213 4813 1601 4872 peccatorum,
1660 4815 1711 4859 et
1749 4805 1816 4858 ad
1862 4806 2029 4860 vitam

439 4902 721 4949 aeternam.

511 4985 771 5056 Populus.
812 4986 1008 5042 Amen.

512 5078 795 5134 Sacerdos.
830 5078 946 5135 Hoc
996 5080 1159 5136 facite
1213 5080 1266 5131 iu
1317 5080 1424 5133 mci
1470 5082 1832 5149 memoriam:
1891 5095 2031 5151 qun-

445 5169 765 5241 tiescunque
802 5172 949 5227 enim
1002 5172 1405 5226 manducabilis
1440 5188 1635 5241 panem
1679 5172 1826 5227 hunc
1858 5182 1910 5226 et
1940 5187 2031 5227 ca-

441 5262 600 5317 licem
631 5261 778 5317 bunc
807 5265 1024 5331 bibetis,
1059 5267 1253 5320 mortis
1282 5281 1417 5320 meae
1446 5266 2029 5321 commemorationem

442 5353 639 5423 agetis,
664 5361 721 5407 et
740 5358 1199 5412 resurrectionem
1224 5373 1403 5411 meam
1430 5357 1825 5411 conﬁtebimini
1853 5357 2029 5412 donec

441 5461 680 5499 veniam.

515 5538 776 5607 POpulus.
812 5536 1005 5592 Mortis
1034 5548 1159 5603 tuaa,
1196 5550 1305 5595 etc.

514 5628 773 5684 Sacerdos
809 5627 1119 5682 inclinatus.
1154 5629 1335 5685 Mente
1381 5630 1545 5700 igitur
1596 5630 1899 5685 recolentes
1964 5646 2028 5685 ea

440 5724 647 5788 omnia,
682 5739 805 5791 qua;
835 5740 933 5792 pro
964 5725 1142 5789 nobis,
1170 5733 1223 5779 et
1248 5734 1468 5793 propter
1503 5740 1605 5778 nos
1628 5724 2030 5793 dispensatorie

442 5830 476 5870 a
509 5825 560 5871 te
591 5814 832 5886 perfecta
865 5815 1108 5881 fuerunt,
1150 5814 1487 5871 nativitatem
1525 5825 1677 5871 tuam
1705 5815 2024 5889 salutarem,

2134 3230 2331 3298 perdas
2360 3245 2459 3285 nos
2486 3230 2651 3285 simul
2682 3245 2809 3285 cum
2855 3229 2962 3285 illis
3008 3229 3105 3300 qui
3152 3237 3207 3284 te
3248 3245 3361 3284 non
3391 3230 3723 3285 dilexerunt.

2139 3321 2336 3377 Verum
2371 3322 2692 3378 illucescere
2730 3322 2891 3378 nobis
2920 3320 3008 3377 fac
3056 3321 3289 3377 salutem
3337 3330 3526 3388 tuam;
3568 3334 3729 3391 parce

2132 3414 2291 3469 nobis
2312 3416 2616 3469 secundum
2647 3430 2894 3470 amorem
2928 3422 3080 3469 tuum
3111 3430 3241 3485 erga
3272 3414 3549 3470 homines.
3581 3412 3731 3466 Mitte

2132 3505 2290 3560 nobis
2331 3506 2552 3562 divitias
2588 3507 2891 3561 clementiae
2930 3517 3059 3570 tuae,
3097 3516 3276 3561 statue
3313 3521 3418 3562 nos
3452 3506 3522 3562 ad
3547 3507 3729 3561 dexte-

2132 3616 2247 3654 ram
2284 3607 2470 3663 tuam;
2504 3609 2780 3655 memento
2813 3600 3064 3654 omnium
3098 3610 3353 3655 nostrum
3387 3615 3484 3670 per
3517 3597 3731 3655 miseri—

2131 3691 2375 3746 cordiam
2409 3701 2594 3747 tuam:
2637 3692 2786 3746 salva
2825 3706 2927 3746 nos
2970 3693 3276 3747 secundum
3319 3692 3729 3748 multitudinem

2130 3787 2319 3858 gratiae
2360 3795 2501 3855 tuae,
2545 3796 2598 3841 et
2629 3786 2824 3857 adjuva
2858 3802 2962 3841 nos
3013 3802 3109 3857 per
3154 3786 3506 3841 clementiam
3557 3796 3727 3840 tuam.

2130 3880 2381 3951 Adjunge
2406 3896 2508 3936 nos
2540 3881 2690 3951 gregi
2713 3880 2829 3947 tuo,
2861 3891 2916 3934 et
2947 3894 3176 3934 numera
3210 3894 3314 3934 nos
3339 3880 3481 3934 inter
3510 3878 3731 3933 ordines

2130 3972 2455 4026 dilectorum
2496 3980 2740 4039 tuorum,
2788 3970 2876 4027 fac
2921 3986 3025 4026 nos
3052 3971 3251 4041 dignos
3289 3987 3464 4043 regno
3505 3982 3631 4036 tuo,
3674 3975 3731 4021 et

2131 4063 2295 4118 induc
2312 4078 2414 4119 nos
2438 4065 2491 4118 in
2509 4064 2809 4119 thalamum
2835 4072 3012 4118 tuum.
3037 4062 3102 4117 Et
3118 4071 3341 4134 propter
3358 4065 3473 4120 haec
3489 4054 3724 4120 EcckSia

2131 4162 2224 4208 tua
2250 4165 2305 4208 et
2338 4171 2467 4225 grex
2501 4164 2629 4210 tuus
2676 4156 3001 4225 deprecatur
3041 4164 3126 4222 te,
3165 4165 3219 4210 et
3265 4171 3365 4226 per
3390 4165 3445 4210 te
3464 4162 3521 4204 ct
3548 4157 3723 4204 tecum

2130 4245 2346 4302 Patrem
2372 4258 2550 4310 tuum,
2583 4248 2772 4304 dicens
2797 4265 2809 4299 :

2206 4383 2461 4455 Populus.
2498 4384 2777 4440 Miserere.

2208 4478 2487 4534 Sacerdos.
2525 4477 2637 4533 Nos
2669 4491 2909 4550 quoque,
2945 4484 3049 4528 etc.

2205 4571 2463 4642 Populus.
2496 4571 2573 4626 Te
2603 4570 2998 4642 glorificamus.

2207 4664 2500 4717 Diaconus.
2533 4662 2708 4728 Quam
2736 4660 2977 4716 timenda
3008 4666 3091 4711 est
3120 4657 3236 4710 lucc
3264 4655 3422 4721 hora,
3448 4664 3547 4709 etc.

2212 4753 2468 4809 Sacerdos
2505 4755 2635 4808 dicit
2670 4753 3049 4807 invocationem
3075 4746 3311 4818 Spiritus
3343 4749 3534 4801 sancti.

2208 4892 2466 4948 Miserere
2486 4892 2669 4957 nobis,
2699 4890 2845 4947 Deus
2864 4889 3027 4945 Pater
3066 4889 3445 4959 omnipotens,
3485 4892 3537 4940 et
3569 4880 3727 4937 mitte

2136 5000 2301 5054 super
2346 5001 2446 5040 nos
2487 4984 2751 5055 Spiritum
2785 4992 2941 5037 tuum
2984 4988 3237 5036 sanctum
3283 4979 3380 5049 qui
3434 4975 3728 5031 omniate.

2133 5078 2265 5147 plet,
2297 5076 2551 5148 Deusque
2574 5085 2657 5131 est
2688 5090 2854 5145 super
2878 5074 3085 5140 omnia,
3122 5072 3337 5142 tibique
3364 5066 3727 5125 consubstan-

2135 5167 2279 5222 tialis
2314 5178 2369 5222 et
2413 5168 2699 5238 unigenito
2740 5166 2883 5222 Filio
2927 5175 3051 5231 tuo;
3093 5163 3187 5232 qui
3222 5158 3375 5211 omni
3415 5158 3545 5211 hora
3577 5154 3725 5207 dona

2133 5260 2451 5325 distribuit;
2501 5260 2806 5329 dividitque
2842 5268 2898 5314 et
2940 5258 3031 5312 dat
3068 5250 3324 5321 singulis,
3356 5256 3517 5319 prout
3564 5245 3723 5297 vult:

2132 5354 2227 5423 qui
2262 5355 2520 5408 omnibus
2544 5368 2788 5441 praesens
2814 5361 2921 5417 est,
2959 5360 3147 5415 neque,
3168 5344 3292 5399 loco
3322 5336 3728 5441 circumscribi-

2133 5457 2241 5509 tur,
2273 5446 2565 5515 qui'vitam
2595 5427 2841 5499 continet
2867 5452 3057 5492 eorum
3089 5436 3184 5506 qui
3216 5436 3432 5502 vivunt,
3469 5444 3519 5489 et
3545 5427 3728 5500 perfe-

2130 5546 2250 5591 ctor
2281 5537 2589 5592 sanctitatis
2616 5540 2936 5587 sanctorum
2974 5541 3087 5585 est:
3128 5537 3189 5582 ut
3238 5527 3435 5599 illapsu
3469 5538 3561 5581 suo
3586 5534 3729 5574 san-

2096 5683 2100 5689 ,
2132 5630 2379 5684 ctiticans
2414 5626 2670 5697 mysteria
2698 5626 2815 5680 hzec
2840 5639 3001 5695 pura,
3029 5637 3117 5678 me
3159 5637 3385 5694 quoque
3410 5635 3441 5676 a
3472 5614 3731 5674 sordibus

2134 5722 2401 5777 mundum
2430 5719 2650 5775 ciiiciat.

2208 5812 2490 5868 Sacerdos.
2526 5810 2737 5865 Exaudi
2773 5826 2885 5879 me,
2914 5808 3162 5865 Domine.
