3802 6210
251 167 354 223 973

1390 192 1393 195 '
1477 179 1823 248 ILITURGlA
1865 176 1925 233 S.
1970 178 2245 239 lGNATll.

3427 200 3532 260 974

319 283 592 353 Populus.
637 284 823 358 Kyrie,
857 287 1105 359 eleison;
1160 291 1341 366 Kyrie,
1369 294 1606 363 eleison;
1655 296 1839 369 Kyrie,
1874 298 1919 356 Α
2019 295 2274 381 Populus.
2308 300 2492 374 Kyrie,
2521 303 2748 362 eleison.

247 379 476 434 eleison.

316 470 588 528 Sacerdos
619 476 828 531 elevans
866 494 1061 534 vocem.
1102 478 1329 551 Ipseque
1369 481 1595 553 illapsus
1624 492 1679 538 et
1708 498 1840 538 san-

244 563 522 629 ctificans,
561 567 764 623 etliciat
783 584 983 639 panem
1010 572 1229 641 quidem
1252 574 1444 643 istum,
1476 592 1674 648 corpus
1704 594 1803 633 san
1822 608 1837 619 ο

240 662 389 708 ctum
417 663 477 709 et
505 658 891 725 sanctificans;
935 677 1138 732 corpus
1173 665 1470 733 purilicans
1498 676 1554 721 et
1575 668 1837 738 prOpitia—

240 747 490 815 torium;
556 764 761 820 corpus
815 752 1032 810 donans
1079 756 1588 828 incarruptionem:
1634 777 1833 832 corpus

239 840 461 897 Domini
511 843 610 899 Dei
657 855 710 899 et
756 845 1060 905 Salvatoris
1099 851 1271 907 nostri
1311 851 1441 909 Jesu
1487 853 1722 922 Christi,
1764 857 1832 912 ad

237 935 629 991 remissionem
669 947 1021 1007 peccatorum
1062 950 1117 997 et
1154 943 1323 999 vitam
1368 953 1625 1002 aeternam
1658 949 1831 1006 susci-

236 1026 509 1095 pientium

306 1113 580 1184 Populus.
626 1117 821 1175 Amen.

303 1205 590 1264 Sacerdos.
643 1209 711 1266 Et
756 1213 985 1270 calicem
1031 1216 1208 1285 hunc,
1261 1218 1460 1277 elﬁciat
1506 1225 1825 1294 sanguinem

232 1296 414 1353 vivum
448 1308 507 1356 et
537 1301 842 1373 vivilicum,
876 1310 1203 1379 sanguinem
1233 1327 1432 1383 purum
1464 1324 1520 1371 et
1546 1327 1821 1388 sanctum,

230 1391 561 1461 sanguinem
596 1395 983 1465 purificantem
1009 1411 1064 1455 et
1085 1404 1549 1476 sanctificantem;
1596 1412 1821 1482 sangui-

229 1497 350 1537 nem
386 1486 615 1542 Domini
657 1486 753 1544 Dei
799 1500 853 1545 et
884 1490 1185 1553 Salvatoris
1222 1500 1400 1555 nostri
1438 1500 1565 1557 Jesu
1595 1504 1817 1573 Christi,

224 1580 291 1634 ad
324 1582 719 1639 remissionem
744 1596 1092 1656 peccatorum
1123 1601 1175 1647 et
1205 1593 1371 1649 vitam
1400 1605 1660 1653 teternam
1692 1615 1816 1655 sus-

219 1680 569 1750 cipientium.

286 1772 563 1842 Populus.
607 1779 783 1835 Amen

286 1865 583 1923 Sacerdos.
606 1868 718 1925 Nos
740 1871 903 1943 igitur
919 1873 1160 1931 illatione
1175 1877 1559 1947 mysteriorum
1581 1878 1810 1936 istorum

214 1969 543 2015 sanctorum
575 1963 725 2033 digni
749 1964 954 2033 effecti;
992 1975 1046 2021 et
1082 1982 1176 2037 per
1209 1968 1452 2025 veritatis
1478 1971 1808 2040 agnitionem

214 2054 599 2112 illuminatum
644 2058 909 2116 habentes
938 2062 1138 2117 mentis
1171 2062 1391 2118 oculum
1414 2104 1429 2131 ,
1469 2080 1727 2135 rogamus
1756 2074 1810 2122 et

213 2136 603 2213 obsecramus,
640 2160 702 2205 ut
731 2151 990 2222 mysteria
1014 2152 1128 2208 haec
1159 2154 1459 2224 proposita,
1500 2156 1612 2223 sint
1651 2157 1809 2214 nobis

210 2251 265 2295 et
302 2241 396 2295 illa
450 2242 925 2312 suscipientibus,
972 2244 1039 2299 ad
1084 2247 1426 2301 excitandam
1470 2248 1806 2319 vigilantiam

210 2334 431 2401 anitnaa,
475 2335 547 2389 ad
573 2336 867 2391 sanitatem
899 2339 1182 2407 corporis,
1223 2339 1291 2394 ad
1331 2339 1805 2411 participationem

212 2439 399 2479 veram
440 2424 760 2496 ad0ptionis
804 2425 1042 2481 ﬁliorum
1067 2469 1083 2491 ,
1141 2443 1206 2483 ac
1250 2430 1803 2489 communicationem

211 2518 455 2587 Spiritus
492 2519 698 2581 sancti,
741 2518 809 2573 ad
836 2519 1206 2575 haereditatem
1239 2522 1390 2592 regni
1425 2522 1666 2580 caelestis
1694 2543 1707 2579 :
1736 2525 1806 2580 ad

208 2613 600 2669 remissionem
648 2612 975 2668 delictorum
1021 2624 1076 2668 et
1127 2623 1510 2685 peccatorum,
1565 2618 1692 2688 quia
1750 2626 1805 2673 te

206 2705 361 2759 decet
385 2705 615 2760 bonitas
660 2714 714 2759 et
753 2719 911 2759 amor
934 2719 1062 2776 erga
1105 2704 1357 2761 homines
1381 2748 1396 2774 ,
1436 2707 1645 2778 tibique
1688 2708 1803 2779 glo-

206 2796 343 2850 riam
384 2796 683 2851 referimus
724 2804 778 2851 et
818 2796 1119 2866 gratiarum
1172 2798 1477 2867 actionem,
1526 2800 1801 2871 simulque

206 2890 496 2961 unigenito
526 2889 670 2945 Filio
692 2900 809 2958 tuo,
832 2900 938 2947 etc.

273 2982 542 3053 Populus.
608 2983 802 3041 Amen.

271 3074 539 3130 Sacerdos
574 3076 883 3133 inclinatus.
910 3077 1105 3134 Coram
1134 3087 1209 3147 te,
1256 3080 1507 3148 Domine,
1538 3081 1793 3136 obsecra-

201 3187 347 3237 mus,
390 3188 491 3241 per
540 3172 645 3227 hoc
672 3173 1007 3229 sacrificium
1036 3174 1185 3244 quod
1219 3174 1521 3244 perfectum
1552 3185 1606 3231 et
1644 3193 1793 3232 com-

198 3268 404 3337 pletum
440 3278 525 3322 est
558 3282 653 3337 per
680 3265 946 3338 Spiritum
973 3276 1243 3336 sanctum,
1281 3284 1379 3340 pro
1421 3268 1665 3326 Ecclesia
1699 3281 1789 3325 tua

200 3370 389 3417 sancta
416 3361 705 3417 Catholica
740 3370 796 3417 et
837 3361 1171 3432 Apostolica,
1223 3372 1285 3418 ut
1327 3372 1679 3419 conservetur
1701 3380 1790 3419 se-

199 3468 329 3509 cure
355 3463 415 3508 et
458 3454 789 3509 inconcusse
812 3495 828 3519 ,
870 3469 970 3509 nec
1007 3464 1179 3525 portae
1224 3455 1423 3510 inferni
1461 3456 1790 3526 praevaleant

197 3547 491 3603 adversum
541 3562 686 3601 eam.
738 3546 803 3602 Et
841 3564 936 3618 pro
978 3549 1227 3619 patribus
1253 3549 1459 3605 nostris
1498 3550 1705 3605 sanctis
1735 3561 1788 3606 et

196 3639 513 3693 rectoribus
550 3638 774 3703 nostris,
804 3638 1075 3709 praecipue
1104 3654 1202 3709 pro
1232 3640 1429 3705 beatis,
1467 3638 1787 3696 Patriarcha

197 3739 388 3785 nostro
424 3730 489 3788 D.
523 3729 588 3786 N.
613 3742 665 3786 et
686 3731 954 3803 Episcopo
989 3741 1179 3788 nostro
1207 3731 1270 3787 D.
1302 3730 1369 3788 N.
1408 3748 1532 3788 cum
1559 3733 1786 3804 reliquis

195 3816 484 3888 Episcopis
517 3818 871 3878 Orthodoxis.
914 3823 1193 3879 Conserva
1223 3839 1317 3879 eos
1351 3824 1420 3879 ab
1458 3824 1787 3880 incursioni-

194 3909 295 3965 bus
320 3911 507 3977 malis,
545 3921 599 3965 et
625 3928 654 3966 a
688 3914 905 3982 pascuis
960 3915 1301 3985 perniciosis.
1349 3915 1455 3972 Pro
1474 3915 1784 3973 Sacerdoti-

195 4002 296 4058 bus
341 4013 399 4059 et
447 4003 748 4069 Diaconis,
801 4007 1062 4077 omnique
1120 4009 1314 4063 ordine
1367 4010 1781 4075 ecclesiastico,

194 4111 647 4169 unumquemque
694 4115 1030 4156 conservans
1093 4102 1149 4156 in
1199 4118 1265 4158 ea
1326 4104 1616 4161 vocatione
1675 4122 1784 4175 qua

190 4200 420 4245 vocatus
456 4200 561 4257 est,
607 4192 814 4261 absque
841 4193 1089 4261 crimine,
1128 4202 1183 4249 et
1217 4198 1587 4254 accusatione.
1622 4197 1782 4253 Mise-

190 4293 308 4334 rere
332 4283 503 4335 etiam
527 4282 809 4338 tenuitatis
835 4300 969 4340 meae
996 4288 1298 4343 secundum
1323 4291 1778 4355 misericordiam,

191 4381 242 4425 et
268 4374 647 4441 clementiam,
682 4394 857 4449 neque
884 4380 1046 4435 simul
1078 4382 1273 4451 perdas
1304 4401 1394 4439 me
1421 4401 1545 4440 cum
1576 4386 1782 4457 iniqui-

191 4468 391 4524 tatibus
435 4470 600 4538 meis,
644 4473 740 4529 sed
768 4475 964 4530 exhibe
997 4490 1125 4546 erga
1160 4490 1248 4530 me
1276 4477 1575 4533 bonitatem
1608 4488 1779 4547 tuam,

190 4563 441 4631 quamvis
484 4565 590 4618 sim
626 4566 920 4639 indignus:
968 4569 1118 4623 salva
1150 4585 1237 4624 me
1263 4572 1566 4626 secundum
1595 4573 1781 4627 multi-

188 4656 430 4710 tudinem
475 4656 864 4715 misericordiae
894 4670 1020 4726 tuae,
1064 4669 1124 4717 ut
1156 4677 1252 4731 per
1275 4662 1459 4717 omnia
1482 4663 1777 4733 glorificem

185 4759 235 4805 te
268 4750 536 4806 omnibus
566 4751 760 4807 diebus
794 4753 919 4809 vita:
946 4771 1110 4812 mea):
1147 4766 1208 4811 ut
1246 4772 1277 4812 a
1306 4756 1541 4812 terrenis
1566 4757 1777 4828 cogita-

184 4842 429 4898 tionibus
443 4857 532 4896 me
552 4856 853 4911 removeas,
883 4862 1164 4919 purusque
1181 4860 1235 4928 et
1262 4850 1490 4915 nitidus,
1504 4862 1555 4904 et
1571 4850 1779 4919 absque

183 4937 397 4992 macula
440 4937 588 5000 sim,
631 4944 683 4989 et
723 4937 865 4993 sicut
906 4939 1204 5009 vigilantiae
1244 4941 1297 4994 in
1340 4942 1647 4997 ministerio
1686 4958 1777 4995 re-

184 5027 397 5094 quisita).
420 5030 700 5095 convenit,
738 5040 927 5086 sancte
954 5041 1181 5087 tractem
1212 5033 1326 5088 haec
1351 5035 1629 5105 mysteria.
1669 5033 1776 5088 Pro

186 5118 287 5173 illis
333 5119 509 5174 etiam
551 5123 641 5187 qui
682 5124 1030 5180 inﬁrmantttr
1068 5140 1317 5195 corpore,
1363 5134 1418 5181 et
1456 5127 1672 5192 anima,
1723 5136 1778 5182 et

184 5227 279 5283 pro
320 5212 434 5265 illis
481 5210 709 5280 reliquis
754 5217 849 5283 qui
897 5218 949 5272 in
1006 5220 1423 5289 purgationibus
1477 5218 1773 5284 timendis,

188 5305 443 5374 periculis
468 5304 677 5359 scilicet
714 5309 1034 5381 exsiliisque
1069 5323 1386 5378 versantur,
1422 5322 1482 5367 ut
1509 5312 1617 5368 illis
1652 5314 1776 5382 qui-

188 5394 301 5450 dem
336 5395 658 5459 sanitatem,
702 5404 755 5449 et
785 5402 1226 5469 respirationem,
1270 5404 1389 5457 istis
1436 5419 1567 5458 vero
1608 5404 1774 5457 liber-

190 5494 345 5543 tatem
379 5495 435 5541 et
469 5486 851 5543 liberationem
889 5491 1179 5548 concedas.
1222 5494 1455 5549 Benedic
1489 5496 1652 5549 etiam
1688 5512 1775 5550 co-

189 5594 331 5634 ronae
369 5579 502 5633 anni
557 5593 653 5648 per
697 5579 1087 5651 benignitatem
1135 5594 1317 5653 tuam;
1366 5588 1508 5642 aeris
1552 5604 1774 5659 quoque

186 5683 232 5728 et
255 5674 505 5730 omnium
536 5681 695 5730 terrae
717 5674 1003 5744 fructuum,
1025 5691 1290 5751 perpetuo
1320 5681 1629 5738 recordare.

2015 387 2271 447 Sacerdos
2296 394 2499 451 elevans
2523 414 2716 454 vocem.
2742 397 2811 454 Et
2831 415 3115 471 conserva,
3148 404 3398 475 Domine,
3432 424 3530 478 po-

1943 483 2129 551 pulum
2163 494 2315 542 tuum
2342 489 2577 558 ﬁdelem,
2605 501 2659 548 et
2682 492 2855 549 libera
2883 510 2983 552 nos
3012 496 3082 551 ab
3114 499 3373 555 omnibus
3405 516 3526 553 ma-

1942 572 2079 628 culis
2105 583 2157 629 et
2187 577 2352 634 nrevis
2376 582 2601 649 peccati,
2625 592 2679 639 et
2704 583 2772 638 ab
2790 586 2938 641 omni
2970 603 3169 657 genere
3191 589 3521 656 afﬂictionis,

1924 655 1991 717 'et
2017 665 2511 726 machinationibus
2540 673 2699 730 malis
2745 685 2798 729 et
2837 655 3162 746 perniciosis
3208 680 3521 737 drcmonum

1934 768 1988 812 et
2021 758 2305 814 hominum
2354 778 2611 834 nequam,
2655 776 2710 822 et
2743 768 2811 822 ab
2840 770 3098 825 omnibus
3124 769 3406 829 doloribus
3436 775 3521 829 in-

1935 850 2346 915 tolerabilibus;
2393 870 2423 908 a
2471 857 2756 927 tyrannide
2789 861 3059 930 capitibus
3096 863 3299 919 nostris
3340 864 3520 935 impo-

1933 941 2059 1008 sita,
2110 953 2165 999 et
2212 948 2605 1004 tentationibus
2649 951 2987 1021 gravissimis
3022 968 3124 1009 nos
3154 954 3335 1025 eripe:
3364 964 3420 1011 et
3447 958 3516 1014 da

1931 1036 2110 1100 nobis,
2165 1046 2225 1091 ut
2263 1054 2386 1093 cum
2420 1051 2616 1097 ornatu
2650 1058 2877 1114 operum
2922 1045 3193 1101 bonorum
3235 1057 3290 1102 et
3327 1047 3516 1104 beato-

1929 1140 2073 1193 rum,
2105 1129 2478 1199 ingrediamur
2504 1135 2557 1188 in
2586 1138 2899 1192 sanctuaria
2927 1146 3017 1193 tua
3051 1148 3259 1208 sancta,
3293 1150 3348 1197 et
3375 1157 3515 1212 prae-

1928 1216 2074 1271 clare
2100 1220 2435 1289 gaudeamus
2471 1224 2629 1280 donis
2676 1228 3076 1298 spiritualibus,
3122 1240 3176 1286 et
3212 1232 3376 1288 simul
3422 1250 3513 1289 sa-

1927 1308 2236 1366 crificemus
2282 1313 2383 1369 tibi
2443 1317 2711 1373 sacriﬁcia
2761 1322 3118 1390 a'cceptabilia
3144 1363 3160 1388 ,
3204 1332 3258 1379 et
3301 1325 3507 1381 indesi-

1925 1410 2113 1456 nenter
2129 1404 2334 1474 gratias
2366 1421 2595 1478 agamus
2626 1410 2720 1465 tibi
2742 1420 2796 1467 ct
2819 1413 3101 1485 unigenito
3130 1413 3269 1472 Filio
3303 1425 3415 1473 tuo.

1991 1493 2252 1565 Populus.
2285 1497 2477 1553 Amen.

1993 1587 2253 1644 Sacerdos
2281 1590 2590 1647 inclinatus.
2623 1591 2894 1651 Memento
2932 1596 3179 1664 Domine,
3210 1614 3507 1670 congrega-

1844 1660 1889 1717 Β
1917 1680 2081 1739 tionis
2094 1682 2257 1754 huius
2274 1686 2568 1744 benedictae
2583 1690 2926 1747 adorantium
2947 1701 3015 1759 te,
3030 1709 3151 1764 quae
3168 1709 3291 1748 cum
3312 1695 3507 1751 timore

1914 1781 1969 1827 et
1999 1774 2102 1830 fide
2134 1774 2189 1829 in
2208 1784 2278 1843 te,
2299 1787 2407 1833 stat
2434 1795 2622 1835 coram
2648 1791 2735 1838 te:
2759 1793 2813 1838 et
2838 1785 3079 1854 illorum,
3108 1787 3199 1857 qui
3224 1788 3503 1848 orationes

1912 1867 2245 1925 infirmitatis
2270 1879 2468 1927 nostra:
2489 1874 2784 1944 postulant.
2807 1876 3100 1945 Memento,
3124 1877 3495 1947 Domine,omv

1912 1963 2063 2018 nium
2109 1963 2473 2033 generaliter,
2529 1974 2585 2022 et
2625 1968 3059 2041 uniuscujusque
3108 1972 3499 2043 singulariter,

1911 2054 2057 2124 quod
2113 2054 2247 2123 ipsis
2286 2054 2643 2125 adjumento,
2692 2061 3176 2132 necessariumque
3229 2077 3352 2120 esse
3403 2079 3500 2134 po-

1908 2155 2037 2212 test,
2068 2145 2393 2201 concedens.
2440 2145 2643 2203 Eorum
2672 2149 2836 2205 etiam
2881 2152 2975 2222 qui
3009 2153 3265 2222 praeclare
3307 2163 3497 2226 agunt,

1908 2246 1963 2293 et
2000 2237 2095 2307 qui
2144 2239 2457 2308 producunt
2522 2237 2738 2297 fructus
2791 2240 3050 2298 Ecclesiae
3098 2252 3204 2299 tua:
3251 2254 3493 2312 sanctae;

1907 2345 2098 2385 eorum
2130 2332 2293 2385 etiam
2325 2332 2419 2402 qui
2447 2332 2754 2390 oblationes
2787 2335 3103 2391 obtulerunt
3153 2352 3261 2391 non
3302 2336 3496 2393 oblivi-

1908 2438 2093 2479 scere:
2130 2432 2184 2478 et
2229 2424 2468 2491 illorum,
2513 2424 2610 2495 qui
2635 2424 2832 2480 offerre
2858 2425 3151 2480 voluerunt
3178 2435 3232 2482 et
3260 2440 3371 2482 non
3398 2441 3498 2497 po-

1906 2523 2150 2581 tuerunt,
2187 2516 2496 2572 recordare.

1975 2608 2236 2678 Populus.
2269 2607 2455 2680 Kyrie,
2497 2608 2726 2666 eleison.

1975 2698 2233 2756 Sacerdos
2263 2701 2467 2756 elevans
2490 2718 2685 2760 vocem.
2709 2700 2956 2775 Suscipe,
2990 2703 3238 2773 Domine,
3265 2704 3495 2760 oblatio-

1904 2808 2022 2859 nes,
2064 2793 2305 2849 decimas
2331 2803 2385 2848 et
2412 2794 2708 2864 primitias,
2751 2794 3075 2866 fructusque
3112 2798 3285 2869 pacis,
3321 2797 3496 2854 sacri»
3586 2850 3591 2853 Α

1902 2885 2152 2941 liciorum
2203 2901 2485 2941 servorum
2525 2896 2742 2942 tuorum
2792 2887 2847 2941 in
2891 2888 3112 2942 odorem
3156 2889 3489 2955 suavitatis,

1902 2989 1957 3035 et
1993 2980 2237 3035 retribue
2278 2992 2442 3049 atque
2476 2980 2634 3035 mitte
2666 2979 2846 3045 nobis,
2899 2994 2933 3035 o
2983 2980 3283 3035 retributor
3325 2982 3488 3045 bone,

1902 3071 2132 3143 gratiam
2168 3072 2462 3137 donorum,
2495 3072 3019 3142 amplitudinemque
3049 3087 3337 3128 munerum
3366 3085 3491 3143 qua:

1901 3166 1968 3219 ad
2022 3165 2287 3219 auxilium
2341 3174 2594 3220 nostrum
2643 3172 2929 3235 spectant,
2985 3164 3491 3236 abundantiamque

1902 3266 2231 3313 aeternorum
2272 3256 2579 3320 bonorum,
2629 3255 2828 3311 divites
2866 3268 2967 3310 nos
3014 3264 3070 3309 et
3121 3256 3243 3312 illos
3281 3255 3489 3312 faciens

1899 3348 2155 3419 operibus
2202 3346 2440 3417 pietatis,
2478 3356 2533 3403 et
2557 3347 2816 3418 iustitiae:
2845 3349 3226 3403 communiens
3256 3364 3359 3404 nos
3388 3365 3489 3404 cu-

1899 3441 2092 3497 stodiis
2136 3439 2431 3510 angelicis,
2475 3448 2529 3495 et
2575 3455 2673 3510 per
2721 3438 3126 3496 confessionem
3166 3440 3486 3497 immacula-

1897 3546 2008 3592 tam
2048 3545 2103 3592 et
2144 3535 2534 3607 apostolicam:
2580 3534 2711 3606 quia
2740 3543 2795 3589 tu
2834 3535 3155 3605 magniﬁcus
3190 3535 3245 3589 in
3290 3551 3487 3591 mune-

1895 3628 2049 3684 ribus
2091 3644 2173 3695 es,
2230 3627 2435 3698 tibique
2477 3626 2708 3699 gloriam
2755 3635 2810 3681 et
2854 3625 3156 3696 gratiarum
3209 3626 3481 3681 actionem

1894 3720 2210 3790 referimus,
2241 3729 2296 3777 et
2329 3722 2610 3791 unigenito
2631 3719 2771 3797 Filio
2791 3730 2909 3785 tuo,
2944 3728 3001 3776 et
3030 3717 3255 3791 Spiritui
3292 3728 3484 3777 sancto

1893 3825 2007 3871 tuo.

1964 3908 2226 3979 Populus.
2275 3908 2474 3965 Amen.

1963 4002 2224 4058 Sacerdos
2270 4002 2582 4056 inclinatus.
2631 4000 2922 4068 Memento,
2980 3998 3227 4068 Domine,
3269 3998 3479 4073 Regum

1891 4094 2132 4150 fidelium
2176 4091 2643 4160 Orthodoxorum,
2687 4103 2741 4149 et
2783 4094 3010 4164 pacilira
3054 4093 3344 4163 imperium
3384 4105 3481 4147 eo-

1890 4203 2052 4254 rum,
2102 4196 2158 4243 et
2205 4187 2273 4242 da
2308 4187 2414 4243 illis
2458 4195 2521 4242 ut
2559 4185 2808 4242 subditos
2847 4186 2949 4242 sibi
3001 4188 3307 4256 gubernem
3351 4198 3477 4239 cum

1890 4274 2167 4347 aequitate.

1814 4395 1859 4449 ι)
1960 4367 2219 4438 Populus.
2263 4365 2448 4439 Kyrie,
2478 4365 2708 4421 eleison.

1956 4479 2214 4535 Sacerdos
2264 4478 2468 4533 elevans
2518 4493 2714 4531 vocem.
2782 4473 3085 4539 Defensor,
3131 4484 3186 4529 et
3233 4472 3477 4530 salvator

1883 4582 2020 4637 esto,
2049 4571 2297 4638 Domine,
2329 4570 2585 4625 Ecclesiae
2608 4579 2715 4625 tua:
2743 4576 2967 4631 sanctaz,
2987 4574 3040 4622 et
3064 4565 3322 4622 omnibus
3351 4567 3473 4622 ovi-

1883 4665 1988 4721 bus
2023 4663 2400 4735 spiritualibus
2424 4677 2644 4734 pascuae
2674 4672 2810 4730 tute;
2840 4671 2894 4717 et
2927 4660 3076 4716 salva
3107 4674 3209 4717 nos
3233 4675 3330 4732 per
3356 4660 3471 4715 for-

1880 4757 2165 4813 titudinem
2193 4766 2364 4823 tuam,
2402 4754 2491 4811 cui
2521 4753 2658 4808 nihil
2689 4752 3029 4824 impossibile
3055 4760 3161 4816 est,
3212 4752 3283 4806 ab
3318 4749 3470 4806 omni

1880 4848 2025 4904 fame
2065 4850 2301 4917 acerba,
2355 4848 2687 4904 mortalitate
2737 4846 3084 4918 perniciosa,
3136 4859 3167 4898 a
3215 4843 3374 4899 bellis
3416 4851 3472 4898 et

1879 4941 2252 5008 tumultibus,
2318 4957 2349 4996 a
2408 4939 2884 5010 persecutionibus
2927 4936 3264 5000 exitialibus,
3301 4943 3355 4990 et
3413 4935 3467 4988 in

1881 5035 2271 5103 tranquillitate
2299 5042 2354 5088 et
2392 5048 2526 5102 pace
2575 5032 2821 5101 guberna
2861 5045 2965 5085 nos
3002 5044 3126 5085 cum
3158 5042 3314 5093 cura,
3346 5042 3468 5080 om-

1880 5129 2044 5184 nibus
2073 5128 2269 5184 diebus
2290 5128 2414 5182 vita:
2451 5136 2679 5193 nostrae,
2728 5125 2856 5195 quia
2894 5139 3004 5177 non
3038 5130 3122 5177 est
3154 5120 3316 5175 nobis
3341 5136 3469 5189 spes

1878 5220 1984 5273 alia
2017 5219 2246 5273 salutem
2278 5215 2671 5287 consequendi,
2710 5214 2818 5269 nisi
2864 5213 2920 5267 in
2962 5223 3035 5277 te,
3068 5209 3317 5263 Domine.
3364 5207 3468 5263 De-

1879 5323 2028 5367 strue
2056 5313 2221 5367 etiam
2244 5328 2339 5382 per
2366 5309 2665 5381 potentiam
2698 5317 2869 5370 tuam,
2908 5304 3203 5375 potentiam
3231 5302 3455 5357 illorum

1877 5405 1970 5473 qui
2007 5412 2152 5459 stant
2180 5404 2469 5458 adversum
2493 5400 2781 5470 imperium
2810 5408 2989 5461 tuum,
3016 5402 3069 5449 ct
3104 5409 3463 5465 unumquem-

1875 5512 1982 5565 que
2026 5494 2236 5564 subjice
2282 5491 2529 5547 servituti
2571 5492 2817 5549 nominis
2855 5490 2933 5543 tui
2979 5487 3197 5543 sancti:
3228 5488 3354 5558 quia
3404 5495 3462 5541 tu

1874 5591 2050 5644 victor
2080 5603 2161 5654 es,
2193 5596 2248 5643 et
2287 5587 2515 5641 bellator
2545 5585 2717 5657 solus,
2769 5594 2825 5641 et
2858 5584 2952 5641 tibi
2985 5582 3213 5654 gloriam
3242 5588 3297 5635 et
3333 5593 3463 5651 gra-

1879 5684 2073 5739 tiarum
2106 5680 2376 5737 actionem
2403 5678 2719 5736 referimus.
