3802 6210
362 246 469 305 97Ξί

434 363 691 433 Papulas.
726 362 917 419 Amen.

434 456 694 512 Sacerdos
717 457 1024 511 inclinatus.
1054 456 1585 520 Commemorantes,
1624 457 1944 510 memoriam

363 549 576 617 agimus
602 562 783 602 coram
825 556 895 614 te,
944 546 1193 612 Domine,
1247 556 1303 602 et
1342 548 1407 601 ad
1456 546 1855 603 obsecrantium
1897 556 1945 601 te

364 640 722 705 adducimus,
774 640 1011 711 primum
1068 640 1286 710 quidem
1342 649 1585 695 sanctam
1626 640 1966 709 genitricem,

362 728 457 785 Dei
497 730 744 799 Mariam,
787 741 841 786 et
887 748 1278 803 praecursorem
1322 730 1587 786 Joannem
1622 731 1943 800 Baptistam,

365 818 702 890 Stephanum
751 822 989 892 primum
1034 821 1422 887 Diaconorum,
1452 830 1505 876 et
1547 832 1945 894 proto-marty-

363 930 501 979 rem,
559 929 864 986 agmenque
903 924 1220 971 sanctorum
1261 915 1679 986 Prophetarum,
1712 916 1947 987 Aposto-

362 1005 580 1073 lorum,
637 1008 974 1080 Martyrum,
1019 1010 1412 1065 Confessorum
1462 1022 1513 1065 et
1566 1010 1942 1080 reliquorum,

362 1117 597 1173 quorum
628 1104 849 1157 nomina
881 1104 1081 1173 scripta
1107 1113 1237 1159 sunt
1263 1104 1317 1157 in
1351 1104 1491 1158 libro
1520 1104 1660 1157 vitm.

434 1193 693 1263 Populus.
736 1192 920 1266 Kyrie,
945 1195 1147 1250 eleison

433 1284 693 1341 Sacerdos
717 1286 920 1341 elevans
946 1302 1139 1342 vocem.
1176 1286 1246 1342 Ut
1280 1288 1694 1358 deprecationes
1728 1287 1943 1343 illorum

365 1364 609 1443 tuorum,
638 1376 852 1447 placide
883 1377 1209 1447 suscipiens,
1243 1381 1519 1435 orationes
1542 1396 1732 1436 eorum
1764 1388 1946 1451 gratas

362 1470 551 1539 pietati
578 1478 684 1525 tuae
716 1478 988 1540 acceptes.
1028 1468 1139 1525 Nos
1173 1486 1392 1543 quoque
1422 1472 1755 1543 conjunctim
1787 1472 1947 1527 obse-

361 1564 665 1619 cratiouem
708 1563 1082 1633 imperfectam
1118 1574 1397 1629 nostram,
1450 1581 1636 1621 coram
1679 1576 1733 1623 te
1781 1566 1945 1621 simul

363 1654 692 1710 effundimus
720 1697 735 1723 ,
788 1672 1157 1728 rogamusque
1201 1665 1254 1712 et
1306 1658 1697 1728 deprecamur,
1736 1667 1795 1713 ut
1834 1673 1945 1714 non

363 1756 579 1802 avertas
604 1747 794 1803 faciem
824 1757 971 1803 tuam
996 1764 1025 1803 a
1058 1750 1238 1817 nobis,
1272 1766 1449 1821 neque
1478 1751 1530 1805 in
1565 1752 1644 1805 ira
1675 1751 1946 1822 elongeris

363 1854 394 1894 a
428 1840 616 1896 nobis:
665 1857 773 1896 non
827 1843 881 1896 in
928 1841 1112 1897 furore
1142 1853 1238 1896 tuo
1266 1843 1548 1913 disperdas
1588 1859 1709 1908 nos,
1754 1859 1945 1898 verum

361 1936 665 1991 secundum
700 1936 1131 1992 benevolentiam
1165 1948 1315 1993 tuam
1348 1938 1566 2008 posside
1594 1954 1716 2003 nos,
1762 1948 1815 1993 et
1850 1953 1948 2009 per

362 2030 754 2085 abundantiam
796 2030 1057 2085 bonitatis
1106 2038 1231 2097 tuae,
1272 2046 1434 2101 parce
1464 2032 1645 2085 nobis.
1693 2030 1947 2086 lllumina

361 2123 573 2178 vultum
611 2132 762 2178 tuum
810 2140 974 2194 super
1017 2138 1137 2190 nos,
1182 2131 1237 2179 et
1285 2139 1448 2194 super
1477 2139 1693 2178 omnem
1734 2124 1947 2194 plebem

362 2214 697 2272 haereditatis
727 2226 852 2285 tute,
896 2217 1025 2287 quia
1056 2216 1151 2271 tibi
1189 2218 1361 2287 placet
1395 2218 1624 2272 salutem
1666 2227 1945 2288 prazstare,

361 2314 416 2361 et
445 2316 536 2361 tua
566 2318 647 2363 est
676 2324 783 2379 pax
815 2317 869 2363 et
909 2308 1091 2364 salus:
1139 2309 1347 2379 tibique
1390 2311 1619 2381 gloriam
1656 2322 1710 2365 et
1748 2311 1949 2381 gratia-

364 2415 484 2452 rum
517 2400 786 2455 actionem
824 2401 1125 2468 offerimus,
1166 2411 1218 2456 et
1252 2402 1531 2472 unigenito
1562 2401 1700 2457 Filio
1733 2413 1845 2456 tuo.

436 2490 690 2559 Populus.
731 2493 924 2546 Amen.

434 2582 693 2639 Sacerdos
713 2585 1025 2640 inclinatus.
1049 2587 1319 2643 Memento
1350 2588 1533 2651 etiam,
1562 2586 1813 2653 Domine,
1842 2588 1948 2643 Pan

362 2688 508 2731 trum
554 2678 849 2733 electorum
900 2692 952 2735 et
1005 2693 1344 2747 sanetorum,
1382 2680 1850 2750 Patriarcharum,
1897 2692 1951 2737 et

362 2786 551 2825 eorum
577 2771 667 2841 qui
696 2770 1019 2841 interpretes
1050 2784 1104 2829 et
1135 2774 1369 2829 ministri
1409 2773 1631 2828 fuerunt
1661 2776 1950 2846 mysterio-

362 2877 485 2914 rum
516 2877 799 2918 sacrorum
833 2862 1087 2920 Ecclesiae
1123 2874 1230 2919 tua:
1272 2876 1501 2921 sanctae:
1544 2867 1781 2922 maxime
1823 2884 1950 2923 vero

354 2948 576 3022 'lgnatii,
606 2955 868 3026 Dionysii,
910 2955 1063 3023 Julii,
1098 2956 1405 3025 Athanasii,
1436 2957 1646 3023 Basilii,
1676 2957 1946 3030 Gregorii,

364 3042 630 3111 Dioscori,
682 3044 900 3113 Severi,
944 3048 1279 3117 reliquorum
1318 3048 1703 3119 Apostolorum
1750 3060 1803 3103 et
1846 3050 1945 3103 Pa-
1975 3078 2015 3133 (Ζ

363 3144 597 3199 storum,
626 3139 720 3207 qui
757 3139 823 3193 ad
861 3149 910 3194 te
947 3141 1336 3211 migraverunt.

436 3228 692 3299 Populus.
726 3230 909 3303 Kyrie,
950 3233 1179 3291 eleison.

435 3322 693 3378 Sacerdos
743 3327 949 3382 elevans
980 3346 1172 3383 vocem.
1220 3330 1498 3396 Doctores,
1540 3329 1857 3401 Episcopos,
1894 3344 1947 3388 et

362 3424 603 3473 rectores
628 3419 811 3473 ovium
844 3422 1234 3491 spiritualium,
1262 3438 1483 3493 gregum
1517 3432 1735 3478 tuorum
1767 3441 1948 3481 sacer-

365 3504 627 3560 dotalium
659 3510 896 3581 suscipe,
942 3510 1191 3578 Domine,
1235 3522 1287 3567 ct
1322 3528 1416 3567 eos
1452 3514 1544 3583 qui
1577 3530 1701 3569 cum
1743 3518 1947 3572 sancti-

367 3604 473 3651 tate
522 3599 837 3669 primitias,
876 3619 1029 3658 more
1084 3606 1422 3675 apostolico,
1470 3619 1729 3676 ceperunt
1779 3609 1949 3663 haere-

364 3688 551 3745 ditatis
596 3694 837 3761 paciﬁca:
864 3736 879 3761 ,
924 3695 1280 3767 Theologiam
1350 3699 1556 3753 scilicet
1622 3702 1946 3771 acquisitam

364 3783 631 3853 sanguine
661 3786 883 3840 salutari
919 3786 1123 3842 Christi
1154 3791 1421 3861 unigeniti
1456 3790 1575 3844 Filii
1602 3795 1713 3847 tui:
1759 3810 1948 3849 eorum

366 3873 458 3942 qui
505 3874 560 3928 in
600 3874 859 3931 Ecclesiis
908 3878 1015 3933 tuis
1045 3883 1250 3935 sanctis
1291 3883 1703 3942 explicaverunt
1741 3888 1948 3953 verbis,

364 3966 595 4034 gloriam
631 3969 1045 4037 magniﬁcentiae
1084 3974 1235 4043 regni
1283 3975 1358 4027 tui
1406 3974 1664 4045 gloriosi,
1706 3988 1760 4033 et
1787 3992 1951 4048 super

365 4056 783 4112 fundamentum
823 4060 945 4115 ﬁdei
977 4063 1382 4118 azdiﬁcaveruut
1411 4067 1696 4122 scientiam
1735 4070 1952 4125 univer-

366 4162 483 4201 sam
532 4164 672 4202 verae
710 4149 1028 4219 religionis,
1084 4154 1471 4226 salubremque
1511 4146 1853 4216 doetrinam:
1896 4171 1949 4217 ut

367 4254 461 4307 per
506 4240 926 4297 intercessiones
978 4260 1168 4299 eorum
1221 4261 1387 4316 puras
1446 4258 1498 4304 et
1550 4254 1947 4322 acceptabiles,

368 4330 629 4398 Domine,
682 4349 787 4388 non
844 4336 1119 4406 relinquas
1171 4355 1272 4396 nos
1315 4343 1596 4411 expositos
1648 4346 1862 4401 insidiis
1898 4359 1950 4403 et

1650 243 1979 302 LlTURGlA
2031 245 2089 299 S.
2139 242 2415 299 lGNATll.

1972 372 2018 422 Α
2120 361 2375 416 Sacerdos
2404 358 2607 412 elevans
2635 372 2826 411 vocem.
2861 353 3075 411 Placide
3104 362 3157 409 et
3186 354 3481 424 tranquille
3505 372 3626 412 sus-

3525 238 3626 294 976

2048 455 2165 524 cipe
2214 470 2311 525 per
2358 451 2750 522 benignitatem
2794 458 2980 516 tuam,
3031 448 3281 515 Domine,
3319 449 3534 505 animas
3578 460 3628 506 et

2048 547 2273 615 spiritus
2308 556 2603 599 servorum'
2634 551 2689 598 et
2729 540 3084 596 adoratorum
3141 550 3365 597 tuorum
3431 543 3527 611 qui
3564 556 3629 597 ex

2049 637 2149 692 hac
2178 636 2429 707 praesenti
2460 635 2568 690 vita
2596 617 2664 689 ad
2700 643 2750 690 te
2783 633 3184 703 migraverunt:
3223 631 3467 688 maxime
3505 648 3631 688 vero

2047 729 2260 783 illorum
2304 744 2405 799 pro
2454 729 2656 799 quibus
2701 736 2756 782 et
2801 742 2897 797 per
2955 740 3095 797 quos
3144 724 3481 781 sacriﬁcium
3528 724 3631 779 hoc

2047 821 2287 875 oblatum
2318 829 2373 875 et
2399 820 2697 891 perfectum
2720 828 2823 875 est.
2852 818 3125 874 Memento
3147 833 3363 879 eorum,
3394 815 3628 885 quietem

2047 913 2154 967 illis
2189 922 2409 983 praesta,
2452 922 2508 968 et
2538 913 2745 967 colloca
2789 927 2885 967 eos
2923 912 2978 965 in
3018 910 3350 965 habitaculis
3377 910 3542 975 lucis,
3576 909 3627 963 in

2048 1006 2183 1062 locis
2222 1007 2513 1077 spirituum
2567 1006 2849 1061 beatorum
2876 1048 2891 1073 ,
2942 1005 2997 1059 in
3037 1003 3343 1060 Jerusalem
3400 1004 3627 1069 ccelesti,

2048 1099 2101 1153 in
2127 1098 2369 1154 Ecclesia
2399 1098 2884 1169 primogenitorum
2929 1099 3327 1169 descriptorum
3366 1100 3422 1155 in
3454 1101 3626 1164 caelis,

2047 1189 2480 1259 memoriamque
2526 1197 2582 1243 et
2649 1188 2889 1257 quietem
2941 1189 3178 1243 maxime
3232 1190 3493 1253 felicem,
3542 1206 3630 1259 per

2047 1294 2289 1335 amorem
2323 1290 2475 1335 tuum
2502 1295 2630 1351 erga
2654 1280 2905 1335 homines
2934 1289 3199 1351 praestans
3223 1281 3357 1347 illis,
3382 1280 3629 1347 Domine,

2046 1375 2283 1430 concede
2311 1374 2420 1429 illis
2450 1373 2617 1428 vitam
2650 1375 2785 1430 senii
2808 1383 3107 1446 expertem,
3141 1374 3283 1428 bona
3312 1388 3425 1428 non
3457 1383 3632 1427 trans—

2045 1469 2230 1525 euntia
2257 1510 2271 1535 ,
2325 1476 2381 1523 et
2426 1468 2650 1523 delicias
2694 1468 2862 1523 ﬁnem
2914 1482 3026 1524 non
3069 1467 3351 1522 habentes.
3406 1465 3631 1522 Veniam

2047 1560 2331 1617 obtineant
2378 1574 2475 1629 per
2514 1559 2862 1613 clementiam
2908 1566 3095 1613 tuam:
3150 1558 3392 1628 quietem
3437 1571 3630 1612 conse-

2046 1664 2287 1727 quantur
2342 1669 2437 1724 per
2490 1652 2922 1709 misericordiam
2968 1661 3164 1707 tuam:
3223 1650 3634 1707 abscondantur

2048 1749 2151 1805 sub
2190 1748 2291 1803 alis
2333 1746 2520 1819 gratia:
2574 1756 2712 1809 tuae,
2760 1761 2936 1818 neque
2981 1744 3467 1801 condemnentur:
3511 1746 3633 1815 quia

2049 1848 2406 1911 speraverunt
2444 1839 2498 1893 in
2544 1849 2619 1903 te,
2661 1847 2715 1893 et
2756 1838 2809 1893 in
2842 1837 3178 1910 unigenitum
3210 1837 3415 1893 Filium
3459 1848 3631 1901 tuum,

2048 1949 2143 2003 per
2166 1949 2328 2003 quem
2358 1947 2460 1988 nos
2485 1946 2703 2003 quoque
2734 1946 3022 2002 speramus
3044 1929 3487 1988 misericordiam
3515 1945 3633 1985 con-

2049 2026 2224 2095 sequi,
2256 2036 2361 2082 etc.

2114 2116 2370 2187 Populus.
2407 2117 2656 2185 Quietem
2686 2126 2903 2189 praesta.

2121 2210 2379 2266 Sacerdos
2428 2211 2741 2266 inclinatus.
2799 2210 3004 2274 Parce,
3068 2209 3299 2265 Domine
3342 2208 3525 2275 Deus,
3585 2217 3636 2265 et

2048 2303 2259 2358 dimitte
2290 2319 2481 2359 omnes
2514 2303 2830 2375 iniquitates
2860 2312 3107 2368 nostras,
3154 2312 3211 2359 et
3246 2303 3495 2371 illorum,
3543 2319 3632 2359 ne-

2049 2411 2154 2465 que
2184 2397 2307 2451 illas
2336 2398 2592 2467 imputes,
2619 2398 2746 2467 quia
2770 2413 2877 2452 non
2900 2398 3234 2467 justiticatur
3260 2398 3316 2452 in
3342 2406 3634 2469 conspectu

2050 2498 2143 2542 tuo
2167 2490 2346 2544 omnis
2374 2491 2579 2556 vivens,
2609 2506 2784 2560 neque
2816 2491 2961 2545 ullus
2990 2500 3072 2545 est
3099 2507 3272 2560 purus
3298 2507 3329 2546 a
3358 2492 3633 2555 sordibus,

2048 2590 2101 2635 et
2128 2582 2356 2637 maculis
2384 2583 2618 2651 peccati,
2647 2583 2751 2637 nisi
2781 2590 2861 2647 tu,
2891 2581 3136 2637 Domine.
3182 2580 3560 2639 Obsecramus
3584 2592 3635 2638 et

2050 2672 2406 2742 deprecamur
2449 2675 2707 2747 abyssum
2750 2674 3277 2742 imperscrutabilem
3335 2677 3637 2733 clementiae

2052 2772 2178 2827 tua},
2210 2773 2268 2818 ut
2300 2766 2457 2821 nobis
2488 2766 2744 2833 inﬁrmis,
2790 2774 2845 2821 et
2885 2767 2971 2820 ad.
2992 2776 3273 2836 peccatum
3326 2769 3633 2839 propensis,

2050 2856 2264 2911 veniam
2316 2859 2590 2914 concedas
2631 2874 2726 2929 per
2773 2859 3209 2916 misericordiam
3240 2868 3419 2928 tuam,
3465 2877 3636 2933 neque

2050 2948 2295 3003 dimittas
2340 2964 2441 3004 nos
2488 2950 2541 3003 in
2594 2950 2849 3007 manibus
2895 2966 2926 3006 a
2964 2952 3166 3021 quibus
3203 2952 3547 3023 abripiamur
3583 2955 3635 3010 in

2050 3056 2292 3095 errorem
2318 3043 2709 3111 perniciosum,
2739 3044 2955 3114 quinos
2980 3044 3048 3099 ad
3076 3045 3361 3100 interitum
3383 3046 3633 3102 deducat.

2053 3132 2168 3188 Sed
2190 3136 2430 3190 concede
2470 3145 2530 3191 ut
2555 3138 2871 3208 gradiamur
2898 3139 2951 3194 in
2983 3139 3086 3196 viis
3112 3140 3241 3208 tuis,
3291 3151 3347 3198 et
3372 3140 3636 3198 faciamus

2050 3226 2385 3281 voluntatem
2426 3236 2573 3283 tuam
2598 3270 2613 3295 ,
2672 3230 3121 3303 inveniamusque
3164 3233 3634 3299 misericordiam,

2050 3318 2212 3373 ﬁnem
2260 3321 2639 3390 tranquillum,
2683 3322 3044 3394 ﬁduciamque
3083 3325 3175 3380 tibi
3215 3326 3547 3396 placentem,
3587 3334 3638 3381 et

2050 3409 2463 3465 consistentiam
2508 3412 2715 3482 absque
2764 3413 3087 3470 confusione
3128 3431 3314 3472 coram
3348 3418 3491 3472 solio
3533 3425 3637 3471 ter-

2052 3500 2194 3555 ribili
2229 3502 2488 3573 unigeniti
2525 3502 2646 3558 Filii
2676 3504 2776 3570 tui,
2808 3516 2868 3560 ut
2890 3506 2944 3559 in
2971 3508 3093 3571 hoc,
3126 3508 3271 3563 sicut
3297 3518 3352 3564 et
3376 3510 3434 3563 in
3458 3510 3636 3564 omni-

2054 3590 2198 3658 bus,
2244 3592 2577 3660 gloriﬁcetur
2604 3602 2660 3647 et
2708 3594 2961 3649 laudetur
3017 3611 3215 3651 nomen
3278 3606 3436 3651 tuum
3485 3597 3637 3652 valde

2053 3683 2433 3740 honorandum
2460 3696 2514 3741 et
2542 3687 2911 3751 benedictum,
2963 3688 3237 3758 simulque
3280 3688 3502 3744 Domini
3540 3705 3634 3744 no-

2054 3776 2149 3829 stri
2179 3774 2308 3830 Jesu
2338 3776 2543 3832 Christi
2573 3786 2628 3832 et
2654 3777 2894 3848 Spiritus
2922 3780 3001 3833 tui
3028 3779 3225 3845 sancti,
3257 3796 3430 3845 nunc,
3462 3790 3565 3837 etc.

2124 3865 2383 3937 Populus.
2420 3867 2508 3923 Ut.

2125 3955 2406 4013 Sacerdos.
2438 3957 2572 4012 Pax.

2125 4047 2383 4119 Populus.
2416 4048 2629 4105 Etcum
2662 4051 2855 4120 spiritu
2891 4060 3004 4106 tuo.

2125 4143 2405 4199 Sacerdos.
2432 4142 2811 4199 Misericordia
2843 4143 2958 4209 Dei,
2986 4157 3092 4201 etc.

2125 4234 2383 4306 Populus.
2414 4235 2482 4290 Et
2514 4251 2640 4290 cum
2672 4236 2865 4305 spiritu
2896 4244 3011 4292 tuo.
3375 4291 3378 4295 .

2124 4328 2391 4383 Diaconus
2440 4329 2569 4382 dicit
2610 4328 2966 4384 Catholicam.
3018 4330 3277 4386 Sacerdos
3332 4333 3530 4402 frangit
3584 4338 3629 4385 ct

367 4424 632 4494 decipulis
672 4429 879 4481 erroris
913 4429 1266 4488 multiformis
1306 4433 1623 4504 dogmatum
1658 4438 1953 4506 reproban-
1983 4435 2032 4495 ι)
2056 4423 2230 4489 δέθηαε
2264 4422 2533 4477 0010mm-

366 4515 597 4573 dorum:
633 4535 823 4575 verum
861 4536 955 4590 per
1003 4522 1309 4578 doctrinam
1335 4535 1554 4595 patrum
1586 4528 1801 4583 illorum
1848 4546 1952 4585 no-

365 4618 603 4665 strorum
630 4612 937 4681 beatorum,
981 4617 1245 4673 confirma
1272 4636 1394 4683 nos,
1443 4630 1497 4675 et
1536 4622 1697 4677 ﬁdem
1734 4622 1951 4679 illorum

367 4698 534 4755 funda
578 4703 631 4755 in
676 4704 856 4769 nobis,
906 4706 1175 4777 bonisque
1222 4726 1414 4764 eorum
1454 4726 1550 4768 eos
1583 4714 1776 4783 dignos
1806 4714 1953 4770 ellice

366 4802 574 4848 etcum
620 4795 729 4851 illis
772 4796 1074 4855 referemus
1128 4802 1224 4855 tibi
1269 4804 1501 4872 gloriam
1556 4815 1609 4859 et
1653 4807 1950 4875 gratiarum

366 4887 657 4941 actionem.

438 4979 693 5049 Populus.
731 4982 923 5037 Amen.

443 5074 701 5130 Sacerdos
732 5077 1043 5132 inclinatus.
1091 5078 1162 5134 Ut
1187 5082 1353 5136 etiam
1391 5098 1581 5137 eorum
1613 5084 1947 5146 memineris,

368 5165 459 5233 qui
487 5180 552 5219 ex
584 5168 686 5221 hac
714 5169 825 5222 vita
864 5171 931 5223 ad
965 5180 1016 5225 te
1051 5173 1448 5243 migraverunt,
1484 5182 1533 5227 te
1568 5174 1947 5244 deprecamur,

370 5251 631 5320 Domine,
666 5255 1021 5314 Sacerdotum
1074 5270 1129 5316 et
1172 5261 1541 5317 Diaconorum
1568 5305 1582 5329 ,
1620 5264 1715 5333 qui
1764 5279 1949 5320 coram

368 5346 525 5400 altari
552 5355 666 5413 tuo,
698 5347 1013 5406 Sacerdotio
1035 5362 1091 5407 et
1118 5355 1429 5410 ministerio
1452 5354 1625 5410 functi
1646 5366 1794 5422 sunt,
1825 5372 1949 5411 cum

373 5438 608 5511 puritate
641 5450 696 5494 et
733 5444 1053 5499 sanctitate:
1101 5444 1599 5514 Subdiaconorum,
1636 5446 1948 5513 Lectorum,

371 5529 804 5601 Religiosorum,
856 5534 1283 5606 Monaehorum,
1337 5549 1392 5594 et
1439 5541 1686 5595 omnium
1737 5555 1946 5604 eorum,

368 5636 505 5690 (plus
536 5624 911 5693 unusquisque
944 5627 1129 5680 animo
1162 5643 1264 5684 suo
1299 5628 1566 5697 designat.

440 5710 693 5779 Pupulus.
742 5713 925 5783 Kyrie,
953 5717 1157 5771 eleison

2125 4516 2416 4571 Diaconos.
2445 4518 2705 4588 Angelus.

2177 4608 2437 4663 Sacerdos
2463 4610 2592 4663 dicit
2625 4608 2934 4665 Orationem
2963 4619 3084 4664 ante
3116 4609 3278 4666 Pater
3307 4617 3516 4665 uoster.

2126 4699 2265 4755 Vere
2304 4702 2451 4756 enim
2484 4710 2537 4756 et
2564 4703 2770 4772 absque
2800 4702 2990 4770 dubio,
3038 4713 3094 4757 tu
3139 4718 3199 4757 es
3224 4700 3391 4757 Pater
3417 4709 3631 4757 sanctus

2054 4794 2179 4849 Filii
2217 4797 2414 4863 sancti,
2448 4796 2545 4866 qui
2588 4796 2880 4851 sanctitate
2912 4796 3138 4866 aequalis
3165 4805 3249 4851 est
3277 4811 3405 4851 cum
3432 4794 3632 4864 Spiritu

2054 4898 2279 4943 sancto:
2313 4890 2407 4959 qui
2462 4888 2699 4957 perfecte
2744 4899 2799 4943 et
2840 4904 2967 4943 cum
3012 4905 3229 4945 summa
3276 4898 3546 4959 potestate
3584 4889 3631 4940 in

2054 4981 2258 5035 sanctis
2284 4980 2603 5049 requiescis,
2655 4991 2709 5036 et
2742 4992 3005 5051 perpetuo
3033 4982 3506 5038 sanctiﬁcationes
3542 4996 3631 5035 eo—

2055 5085 2175 5124 rum
2229 5072 2321 5140 qui
2352 5081 2401 5127 te
2425 5073 2768 5127 sanctiﬁcant
2798 5074 3054 5142 suscipis.
3104 5072 3185 5127 Tu
3224 5088 3286 5129 es
3335 5071 3464 5127 fons
3495 5072 3630 5121 inco-

2052 5162 2337 5229 lumitatis,
2380 5173 2434 5219 et
2463 5166 2615 5235 origo
2652 5166 3007 5230 auxiliorum,
3043 5174 3101 5220 tu
3132 5180 3193 5219 es
3220 5164 3439 5228 genilOl'
3471 5158 3628 5213 mise-

2051 5255 2332 5322 ricordiae,
2384 5264 2439 5311 et
2477 5264 2629 5323 pater
2663 5256 2969 5312 clementiae
2991 5298 3006 5321 ,
3043 5258 3372 5317 miserator,
3427 5252 3624 5314 fautor.

2052 5346 2269 5415 adjutor
2308 5356 2363 5402 et
2395 5347 2710 5415 auxiliator,
2749 5364 2941 5403 curam
2980 5345 3188 5399 habens
3222 5359 3549 5413 pauperum,
3577 5352 3627 5399 et

2052 5438 2321 5508 refugium
2358 5438 2703 5507 aﬁlictorum,
2748 5456 2933 5495 comes
2974 5436 3189 5491 itineris
3234 5438 3622 5507 navigantium,

2051 5540 2240 5602 portus
2286 5540 2340 5586 et
2386 5530 2603 5600 requies
2646 5531 3013 5599 jactatorum,
3066 5526 3341 5598 refugium
3384 5537 3624 5597 peccato-

2051 5641 2213 5679 rum:
2267 5623 2512 5678 medicus
2563 5622 2741 5676 bonus
2780 5620 3126 5676 inﬁrmorum
3161 5638 3174 5674 :
3219 5620 3313 5690 qui
3356 5635 3511 5674 amas
3550 5618 3620 5671 la-

2053 5731 2268 5786 crymas
2300 5713 2699 5785 pmnitentium,
2761 5712 3086 5769 cmundator
3127 5711 3396 5778 sordium,
3436 5711 3490 5765 in
3522 5706 3617 5763 illis
