3802 6210
94 337 102 376 ξ
150 293 241 350 977
1367 291 1695 351 LITURGIA
1733 293 1788 350 S.
1830 293 2105 351 IGNATII.

96 387 101 460 ξ
156 408 237 477 qui
272 406 542 476 inquinati
591 416 748 474 sunt,
788 409 1015 480 largitor
1069 410 1368 477 donorum,
1416 412 1708 466 thesaurus
1739 417 1784 474 Α
1881 411 2156 468 Sacerdos.
2210 409 2361 466 Juste
2406 417 2462 466 et
2501 410 2800 466 secundum
2828 408 3140 478 veritatem,

157 500 470 555 divitiarum.
518 499 604 555 Tu
654 502 722 556 ab
758 501 935 566 initio,
968 503 1038 557 ab
1067 511 1290 568 aeterno,
1341 519 1372 558 a
1422 506 1622 561 saeculo
1659 513 1713 560 et

155 603 415 666 perpetuo,
448 603 681 649 sanctus
704 610 783 662 es,
830 597 1131 667 plenusque
1167 597 1474 664 sanctitate,
1509 599 1713 654 sancti-

154 684 327 739 ficator
356 693 409 739 et
447 684 728 754 perfector
756 695 1089 755 sanctorum,
1133 696 1187 743 et
1229 704 1330 744 nos
1366 688 1716 760 glorificatioo

156 794 288 845 nem,
326 779 768 850 hymnorumqne
807 780 1244 836 decantationem
1285 781 1567 837 offerimus
1617 782 1715 836 tibi

157 887 262 928 eam
298 872 469 942 ipsam
506 887 674 942 quam
717 888 746 926 a
773 871 912 927 Filio
946 882 1136 928 sancto
1187 884 1304 941 tuo,
1337 873 1478 929 Filio
1506 882 1603 929 tuo
1637 874 1717 929 di-

154 965 280 1020 lecto
323 974 577 1020 amanter
645 964 974 1020 didicimus:
1020 965 1366 1037 petimusque
1429 975 1488 1021 ut
1560 966 1719 1022 nobis

155 1053 390 1108 omnibus
419 1064 670 1124 praestes,
717 1063 775 1109 ut
817 1056 981 1110 corde
1005 1071 1163 1126 puro,
1196 1057 1292 1113 sed
1318 1057 1570 1112 ardenter
1603 1073 1721 1113 suc-

153 1161 304 1201 censo
333 1162 432 1217 per
474 1147 654 1201 zelum
685 1147 1032 1213 laudabilem,
1065 1150 1344 1206 orationes
1381 1161 1434 1207 et
1465 1151 1721 1221 depreca-

154 1237 314 1292 tiones
353 1246 582 1294 nostras
620 1253 807 1294 coram
840 1249 890 1295 te
921 1240 1266 1310 effundendo,
1297 1257 1422 1297 cum
1455 1243 1720 1297 mentium

151 1329 562 1399 illuminatione,
596 1331 909 1387 animorum
931 1334 1275 1400 castimonia,
1304 1335 1721 1406 linguarumque

151 1421 455 1492 triumphali
487 1423 827 1492 laudatione,
857 1424 1155 1481 clamemus
1187 1427 1256 1480 ad
1298 1435 1370 1493 te,
1415 1441 1635 1482 oremus
1670 1435 1723 1482 et

149 1511 403 1581 dicamus,
441 1512 608 1569 Pater
644 1523 830 1570 noster
869 1515 961 1586 qui
997 1532 1056 1572 es
1087 1517 1142 1571 in
1166 1517 1338 1573 cmlis.

212 1603 468 1675 Populus.
515 1603 900 1661 Sanctiﬁcetur
931 1602 1130 1661 nomen
1155 1616 1329 1662 tuum.

211 1697 469 1753 Sacerdos
504 1698 711 1752 elevans
743 1715 934 1752 vocem.
976 1697 1086 1766 Ne,
1122 1698 1353 1756 Domine
1377 1743 1392 1770 ,
1439 1701 1720 1771 permittas

3293 289 3422 346 978‘

3217 406 3400 460 valde-

1815 520 1921 574 que
1989 504 2422 571 rationabiliter,
2478 505 2746 560 debentur
2811 503 3235 577 magnificentia!
3289 508 3399 554 tuae

1815 595 2005 650 laudes
2039 609 2229 650 omnes
2273 595 2660 663 indesinentes,
2706 596 2892 667 hymni
2919 607 2972 652 et
2999 596 3393 653 exsultationes

1817 688 2194 757 triumphales,
2224 689 2348 758 quia
2377 704 2476 743 nos
2502 687 2677 743 fecisti
2703 690 2897 759 dignos
2928 705 3024 759 per
3048 687 3392 745 clementiam

1817 785 1968 832 tuam
1993 779 2136 832 dono
2161 778 2266 834 hoc
2291 779 2458 845 bono,
2491 787 2545 834 et
2573 779 2799 846 caelesti,
2835 779 3073 834 alimenti
3114 778 3279 846 hujus
3311 779 3398 832 in-

1819 871 2219 942 corruptibilis:
2263 886 2629 942 rogamusque
2661 887 2904 926 amorem
2947 885 3102 926 tuum
3137 887 3265 942 erga
3295 872 3396 926 ho-

1821 968 1998 1020 mines
2039 963 2388 1029 ineffabilem,
2430 973 2490 1018 ut
2527 980 2636 1018 non
2678 973 2964 1019 convertas
3011 964 3150 1018 festa
3207 975 3395 1018 nostra

1822 1055 1876 1109 in
1905 1057 2134 1123 luctum,
2163 1071 2339 1127 neque
2365 1057 2578 1112 cantica
2605 1066 2789 1110 nostra
2814 1057 2867 1110 in
2893 1056 3179 1126 eiulatum,
3219 1071 3399 1124 neque

1821 1150 2045 1220 dejicias
2075 1151 2250 1221 capita
2283 1158 2470 1204 nostra
2515 1163 2697 1204 coram
2725 1149 2959 1219 judicio:
3006 1163 3182 1218 neque
3204 1149 3400 1203 c‘rubc-

1823 1257 2041 1297 scamus
2071 1241 2127 1296 in
2157 1240 2246 1295 die
2272 1240 2592 1306 novissimo,
2626 1239 2680 1292 in
2712 1254 2819 1309 quo
2855 1240 3234 1309 unusquisque
3264 1254 3399 1293 con-

1823 1349 2014 1406 gruam
2062 1332 2554 1389 remunerationem
2605 1331 2873 1401 accipiet;
2927 1347 3052 1387 cum
3103 1331 3292 1401 Angeli
3345 1331 3400 1385 in

1825 1427 2021 1482 timore
2052 1426 2384 1492 consistent,
2434 1435 2487 1478 et
2525 1425 2838 1496 unigenitus
2885 1424 3056 1480 Filius
3088 1437 3212 1479 tuus
3249 1424 3400 1495 judi-

1825 1523 1991 1577 cabit.
2050 1521 2154 1576 Sed
2201 1521 2662 1592 quemadmodum
2722 1536 2935 1575 summe
2991 1519 3402 1576 misericordem

1824 1633 1951 1687 erga
1980 1630 2082 1671 nos
2103 1625 2157 1670 te
2186 1614 2506 1679 exhibuisti,
2537 1627 2698 1682 parce
2721 1613 3154 1683 pusillanimitati
3184 1621 3406 1680 nostrae,

1825 1710 2086 1764 miserere
2125 1707 2462 1762 infirmitatis
2510 1716 2720 1761 natura:
2753 1717 2988 1771 nostra,
3025 1723 3134 1760 non
3176 1708 3229 1760 in
3260 1706 3408 1776 judi-

147 1806 239 1845 nos
272 1791 474 1860 jactari
507 1791 889 1847 vexationibus
919 1793 1236 1860 mundanis,
1270 1796 1383 1849 sive
1413 1795 1722 1861 diabolicis,
1757 1766 1801 1822 Β
1829 1803 1974 1857 cium
2003 1844 2017 1869 ,
2073 1812 2169 1856 aut
2217 1799 2728 1855 condemnationem
2786 1809 3043 1870 reputans
3098 1798 3251 1853 nobis
3302 1798 3407 1852 hoc

147 1882 276 1937 ultra
304 1883 356 1937 id
395 1883 550 1954 quod
590 1898 908 1954 possumus,
942 1885 1012 1939 ita
1045 1893 1107 1940 ut
1141 1888 1367 1942 omnino
1401 1887 1455 1942 in
1493 1887 1728 1942 infirmi-

146 1981 272 2038 tate,
312 1974 641 2044 aegritudine
688 1986 743 2029 et
787 1974 1162 2030 confractione
1205 1976 1386 2033 cordis
1435 1977 1629 2044 simus,
1675 1989 1729 2032 et

144 2080 172 2119 a
201 2066 502 2124 domestica
549 2067 922 2124 familiaritate
976 2078 1068 2124 tua
1099 2069 1260 2124 alieni
1303 2069 1637 2137 efficiamur,
1681 2072 1727 2125 si

145 2160 306 2214 nostri
353 2175 554 2214 curam
600 2176 710 2214 non
744 2161 1021 2218 habueris.
1073 2161 1152 2218 Ne
1193 2163 1269 2217 sis
1312 2162 1726 2230 immisericors,

143 2247 383 2320 Domine,
413 2268 595 2323 neque
627 2263 843 2310 avertas
873 2253 1066 2310 faciem
1102 2263 1251 2310 tuam
1284 2271 1316 2309 a
1345 2255 1524 2322 nobis,
1555 2270 1729 2324 neque

142 2344 322 2411 procul
354 2343 533 2400 facias
576 2346 782 2400 auxilia
827 2355 950 2414 tua;
988 2347 1082 2402 sed
1115 2347 1298 2417 aspice
1326 2363 1448 2414 nos,
1486 2357 1541 2402 et
1575 2348 1730 2402 mitte

142 2433 366 2503 gratiam
396 2442 550 2490 tuam
594 2436 664 2490 ad
705 2447 952 2491 nostrum
979 2439 1306 2494 subsidium.
1357 2439 1440 2494 Ab
1474 2440 1729 2495 omnibus

141 2526 460 2584 criminibus
492 2530 666 2584 libera
700 2546 822 2597 nos,
864 2547 1040 2602 neque
1076 2533 1304 2590 inducas
1339 2551 1440 2590 nos
1469 2536 1525 2590 in
1562 2544 1731 2592 tenta-

140 2621 359 2686 tionem,
407 2623 540 2694 quia
567 2623 664 2678 tibi
702 2633 783 2679 est
815 2634 1079 2696 potestas,
1131 2637 1186 2683 et
1230 2629 1521 2699 imperium
1573 2640 1727 2687 aeter-

137 2721 282 2780 num,
330 2723 390 2769 et
442 2716 540 2770 tibi
592 2716 825 2787 gloriam
856 2727 909 2772 et
941 2721 1236 2790 gratiarum
1279 2724 1547 2779 actionem
1586 2725 1731 2783 refe-

140 2820 324 2862 HUIUS.

201 2901 468 2972 Populus.
510 2902 708 2959 Amen.

203 2993 494 3051 Sacerdos.
529 2996 667 3051 Pax.

1827 1912 2030 1951 munus
2063 1904 2237 1961 tuum,
2268 1895 2362 1951 sed
2405 1893 2472 1948 ad
2513 1895 2881 1960 sanctitatem,
2913 1905 2967 1950 et
2996 1894 3331 1965 vigilantiam
3355 1900 3410 1948 et

1828 1988 2085 2043 viaticum
2126 1989 2318 2044 salutis
2352 1998 2572 2046 nostrae.
2609 1987 2672 2043 Et
2711 1999 2760 2043 te
2793 1989 2946 2044 decet
2979 1986 3168 2058 gloria,
3209 1987 3405 2052 honor,

1828 2090 1876 2136 et
1911 2082 2224 2150 imperium,
2258 2082 2530 2152 simulque
2570 2081 2850 2152 unigenito
2887 2079 3024 2135 Filio
3071 2089 3166 2135 tuo
3198 2088 3251 2134 et
3287 2077 3412 2149 Spi-

1828 2175 1957 2230 ritui
1983 2176 2334 2232 sanctissimo
2363 2185 2477 2232 tuo.

1903 2266 2156 2336 Populus.
2199 2269 2393 2322 Amen.

1900 2359 2178 2415 Sacerdos.
2201 2361 2344 2415 .Pax.

1905 2452 2162 2522 Populus.
2202 2453 2416 2509 Etcum
2452 2456 2644 2526 spiritu
2679 2466 2794 2512 tuo.

1905 2546 2195 2603 Diaconus.
2228 2547 2379 2616 Post,
2410 2559 2513 2604 etc.

1902 2637 2166 2708 Populus.
2200 2639 2398 2693 Coram
2423 2648 2494 2694 te.

1902 2729 2162 2785 Sacerdos
2206 2729 2411 2784 elevans
2460 2747 2652 2786 vocem.
2697 2730 2817 2787 Tibi
2851 2729 2946 2801 qui
2987 2730 3204 2800 genitus
3245 2742 3305 2783 es
3349 2726 3417 2781 ab

1832 2829 2057 2886 aeterno,
2083 2836 2148 2874 ex
2192 2820 2398 2876 lumine
2427 2831 2654 2887 aeterno,
2695 2830 2750 2875 et
2779 2821 3101 2876 incarnatus
3127 2835 3188 2874 es
3212 2819 3419 2886 absque

1833 2913 1942 2967 ulla
1980 2911 2306 2975 mutatione,
2336 2930 2401 2968 ex
2440 2923 2598 2970 utero
2630 2915 2902 2984 virginali,
2946 2913 3148 2983 gratias
3182 2911 3417 2981 agimus,

1829 3014 1884 3060 et
1918 3015 1978 3060 ut
2013 3005 2320 3075 requiescat
2347 3007 2569 3062 dextera
2621 3015 2714 3062 tua
2753 3023 2915 3076 super
2941 3021 3041 3060 nos
3073 3019 3265 3060 omnes
3295 3020 3422 3073 per--
3508 3011 3519 3023 '

199 3086 499 3145 Diaconus.
534 3091 677 3146 Ante
718 3094 1122 3163 susceptionem
1170 3099 1555 3168 mysteriorum
1597 3099 1796 3186 isto-,C
1831 3108 2030 3169 petuo,
2071 3101 2436 3169 postulamus.
2494 3099 2820 3156 Sacerdotes
2879 3100 3069 3154 altaris
3119 3099 3199 3152 tui
3248 3099 3419 3168 gloria

135 3195 247 3236 rum
299 3193 664 3250 sanctorum,
703 3201 824 3254 quae
865 3187 1047 3241 oblata
1088 3201 1250 3257 sunt,
1295 3191 1490 3246 iterum
1541 3209 1726 3248 coram

135 3271 368 3333 Domino
401 3276 748 3334 misericordi
781 3279 957 3347 capita
987 3293 1174 3336 nostra
1205 3283 1550 3339 inclinemus.

201 3366 469 3438 Populus.
503 3368 705 3425 Coram
735 3377 805 3433 te,
841 3368 1086 3428 Domine.

199 3457 468 3515 Sacerdos
511 3463 721 3517 elevans
779 3481 973 3521 vocem.
1026 3465 1163 3520 Cum
1225 3467 1375 3521 omni
1429 3475 1627 3521 natura
1673 3476 1728 3523 et

133 3565 391 3612 creatura
431 3558 742 3614 caelestium
785 3569 839 3616 et
878 3561 1242 3626 terrestrium,
1273 3576 1395 3630 qure
1437 3570 1486 3616 te
1515 3562 1728 3628 adorat,

135 3642 388 3717 Domine,
436 3659 496 3706 ut
538 3652 728 3708 animo
764 3654 1129 3726 concipimus,
1161 3669 1261 3710 nos
1284 3669 1500 3725 quoque
1530 3655 1729 3709 adora-

133 3741 341 3800 tionem
378 3760 567 3802 veram
610 3763 736 3802 cum
768 3749 998 3804 cervicis
1030 3748 1363 3804 demissione
1402 3749 1498 3802 tibi
1545 3729 1729 3804 υσυνῖ-

133 3850 290 3903 mus;
343 3847 400 3892 et
430 3855 460 3893 a
489 3855 707 3894 summa
738 3841 1002 3896 charitate
1035 3850 1122 3896 tua
1153 3841 1519 3911 postulamus,
1566 3850 1624 3896 ut
1667 3843 1732 3896 il-

135 3926 377 3984 lumirres
413 3931 630 3986 animas
681 3942 900 3990 nostras
954 3938 1180 3989 veritate
1236 3944 1349 3990 tua.
1388 3933 1588 3989 Munda
1630 3949 1732 3990 nos

134 4017 377 4092 hyssopo
406 4030 532 4077 tuo:
565 4024 850 4080 sanctiﬁca
874 4041 973 4081 nos
1008 4027 1299 4081 sanctitate
1329 4035 1447 4080 tua:
1475 4036 1733 4081 converte

133 4129 233 4170 nos
261 4117 334 4169 ad
375 4116 628 4173 timorem
664 4127 839 4184 tuum,
875 4119 1089 4189 placeat
1122 4119 1220 4174 tibi
1262 4133 1318 4173 ut
1349 4121 1535 4174 tnittas
1574 4121 1733 4175 nobis
1762 4181 1776 4189 η

133 4206 548 4267 benedictiones
583 4221 728 4280 tuas,
754 4222 806 4267 et
829 4213 882 4266 in
918 4213 1063 4268 hunc
1093 4214 1316 4267 modum
1341 4221 1505 4282 atque
1535 4213 1733 4269 talibus

133 4298 295 4356 bonis
327 4301 679 4372 locupletans
709 4318 830 4370 nos,
859 4320 926 4360 ne
958 4306 1264 4374 permittas,
1296 4315 1354 4359 ut
1388 4305 1466 4360 rei
1502 4305 1732 4362 acceda-

133 4405 260 4446 mus
299 4391 371 4448 ad
413 4388 863 4450 communionem
911 4397 1054 4452 hanc
1083 4397 1354 4451 viviﬁcam
1397 4397 1642 4467 corporis
1679 4404 1735 4450 et

1834 3193 2020 3259 allice,
2087 3202 2142 3248 et
2176 3194 2552 3249 ministrantes
2601 3194 2694 3248 tibi
2751 3194 2806 3247 in
2859 3194 3069 3247 honore
3121 3192 3417 3247 constitue.

1835 3284 2005 3342 Senes
2041 3287 2459 3341 mansuetudine
2511 3299 2646 3340 orna
2683 3294 2736 3340 et
2781 3285 3011 3354 adjuva;
3052 3284 3291 3353 impetus
3331 3284 3424 3354 ju-

1835 3394 2032 3434 venum
2079 3395 2299 3444 coerce;
2367 3394 2567 3449 pueros
2605 3379 2779 3434 educa
2821 3378 2877 3431 in
2928 3376 3214 3442 modestia,
3264 3385 3317 3430 et
3353 3374 3424 3430 all

1833 3487 2110 3532 summum
2133 3472 2375 3526 scientia:
2399 3471 2608 3541 apicem
2634 3470 2939 3540 perducito.
2975 3468 3142 3535 Sana,
3171 3467 3419 3530 Domine,

1833 3560 2097 3628 infirmos,
2131 3563 2292 3616 ablue
2324 3561 2568 3616 maculas
2595 3569 2979 3630 peccatorum;
3009 3559 3235 3629 obsigna
3261 3573 3426 3612 cruce

1835 3661 1927 3708 tua
1972 3653 2240 3723 virgines;
2282 3653 2495 3709 custodi
2537 3653 2738 3707 lectum
2779 3651 3231 3723 coniugatorum;
3271 3657 3426 3703 mitte

1832 3748 2020 3820 egenis
2067 3747 2446 3814 saturitatem;
2481 3755 2598 3802 esto
2648 3746 3023 3815 orphanorum
3071 3751 3322 3806 curator,
3371 3749 3428 3795 et

1835 3837 2175 3894 confortator
2219 3837 2532 3891 viduarum.
2577 3836 2750 3891 Parce
2809 3835 2918 3891 illis
2961 3835 3055 3906 qui
3101 3839 3430 3903 acceperunt

1834 3946 2035 4001 corpus
2069 3938 2254 3995 tuum;
2291 3939 2345 3984 et
2377 3945 2472 3984 eos
2494 3929 2592 3999 qui
2634 3928 2892 3983 biberunt
2927 3943 2993 3982 ex
3017 3927 3282 3997 sanguine
3313 3935 3426 3988 tuo,

1836 4026 2075 4095 perfecte
2099 4024 2348 4094 puritica.
2375 4021 2612 4078 Benedic
2649 4022 2756 4077 illis
2783 4023 2880 4092 qui
2906 4037 3001 4091 per
3028 4036 3249 4077 crucem
3277 4029 3429 4074 tuam

1837 4121 2067 4175 salutem
2107 4119 2391 4174 consecuti
2459 4126 2630 4184 sunt;
2696 4118 2977 4172 sanctifica
3032 4117 3197 4171 etiam
3258 4129 3429 4184 agnos

1837 4215 2016 4286 gregis
2055 4215 2154 4279 tui,
2200 4229 2330 4269 oves
2362 4222 2486 4268 tuas
2522 4213 2700 4267 adduc
2740 4213 2806 4267 ad
2847 4212 2988 4268 ovile
3037 4222 3227 4266 tuum:
3260 4223 3431 4281 agnos

1837 4315 1964 4360 tuos
2001 4306 2056 4359 in
2085 4305 2353 4360 doctrinis
2392 4305 2500 4358 tuis
2545 4304 2829 4368 confirma,
2875 4315 3324 4371 unumquemque
3374 4298 3428 4350 in

1837 4398 2009 4468 gradu
2032 4405 2086 4452 et
2108 4397 2300 4451 ordine
2331 4412 2431 4451 suo
2461 4395 2642 4461 visita,
2673 4410 2767 4464 per
2791 4393 3225 4450 miscricordiam
3255 4400 3426 4444 tuam.

134 4485 424 4556 sanguinis
447 4487 718 4558 unigeniti
757 4487 876 4541 Filii
907 4489 1004 4555 tui,
1049 4505 1142 4560 per
1173 4505 1333 4560 quem
1373 4500 1426 4544 et
1472 4505 1598 4545 cum
1621 4506 1732 4559 quo
1763 4477 1808 4530 Ῑ)
1838 4490 1949 4546 Nos
1983 4500 2187 4556 autem,
2221 4487 2469 4551 Domine,
2498 4502 2686 4541 servos
2714 4499 2855 4551 tuos,
2888 4496 2939 4541 ct
2972 4485 3281 4541 sacerdotio
3312 4483 3430 4536 fun-

135 4582 187 4628 te
216 4576 374 4632 decet
397 4579 572 4648 gloria
605 4587 660 4633 et
689 4579 978 4650 imperium
1011 4597 1134 4635 cum
1163 4581 1367 4652 Spiritu
1393 4591 1488 4637 tuo
1517 4594 1726 4637 saneto.

203 4672 470 4742 Populus.
501 4675 702 4729 Amen.

209 4766 494 4822 Sacerdos.
521 4769 659 4822 Pax.

208 4856 470 4927 Populus.
501 4859 572 4914 Et
607 4875 733 4916 cum
761 4861 953 4929 spiritu
990 4869 1104 4916 tuo.

208 4947 489 5005 Sacerdos.
519 4949 604 5005 Sit
637 4951 967 5018 benedictio,
999 4961 1102 5006 etc.

209 5038 467 5109 Populus.
499 5040 568 5095 Et
595 5056 746 5108 cum,
773 5052 876 5096 etc.

213 5131 505 5190 Diaconus.
539 5135 682 5190 Cum
713 5136 929 5190 timore.

216 5225 493 5284 Sacerdos.
524 5227 729 5282 Sancta
760 5229 986 5283 sanctis.

221 5317 470 5388 Populus.
505 5319 662 5374 Unus
689 5316 853 5374 Pater
883 5329 1127 5375 sanctus.

221 5410 507 5474 Diaconus.
541 5412 764 5468 Stemus
789 5411 1062 5469 decenter.

217 5504 467 5578 Papulas.
517 5506 741 5561 Gratias
772 5505 1005 5576 agimus.

1839 4593 2026 4655 gentes
2067 4582 2194 4648 tibi,
2241 4581 2436 4651 dignos
2481 4580 2628 4635 effice
2677 4580 2888 4635 visione
2930 4579 3040 4646 tui;
3095 4592 3193 4631 nos
3235 4592 3430 4630 omnes

1840 4677 2015 4731 adduc
2042 4676 2109 4730 ad
2139 4674 2509 4728 habitaculum
2536 4684 2720 4741 tuum;
2752 4683 2962 4728 mentes
2990 4683 3209 4727 nostras
3242 4671 3430 4725 ﬁrmas

1837 4770 1987 4825 cllice
2026 4770 2077 4822 in
2105 4769 2395 4824 dilectione
2432 4779 2556 4834 tua;
2596 4767 2741 4822 oculi
2787 4767 2960 4821 nostri
3001 4765 3220 4819 videant
3263 4763 3432 4831 maje-

1841 4871 2033 4917 statem
2067 4861 2360 4916 timendam
2397 4871 2577 4928 tuam;
2611 4875 2707 4914 ora
2742 4871 2931 4914 nostra
2964 4859 3276 4928 repleantur
3305 4870 3432 4908 san-

1839 4954 2264 5010 ctilicationilms
2295 4957 2434 5019 tuis;
2481 4955 2625 5008 labia
2667 4963 2853 5008 nostra
2878 4995 2894 5018 ,
2936 4953 3198 5015 Domine,
3239 4949 3428 5002 laudes

1840 5055 1964 5102 tuas
2008 5049 2363 5117 pronuntient
2389 5091 2402 5114 ,
2446 5048 2734 5116 Patrisque
2765 5046 2842 5099 tui
2875 5043 3146 5099 benedicti
3177 5050 3230 5095 et
3261 5041 3427 5106 beati,

1841 5149 1895 5195 et
1923 5139 2160 5208 Spiritus
2186 5142 2285 5206 tui,
2328 5141 2454 5206 vivi,
2498 5141 2692 5203 sancti,
2746 5135 3067 5191 viviticantis
3090 5143 3142 5188 et
3173 5132 3267 5188 tibi
3292 5148 3429 5188 cona

1842 5230 2238 5284 substantialis.

1917 5323 2176 5392 Populus.
2203 5324 2394 5376 Amen.

1917 5413 2200 5465 Diaconos.
2223 5409 2474 5473 Benedic,
2500 5407 2745 5462 Domine.

1919 5504 2192 5560 Sacerdos.
2231 5502 2465 5558 Benedic
2492 5501 2767 5558 omnibus.
