3802 6210
133 239 221 292 98!

1022 325 1038 350 ἳ

1546 232 1976 288 MARTYRIUM.

3293 224 3398 277 93*}

129 396 226 449 θῶν
261 395 359 450 καὶ
398 399 608 452 Δακῶν
645 400 738 453 καὶ
780 399 978 472 ἐτέρων
1012 399 1218 452 πολλῶν
1246 399 1433 463 ὲθνῶν,
1456 400 1548 452 καὶ
1577 400 1724 470 νομί-

1827 407 2103 468 reportata
2129 398 2315 462 datus,
2349 395 2418 450 ad
2458 394 2854 465 subjectionem
2892 391 3137 445 omnium
3171 385 3273 440 sibi
3306 387 3402 438 ad-

129 506 311 552 σαντος
359 491 450 544 ἐτι
492 491 709 545 λείπειν
754 492 900 564 αὐτῷ
940 493 1077 564 πρὸς
1119 494 1299 546 πᾶσαν
1351 493 1624 562 ὑποταγὴν
1664 491 1722 544 τὸ

129 582 228 637 τῶν
271 584 639 656 Χριστιανῶν
689 584 936 648 θεοσεϐὲς
985 585 1236 657 σύστημα
1259 627 1272 652 ,
1302 585 1396 639 καὶ
1429 586 1478 638 εί
1509 585 1581 655 μὴ
1627 583 1723 655 τὴν

129 673 228 728 τῶν
263 675 552 746 δαιμόνων
589 675 797 728 ἕλοιντο
822 676 1074 748 λατρείαν
1109 677 1245 747 μετά
1292 676 1507 730 πάντων
1538 675 1723 727 ὑπεισ-

134 768 262 820 ιὲναι
295 767 409 821 τῶν
459 768 662 833 ἐθνῶν,
703 768 939 840 διωγμὸν
981 769 1273 840 ὑπομένειν
1307 769 1720 839 ἀπειλήσαντος,

131 859 338 922 πάντας
372 858 493 930 (95)
525 861 654 924 τοὺς
685 860 922 923 εὐσεϐῶς
949 857 1207 930 ζῶνταςῆ
1233 859 1379 912 θύειν
1417 859 1448 930 ἢ
1472 859 1723 929 τελευτᾷν

131 950 580 1022 κατηνάγκαζεν.
631 953 767 1006 Τότε
810 952 987 1006 τοίνυν
1028 951 1283 1023 φοϐηθεὶς
1312 952 1448 1024 ὑπὲρ
1477 951 1573 1021 τῆς
1605 951 1725 1002 Ἀν-

130 1044 353 1114 τιοχέων
379 1044 725 1116 Ἐκκλησίας
746 1047 774 1098 6
801 1047 1049 1114 γενναῖος
1078 1042 1426 1117 τοῦΧριστοῦ
1461 1044 1723 1115 στρατιώ-

130 1152 245 1206 της,
299 1137 574 1201 ἑκουσίως
611 1137 776 1208 ἤγετο
821 1137 958 1208 πρὸς
1000 1137 1267 1210 Τραϊανὸν
1302 1138 1438 1208 (94),
1467 1137 1722 1204 διάγοντα

135 1229 227 1298 μὲν
279 1228 403 1282 κατ’
425 1229 642 1282 ἐκεῖνον
678 1229 769 1283 τὸν
817 1228 1008 1300 καιρὸν
1047 1230 1188 1284 κατά
1233 1230 1329 1301 τὴν
1373 1229 1718 1299 Ἀντιόχειαν,

133 1319 509 1384 σπουδάζοντα
539 1321 599 1374 δὲ
640 1322 734 1374 ἐπὶ
779 1321 1072 1393 Ἀρμενίαν
1111 1322 1204 1375 καὶ
1233 1321 1498 1394 Πάρθους.
1548 1322 1630 1384 Ὡς
1665 1320 1721 1373 δὲ

133 1411 269 1464 κατά
303 1412 607 1482 πρόσωπον
640 1411 772 1484 ἔστ-η
815 1413 1085 1485 Τραϊανοῦ
1127 1412 1220 1467 τοῦ
1255 1413 1542 1484 βασιλέως·
1588 1431 1605 1462 ι
1632 1412 1720 1475 Τίς

132 1499 196 1570 εἷ,
229 1503 598 1573 κακόδαιμον,
627 1503 749 1578 τὰς,
774 1505 1047 1576 ἡμετέρας
1100 1503 1414 1567 σπουδάζων
1460 1501 1719 1566 διατάξεις

133 1595 508 1665 ὑπερϐαίνειν,
540 1595 682 1665 μετὰ
707 1594 766 1647 τὸ
790 1594 905 1666 (95)
929 1596 1021 1648 καὶ
1042 1595 1262 1666 ἐτέρους
1290 1594 1621 1658 ἀναπείθειν,
1641 1595 1719 1648 ἶνα

132 1685 315 1750 κακῶς
339 1685 690 1751 ἀπολῶνται;
713 1707 731 1738 ι
767 1687 1026 1755 Ἰγνάτιος
1057 1683 1234 1740 εἶπεν·
1267 1707 1283 1737 ι
1313 1686 1501 1750 Οὐδεὶς
1530 1686 1719 1755 (95096-

1825 491 1931 546 huc
1959 491 2108 560 pium
2139 478 2567 543 ChriStianorum
2601 501 2803 555 corpus
2831 483 3022 538 deesse
3061 490 3234 548 ratus,
3271 493 3398 547 per-

1824 583 2297 651 secutionemque,
2328 579 2434 634 nisi
2471 580 2780 633 daemonum
2813 576 3019 630 cultum
3052 589 3178 628 cum
3215 569 3402 628 omni—-

1823 676 1926 731 bus
1955 675 2198 746 gentibus
2245 674 2722 742 amplecterentur,
2755 671 3012 736 minatus,
3045 683 3238 722 onmes
3268 667 3395 720 reli—

1824 766 1972 836 giose
2024 765 2260 819 viventes
2305 772 2401 818 aut
2455 763 2768 818 sacrilicare
2816 770 2910 816 aut
2961 761 3098 815 mori
3146 759 3399 829 cogebat.

1825 857 1962 912 Tum
2010 874 2130 912 vero
2172 872 2272 926 pro
2318 857 2654 910 Antiochena
2701 853 2946 908 Ecclesia
3003 853 3396 923 pertimescens

1823 965 2114 1022 generosus
2143 948 2347 1004 Christi
2387 949 2562 1014 miles,
2604 955 2796 1017 sponte
2820 946 3019 1001 ductus
3048 954 3132 1000 est
3163 945 3230 999 ad
3252 943 3392 997 Tra-

1819 1043 2034 1114 janum,
2065 1044 2149 1113 qui
2179 1057 2244 1097 eo
2285 1052 2527 1110 tempore
2558 1039 2864 1093 Antiochiae
2890 1038 3111 1108 quidem
3141 1036 3397 1090 moraba-

1825 1144 1933 1203 tur,
1957 1137 2049 1191 sed
2080 1145 2263 1191 contra
2286 1131 2597 1187 Armeniam
2629 1140 2683 1186 et
2704 1130 2939 1184 Parthos
2967 1130 3045 1184 ire
3079 1127 3395 1184 festinabat.

1824 1225 1894 1281 Ut
1941 1243 2071 1282 vero
2101 1228 2153 1280 in
2192 1234 2490 1294 conspectu
2540 1221 2763 1292 Trajani
2812 1219 3159 1291 imperatoris
3204 1219 3393 1273 stetit:

1829 1339 1848 1371 ‹
1870 1319 2003 1386 Quis
2031 1336 2103 1382 es,
2141 1318 2338 1388 inquit,
2373 1331 2406 1370 o
2441 1316 2816 1380 cacodmmon,
2856 1314 2948 1384 qui
2996 1322 3184 1368 nostra
3235 1327 3399 1364 man-

1821 1410 1949 1464 data
1989 1409 2288 1480 transgredi
2319 1406 2565 1472 enitcris,
2597 1405 2873 1474 simulque
2916 1404 3039 1457 aliis
3086 1402 3306 1466 suades,
3339 1416 3402 1453 υιι

1822 1503 1964 1558 male
1991 1501 2249 1572 pereant?
2275 1521 2292 1551 ι
2338 1499 2581 1569 lgnatius
2612 1497 2932 1567 respondit:
2963 1514 2980 1546 ι
3014 1493 3187 1549 Nemo
3215 1481 3400 1548 Theo-

1820 1595 2056 1664 pherum
2096 1601 2254 1648 vocet
2300 1591 2778 1655 cacodzemonetn;
2831 1587 3218 1641 abscesserunt
3252 1584 3399 1637 enim

1821 1686 2082 1740 daemonia
2115 1701 2145 1739 a
2175 1683 2348 1740 servis
2378 1683 2492 1736 Dei.
2545 1680 2640 1734 Sin
2677 1695 2826 1744 vero,
2873 1678 3000 1746 quia
3050 1677 3116 1730 iis
3165 1674 3399 1728 infestus

133 1797 220 1851 ρον
253 1781 531 1834 ἀποκαλεῖ
568 1779 956 1852 κακοδαίμονασ
982 1780 1324 1849 ἀφεστήκασι
1349 1779 1456 1851 γὰρ
1486 1779 1594 1833 ἀπὸ
1624 1778 1718 1832 τῦν

1824 1790 1964 1842 sum,
2002 1790 2085 1830 me
2126 1775 2290 1829 etiam
2329 1770 2530 1825 malum
2579 1771 2633 1822 in
2674 1770 2953 1823 daemonas
2978 1783 3174 1832 vocas,
3209 1779 3400 1818 assen-

129 1871 325 1925 δούλων
353 1873 453 1926 τοῦ
486 1872 625 1926 Θεοῦ
659 1873 727 1926 τά
755 1873 1028 1944 δαιμόνια.
1063 1873 1126 1924 Ei
1152 1871 1328 1936 δὲ,ὃτι
1355 1871 1564 1936 τούτοις
1596 1873 1718 1924 ἐτα-

133 1965 262 2036 χθὴς
301 1967 442 2036 εἰμι,
476 1964 600 2038 [καὶ
643 1965 777 2037 (96)]
811 1966 980 2020 κακόν
1017 1984 1083 2037 με
1119 1966 1254 2038 πρὸς
1299 1966 1424 2028 τοὺς
1471 1965 1718 2035 δαίμονις

132 2055 452 2120 ἀποκαλεῖς,
499 2056 868 2127 συνομολογῶ.
911 2057 1144 2130 Χριστὸν
1174 2057 1282 2127 γὰρ
1327 2055 1464 2126 ἔχων
1500 2056 1720 2126 ἐπουρά-

131 2165 240 2201 νιον
302 2147 578 2218 βασιλέα,
630 2149 727 2213 τάς
787 2149 991 2204 τούτων
1057 2149 1312 2205 καταλύω
1369 2149 1713 2213 ἐπιϐουλάς.»

134 2239 404 2308 Τραϊανὸς
437 2235 619 2292 εἶπεν·
651 2260 668 2289 ι
692 2239 802 2293 Καὶ
823 2241 906 2304 τίς
930 2241 1046 2294 ἐστι
1107 2239 1408 2310 Θεοφόροςς
1433 2259 1450 2290 ι
1473 2239 1720 2308 Ἰγνάτιος

135 2331 492 2402 ἀπεκρίνατοο
525 2352 543 2383 ι
587 2333 643 2385 '0
673 2332 906 2403 Χριστὸν
935 2333 1074 2404 ἔχων
1105 2334 1163 2386 ἐν
1193 2332 1453 2403 στέρνοις.
1483 2350 1501 2382 ι
1531 2331 1721 2402 Τραῖι-

138 2423 222 2486 νὸς
257 2421 433 2478 εἶπεν·
486 2444 505 2476 ‹
547 2425 739 2496 Ἡμεῖς
770 2422 863 2479 οὖν
898 2443 979 2479 σοι
1017 2424 1282 2497 δοκοῦμεν
1327 2424 1468 2478 κατά
1506 2424 1630 2478 νοῦν
1661 2423 1720 2496 μὴ

137 2515 279 2585 ἔχειν
310 2517 494 2585 θεοὺς,
529 2511 608 2581 οἷς
645 2518 738 2572 καὶ
769 2517 1032 2589 χρώμεθα
1075 2518 1383 2590 συμμάχοις
1431 2516 1568 2588 πρὸς
1613 2516 1722 2580 τοῦς

138 2609 469 2680 πολεμίους;
512 2631 530 2662 ι
587 2611 849 2679 Ἰγνάτιος
897 2606 1069 2664 εἶπεν·
1113 2631 1131 2662 ‹
1172 2611 1252 2665 Τά
1306 2611 1559 2681 δαιμόνια
1628 2609 1719 2662 τῶι

142 2700 308 2753 ἐθνῶν
371 2701 534 2764 θεοὺς
599 2701 1030 2773 προσαγορεύεις
1081 2699 1462 2772 πλανώμενος·
1513 2694 1591 2764 εἷς
1628 2699 1722 2768 γὰρ

142 2791 286 2845 ἔστιν
321 2793 480 2859 Θεὸς,
511 2795 540 2846 ὁ
572 2795 805 2865 ποιήσας
847 2793 937 2846 τὸν
969 2793 1198 2864 οὐρανὸν
1242 2795 1336 2848 καὶ
1367 2794 1465 2865 τὴν
1503 2794 1605 2864 γῆν
1643 2792 1722 2845 καὶ

142 2885 238 2956 τὴν
272 2884 578 2949 θάλασσαν,
603 2885 695 2939 καὶ
729 2885 906 2940 πάντα
937 2886 1003 2939 τὰ
1035 2887 1093 2940 ὲν
1132 2887 1334 2952 αὐτοῖς·
1363 2887 1455 2940 καὶ
1488 2880 1568 2950 εἷς
1603 2888 1723 2957 Χρι-

147 2978 268 3040 στὸς
301 2979 539 3050 Ἰησοῦς,
575 2981 602 3032 6
651 2978 776 3044 Υἱὸς
820 2977 914 3032 τοῦ
959 2978 1096 3032 Θεοῦ
1137 2982 1165 3033 6
1208 2979 1520 3051 μονογενὴς,
1549 2973 1609 3032 οὗ
1643 2979 1724 3048 τῆς

147 3068 425 3138 βασιλείας
458 3072 724 3143 ὀναίμηνί
757 3093 774 3124 ι
815 3072 1080 3145 Τραϊανὸς
1105 3066 1278 3126 εἶπεν
1311 3092 1328 3123 ι
1357 3072 1460 3124 Τὸν
1491 3089 1724 3144 σταυρωι

1819 1870 1948 1923 tior.
1972 1869 2107 1923 Cum
2139 1867 2283 1922 enim
2315 1863 2544 1918 habeam
2574 1861 2853 1915 Christum
2888 1860 3166 1914 caelestem
3198 1871 3403 1926 regem,

1818 1962 2046 2017 insidias
2095 1961 2315 2014 illorum
2361 1958 2627 2012 dissolvo.
2662 1974 2679 2006 ι
2729 1953 2801 2008 At
2844 1952 3120 2021 Traianus
3166 1969 3178 2003 :
3225 1968 3241 1999 ι
3269 1947 3404 2013 Quis

1819 2064 1923 2120 est,
1952 2053 2046 2120 ait,
2079 2049 2476 2120 Theophorus?
2501 2068 2519 2101 ι
2553 2047 2796 2117 lgnatius
2827 2044 3138 2114 respondit:
3167 2059 3184 2092 ι
3211 2043 3284 2106 Is,
3310 2039 3408 2110 qui

1820 2148 1982 2202 habet
2010 2146 2286 2199 Christum
2319 2143 2372 2196 in
2406 2151 2642 2212 pectore.
2673 2159 2690 2191 ι
2725 2137 2865 2192 Tum
2902 2135 3172 2206 Trajanus
3204 2153 3217 2188 :
3247 2153 3264 2185 ι
3296 2134 3410 2186 An-

1821 2255 1928 2294 non
1961 2239 2212 2292 videmur
2257 2234 2374 2302 tibi,
2404 2233 2618 2303 inquit,
2653 2240 2708 2285 et
2745 2246 2845 2285 nos
2876 2229 2929 2282 in
2963 2228 3148 2282 animo
3193 2235 3409 2294 gestare.

1821 2332 1953 2386 deos
1999 2336 2252 2389 nostros,
2284 2325 2485 2396 quibus
2534 2322 2799 2376 adversus
2838 2320 3023 2373 hostes
3062 2313 3407 2385 adjutoribus

1823 2420 2067 2478 utimur?
2092 2439 2109 2470 ι
2151 2417 2395 2489 lgnatins
2436 2412 2720 2484 respondit
2755 2430 2768 2465 :
2800 2431 2819 2462 (
2842 2407 3120 2463 Daemonia
3164 2405 3408 2476 gentium

1823 2529 2016 2570 errans
2048 2527 2215 2567 vocas
2246 2510 2408 2574 deos;
2442 2515 2527 2562 est
2554 2505 2700 2560 enim
2727 2517 2868 2558 unus
2899 2499 3065 2566 Deus,
3089 2499 3182 2568 qui
3211 2496 3412 2552 caelum

1824 2617 1878 2663 et
1905 2617 2107 2660 terram
2140 2611 2193 2658 et
2219 2615 2390 2664 mare,
2426 2607 2480 2654 ct
2508 2597 2693 2652 omnia
2724 2609 2847 2665 quae
2877 2601 3007 2648 sunt
3032 2591 3087 2645 in
3115 2590 3205 2655 iis,
3246 2587 3409 2651 fecit;

1825 2709 1880 2756 et
1906 2714 2050 2753 unus
2076 2695 2332 2751 Christus
2361 2691 2543 2756 Jesus,
2569 2688 2745 2744 Filius
2768 2686 2863 2742 Dei
2893 2683 3232 2756 unigenitus,
3252 2679 3413 2749 cujus

1826 2806 1995 2862 regno
2019 2791 2228 2844 utinam
2254 2787 2439 2840 fruar!
2465 2802 2483 2834 ι
2517 2781 2792 2852 Trajanus
2822 2778 2991 2834 dixit:
3020 2798 3036 2828 ι
3062 2776 3218 2829 Illum
3251 2773 3412 2838 dicis,

1827 2886 1920 2957 qui
1964 2884 2066 2938 sub
2113 2881 2307 2936 Pontio
2360 2877 2537 2931 Pilato
2603 2872 2898 2930 cruciﬁxus
2955 2868 3119 2925 est?»
3171 2865 3412 2936 lgnatius

1827 2976 2142 3048 respondit:
2169 2994 2187 3026 ι
2220 2972 2380 3037 Eum,
2409 2969 2503 3040 qui
2534 2970 2588 3022 in
2620 2981 2838 3022 crucem
2869 2962 3092 3020 sustulit
3125 2969 3414 3030 peccatum

1829 3085 2010 3125 meum
2042 3083 2166 3124 cum
2199 3065 2318 3135 ejus
2357 3063 2662 3120 inventore,
2691 3067 2745 3112 et
2776 3069 2995 3110 onmem
3028 3065 3272 3107 errorem
3301 3049 3416 3101 da:-

147 3162 303 3216 θέντα
335 3164 520 3233 λέγεις
556 3166 649 3218 ἐπὶ
682 3165 907 3219 Ποντίου
940 3165 1204 3231 Πιλάτου;
1230 3186 1247 3216 ι
1277 3165 1534 3234 Ἰγνάτιος
1564 3159 1719 3216 εἶπεν

1831 3162 2141 3219 moniacum
2185 3169 2515 3224 omnemque
2561 3150 2825 3205 malitiam
2871 3148 3142 3202 damnans
3178 3139 3422 3210 subjecit.

154 3273 171 3304 ‹
199 3254 300 3307 Τδν
333 3255 839 3327 ἀνασταυρώσαντα
869 3257 965 3328 τὴν
1001 3258 1140 3328 ὲμὴν
1168 3256 1442 3328 ἁμαρτίαν
1474 3254 1610 3326 μετὰ
1644 3251 1726 3307 τοί

148 3345 346 3417 ταύτης
370 3348 619 3420 εὑρετοῦ,
645 3349 738 3402 καὶ
764 3350 944 3402 πᾶσαν
964 3347 1401 3402 καταδικάσαντα
1419 3346 1730 3417 δαιμονικὴν

149 3438 355 3510 πλάνην
400 3440 497 3493 καὶ
544 3440 743 3494 κακίαν
792 3440 896 3493 ὑπὸ
937 3441 1062 3504 τοὺς
1103 3440 1272 3503 πόδας
1326 3438 1433 3493 τῶν
1478 3439 1639 3492 αὐτὸν
1681 3441 1734 3491 ὲν

151 3533 346 3603 καρδίᾳ.
403 3533 736 3605 φοροῦντων.
763 3554 780 3585 ι
841 3535 1109 3607 Τραϊανὸς
1145 3528 1316 3586 εἶπεν·
1371 3553 1389 3582 ‹
1421 3533 1493 3585 Σὺ
1537 3527 1631 3584 οῦν
1677 3533 1738 3584 ἐν

152 3618 324 3688 ἐαυτῷ
374 3621 564 3691 φέρεις
611 3621 702 3675 τὸν
751 3621 1160 3695 σταυρωθέντας
1184 3641 1201 3673 ›
1256 3621 1516 3690 Ἰγνάτιος
1561 3618 1736 3675 εἶπενη

159 3711 324 3765 «Nai:
374 3713 689 3783 γέγραπται
737 3716 862 3787 γάρ·
901 3714 1223 3782 Ἐνοικήσω
1260 3714 1330 3768 ἐν
1370 3713 1597 3780 αὐτοῖς,
1639 3715 1734 3768 καὶ

153 3804 630 3873 ὲμπεριπατήσω.
655 3828 673 3858 ι
725 3807 992 3879 Τραϊανὸς
1035 3808 1371 3879 ἀπεφήνατο·
1433 3827 1450 3857 ‹
1479 3806 1739 3875 Ἰγνάτιον

156 3897 587 3969 προσετάξαμεν,
616 3899 706 3953 τὸν
748 3902 806 3954 ἐν
835 3898 1014 3970 ἑαυτῷ
1046 3899 1272 3968 λέγοντα
1301 3900 1620 3972 περιφέρειν
1650 3900 1739 3953 τὸν

156 3988 589 4062 ἐσταυρωμένον,
637 3990 856 4063 δέσμιον
905 3992 1010 4044 ὑπὸ
1058 3991 1406 4063 στρατιωτῶν
1451 3993 1739 4062 γενόμενον

155 4079 374 4148 ἄγεσθαι
411 4082 566 4155 παρά
594 4083 695 4154 τὴν
727 4084 968 4154 μεγάλην
1013 4082 1250 4154 Ῥώμην,
1286 4083 1481 4157 βρῶμα
1512 4086 1739 4156 γενησό-

160 4189 310 4240 μενον
351 4175 562 4247 θηρίων
602 4177 683 4239 είς
711 4177 900 4248 τέρψιν
931 4176 1026 4230 τοῦ
1061 4177 1234 4248 δήμου
1267 4177 1395 4247 (97).
1423 4198 1440 4228 ι
1473 4177 1688 4249 Ταύτης
1715 4181 1743 4232 6

158 4262 300 4332 ἅγιος
326 4267 541 4339 μάρτυς
570 4267 882 4332 ἐπακούσας
905 4269 1002 4336 τῆς
1027 4269 1374 4337 ἀποφάσεως,
1403 4270 1540 4341 μετά
1567 4272 1742 4342 χαρᾶς

157 4358 393 4430 ἐϐόησεν·
450 4381 468 4412 ι
497 4361 822 4433 Εὐχάριστῶ
866 4378 976 4426 σοι,
1014 4362 1291 4426 Δέσποτα,
1323 4363 1404 4415 ὅτι
1451 4380 1517 4433 με
1559 4362 1742 4433 τελείᾳ.

157 4456 215 4523 τῇ
245 4455 381 4526 πρὸς
405 4454 468 4507 σὲ
495 4455 688 4526 ἀγάπῃ
710 4453 937 4525 τιμῆσαι
969 4453 1332 4525 κατηξίωσας,
1355 4453 1433 4524 τῷ
1455 4455 1740 4525 ἁποστόλῳ

160 4561 245 4598 σου
285 4547 487 4618 Παύλῳ
535 4547 754 4618 δεσμοῖς
801 4546 1066 4618 συνδήσας
1109 4547 1367 4618 σιδηροῖς.
1398 4566 1415 4598 ›
1455 4545 1641 4599 Ταῦτα
1674 4549 1742 4598 εἰ-

159 4636 300 4704 πὼν,
335 4640 433 4694 καὶ
489 4641 614 4711 μετ’
634 4637 973 4711 εὐφροσύνης
1022 4638 1376 4710 περιθέμενος
1419 4637 1485 4692 τὰ
1526 4637 1739 4708 δεσμά,

161 4731 520 4804 ἐπευξάμενος
581 4732 847 4803 πρότερον
888 4733 952 4802 τῇ
998 4729 1331 4802 Ἐκκλησία,
1389 4729 1483 4782 καὶ
1538 4728 1741 4799 ταύτην

162 4825 534 4896 παραθέμενος
563 4823 702 4895 μετά
737 4822 989 4894 δακρύων
1017 4821 1096 4893 τῷ
1124 4822 1336 4894 Κυρίῳ,
1369 4821 1558 4892 ὥσπερ
1587 4820 1742 4892 κριὸς

1829 3254 2057 3324 pedibus
2103 3265 2320 3314 eorum,
2351 3246 2446 3318 qui
2496 3245 2675 3315 ipsum
2726 3243 2778 3294 in
2822 3240 2986 3295 corde
3045 3244 3260 3308 gerunt.
3295 3253 3312 3284 ι
3347 3233 3418 3286 At

1829 3347 2102 3416 Trajanus
2148 3363 2162 3398 :
2197 3362 2214 3394 ι
2240 3342 2416 3413 Ergo,
2459 3340 2568 3404 ait,
2615 3336 2759 3406 geris
2799 3336 2852 3388 in
2909 3342 2962 3388 te
3003 3326 3363 3386 cruciﬁxum?
3391 3344 3412 3376 ι

1827 3438 2071 3511 lgnatius
2112 3434 2426 3505 respondit:
2451 3451 2468 3484 ι
2497 3431 2637 3497 lino;
2667 3429 2930 3499 scriptum
2974 3424 3119 3480 enim
3151 3433 3240 3476 est
3264 3439 3276 3474 :
3301 3418 3418 3471 lla-

1832 3530 2011 3585 bitabo
2036 3537 2085 3584 et
2118 3527 2400 3581 ambulabo
2441 3526 2579 3578 inter
2609 3541 2695 3578 eos
2725 3521 2792 3576 ³¹.
2823 3541 2842 3572 ι
2883 3518 3155 3588 Trajanus
3186 3522 3417 3569 sentcn—

1831 3624 1961 3677 tiam
2000 3620 2161 3674 tulit:
2196 3639 2213 3670 ι
2240 3617 2511 3688 lgnatium
2533 3658 2548 3682 ,
2583 3615 2676 3684 qui
2721 3615 2775 3667 in
2807 3627 2866 3668 se
2897 3611 3018 3681 ipso
3056 3605 3416 3664 circumferre

1777 3790 1779 3792 _
1831 3719 2152 3774 cruciﬁxum
2190 3713 2492 3775 contendit,
2519 3711 2792 3782 iussimus
2822 3709 2878 3763 in
2909 3707 3127 3762 vincula
3162 3721 3194 3760 a
3227 3703 3417 3758 militi—

1829 3813 1934 3867 bus
1963 3809 2269 3879 conjectum
2316 3805 2511 3861 abduci
2547 3803 2777 3858 Romam
2809 3815 3090 3874 magnam,
3124 3805 3184 3853 ut
3211 3797 3282 3852 sit
3316 3812 3416 3865 pa-

1830 3914 1950 3961 stus
2004 3901 2245 3957 ferarum
2288 3899 2356 3954 ad
2405 3897 2827 3953 delectationem
2873 3893 3080 3964 populi.
3110 3910 3126 3942 »
3185 3888 3420 3945 Senten-

1833 3995 1964 4049 tiam
2001 3999 2144 4048 hanc
2183 4007 2308 4048 cum
2339 3998 2565 4044 sanctus
2597 3997 2806 4058 martyr
2844 3985 3110 4048 audisset,
3145 3997 3254 4052 prae
3285 3995 3420 4050 gau-

1833 4089 1924 4144 dio
1964 4085 2289 4142 exclamavit
2329 4102 2342 4137 :
2382 4104 2400 4135 ι
2433 4081 2651 4137 Gratias
2697 4079 2795 4134 tibi
2843 4094 2967 4149 ago,
3002 4076 3252 4140 Domine,
3294 4073 3422 4144 quia

1833 4197 1923 4237 me
1947 4179 2187 4250 perfecta
2212 4192 2341 4248 erga
2368 4185 2420 4230 te
2441 4175 2709 4229 charitate
2734 4174 3011 4228 honorare
3035 4171 3293 4240 dignatus
3337 4181 3418 4228 es,

1834 4274 1928 4344 qui
1960 4289 2046 4328 me
2080 4287 2207 4328 cum
2253 4271 2503 4342 apostolo
2541 4279 2636 4323 tuo
2672 4266 2841 4320 Paulo
2885 4265 2940 4318 in
2984 4262 3161 4317 ferrea
3203 4259 3421 4314 vincula

1835 4365 2156 4436 conjeceris.
2186 4385 2204 4416 ι
2236 4363 2362 4418 Haec
2389 4377 2515 4418 cum
2539 4359 2791 4422 dixisset,
2816 4365 2870 4411 et
2897 4354 3056 4408 hilari
3087 4354 3275 4407 animo
3308 4351 3422 4403 vin-

1836 4455 1958 4508 cula
1999 4454 2352 4523 suscepisset,
2387 4453 2623 4519 cumque
2657 4447 2812 4518 prius
2856 4453 3070 4500 orasset
3110 4459 3211 4512 pro
3240 4441 3423 4495 Eccle-

1838 4548 1941 4608 sia,
1969 4556 2023 4600 et
2059 4562 2177 4600 eam
2218 4559 2342 4599 cum
2388 4543 2644 4613 Iacrymis
2685 4538 2916 4593 Domino
2959 4535 3424 4599 commendasset,

1841 4640 2014 4693 instar
2049 4638 2237 4693 arietis
2277 4637 2532 4707 insignis,
2558 4634 2653 4704 qui
2694 4631 2972 4703 egregium
3008 4643 3223 4699 gregem
3253 4627 3420 4688 ducit,

1840 4731 2012 4785 ferina
2043 4729 2350 4787 etmilitari
2375 4728 2673 4782 acerbitate
2699 4731 2986 4792 correptus
3014 4730 3118 4785 est,
3156 4719 3427 4774 abducen-

1842 4821 1942 4873 dus
1975 4818 2204 4872 Romam
2231 4817 2298 4872 ad
2327 4827 2541 4887 pastum
2573 4823 2928 4871 cruentarum
2960 4811 3222 4866 ferarum.

163 4919 454 4993 ἐπίσημος,
493 4919 696 4991 ἀγέλης
737 4919 908 4990 καλῆς
945 4918 1265 4990 ἡγούμενος,
1304 4917 1410 4969 ὑπὸ
1445 4916 1740 4989 θηριιωους
1781 4914 2167 4988 στρατιωτικῆς
2231 4913 2534 4984 δεινότητος
2573 4908 2973 4983 συνηρπάζετο,
3007 4907 3215 4980 θηρίοις
3268 4909 3428 4975 αἱμο-

165 5014 332 5088 6όροις
392 5017 492 5070 ἐπὶ
549 5016 652 5086 τὴν
706 5014 923 5085 Ῥώμην
969 5013 1427 5084 ἀπαχθησόμενος
1482 5012 1618 5084 πρὸς
1667 5011 1845 5082 βοράν.

219 5175 258 5208 ³¹
300 5176 473 5232 Levit.
511 5193 660 5238 xxvu,
693 5177 795 5238 12;
837 5176 881 5230 ll
907 5178 1033 5234 Cor.
1067 5194 1144 5237 vr,
1179 5178 1263 5233 16.
1351 5205 1354 5208 -

173 5357 354 5416 ςειιηο
398 5350 670 5416 (ιυετιο.ε
723 5341 959 5397 Grabius
1014 5344 1240 5416 corrigit
1281 5344 1492 5414 δεκάτῳ
1534 5345 1741 5414 ἐννάτῳ

167 5411 286 5474 ἔτει,
324 5415 361 5467 i.
391 5411 443 5468 ε’.
478 5430 530 5467 a.
572 5413 695 5468 116.

233 5483 340 5550 (95)
380 5484 438 5537 '0
482 5483 648 5553 φόϐος
689 5492 815 5538 ante
849 5483 1058 5548 πάντας
1088 5485 1141 5538 in
1176 5502 1279 5540 ms.
1321 5485 1462 5538 male
1497 5484 1740 5540 additum

168 5568 534 5608 assumentum
561 5562 668 5621 est,
698 5555 846 5624 quod
887 5564 1077 5610 neuter
1107 5569 1260 5612 vetus
1288 5555 1385 5609 int.
1425 5555 1654 5609 Latinus
1688 5557 1741 5609 in

168 5624 345 5694 codice
371 5640 474 5679 suo
509 5623 744 5694 legebat.
779 5623 896 5679 Jac.

226 5693 333 5761 (94)
367 5693 610 5764 lgnatius
640 5707 834 5764 sponte
872 5711 930 5749 se
959 5695 1192 5750 contulit
1229 5697 1294 5750 ad
1327 5695 1653 5761 Trajanum,
1685 5706 1745 5748 ut

168 5772 281 5818 eum
306 5765 920 5842 placaret_expositione
949 5765 1211 5824 doctrinae
1244 5768 1588 5835 Christianae,
1629 5779 1744 5836 aut,

1845 5347 1888 5399 si
1915 5346 2096 5402 minus
2125 5360 2249 5399 eum
2291 5345 2510 5413 placare
2539 5350 2742 5413 posset.
2770 5347 2938 5413 totam
2982 5337 3118 5413 iram
3151 5334 3272 5403 ejus
3322 5334 3436 5413 ipse

1842 5417 2134 5485 exciperet,
2169 5405 2580 5482 Eccl-casiamque
2621 5409 3017 5464 Antiochenam
3069 5405 3148 5460 sic
3182 5415 3327 5460 metu
3368 5407 3435 5458 li-

1847 5496 2078 5543 beraret.
2105 5487 2273 5540 CLEn.

1913 5557 2025 5624 (95)
2060 5555 2250 5609 Melius
2277 5554 2389 5606 τοῦ.
2428 5553 2623 5610 Surru.

1915 5628 2028 5692 (96)
2057 5627 2164 5679 Καί
2193 5626 2453 5680 abundat.
2491 5624 2679 5677 Sm'rn.

1917 5699 2024 5767 (97)
2053 5697 2166 5753 Cl'r.
2203 5697 2313 5767 lgn.
2344 5697 2410 5748 ad
2446 5695 2593 5747 Rom.
2627 5711 2674 5748 ε.
2703 5695 2756 5745 (ἰ.
