3802 6210
94 207 176 265 985

1518 196 1966 256 'MARTYRIUM.

3205 189 3312 253 σείς

98 324 343 392 Ἤπειρον,
370 321 481 392 τὴν
515 319 653 392 πρὸς
672 317 1019 392 Ἐπίδαμνον,
1047 320 1104 374 ἐν
1143 320 1252 383 τοῖς
1292 317 1637 390 παραθαλατ·

1763 325 1978 381 uventa,
2012 329 2107 385 per
2136 313 2474 369 Adriaticum
2508 329 2660 370 mare
2695 310 3002 384 navigavit;
3029 309 3155 367 inde
3177 311 3316 382 Tyr-

93 414 194 476 τίοις
222 414 344 484 νηὸς
379 411 693 482 ἐπιτυχὼν,
723 411 872 465 ἔπλει
906 412 964 464 τὸ
997 411 1335 483 Ἀδριατικὸν
1380 409 1636 478 πέλαγος,

94 501 304 557 κάκεῖθεν
348 502 558 565 ἐπιϐὰς
594 502 685 555 τοῦ
731 501 1094 575 Τυρρηνικοῦ,
1140 502 1234 556 καὶ
1278 493 1638 574 παραμείὸων

91 599 244 665 νήσους
273 611 331 646 τε
361 594 462 647 καὶ
492 593 697 657 πόλεις,
715 593 1136 665 ύποδειχθέντων
1174 593 1250 665 τῷ
1279 595 1419 664 ἁγίῳ
1452 593 1639 647 Ποτιό-

90 685 189 747 λων,
215 684 374 747 αὐτὸς
395 683 500 754 μὲν
521 683 753 748 ἐξελθεῖν
786 683 1066 747 ἔσπευδεν,
1089 687 1208 739 κατ’
1233 685 1377 755 ἴχνος
1405 683 1640 755 βαδίζειν

90 775 250 828 ἐθέλων
276 774 374 828 τοῦ
397 775 699 828 ἀποστόλου
734 773 969 828 Παύλου.
1005 776 1092 839 Ὠς
1106 775 1161 828 δέ
1191 777 1449 828 ἐπιπεσὸν
1468 775 1640 845 βίαιον

90 866 267 936 πνεῦμα
293 867 358 919 οὐ
389 865 711 939 συνεχώρει,
736 869 836 940 τῆς
863 867 986 938 νηὸς
1029 869 1094 920 ἐκ
1139 869 1392 939 πρύμνης
1429 869 1644 936 ἐπειγομ-

89 956 242 1028 μένης,
275 958 597 1028 μακαρίσας
630 959 728 1029 τὴν
753 960 810 1012 ἐν
840 959 1035 1029 ἐκείνῳ
1068 957 1144 1029 τῷ
1177 958 1326 1030 τόπῳ
1354 943 1461 1012 τῶν
1491 959 1645 1013 ἀδελέ

88 1045 178 1115 φῶν
203 1046 448 1118 ἀγάπην,
473 1046 618 1100 οὕτω
640 1048 929 1119 παρέπλει.
962 1047 1262 1120 Τοιγαροῦν
1292 1050 1350 1102 ἐν
1383 1049 1480 1120 μιᾷ
1514 1049 1646 1120 ήμέ-

87 1153 141 1207 ρᾳ
160 1139 241 1190 καὶ
270 1141 435 1192 νυκτὶ
467 1143 533 1210 τῇ
567 1141 701 1211 αὐτῇ
736 1142 941 1215 ούρίοις
967 1142 1187 1212 ἀνέμοις
1217 1141 1644 1214 προσχρησάμε-

83 1245 163 1289 vos,
189 1231 346 1299 ἡμεῖς
378 1231 483 1300 μὲν
510 1231 733 1295 ἄκοντες
764 1231 1113 1304 ἀπηγόμεθα,
1142 1233 1416 1297 στένοντες
1445 1235 1538 1287 ἐπὶ
1567 1232 1646 1304 τῷ

83 1321 158 1389 ἀφ’
177 1322 328 1393 ήμῶν
350 1324 601 1394 μέλλοντι
635 1327 896 1398 χωρισμῷ
929 1327 1021 1391 τοῦ
1037 1327 1246 1382 δικαίου
1273 1325 1536 1396 γίνεσθαι.
1555 1327 1646 1399 Τῷ

80 1411 124 1462 δὲ
153 1413 256 1465 κατ’
283 1414 458 1484 εὐχὴν
492 1415 782 1468 ἀπέϐαινεν
827 1416 1108 1471 σπεύδοντι
1139 1416 1331 1471 θᾶττον
1367 1419 1648 1490 ἀναχωρῆ-

83 1519 154 1555 trav.
192 1504 280 1556 τοῦ
317 1507 559 1576 κόσμου,
602 1507 686 1561 ἵνα
733 1506 915 1581 φθάσῃ
955 1509 1090 1580 πρὸς
1125 1508 1184 1561 ὃν
1225 1510 1512 1580 ἠγάπησεν
1543 1508 1648 1560 Κύ-

81 1609 190 1663 ριον.
225 1597 634 1662 Καταπλεύσας
657 1599 786 1667 γοῦν
817 1602 896 1664 είς
922 1601 1048 1663 τοὺς
1083 1600 1307 1670 λιμένας
1335 1599 1641 1671 Ῥωμαίων,

1748 407 1978 460 rhenum
2032 407 2342 476 ingressus,
2395 406 2603 460 insulas
2663 413 2716 458 et
2773 403 3025 458 civitates
3075 403 3316 466 transiit,

1745 501 2092 569 ostensisque
2124 507 2312 552 sancto
2347 498 2462 550 viro
2489 496 2753 558 Puteolis,
2786 495 2902 565 ipse
2924 495 3145 564 quidem
3171 510 3321 563 egre-

1744 593 1798 648 di
1831 593 2108 662 cupiebat,
2141 606 2266 645 cum
2301 591 2460 645 vellet
2503 605 2598 659 per
2630 589 2858 659 vestigia
2902 586 3055 653 Pauli
3086 585 3316 654 apostoli

1745 685 1995 740 incedere
2022 684 2086 736 ³³.
2127 682 2266 738 Cum
2300 698 2428 736 vero
2459 682 2673 736 irruens
2707 690 2903 735 ventus
2945 678 3322 733 vehementior

1743 777 1796 832 id
1831 793 1937 831 non
1991 785 2286 846 pateretur,
2335 790 2470 829 nave
2506 790 2538 829 a
2586 775 2751 844 puppi
2799 773 3059 842 impulsa,
3099 771 3317 824 beatam

1742 867 2058 938 praedicavit
2109 865 2432 921 eharitatem
2481 862 2712 918 fratrum
2762 863 2910 916 illius
2961 861 3097 926 loci,
3140 870 3193 913 ct
3239 859 3320 912 sic

1743 957 2238 1028 pneternavigavit.
2276 956 2446 1025 Igitur
2475 966 2584 1008 uno
2614 955 2701 1008 die
2724 963 2777 1008 et
2822 961 2983 1006 noete
3009 951 3198 1005 eadem
3233 965 3321 1004 se-

1747 1050 1940 1106 cundis
1968 1051 2145 1105 ventis
2176 1050 2262 1104 usi
2287 1049 2718 1111 abducebamur,
2753 1062 2854 1100 nos
2884 1046 3100 1114 quidem
3137 1043 3316 1108 inviti,

1747 1151 2028 1211 gementes
2051 1141 2120 1195 ob
2153 1140 2552 1210 separationem
2582 1137 2717 1200 justi
2758 1137 2906 1190 illius
2941 1152 2971 1190 a
3002 1135 3162 1189 nobis
3194 1149 3321 1187 nqu

1748 1233 2010 1289 futuram.
2038 1233 2107 1287 At
2133 1233 2274 1287 ei'ex
2301 1241 2426 1287 voto
2454 1247 2542 1285 res
2571 1229 2943 1297 contingebat,
2981 1227 3256 1281 festinanti
3293 1241 3326 1278 e

1748 1325 1953 1379 mundo
1990 1325 2268 1379 discedere
2313 1334 2373 1379 ut
2407 1325 2473 1378 ad
2514 1323 2769 1377 dilectum
2805 1321 3094 1375 Dominum
3134 1335 3324 1388 perve—

1749 1418 1910 1471 niret.
1953 1415 2136 1483 Quare
2179 1431 2304 1473 cum
2337 1418 2643 1486 navigando
2671 1417 3008 1486 pervenisset
3042 1417 3093 1468 in
3137 1422 3333 1483 portus

1751 1507 2150 1575 Romanorum,
2193 1510 2426 1578 tiuisque
2466 1508 2732 1563 immundi
2759 1507 3051 1577 spectaculi
3079 1507 3327 1558 immine-

1752 1609 1856 1660 ret,
1904 1600 2105 1656 milites
2154 1599 2465 1655 tarditatem
2517 1616 2658 1670 aegre
2709 1598 2982 1665 ferebant;
3025 1609 3077 1651 at
3117 1596 3329 1666 cpisco-

81 1687 354 1760 μελλούσης
398 1689 591 1760 λήγειν
635 1690 733 1762 τῆς
752 1691 1061 1764 ἀκαθάρτου
1092 1691 1422 1763 φιλοτιμίας,
1457 1692 1506 1744 οἱ
1549 1693 1644 1762 μὲν

1763 1703 1852 1762 pus
1878 1693 2120 1762 gaudens
2155 1694 2475 1763 urgentibus
2497 1693 2740 1763 parebat.

76 1777 386 1846 στρατιῶται
431 1779 576 1850 ὑπὲρ
608 1780 706 1852 τῆς
737 1780 1070 1853 βραδυτῆτος
1099 1781 1386 1854 ἤσχαλλον,
1415 1784 1444 1836 ὁ
1470 1782 1526 1835 δὲ
1578 1783 1874 1846 ἐπίσκοπος
1897 1783 2102 1855 χαίρων
2134 1783 2549 1853 κατεπείγουσιν
2576 1784 2880 1856 ὑπήκουσεν

1093 1934 1182 1992 VI.
1219 1933 1462 2004 Ignatius
1495 1934 1672 1988 Romae
1710 1953 1743 1988 a
1778 1935 1958 1989 bestiis
1988 1936 2290 1989 devoratur.

131 2089 367 2145 Ἐκεῖθεν
403 2081 502 2145 οῦν
535 2091 819 2162 ἐώσθησαν
861 2091 970 2146 ἀπὸ
1009 2091 1101 2145 τοῦ
1133 2092 1465 2164 καλουμένου
1499 2094 1638 2164 Πόρ-

72 2201 146 2237 του
177 2184 248 2256 (9)
299 2184 723 2254 (διεπεφήμιστο
772 2182 881 2254 γὰρ
935 2182 1033 2254 ἤδη
1072 2183 1139 2237 τὰ
1181 2184 1320 2236 κατά
1352 2183 1440 2237 τὸν
1487 2179 1640 2252 ἅγιον

75 2275 351 2346 μάρτυρα)·
388 2272 745 2343 συναντῶμεν
777 2272 887 2343 (10)
925 2277 1039 2337 τοῖς
1071 2273 1319 2343 ἀδελφοῖς
1364 2273 1512 2345 φόϐῳ
1546 2273 1641 2327 καὶ

70 2371 197 2438 χαρᾷ
225 2367 710 2439 πεπληρωμένοις,
746 2368 1030 2441 χαίρουσιν
1068 2368 1166 2439 μὲν
1214 2371 1299 2439 ἐφ’
1330 2363 1412 2432 οἷς
1444 2364 1641 2438 ἠξίων-

71 2476 120 2511 το
141 2460 234 2529 τῆς
265 2461 361 2513 τοῦ
391 2460 666 2532 Θεοφόρου
697 2460 1004 2531 συντυχίας,
1034 2459 1388 2532 φοϐουμένοις
1416 2459 1492 2523 δὲ,
1511 2460 1644 2514 διότι

69 2568 160 2622 περ
195 2554 288 2605 ἐπὶ
320 2551 562 2605 θάνατον
589 2554 618 2605 ό
649 2551 891 2615 τοιοῦτος
919 2553 1101 2622 ἡγετο.
1131 2553 1256 2606 Τισὶ⁴
1287 2553 1343 2606 δὲ
1373 2552 1470 2606 καὶ
1502 2569 1642 2623 παρ⁹

69 2644 320 2712 ήγγελλεν
344 2642 673 2716 ἡσυχάζειν,
706 2643 886 2709 ζέουσι
924 2645 1019 2697 καὶ
1057 2643 1271 2713 λέγουσι
1318 2643 1653 2698 καταπαύειν

67 2735 146 2788 τὸν
177 2735 352 2807 δῆμον
401 2736 544 2808 πρὸς
591 2736 650 2789 τὺ
687 2736 760 2807 μὴ
804 2735 1082 2806 ἐπιζητεῖν
1120 2735 1416 2789 ἀπολέσθαι
1457 2735 1549 2788 τὸν
1588 2733 1659 2787 δί-

69 2844 226 2880 καιον.
268 2830 368 2891 Ὃς
425 2826 591 2891 εὐθὺς
645 2829 806 2896 γνοὺς
854 2825 930 2898 τῷ
968 2827 1260 2898 πνεύματι,
1305 2827 1401 2881 καὶ
1447 2828 1656 2890 πάντας

67 2919 472 2990 ἀσπασάμενος,
507 2919 742 2990 αἰτήσας
781 2937 837 2971 τε
879 2921 1010 2991 παρ’
1044 2919 1224 2974 αὐτῶν
1267 2919 1367 2990 τὴν
1397 2918 1655 2990 ἀληθινὴν

67 3009 296 3080 ἀγάπην,
316 3009 548 3062 πλείονά
566 3025 624 3062 τε
642 3007 748 3062 τῶν
767 3010 825 3062 ἐν
841 3011 906 3080 τῇ
924 3010 1176 3081 ἐπιστολῇ
1195 3009 1497 3080 διαλεχθεὶς
1516 3008 1650 3080 (11),

68 3100 152 3152 καὶ
177 3103 380 3164 πείσας
418 3100 496 3172 μὴ
527 3099 792 3170 φθονῆσαι
822 3098 900 3170 τῷ
935 3100 1217 3154 σπεύδοντι
1260 3103 1394 3172 πρὸς
1422 3101 1510 3154 τὸν
1539 3100 1653 3153 Κύ-

72 3207 195 3260 ριον,
235 3193 384 3246 οὕτω
420 3192 562 3264 μετά
600 3192 949 3262 γονυκλισίας
983 3193 1200 3247 πάντων
1243 3194 1356 3245 τῶν
1385 3192 1651 3261 ἀδελφῶν,

66 3283 454 3352 παρακαλέσας
504 3280 596 3335 τὸν
655 3281 782 3334 Υίὸν
829 3282 923 3335 τοῦ
953 3282 1087 3336 Θεοῦ
1124 3285 1262 3356 ὑπὲρ
1293 3283 1399 3336 τῶν
1424 3283 1655 3354 Ἐκκλη-

67 3373 209 3438 σιῶν,
247 3376 392 3445 ὑπὲρ
426 3373 530 3444 τῆς
549 3373 642 3427 τοῦ
664 3373 904 3446 διωγμοῦ
937 3375 1354 3441 καταπαύσεως,
1387 3376 1526 3448 ὑπὲρ
1556 3377 1655 3446 τῆς

64 3466 163 3519 τῶν
201 3466 455 3537 ἀδελφῶν
504 3467 586 3529 είς
634 3465 896 3538 ἀλλήλους
940 3467 1194 3537 ἀγάπης,
1252 3467 1472 3539 ἀπήχθη
1517 3468 1654 3539 μετὰ

63 3559 294 3630 σπουδῆς
321 3562 403 3622 εἰς
450 3558 513 3611 τὸ
547 3556 939 3629 ἀμφιθέατρον.
982 3555 1116 3612 Εἶτα
1162 3557 1324 3622 εὐθὺς
1363 3557 1655 3630 ἐμὸληθεὶς

62 3648 197 3700 κατά
230 3649 293 3702 τὸ
335 3648 508 3702 πάλαι
542 3647 876 3719 πρόσταγμα
923 3647 1015 3702 τοῦ
1056 3649 1335 3720 Καίσαρος
1361 3648 1492 3718 (12),
1531 3648 1657 3720 μελ-

59 3735 266 3793 λουσῶν
289 3739 640 3794 καταπαύειν
672 3737 780 3792 τῶν
823 3738 1142 3810 φιλοτιμιῶν
1182 3736 1270 3811 (ἦν
1310 3741 1420 3809 γὰρ
1458 3742 1656 3809 ἐπιφα-

61 3827 186 3895 νὴς,
234 3827 312 3891 ὡς
359 3828 604 3892 ἐδόκουν,
653 3830 686 3899 ἠ
731 3827 1000 3899 λεγομένη
1053 3831 1117 3900 τῇ
1160 3829 1440 3900 Ῥωμαϊκῇ
1503 3831 1653 3899 φωνῇ

57 3920 487 3991 τρισκαιδεκάτη
535 3919 682 3990 (15),
731 3918 853 3973 καθ’
893 3919 958 3990 ἢν
995 3919 1300 3984 σπουδαίως
1348 3919 1652 3992 συνῄεσαν),

59 4007 231 4073 οὓτως
259 4010 458 4082 θηρσὶν
490 4011 664 4081 ὠμοῖς
692 4011 846 4084 παρά
871 4010 950 4082 τῷ
974 4011 1088 4082 ναῷ
1119 4009 1488 4084 παρεϐάλλετο
1521 4011 1652 4082 (14),

56 4099 127 4162 ὡς
161 4103 299 4172 παρ’
334 4102 478 4156 αὐτά
503 4101 597 4154 τοῦ
627 4102 781 4169 ἁγίου
819 4102 1092 4174 μάρτυρος
1108 4102 1371 4171 Ἰγνατίου
1413 4101 1655 4175 πληροῦ-

62 4190 180 4243 σθαι
203 4191 306 4262 τὴν
324 4192 624 4263 ἐπιθυμίαν
646 4192 663 4261 (
672 4192 695 4243 i
702 4190 777 4259 5),
817 4191 957 4244 κατά
980 4191 1040 4244 τὸ
1069 4192 1474 4263 γεγραμμένον·
1506 4193 1658 4247 Ἐπι-

1825 2092 1976 2148 Illinc
2018 2109 2148 2165 ergo
2182 2095 2438 2149 abierunt
2479 2095 2548 2150 ab
2589 2110 2688 2161 eo,
2735 2095 2828 2164 qui
2875 2094 3076 2150 dicitur
3127 2096 3326 2152 Portus

1746 2186 1880 2265 (jam
1916 2202 2044 2240 vero
2067 2201 2257 2254 sparsa
2285 2196 2403 2239 erat
2424 2186 2598 2239 sancti
2629 2186 2884 2256 martyris
2918 2185 3114 2258 fama);
3142 2189 3330 2242 obvia-

1747 2291 1871 2330 mus
1905 2274 2164 2330 fratribus
2191 2284 2339 2329 metu
2378 2284 2431 2330 et
2456 2275 2654 2345 gaudio
2685 2273 2927 2344 repletis,
2965 2277 3328 2348 gaudentibus

1747 2369 1992 2439 quidem,
2017 2369 2162 2438 quod
2190 2383 2488 2439 congressu
2514 2367 2824 2437 Thcophori
2851 2367 2993 2422 Deus
3017 2369 3162 2437 ipsos
3186 2377 3336 2424 esset

1747 2463 2022 2531 dignatus,
2060 2461 2378 2516 timentibus
2411 2470 2615 2522 autem,
2651 2459 2798 2529 quod
2833 2461 2956 2514 talis
2993 2462 3075 2514 vir
3094 2462 3329 2514 admor-

1757 2554 2196 2609 temduceretur.
2217 2553 2496 2619 Quosdam
2535 2553 2697 2607 etiam
2733 2555 2968 2620 monuit,
3008 2555 3338 2623 utquiesce-

1756 2653 1908 2709 rent,
1954 2645 2045 2714 qui
2093 2640 2378 2698 fervebant
2410 2643 2772 2712 aiebautque,
2809 2660 2867 2700 se
2916 2646 3176 2714 populum
3214 2659 3338 2699 esse

1756 2735 2076 2802 sedaturos,
2123 2751 2192 2790 ne
2223 2736 2399 2790 virum
2453 2735 2664 2806 justum
2699 2737 2765 2791 ad
2811 2753 2997 2792 necem
3047 2747 3333 2807 quareret.

1758 2825 1862 2892 Qui
1893 2841 2018 2881 cum
2053 2825 2344 2882 confestim
2380 2842 2494 2880 rem
2521 2827 2715 2896 spiritu
2762 2829 3109 2898 cognovisset
3137 2838 3190 2883 ct
3217 2846 3339 2883 oni-

1759 2931 1857 2970 nes
1905 2917 2220 2979 salutasset,
2270 2927 2324 2970 et
2367 2916 2436 2970 ab
2477 2917 2544 2970 iis
2594 2929 2782 2972 verum
2811 2933 3053 2974 amorem
3087 2921 3337 2988 pluribus

1756 3008 1974 3075 verbis,
2006 3023 2170 3078 quam
2213 3008 2267 3062 in
2302 3009 2556 3078 epistola,
2598 3010 2865 3078 petiisset,
2918 3010 3094 3077 iisque
3118 3028 3338 3080 persua-

1755 3100 1958 3167 sisset,
1999 3116 2068 3155 ne
2101 3101 2206 3156 sibi
2245 3102 2552 3156 inviderent
2597 3103 2663 3156 ad
2707 3102 2998 3156 Dominum
3037 3103 3335 3170 festinanti,

1755 3207 1935 3257 nunc,
1972 3200 2265 3261 postquam
2301 3193 2480 3247 cuncti
2535 3192 2732 3248 fratres
2785 3210 2959 3265 genua
3012 3195 3292 3250 ﬂexissent
3320 3237 3335 3261 ,

1755 3282 1982 3352 ipseque
2019 3281 2220 3336 Filium
2254 3283 2349 3337 Dei
2377 3299 2476 3353 pro
2506 3282 2767 3339 Ecclesiis
2795 3295 2849 3339 et
2895 3301 2994 3356 pro
3031 3288 3338 3342 cessatione

1754 3373 2156 3441 persecutionis
2188 3381 2244 3427 et
2274 3383 2372 3442 pro
2399 3383 2592 3429 mutuo
2627 3375 2857 3429 fratrum
2892 3378 3034 3431 inter
3067 3393 3126 3433 se
3149 3395 3336 3436 amore

1755 3473 2011 3533 precatus
2044 3471 2230 3529 esset,
2269 3451 2540 3519 abductus
2573 3477 2654 3520 est
2689 3449 2976 3522 conifestim
3027 3469 3081 3522 in
3126 3469 3340 3538 amphi-

1757 3557 2056 3610 theatrum.
2096 3554 2231 3610 Dein
2259 3556 2406 3611 illico
2441 3557 2494 3610 in
2532 3557 2585 3611 id
2638 3558 2922 3613 immissus
2961 3575 3029 3614 ex
3082 3564 3338 3615 mandato

1756 3645 1990 3702 Caasaris
2051 3647 2259 3717 pridem
2301 3647 2452 3714 dato,
2509 3650 2617 3704 line
2671 3652 3108 3719 spectaculorum
3159 3653 3339 3706 immi~

1757 3745 1920 3791 nente
1953 3737 2095 3810 (erat
2135 3736 2281 3790 enim
2316 3737 2599 3804 solemnis,
2637 3750 2694 3793 ut
2728 3741 3013 3809 putabant,
3046 3742 3185 3805 dies,
3239 3744 3336 3812 qui

1757 3826 1960 3881 dicitur
1995 3828 2241 3882 Romana
2285 3828 2472 3899 lingua
2521 3830 2716 3884 tertius
2767 3831 3037 3898 decimus,
3077 3849 3187 3902 quo
3227 3843 3340 3886 stu-

1756 3918 1911 3974 diose
1943 3920 2362 3991 convenerant),
2398 3921 2477 3975 sic
2507 3922 2820 3977 crudelibus
2860 3922 2994 3999 feris
3018 3924 3174 3994 juxta
3202 3935 3339 3978 tem-

1756 4008 1906 4078 plum
1937 4016 2020 4063 est
2042 4008 2314 4078 objectus,
2348 4018 2407 4062 ut
2441 4009 2588 4064 illico
2629 4011 2802 4064 sancti
2839 4011 3097 4081 martyris
3144 4011 3340 4082 [gnatii

1757 4101 2075 4172 impleretur
2105 4102 2437 4156 desiderium
2459 4144 2472 4166 ,
2511 4111 2670 4172 prout
2706 4103 2970 4171 scriptum
3018 4110 3102 4157 est
3131 4120 3143 4155 :
3190 4101 3341 4154 Desi-

1757 4194 1960 4246 derium
1978 4192 2116 4262 justi
2145 4203 2222 4248 est
2253 4202 2521 4262 acceptum
2539 4193 2603 4258 85*;
2639 4202 2697 4246 ut
2720 4209 2912 4263 nempe
2944 4193 3078 4246 nulli
3113 4192 3340 4246 fratrum

57 4283 241 4350 θυμία
281 4283 520 4336 δικαίου
565 4280 765 4347 δεκτήο
795 4283 884 4334 ἵνα
913 4281 1100 4351 μηδενὶ
1121 4281 1227 4334 τῶν
1251 4282 1495 4352 ἀδελφῶν
1529 4284 1644 4336 ἐπα-

1763 4283 1941 4352 gravis
1976 4284 2131 4338 tierct
2171 4284 2242 4338 ob
2279 4300 2503 4339 suarum
2541 4284 2895 4354 reliquiarum
2941 4283 3342 4346 collectionem,

59 4371 192 4442 χθὴς
223 4374 316 4427 διὰ
344 4373 447 4443 τῆς
482 4365 749 4442 συλλογῆς
776 4371 869 4425 τοῦ
900 4372 1150 4432 λειψάνου
1182 4372 1442 4442 γένηται,
1475 4371 1657 4437 καθὼς

59 4463 283 4532 φθάσας
313 4467 373 4518 ἐν
415 4467 482 4536 τῇ
523 4464 776 4535 ἐπιστολῇ
812 4464 908 4536 τὴν
942 4464 1078 4518 ίδίαν
1111 4464 1376 4536 ἐπεθύμει
1407 4465 1659 4534 γενέσθαι

59 4555 368 4609 τελείωσιν.
403 4555 561 4610 Μόνα
586 4556 695 4626 γὰρ
717 4557 784 4609 τὰ
806 4555 1117 4626 τραχύτερα
1157 4555 1264 4609 τῶν
1286 4557 1456 4625 ἀγίων
1499 4557 1665 4611 αὑτοῦ

57 4643 339 4719 λειψάνων
395 4647 786 4718 περιελείφθη,
848 4648 1007 4702 ἆτινα
1060 4649 1140 4712 είς
1191 4648 1288 4719 τὴν
1331 4647 1666 4718 Ἀντιόχειαν

127 4827 176 4857 ³³
204 4827 336 4880 Act.
372 4811 572 4889 xivm,
612 4824 788 4888 ιλιι.
936 4825 982 4855 ει
1014 4824 1178 4926 ῐτνον.
1213 4843 1267 4892 χ,
1293 4826 1382 4880 at.

129 5005 213 5072 (9)
246 5001 422 5058 Hodie
457 5001 508 5056 ιι
544 5002 903 5072 Portoprope
923 5000 1154 5072 Ostiam.

126 5069 254 5142 (l0)
289 5073 368 5126 Ita
403 5081 666 5126 monente
711 5071 946 5142 Smithio
974 5070 1214 5142 restituit
1250 5069 1594 5126 Jacobsonus
1624 5087 1656 5126 e

52 5141 261 5200 codice
309 5142 613 5197 Parisiensi
668 5157 767 5210 pro
819 5141 1037 5211 vulgata
1088 5141 1320 5196 lectione
1372 5142 1470 5195 σὺν
1507 5141 1665 5213 αὐτῷ·

54 5234 258 5362 μ’Ξῖ
413 5282 468 5362 in
500 5280 744 5362 Epistola
772 5296 870 5362 sua
899 5279 965 5362 ad
991 5279 1272 5362 Romanos

127 5349 263 5425 (12)
304 5354 391 5407 Sic
419 5349 662 5422 loquitur
692 5349 934 5425 martyrii
971 5350 1229 5425 scriptor,
1252 5352 1536 5425 quia_an_te
1559 5351 1659 5404 ali-

51 5419 202 5494 quot
242 5419 507 5479 'menses‘
545 5419 872 5476 sententiam
929 5421 1310 5489 pronuntiarat
1366 5419 1659 5489 Trajanus.

52 5498 246 5549 CLEB.

129 5564 263 5634 (l3)
299 5561 385 5618 Sc.
421 5572 550 5634 ante
589 5557 863 5634 Kalendas
895 5557 1217 5634 Januarias,
1263 5571 1322 5616 ut
1361 5577 1422 5634 ex
1467 5575 1591 5634 cap.
1635 5559 1664 5610 '7

52 5629 311 5709 apparet
334 5653 345 5688 :
375 5632 628 5703 Ἐγένετο
650 5631 705 5682 δέ
731 5629 898 5683 ταῦτα
924 5631 989 5699 τῆ
1016 5629 1118 5702 πρὸ
1137 5632 1437 5704 δεκατριῶν
1463 5631 1669 5683 Καλαν-

1766 4377 2228 4447 quemadmodum
2275 4379 2428 4446 prius
2462 4377 2514 4430 in
2566 4377 2795 4447 epistola
2838 4383 3140 4445 optaverat,
3185 4389 3340 4428 suam

1770 4467 2301 4522 consummationem
2337 4469 2472 4521 ﬁeri.
2508 4467 2648 4521 Solae
2681 4454 2825 4521 enim
2852 4467 3100 4520 duriores
3127 4475 3346 4518 sancta-

1767 4575 1886 4613 rum
1909 4559 2028 4627 ejus
2052 4559 2404 4628 reliquiarum
2446 4568 2627 4628 partes
2660 4559 2891 4623 relictae,
2918 4567 2970 4612 et
2997 4555 3344 4610 Antiochiam

1771 4652 1966 4707 ablatae
1990 4661 2150 4718 sunt,
2180 4661 2342 4722 atque
2375 4653 2426 4704 in
2453 4652 2621 4706 linteo
2651 4652 2932 4722 depositae,
2975 4660 3033 4704 ut
3056 4650 3344 4704 thesaurus

1757 5003 1862 5056 δῶν
1894 5000 2415 5073 ’ῐαννουαρίωνεβὶθ
2453 4999 2548 5073 illo
2589 4999 3007 5073 celebrabantur
3047 4997 3190 5052 binis
3233 4993 3347 5048 die-

1761 5075 1864 5129 bus
1901 5071 2198 5142 Sigillaria,
2248 5071 2456 5140 adjecta
2494 5071 2900 5142 Saturnalibus.

1833 5143 1942 5215 (l4)
1969 5138 2133 5215 Erat_
2155 5138 2619 5211 amphitheatrum
2653 5149 2748 5193 aut
2786 5139 2907 5215 ,ἰριίὶ
2957 5138 3160 5215 Latiari
3189 5178 3204 5200 ,
3254 5142 3348 5185 aut

1767 5207 1985 5284 Stvgio,
2022 5224 2076 5267 et
2115 5207 2299 5284 Diana:
2329 5227 2570 5284 sacrum;
2605 5210 2965 5284 quamobrem
3002 5207 3198 5284 mirum
3240 5219 3347 5284 non

1778 5274 1895 5347 est:
1926 5274 2013 5337 hic
2048 5283 2231 5351 templi
2271 5274 2781 5352 intentionem-fieri.
2819 5277 2984 5352 (Itan.
3048 5275 3215 5352 \fetus
3267 5274 3350 5352 iu-

1769 5364 1977 5422 terpres
2013 5369 2120 5406 non
2157 5347 2286 5420 legit
2312 5351 2388 5420 τῴ
2418 5348 2751 5422 ναῷηιιίιιξρι
2784 5348 2930 5422 enim
2971 5364 2996 5422 εΔ
3034 5347 3096 5398 ab
3123 5347 3347 5422 fiupiis,

1766 5413 2001 5478 for'tasse
2049 5413 2232 5492 legens
2273 5439 2287 5474 :
2326 5413 2631 5490 παρά’τῶν
2675 5417 2904 5470 ἀνοσίων
2954 5418 3068 5472 sive
3113 5413 3348 5483 ἀνόμων.

1779 5493 1976 5548 Smrn.

1847 5564 1956 5619 ’fb'l
1999 5562 2133 5619 Vide
2174 5562 2288 5632 lgn.
2325 5561 2392 5612 ad
2425 5558 2576 5614 Rom.
2607 5574 2655 5615 c.
2692 5557 2740 5612 4.
