3802 6210
60 330 154 391 939

686 445 908 505 CAPUT
947 445 1009 501 ll.

116 570 309 627 Postea
337 582 478 624 vero
504 581 635 624 cum
677 580 820 621 nono
854 579 997 620 anno
1042 578 1195 632 regni
1240 562 1326 615 sui
1362 556 1632 625 Trajanus

56 676 343 722 remeasset
380 663 453 718 de
479 659 712 717 victoria
743 658 1066 729 Scytharum
1107 662 1162 710 et
1203 651 1405 706 Dacum
1450 656 1507 703 et
1545 645 1632 701 di-

53 773 330 815 versarum
376 755 666 827 gentium;
698 761 752 806 et
790 757 1004 821 putaret
1049 744 1198 817 quod
1238 750 1426 814 posset
1471 753 1632 795 suum

56 851 337 921 imperium
370 848 649 910 amittere,
694 843 800 898 nisi
840 839 1277 896 Christianorum
1322 832 1633 905 piissimum

54 944 249 999 cultum
278 941 351 996 ad
381 936 755 997 idololatriam
779 934 1087 999 inclinaret;
1112 944 1303 985 omnes
1331 926 1425 982 Dei
1455 926 1633 981 culto-

56 1052 133 1090 res
183 1042 280 1088 aut
330 1031 671 1094 sacriﬁcare,
720 1035 815 1082 aut
861 1034 1008 1081 certe
1060 1022 1200 1078 mori
1255 1018 1632 1089 compellebat.

54 1126 196 1183 Tunc
228 1125 438 1180 timens
467 1138 573 1193 pro
609 1118 847 1176 Ecclesia
886 1116 1351 1171 Antiochenorum
1395 1110 1633 1167 fortissi-

52 1235 163 1275 mus
199 1217 414 1273 Christi
462 1216 623 1271 miles
654 1212 916 1282 lgnatius,
947 1210 1090 1265 ultro
1129 1206 1370 1278 perrexit
1398 1204 1465 1259 ad
1497 1202 1635 1257 Tra-

45 1314 247 1383 janum.
285 1316 673 1365 transeuntem
712 1305 805 1360 illo
844 1314 1085 1373 tempore
1124 1316 1219 1371 per
1260 1296 1629 1359 Antiochiam,

48 1416 95 1459 et
117 1404 474 1459 festinantem
499 1400 566 1455 ad
599 1397 911 1453 Armeniam
935 1404 988 1450 et
1014 1394 1267 1448 Parthos.
1294 1392 1540 1460 Cumque
1575 1388 1631 1443 in

48 1496 234 1551 faciem
304 1495 457 1567 regis
507 1490 729 1562 Trajani
776 1488 1062 1552 astitisset,
1126 1485 1396 1556 Trajanus
1446 1482 1627 1538 dixit:

52 1608 69 1640 ι
96 1588 226 1655 Quis
253 1604 318 1643 es
363 1598 448 1653 tu,
486 1585 857 1647 cacodmnion,
901 1581 995 1651 qui
1033 1587 1222 1634 nostra
1248 1584 1514 1648 praecepta
1553 1572 1633 1628 fe-

48 1684 211 1738 stinas
245 1679 589 1751 transgredi,
623 1686 677 1732 et
699 1676 819 1731 aliis
850 1672 1147 1744 persuades
1193 1683 1251 1725 ut
1304 1669 1447 1724 male
1494 1683 1623 1736 per-

1503 312 1698 371 MART
1709 310 1944 368 YRIUM.

1665 442 1712 500 Α
1739 449 1866 489 cum
1899 430 2147 502 apostolo
2182 437 2276 483 tuo
2316 425 2485 480 Paulo
2531 421 2723 477 ferreis
2755 375 2994 474 ’vinculis
3025 415 3255 488 alligari.
3295 434 3316 468 ι

3216 291 3323 349 990

1736 525 1854 581 Hoc
1901 524 2108 586 dicens,
2148 530 2203 576 et
2240 534 2363 574 cum
2412 516 2595 570 laetitia
2639 513 2946 581 suscipiens
2998 507 3236 573 vincula,
3268 515 3322 560 ct

1736 632 1900 673 orans
1928 615 2105 685 primo
2136 627 2236 682 pro
2285 609 2551 669 Ecclesia,
2597 615 2649 660 ct
2702 620 2823 659 eam
2883 617 3008 657 cum
3064 599 3322 670 lacrymis

1736 708 2129 766 commendans
2186 704 2461 768 Domino;
2518 701 2658 753 sicut
2710 698 2852 751 aries
2902 708 3135 763 magnus
3191 691 3318 745 boni

1736 801 1912 872 gregis
1935 800 2065 866 dux,
2101 813 2132 851 a
2169 794 2525 851 ferocissimis
2548 791 2814 846 militibus
2841 787 3163 850 ducebatur,
3188 799 3321 837 cru-

1735 890 2029 948 delissimis
2052 887 2327 952 manibus,
2353 883 2584 938 Romam
2609 881 2799 936 bestiis
2812 879 2878 934 ad
2903 876 3315 933 comestioncm.

2354 1014 2581 1073 CAPUT
2623 1015 2710 1069 lli.

1806 1135 2078 1192 Tollentes
2129 1136 2296 1207 igitur
2349 1133 2570 1187 beatum
2621 1129 2912 1201 lgnatium,
2956 1123 3203 1195 pervenit
3251 1122 3320 1176 ad

1666 1286 1667 1289 η
1738 1232 2077 1297 Seleuciam;
2112 1228 2255 1284 unde
2287 1235 2341 1282 et
2371 1225 2635 1296 navigare
2677 1223 3004 1276 habuerunt.
3051 1215 3114 1270 Et
3148 1213 3322 1283 respi-

1733 1325 1883 1379 ciens
1930 1332 2152 1377 sanctus
2198 1319 2442 1392 lgnatius
2487 1324 2611 1388 post
2672 1315 2903 1369 multum
2968 1310 3210 1364 laborem
3253 1306 3321 1361 ad

1738 1416 2145 1489 Smyrnzeorum
2177 1414 2477 1477 civitatem,
2502 1424 2624 1464 cum
2657 1407 2829 1461 multo
2859 1403 3057 1474 gaudio
3095 1402 3321 1455 descen-

1734 1512 1870 1567 dens
1899 1510 1967 1567 de
1997 1509 2142 1574 navi,
2189 1506 2482 1563 festinabat
2522 1508 2773 1557 sanctum
2816 1496 3169 1567 Polycarpum
3204 1492 3323 1555 epi-

1736 1617 1965 1672 scopum
2022 1599 2433 1672 Smyrnaaorum
2491 1592 2866 1663 coadjutorem
2910 1602 3070 1644 suum
3118 1585 3321 1638 videre.

1735 1696 1979 1753 Fuerunt
2025 1705 2207 1750 autem
2254 1690 2415 1746 ambo
2464 1684 2720 1755 discipuli
2775 1680 3004 1737 Joannis
3065 1675 3322 1747 apostoli.

47 1774 202 1830 eam?
248 1795 266 1827 ’
334 1771 588 1844 Ῑεηδίίυδ
615 1769 794 1825 dim:
829 1783 865 1858 Α(
907 1765 1079 1820 Nemo
1113 1762 1501 1858 T""°P"°I“_m
1539 1775 1630 1815 ca‘
1661 1789 1703 1843 B
1732 1790 1904 1858 Quem
1931 1789 2035 1845 sibi
2077 1786 2374 1842 adductum
2415 1782 2609 1836 beatus
2650 1776 2986 1847 Polycarpus
3028 1771 3239 1833 videns,
3273 1775 3327 1820 et

46 1870 418 1925 codaamonem
460 1874 654 1931 vocat;
693 1856 854 1932 longe
892 1860 1038 1915 enim
1075 1872 1104 1911 a
1144 1856 1319 1912 servis
1363 1852 1457 1909 Dei
1483 1866 1633 1907 rece-

47 1966 169 2016 dunt
191 1961 508 2015 damtones.
534 1955 661 2011 Scio
686 1954 904 2025 quidem
926 1950 1053 2021 quia
1078 1949 1343 2004 molestus
1365 1946 1445 2003 eis
1475 1960 1628 2011 sum;

46 2064 325 2125 propterea
382 2067 472 2107 me
525 2048 670 2105 male
719 2046 1157 2103 cacodaemonem
1192 2040 1423 2096 vocasti.
1450 2038 1634 2094 Confi—

48 2159 153 2201 teor
180 2147 334 2201 enim
366 2159 458 2199 me
486 2142 766 2198 Christum
795 2152 976 2209 regem
1018 2135 1255 2200 habere;
1300 2144 1352 2187 et
1393 2131 1634 2186 dissolvo

48 2241 257 2294 illorum
289 2236 555 2294 consilia.
596 2254 614 2287 ι
664 2232 938 2303 Trajanus
969 2228 1105 2285 dixit
1141 2247 1153 2282 ε
1211 2245 1229 2278 ι
1282 2225 1349 2279 Et
1389 2224 1514 2294 quis
1551 2232 1635 2278 est

48 2329 451 2402 Theophorus?
491 2347 511 2381 ι
546 2326 787 2399 lgnatius
815 2323 952 2378 dixit
984 2341 997 2376 :
1038 2340 1055 2374 ι
1092 2319 1197 2387 Qui
1225 2318 1505 2372 Christum
1538 2316 1633 2369 ba-

48 2426 128 2479 bet
156 2425 209 2479 in
244 2430 501 2494 pectore.
542 2440 561 2473 ι
600 2418 874 2488 Trajanus
896 2416 1031 2470 dixit
1061 2433 1074 2469 :
1114 2431 1132 2464 ‹
1168 2412 1236 2467 Et
1264 2426 1365 2465 nos
1404 2425 1511 2463 non
1540 2407 1667 2463 tibi-

49 2519 290 2572 videmur
347 2515 555 2570 habere
611 2510 743 2567 deos
789 2510 843 2563 in
889 2514 1129 2577 pectore,
1184 2519 1324 2573 quos
1372 2501 1635 2555 habemus

51 2612 405 2665 auxiliatores
448 2614 642 2663 contra
687 2601 910 2657 hostes?
945 2618 962 2651 ι
1008 2596 1247 2669 lgnatius
1279 2593 1463 2649 dixit:
1516 2609 1533 2638 ι
1572 2590 1637 2646 Et

50 2704 313 2759 daemonia
346 2700 595 2773 gentium
618 2697 752 2753 deos
791 2693 1133 2754 existimans,
1167 2704 1340 2745 erras.
1376 2683 1531 2740 Unus
1554 2693 1639 2739 est

50 2798 183 2850 enim
220 2795 395 2861 Deus,
429 2792 525 2863 qui
555 2790 685 2845 fecit
703 2788 904 2843 coelum
928 2795 982 2839 et
1006 2794 1229 2845 terram,
1261 2794 1411 2835 mare
1433 2788 1487 2832 et
1515 2792 1636 2832 om—

52 2890 133 2943 nia
182 2904 310 2960 quaa
358 2889 415 2942 in
467 2885 552 2941 eis
593 2892 724 2939 sunt
765 2900 779 2935 :
833 2889 889 2934 et
932 2892 1076 2933 unus
1125 2874 1438 2946 unigenitus
1477 2869 1638 2924 Jesus

52 2982 299 3038 Christus
332 2980 511 3036 Filius
550 2978 691 3048 ejus,
743 2974 904 3044 cujus
939 2969 1236 3026 amicitiam
1285 2962 1569 3034 acquisivi.
1611 2980 1629 3013 ι

54 3076 320 3147 Trajanus
367 3073 509 3129 dixit
563 3090 576 3125 :
629 3089 648 3121 ε
695 3065 1030 3123 Cruciﬁxum
1070 3062 1208 3117 dicis
1251 3076 1280 3114 a
1313 3056 1509 3112 Pontio
1550 3054 1638 3108 Pi-

1734 1881 2093 1954 spiritualiter
2114 1878 2163 1935 ei
2195 1872 2631 1937 communicaris,
2667 1878 2720 1923 et
2748 1866 2981 1921 vinculis
3016 1862 3135 1933 ejus
3162 1874 3328 1914 coex-

1734 1953 1967 2037 sultans,
1993 1982 2149 2042 rogat
2177 1985 2303 2024 eum
2341 1968 2421 2022 ire
2449 1965 2515 2020 ad
2553 1961 2895 2034 propositum
2929 1974 3111 2015 suum.
3156 1953 3328 2026 Magis

1734 2074 1917 2121 autem
1963 2062 2334 2119 communiter
2374 2057 2556 2113 omnis
2592 2052 2833 2109 Ecclesia
2877 2060 3031 2120 rogat
3075 2063 3197 2102 eum
3233 2061 3328 2115 per

1735 2165 1987 2213 sanctum
2047 2154 2367 2224 episcopum
2424 2148 2810 2218 Polycarpum,
2854 2152 2909 2197 et
2958 2156 3055 2211 per
3106 2148 3329 2193 sanctos

1734 2249 2088 2320 presbyteros
2139 2254 2193 2300 et
2252 2244 2538 2299 diaconos.
2587 2237 2695 2293 Sed
2748 2245 2803 2291 et
2834 2247 3026 2289 omnes
3069 2228 3329 2284 Ecclesia:

1734 2340 1879 2396 Asiae
1924 2338 2258 2394 festinabant
2311 2335 2379 2389 ad
2436 2348 2584 2398 eum,
2634 2341 2697 2386 ut
2744 2329 3203 2400 participarentur
3258 2322 3328 2377 de

1737 2434 2005 2506 spirituali
2038 2432 2155 2502 ejus
2201 2427 2601 2485 benedictione.
2641 2422 2877 2477 Maxime
2908 2430 3090 2474 autem
3118 2428 3171 2472 et
3197 2432 3328 2471 san-

1736 2539 1886 2585 ctum
1920 2526 2283 2598 Polycarpum
2320 2520 2706 2580 hortabantur,
2755 2525 2816 2570 ut
2863 2528 2987 2568 eum
3034 2511 3324 2573 animaret,

1737 2639 1847 2693 quo
1873 2626 2289 2677 consummatus
2319 2630 2351 2671 a
2399 2613 2614 2677 bestiis,
2653 2608 2946 2665 invisibilis
2996 2604 3204 2660 mundo
3246 2600 3328 2658 ef-

1738 2714 1935 2779 fectus,
1967 2720 2393 2783 prtesentaretur
2420 2705 2709 2761 obtutibus
2734 2702 2961 2759 Christi.

1812 2806 1927 2878 (90)

2318 2955 2359 3010 E
2394 2955 2642 3012 CAPlTE
2680 2953 2746 3009 ν.

1817 3114 1832 3129 .
1872 3116 1887 3130 .
1922 3117 1936 3129 .
1974 3115 1987 3129 .
2023 3113 2037 3128 .
2073 3113 2088 3127 .
2125 3112 2140 3127 .
2181 3071 2249 3126 Ει
2281 3071 2476 3125 exinde
2518 3069 2894 3138 proﬁciscens,
2928 3063 3106 3133 ijzc
3132 3075 3329 3131 appro-

52 3172 186 3225 lato?
217 3191 236 3222 ι
282 3167 541 3239 lgnatius
566 3163 705 3220 dixit
736 3180 749 3215 :
804 3179 823 3212 ι
867 3158 1025 3213 Illum
1066 3156 1160 3227 qui
1204 3150 1476 3209 cruciﬁxit
1508 3163 1638 3218 pec-
1667 3142 1709 3201 C
1744 3167 2048 3238 ρίηψηνη.
2083 3166 2363 3219 Αάδηοιηε
2390 3170 2570 3216 autem
2598 3158 2903 3229 Mapolim,
2930 3172 3027 3227 per
3054 3154 3320 3222 philippe‘

52 3274 244 3328 catum,
277 3270 336 3317 et
382 3261 729 3314 inventorem
769 3253 931 3324 ejus;
981 3258 1036 3305 et
1077 3248 1172 3318 qui
1226 3261 1333 3300 non
1377 3240 1642 3313 justiﬁcat

54 3356 317 3411 idolorum
346 3352 693 3414 servitorem,
731 3345 827 3403 sed
859 3344 953 3415 qui
986 3343 1040 3397 in
1074 3339 1238 3396 corde
1277 3351 1380 3392 suo
1422 3335 1526 3387 hoc
1551 3348 1641 3387 sa-

50 3450 139 3519 pit.
178 3468 197 3501 ›
228 3446 514 3516 Trajanus
565 3442 751 3497 dixit:
796 3457 815 3491 ‹
860 3437 943 3492 Tu
994 3449 1125 3505 ergo
1171 3434 1229 3487 in
1271 3429 1448 3499 teipso
1483 3425 1641 3481 Chri-

53 3553 185 3599 stum
214 3540 446 3614 gestas?
476 3558 496 3592 ι
528 3535 768 3607 lgnatius
794 3532 934 3586 dixit
978 3548 992 3584 :
1031 3548 1049 3579 ι
1087 3526 1309 3595 Utique.
1363 3520 1638 3590 Scriptum

51 3646 125 3692 est
144 3611 292 3693 enim
328 3654 343 3690 :
383 3630 657 3687 llabitabo
687 3629 743 3681 in
770 3626 868 3689 eis,
902 3634 951 3677 et
990 3616 1350 3699 inambulabo.
1388 3633 1406 3665 ι
1443 3611 1637 3680 Traja-

52 3746 148 3785 nus
176 3728 365 3784 dixit:
412 3744 431 3776 ι
464 3722 734 3795 lgnatium
783 3715 995 3779 censui,
1035 3712 1307 3767 dicentem
1356 3707 1412 3760 in
1458 3704 1638 3773 seipso

52 3825 330 3877 continere
363 3818 717 3880 cruciﬁxum,
748 3813 994 3865 vinctum
1038 3822 1068 3860 a
1104 3802 1373 3859 militibus
1415 3795 1637 3869 perduci

54 3917 111 3969 ad
138 3929 399 3986 magnam
438 3910 631 3966 urbem
664 3906 922 3966 Romam,
950 3914 1134 3955 escam
1162 3893 1350 3951 bestiis
1376 3906 1475 3962 pro
1503 3904 1636 3943 avo-

54 4009 258 4062 catione
280 4005 493 4077 populi.
531 4023 549 4055 ι
591 4000 745 4055 Hanc
770 3995 1101 4054 sententiain
1149 3988 1378 4045 audiens
1417 3991 1639 4041 sanctus

54 4112 252 4171 martyr
290 4097 563 4169 lgnatius,
600 4108 724 4148 cum
783 4089 984 4154 gaudio
1024 4082 1340 4144 exsultavit,
1393 4078 1584 4133 dicens
1622 4093 1636 4128 :

59 4210 75 4243 ι
108 4168 454 4247 Gratiastibi
496 4201 620 4258 ago,
678 4183 927 4247 Domine,
978 4176 1238 4249 quoniam
1275 4187 1364 4227 me
1402 4168 1641 4241 perfecte

55 4284 334 4340 bonurasti
387 4282 445 4336 in
490 4287 587 4335 tua
633 4276 943 4340 dilectione,
984 4281 1039 4327 et
1077 4270 1302 4340 dignum
1340 4280 1427 4319 me
1460 4260 1639 4318 fecisti

119 4460 233 4531 (‘20)
270 4460 552 4529 lntegrum
592 4463 755 4523 caput
786 4453 842 4531 ξ,
878 4464 1003 4531 cum
1064 4454 1215 4518 parte
1258 4444 1506 4531 proxini‘e
1548 4455 1637 4496 se-

56 4510 503 4600 qu‘e—ii'tis—galﬁest
556 4541 587 4579 a
632 4510 1317 4600 ms..Co_ttoniaiio;__qua:
1354 4514 1571 4600 quidem
1610 4527 1642 4566 e
1674 4510 1716 4562 D

57 4582 650 4671 tje—rtio—l'g'natianarum
686 4593 1042 4663 epistolaruni
1070 4582 1641 4643 collectore‘Usserius

58 4675 342 4727 supplevit.

121 4691 150 4742 p
195 4691 342 4727 ieVit.

124 4691 236 4814 (ξι)
278 4742 410 4809 Leg.
440 4758 458 4789 ι
494 4736 912 4814 Tyrrhenicum.
955 4750 973 4783 ι

124 4808 237 4881 (2‘2)
276 4808 430 4865 Alter
477 4818 637 4881 vetus
680 4808 1012 4881 interpres“:

58 4867 305 4948 Pocioi'is,
366 4902 385 4931 ι
449 4879 540 4933 ubi
588 4867 925 4948 legenduin_¢
959 4872 1221 4948 Puteolis.
1269 4890 1285 4918 ι
1318 4867 1419 4948 llic
1459 4876 1641 4919 autem

58 4941 413 5007 Cottonianus
466 4941 738 5016 interpres
799 4964 816 4995 ι
878 4941 1561 5016 Pontiolum_cpiscopun_i
1616 4955 1635 4987 ι

59 5022 360 5088 fabricavit,
388 5034 556 5090 quem
600 5008 654 5070 et
682 5024 872 5071 sancto
898 5086 906 5090 _
932 5014 1137 5090 lgnatio
1183 5011 1402 5089 obviam
1443 5008 1642 5060 exiisse

59 5096 228 5160 finxit,
251 5080 573 5160 Graecorum
599 5103 718 5160 qua}
745 5080 986 5139 vertebat
1007 5086 1268 5137 Actorum
1291 5080 1472 5133 minus
1496 5087 1641 5131 rcctc

62 5157 303 5233 percepta
332 5159 629 5233 sententia.
654 5157 861 5233 ‘Usssn.

127 5224 236 5304 (25')
277 5230 542 5287 Exactior
571 5230 794 5304 quidem
825 5228 968 5304 alius
990 5224 1470 5304 vetus_interpres.

280 5305 520 5375 Reliqua
571 5291 766 5375 borum
808 5297 1069 5375 Actorum
1108 5294 1378 5375 similiter
1426 5291 1636 5373 prmsti-

67 5361 265 5447 tisseui,
318 5361 438 5429 nisi.
473 5369 789 5440 interpretis
819 5368 1120 5422 obstitisset
1159 5361 1403 5437 ἀκρισία,
1439 5364 1532 5429 qui
1584 5362 1639 5412 in

1079 4819 1097 4851 ι
1153 4798 1400 4854 Ostensis
1451 4802 1642 4850 sancto

1742 3260 1855 3314 sios
1887 3257 2106 3313 transiit
2151 3254 2531 3310 Macedoniam
2572 3251 2825 3322 pedibus,
2858 3258 2913 3303 et
2950 3246 3175 3317 Epirum
3205 3258 3328 3314 quae

1738 3359 1826 3405 est
1845 3351 2003 3419 juxta
2029 3346 2417 3418 Epidamnium
2469 3359 2630 3399 secus
2684 3356 2865 3406 mare;
2920 3347 3084 3407 atque
3130 3335 3329 3391 exinde

1740 3442 1922 3497 navim
1954 3438 2355 3501 conscendens,
2390 3434 2669 3504 navigavit
2698 3450 2794 3503 per
2816 3432 3154 3485 Adriaticum
3178 3428 3331 3497 pela-

1738 3551 1859 3607 gus.
1905 3533 1974 3587 Et
2017 3548 2140 3588 cum
2190 3531 2315 3586 inde
2357 3528 2682 3584 ascenderet
2728 3525 2794 3580 ad
2826 3523 3152 3594 Tyranicum
3187 3519 3326 3591 (2t),

1738 3635 2023 3683 ostensum
2055 3633 2139 3679 est
2170 3631 2362 3678 sancto
2404 3618 2657 3673 Pontiolo
2699 3618 2812 3687 (2:2)
2858 3615 3136 3684 episcopo,
3181 3611 3331 3681 quod

1738 3721 1854 3791 ipse
1878 3718 2210 3774 transiturus
2233 3723 2397 3770 esset.
2431 3711 2497 3765 Et
2522 3711 2737 3766 obviam
2773 3709 2822 3762 ei
2862 3708 3069 3769 exiens,
3102 3703 3331 3759 festina-

1738 3813 1834 3867 bat
1867 3809 2021 3880 sequi
2051 3808 2171 3878 ejus
2198 3806 2430 3876 vestigia
2473 3813 2733 3872 tanquam
2768 3798 2999 3870 apostoli
3044 3795 3218 3849 Pauli.
3266 3793 3332 3849 Et

1740 3917 1852 3957 non
1900 3900 2075 3970 potuit
2117 3897 2296 3967 sequi,
2337 3895 2536 3965 spiritu
2570 3892 2728 3947 navis
2755 3906 2932 3961 prorae
2956 3886 3329 3942 incumbente.

1742 3995 1809 4049 Et
1840 3994 2103 4065 lgnatius,
2131 3991 2452 4045 beatiﬁcans
2485 3988 2539 4042 in
2564 4002 2630 4042 eo
2664 3987 2787 4040 loco
2828 3984 3050 4037 fratrem
3078 3994 3238 4035 suum
3276 3977 3334 4031 in

1740 4088 2034 4143 dilectione
2064 4084 2201 4157 (25),
2251 4083 2325 4137 ita
2372 4079 2669 4151 navigavit.
2709 4078 2957 4146 Denique
2996 4088 3105 4128 una
3148 4070 3237 4125 die
3283 4076 3337 4122 et

1739 4194 1802 4233 ea
1850 4187 2010 4232 nocte
2050 4175 2327 4247 prosperis
2377 4172 2554 4227 ventis
2585 4170 2693 4237 usi,
2735 4173 3104 4239 pervenerunt
3135 4162 3204 4217 ad
3243 4176 3336 4215 ur-

1741 4271 1864 4326 bem
1888 4271 2119 4325 Romam
2153 4267 2268 4338 (‘24)

1744 4455 1914 4511 rebus
1957 4460 2248 4523 postquam
2296 4447 2527 4501 Romam
2584 4443 2855 4523 attigisset
2885 4436 3122 4513 lgnatius
3167 4446 3335 4500 expo-

1746 4511 1973 4589 mendis,-
1995 4511 2303 4592 posthabita
2333 4532 2522 4592 eorum
2562 4515 2656 4583 qui
2695 4511 2857 4591 'agoiii
2897 4511 3167 4583 martyris
3191 4517 3331 4571 pric-

1747 4575 2196 4650 sentesadfuisse
2233 4605 2291 4642 se
2316 4575 2939 4643 dixerunt'narratione,
2968 4575 3331 4650 recentiorem

1746 4643 2305 4733 biograpﬁh—uniisequi
2339 4657 2513 4733 magis
2551 4653 2754 4733 voluit;
2791 4649 2884 4719 qui
2935 4647 3143 4733 poetica
3178 4643 3335 4733 plane

1746 4714 2066 4801 lideoloi'igos
2091 4714 2372 4801 serin'ones
2398 4714 2538 4779 ίιῖιει·
2566 4714 2948 4801 imperatorem
2981 4728 3034 4770 et
3067 4714 3333 4784 lgnatium

1748 4804 1947 4859 ibidem
1972 4796 2379 4860 intercessisse,
2413 4806 2465 4849 et
2500 4796 2649 4847 varia
2676 4797 3076 4855 tormentorum
3109 4796 3331 4853 genera,

1746 4883 1873 4927 ante
1918 4881 2225 4927 extremum
2280 4865 2640 4937 supplicium,
2700 4860 2993 4937 pertulisse
3040 4864 3333 4923 martyrem

1746 4951 2091 4999 commentus
2120 4949 2236 5004 est;
2268 4932 2761 4992 cum—cruciatuuni
2790 4932 3008 4983 illorum
3036 4940 3213 5003 neque
3242 4936 3337 4973 an-

1747 4997 1984 5082 tiquiora
2020 5012 2176 5074 Acta,
2206 4997 2383 5077 neque
2419 5004 2958 5082 ipse-Metaphrastes.
2987 4997 3333 5082 attentioi‘iem

2198 5059 2397 5149 8156;:
2419 5059 2731 5149 Parthicam
2766 5070 3165 5149 expeditionem
3195 5059 3332 5149 Tlra-

1739 5157 1930 5237 januin
1983 5131 2549 5220 nunquaeromani
2599 5131 2853 5205 rediisse,
2897 5141 3127 5237 idleoque
3172 5131 3336 5185 rebus

1802 5227 1830 5237 -'
1919 5227 1926 5235 ·
1982 5236 1987 5237 γ
2240 5236 2243 5237 ν
2363 5221 2372 5230 ·
2430 5234 2445 5237 Α
2646 5214 2883 5237 “unum.
2992 5218 3185 5237 ..εησιιισι
3236 5214 3336 5237 nne

1744 5208 1864 5281 istis
1917 5208 2181 5278 interesse:
2227 5221 2453 5274 omnino
2502 5234 2607 5269 non
2645 5214 2906 5283 potuisse,
2942 5208 3188 5260 Romana
3234 5214 3337 5255 nos

1743 5299 1936 5352 doceat
1970 5292 2218 5350 historia.
2257 5289 2544 5354 USSERIUS,
2577 5281 2865 5355 iii—pradat.
