3802 6210
38 270 123 327 i913
1143 275 1580 331 BESCRIPTUM
1621 276 1706 331 DE
1739 276 2198 333 CHRISTIANIS.

3183 288 3288 343 εδει

216 438 282 497 C.
318 436 527 498 Plinii
589 436 866 499 Secundi
898 482 913 510 ,
946 437 1261 517 Bithynia:
1312 440 1740 518 proprmtoris,
1781 441 1855 501 ad
1897 443 2192 503 eumdem
2247 447 2324 505 de
2352 445 2619 517 eisdem,
2656 446 2904 508 Relatio
2937 449 3085 525 (26).

98 600 347 653 Sclemue
384 609 477 654 est
503 600 674 666 mihi,
700 600 937 663 domine,
964 600 1146 656 omnia
1172 601 1240 656 de
1270 602 1472 672 quibus
1498 602 1603 656 du—
1635 604 1682 660 Α
1708 618 1795 657 res
1826 619 1999 659 annos
2022 648 2036 671 ,
2097 619 2205 660 non
2264 621 2423 661 nemo
2460 608 2624 662 etiam
2658 617 2781 663 ante
2814 609 3003 680 viginti
3033 628 3286 682 quoque;

36 694 153 755 bitu,
184 691 248 743 ad
308 700 363 745 te
424 690 665 747 referre.
712 691 848 759 Quis
893 693 1037 748 enim
1071 700 1250 762 potest
1295 694 1493 748 melius
1523 694 1607 748 vel

36 785 424 840 cunctationem
494 801 678 840 meam
729 800 939 857 regere,
989 786 1076 840 vel
1122 786 1486 856 ignorantiam
1519 786 1608 840 in-

36 880 262 935 struere?
293 878 733 951 Cognitionibus
754 880 821 935 de
852 879 1184 936 Christianis
1216 879 1436 936 interfui
1467 896 1608 935 nun-

34 988 220 1041 quam:
270 972 400 1026 ideo
427 973 625 1028 nescio
665 972 816 1042 quid,
871 982 924 1027 et
955 981 1246 1042 quatenus,
1304 982 1398 1027 aut
1426 972 1608 1044 puniri

34 1064 217 1130 soleat,
247 1073 344 1117 aut
369 1066 576 1135 quaeri.
611 1063 721 1119 Nec
764 1064 1110 1119 mediocriter
1159 1065 1430 1131 haesitavi,
1465 1065 1607 1120 sitne

31 1158 229 1227 aliquod
272 1156 588 1211 discrimen
636 1158 897 1211 aetatum?
957 1172 1026 1213 an
1070 1158 1374 1227 quamlibet
1432 1156 1605 1211 teneri

34 1251 151 1303 nihil
177 1267 206 1304 a
238 1251 667 1306 robustioribus
695 1250 991 1305 differant?
1018 1250 1247 1305 deturne
1274 1249 1608 1320 pmnitentia‘.

30 1343 205 1396 venia?
233 1359 303 1396 an
330 1342 411 1406 ei,
448 1344 548 1414 qui
578 1345 803 1399 omnino
828 1342 1181 1399 Christianus
1211 1344 1344 1408 fuit,
1375 1345 1605 1401 desiisse

32 1449 122 1486 non
158 1435 379 1502 prosit?
406 1450 619 1489 nomen
652 1435 853 1504 ipsum,
890 1435 1106 1490 etiamsi
1145 1435 1363 1505 ﬂagitiis
1398 1444 1602 1503 careat,

29 1542 84 1578 an
121 1525 318 1596 flagitia
345 1527 693 1581 cohaerentia
720 1528 926 1582 nomini
954 1528 1287 1597 puniantur?
1310 1527 1526 1582 Interim
1549 1527 1604 1582 in

30 1616 101 1679 iis,
128 1619 217 1685 qui
260 1617 332 1671 ad
379 1634 477 1672 me
516 1627 783 1687 tanquam
833 1618 1133 1673 Christiani
1188 1617 1602 1685 deferebantur,

31 1708 154 1763 hunc
186 1725 310 1764 sum
368 1721 602 1765 secutus
656 1710 901 1765 modum.
952 1708 1287 1781 Interrogavi
1319 1711 1500 1781 ipsos,
1533 1726 1601 1765 an

30 1809 193 1853 c~sent
234 1800 597 1855 Christiani?
630 1801 954 1855 confitentes
987 1801 1186 1856 iterum
1236 1817 1301 1856 ac
1334 1802 1495 1857 tertio
1521 1802 1605 1855 in-

29 1891 304 1961 terrogavi,
339 1892 682 1962 supplicium
717 1894 957 1950 minatus
991 1911 1004 1946 :
1038 1906 1446 1964 perseverantes
1476 1895 1603 1950 duci

1711 709 1904 748 omnes
1958 702 2012 748 et
2062 695 2351 765 imaginem
2409 708 2554 752 tuam
2604 698 2941 769 deorumque
2992 700 3286 758 simulacra

1710 786 1953 839 venerati
1989 798 2139 855 sunt,
2170 796 2225 842 et
2250 786 2471 843 Christo
2516 789 2935 849 maledixerunt.

1780 875 2140 933 Affirmabant
2193 889 2373 934 autem
2424 880 2569 935 hanc
2644 880 2816 936 fuisse
2868 898 3139 939 summam
3199 884 3285 939 vel

1709 968 1883 1037 culpae
1924 984 2067 1036 suae,
2120 970 2203 1025 vel
2262 971 2501 1038 erroris,
2556 975 2700 1043 quod
2742 983 2929 1029 essent
2960 975 3106 1030 soliti
3141 984 3289 1031 stato

1709 1058 1799 1113 die
1836 1068 1963 1117 ante
2016 1061 2191 1117 lucem
2248 1064 2577 1130 convenire,
2636 1081 2971 1135 carmenque
3025 1066 3284 1133 Christo,

1706 1151 1866 1221 quasi
1924 1150 2038 1207 Deo
2066 1192 2079 1217 ,
2114 1154 2294 1209 dicere
2344 1170 2531 1211 secum
2586 1156 2859 1224 invicem;
2898 1172 3064 1227 seque
3096 1172 3284 1212 sacra-

1708 1254 1895 1298 mento
1930 1260 2038 1300 non
2085 1245 2139 1298 in
2199 1245 2377 1301 scelus
2406 1246 2624 1315 aliquod
2672 1249 3034 1317 obstringere,
3080 1250 3173 1303 sed
3215 1264 3286 1304 ne
3348 1264 3361 1270 '

1706 1335 1873 1399 furta,
1902 1352 1970 1391 ne
2003 1337 2309 1405 latrocinia,
2344 1356 2411 1393 ne
2438 1340 2705 1394 adulteria
2748 1341 3189 1407 committerent,
3216 1357 3285 1396 ne

1710 1427 1868 1481 fidem
1902 1428 2173 1495 fallerent,
2210 1446 2277 1485 ne
2296 1430 2599 1501 depositum
2635 1433 2888 1502 appellati
2917 1433 3282 1503 abnegarent,

1698 1522 1906 1591 quibus
1939 1524 2196 1591 peractis,
2226 1540 2433 1578 morem
2467 1526 2569 1580 sibi
2603 1526 2917 1581 discedendi
2940 1526 3130 1593 luisse,
3163 1544 3286 1582 rur-

1705 1629 1909 1682 susque
1932 1616 2161 1669 coeundi
2183 1617 2251 1671 ad
2278 1618 2600 1687 capiendum
2637 1620 2819 1673 cibum
2848 1662 2864 1687 ,
2903 1622 3282 1691 promiscuum

1705 1712 1885 1758 tamen
1938 1714 1993 1760 et
2034 1707 2353 1773 innoxium;
2389 1710 2532 1779 quod
2586 1710 2764 1780 ipsum
2806 1711 2988 1767 facere
3022 1714 3286 1782 desiisse,

1704 1806 1827 1863 post
1872 1797 2108 1852 edictum
2164 1815 2368 1867 meum,
2419 1816 2533 1871 quo
2584 1804 2885 1858 secundum
2911 1808 3165 1861 mandata
3191 1815 3285 1862 tua

1708 1885 1961 1943 hetaerias
2013 1904 2135 1943 esse
2182 1900 2481 1945 vetueram.
2517 1892 2638 1959 Quo
2686 1895 2862 1963 magis
2908 1900 3283 1954 necessarium

24 1954 600 2054 jussivNeque-enim
635 1985 952 2039 dubitabam
994 1954 1403 2055 (qualecunque
1433 1995 1598 2052 esset,
1633 1954 1677 2012 Β
1705 1978 1929 2045 credidi,
1965 1994 2029 2033 ex
2053 1980 2265 2037 duabus
2296 1954 2681 2054 ancillisxquae
2714 1954 2980 2042 ministrae
3004 1988 3275 2043 diceban-

28 2077 154 2145 quod
187 2076 535 2147 faterentur)
567 2077 930 2147 pervicaciam
968 2086 1115 2132 certe
1152 2086 1207 2131 et
1251 2077 1602 2133 inflexibilem

27 2171 445 2225 obstinationem
483 2171 685 2225 debere
714 2171 916 2240 puniri.

84 2261 319 2317 Fuerunt
376 2264 478 2318 alii
534 2263 735 2319 similis
770 2264 1057 2329 amentiae,
1090 2278 1227 2334 quos
1259 2262 1409 2333 (quia
1454 2263 1601 2319 cives

28 2352 236 2409 Romani
296 2358 494 2425 erant)
561 2356 815 2411 annotavi
859 2357 912 2409 in
972 2353 1171 2410 Urbem
1207 2357 1598 2411 remittendos:

29 2462 134 2500 mox
160 2447 277 2516 ipso
309 2458 585 2513 tractatu,
624 2462 682 2502 ut
717 2448 831 2501 fieri
860 2448 1017 2512 solet,
1055 2447 1388 2502 diffundente
1409 2464 1466 2503 se
1489 2448 1600 2503 cri-

30 2535 180 2597 mine,
209 2536 404 2604 plures
448 2536 667 2605 species
700 2537 1028 2591 inciderunt.
1066 2536 1390 2607 Propositus
1424 2547 1505 2593 est
1532 2539 1565 2592 li
1587 2566 1602 2579 -

28 2624 179 2680 bellus
207 2628 331 2682 sine
382 2638 641 2693 auctore,
673 2628 968 2682 multorum
1014 2629 1233 2683 nomina
1271 2630 1559 2684 continens
1583 2670 1598 2695 ,

28 2718 105 2785 qui
135 2729 401 2790 negarent
441 2736 502 2775 se
533 2735 656 2774 esse
685 2719 1066 2788 Christianos,
1100 2730 1193 2775 aut
1233 2720 1403 2778 fuisse
1428 2763 1443 2787 ,
1474 2738 1599 2777 cum

28 2821 278 2876 prmeunte
346 2828 447 2867 me
506 2813 641 2867 deos
695 2814 1064 2883 appellarent,
1121 2824 1175 2869 et
1218 2814 1440 2885 imagini
1494 2824 1600 2868 tua;

31 2906 190 2971 (quam
237 2914 477 2975 propter
520 2904 626 2959 hoc
666 2906 941 2974 jusseram
991 2922 1115 2961 cum
1156 2907 1467 2961 simulacris
1498 2923 1598 2960 nu-

32 2998 213 3049 minum
272 2996 493 3068 afferri)
546 2997 703 3052 thure
750 3013 815 3052 ac
856 2998 983 3053 vino
1014 3000 1419 3069 supplicarent,
1455 3014 1595 3068 pra:-

32 3093 151 3139 terea
176 3088 583 3143 maledicerent
610 3086 830 3143 Christo
848 3092 1101 3158 (quorum
1126 3090 1261 3143 nihil
1291 3090 1408 3159 cogi
1433 3104 1597 3159 posse

30 3176 279 3246 dicuntur,
312 3180 415 3249 qui
452 3188 585 3235 sunt
616 3195 801 3233 revera
851 3179 1211 3249 Christiani):
1243 3180 1595 3235 dimittendos

1705 2078 1813 2135 tur,
1859 2071 1989 2139 quid
2022 2081 2164 2126 esset
2207 2074 2320 2127 veri
2366 2083 2421 2128 et
2460 2090 2557 2143 per
2581 2085 2849 2131 tormenta
2876 2094 3139 2147 quarere.
3174 2081 3282 2136 Sed

1704 2162 1847 2215 nihil
1873 2162 2020 2219 aliud
2058 2164 2265 2229 inveni,
2297 2181 2460 2235 quam
2496 2167 2939 2243 superstitionem
2977 2184 3198 2239 pravam
3228 2181 3283 2227 et

1702 2254 2053 2311 immodicam
2087 2276 2098 2310 :
2146 2258 2375 2328 ideoque
2422 2259 2589 2319 dilata
2624 2261 2935 2332 cognitione
2977 2262 3045 2317 ad
3073 2278 3278 2320 consu-

1700 2346 1922 2402 lendum
1958 2358 2008 2401 te
2028 2349 2265 2404 decurri.

1774 2438 1904 2495 Visa
1935 2452 2018 2497 est
2040 2444 2185 2497 enim
2219 2444 2352 2497 mihi
2382 2460 2470 2499 res
2494 2445 2656 2517 digna
2699 2446 3125 2515 consultatione,
3158 2463 3276 2504 ma-

1704 2533 1849 2588 xime
1891 2547 2114 2605 propter
2138 2536 2564 2606 periclitantium
2594 2555 2905 2595 numerum.
2940 2540 3090 2595 Multi
3132 2542 3281 2597 enim

1700 2626 1879 2681 omnis
1910 2628 2109 2691 tetatis,
2146 2629 2326 2684 omnis
2358 2629 2592 2697 ordinis,
2614 2632 2904 2703 utriusque
2927 2649 3090 2688 sexus
3114 2633 3279 2689 etiam

1700 2727 1967 2772 vocantur
1998 2719 2054 2772 in
2087 2720 2413 2789 periculum,
2448 2729 2501 2775 et
2526 2722 2890 2779 vocabuntur.
2917 2723 3103 2796 Neque
3131 2727 3278 2781 enim

1701 2812 1948 2868 civitates
1970 2823 2206 2879 tantum,
2239 2815 2332 2869 sed
2357 2816 2505 2870 vicos
2526 2817 2690 2870 etiam
2716 2827 2879 2889 atque
2903 2835 3063 2890 agros
3090 2836 3279 2891 super-

1699 2906 1939 2962 stitionis
1966 2907 2128 2962 istius
2166 2909 2419 2977 contagio
2450 2920 2744 2980 pervagata
2775 2917 2878 2975 est,
2914 2928 3034 2981 quae
3065 2912 3280 2967 videtur

1695 2999 1819 3054 sisti
1852 3007 1904 3053 et
1938 2999 2138 3069 corrigi
2166 3015 2358 3069 posse.
2409 2999 2570 3057 Certe
2618 3001 2752 3056 satis
2814 3013 3059 3071 constat,
3109 3019 3282 3074 prope

1694 3090 1806 3160 jam
1832 3089 2074 3144 desolata
2107 3090 2307 3159 templa
2331 3092 2562 3161 cmpisse
2588 3093 2892 3159 celebrari,
2916 3103 2970 3147 et
2998 3110 3152 3149 sacra
3185 3111 3277 3150 so-

1696 3182 1899 3237 lemnia
1924 3182 2016 3237 diu
2056 3182 2371 3238 intermissa
2421 3184 2612 3254 repeti,
2644 3185 2959 3255 passimque
2987 3187 3170 3240 venire
3194 3186 3277 3239 vi-

31 3267 205 3333 putavi.
231 3270 339 3323 Alii
370 3271 447 3325 ab
482 3270 666 3325 indice
694 3272 982 3337 nominati,
1008 3288 1130 3328 esse
1160 3288 1218 3327 se
1247 3272 1591 3327 Christianos
1622 3299 1665 3355 ε
1700 3277 1934 3339 ctimas;
1964 3290 2196 3343 quarum
2233 3277 2413 3330 adhuc
2438 3276 2753 3331 rarissimus
2796 3285 3007 3346 emptor
3034 3277 3277 3331 invenie-

28 3358 276 3425 dixerunt,
320 3371 380 3416 et
437 3378 570 3415 mox
610 3372 979 3433 negaverunt;
1010 3363 1178 3419 fuisse
1222 3364 1463 3434 quidem,
1499 3365 1591 3417 sed

28 3450 249 3521 desiisse,
292 3456 529 3526 quidam
562 3466 688 3511 ante
720 3457 1039 3525 triennium,
1067 3458 1289 3528 quidam
1315 3468 1438 3511 ante
1465 3458 1588 3526 plu-

1702 3365 1877 3419 batur.
1906 3362 1981 3418 Ex
2016 3380 2127 3435 quo
2172 3365 2328 3419 facile
2378 3377 2461 3420 est
2492 3368 2725 3436 opinari,
2758 3384 2879 3437 quae
2911 3369 3067 3422 turba
3096 3368 3275 3422 homi-

1703 3473 1831 3511 num
1861 3457 2140 3511 emeudari
2182 3458 2391 3526 possit,
2426 3458 2471 3513 si
2503 3460 2574 3513 sit
2602 3459 2931 3528 poenitentiae
2956 3460 3128 3514 locus.

814 3806 1066 3886 Trajani
1112 3806 1550 3885 imperatoris,
1586 3806 1665 3869 de
1701 3801 2104 3878 Christianis,
2138 3806 2565 3883 Rescriptum.

72 3966 327 4039 Trajanus
341 3970 530 4025 Plinio
560 3968 618 4023 S.
636 3968 830 4024 Actum
852 3985 1013 4039 quem
1029 3971 1286 4035 debuisti,
1302 3970 1374 4024 mi
1396 3969 1597 4023 Secun-

27 4060 106 4123 de,
133 4063 180 4115 in
207 4061 564 4118 excutiendis
597 4062 778 4116 causis
801 4061 1432 4131 eorum,quiChristiani
1453 4060 1518 4115 ad
1545 4069 1596 4115 te

26 4152 162 4207 delati
190 4154 435 4221 fuerant,
460 4163 683 4209 secutus
712 4170 791 4207 es.
821 4152 1003 4222 Neque
1032 4153 1174 4207 enim
1200 4155 1252 4207 in
1278 4154 1591 4207 universum

27 4244 229 4313 aliquid,
254 4246 409 4317 quod
435 4245 598 4315 quasi
621 4256 823 4299 certam
852 4246 1081 4299 formam
1101 4244 1317 4309 habeat,
1336 4243 1593 4298 constitui

27 4348 196 4401 potest.
228 4337 617 4407 Conquirendi
664 4352 770 4390 non
804 4344 961 4402 sunt;
995 4336 1041 4390 si
1074 4335 1390 4390 deferantur
1423 4345 1477 4389 et
1505 4350 1594 4389 ar-

1704 3983 1764 4023 se
1802 3967 2177 4024 Christianum
2210 3985 2350 4033 esse,
2389 3969 2549 4039 idque
2588 3969 2766 4038 reipsa
2812 3968 3161 4025 manifestum
3199 3970 3274 4026 fe-

1702 4061 1838 4113 cerit
1911 4061 2000 4129 (id
2037 4071 2122 4117 est
2178 4060 2538 4131 supplicando
2568 4060 2673 4114 diis
2707 4062 2971 4131 nostris),
3020 4064 3273 4130 quamvis

1699 4162 1988 4221 suspectus
2040 4155 2092 4208 in
2147 4155 2479 4223 praeteritum
2521 4153 2707 4219 fuerit,
2749 4153 2962 4208 veniam
2992 4169 3059 4208 ex
3092 4155 3270 4223 paeni-

1700 4246 1864 4299 tentia
1901 4245 2177 4315 impetret.
2206 4245 2333 4300 Sine
2368 4253 2591 4300 auctore
2620 4260 2747 4299 vero
2776 4246 3043 4313 pr0positi
3078 4247 3267 4312 libelli,

1698 4337 1847 4391 nullo
1870 4338 2101 4393 crimine
2127 4339 2304 4393 locum
2334 4339 2535 4392 habere
2566 4337 2784 4391 debent.
2808 4335 2943 4391 Nam
2972 4346 3027 4394 et
3047 4339 3267 4409 pessimi

28 4441 232 4495 guautur
252 4473 268 4497 ,
303 4430 577 4502 puniendi
603 4438 731 4483 sunt
757 4448 770 4483 :
804 4430 875 4484 ita
909 4437 1090 4483 tamen
1114 4436 1172 4482 ut
1197 4428 1289 4498 qui
1321 4428 1598 4499 negaverit
1627 4423 1671 4477 D
1703 4429 1957 4499 exempli,
1982 4446 2081 4485 nec
2114 4432 2282 4486 nostri
2308 4430 2493 4485 saeculi
2521 4437 2619 4483 est.

27 4736 115 4815 iam
140 4756 289 4795 mors
320 4740 491 4793 etiam
524 4738 629 4792 fuit
672 4738 1283 4815 multorumbonorum
1329 4736 1588 4815 concilia-

29 4808 149 4873 trix;
178 4831 195 4861 ι
248 4812 386 4880 quia
447 4812 595 4870 hoc,
636 4810 917 4880 nimirum,
952 4808 1246 4880 decretum
1321 4808 1591 4880 mitiorem

27 4875 284 4935 effecisset
316 4881 756 4949 persecutionem
780 4921 793 4941 ,
830 4878 919 4930 τὸν
940 4877 1184 4949 ῥιωγμὸν
1207 4875 1590 4947 μετριώτερον,

31 4952 166 5021 ut_in
215 4948 462 5021 Trajani
482 4950 708 5003 historia
752 4949 910 5021 habet
937 4948 1198 5021 Zonaras.

86 5019 189 5074 Sub
219 5017 385 5095 tertio
419 5019 644 5095 Trajani
677 5019 985 5095 consulatu,
1022 5017 1202 5095 quinia
1226 5032 1430 5095 annum
1463 5032 1585 5095 atrae

28 5087 333 5146 Christianae
374 5090 571 5144 incidit
605 5089 988 5153 centesimum,
1014 5086 1075 5142 C.
1111 5087 1348 5141 Plinium
1378 5086 1584 5142 Kalen-

28 5159 99 5231 dis
163 5161 588 5231 Septembribus
630 5160 997 5231 eonsulatum_
1038 5174 1197 5231 suum
1232 5157 1583 5231 honorarium

30 5228 213 5298 iniisse,
232 5227 297 5286 in
328 5232 637 5301 primorum
660 5244 930 5282 annorum
958 5227 1177 5301 Trajani
1206 5228 1399 5301 tabella
1422 5227 1584 5281 chro-

30 5303 256 5372 uologica
287 5299 404 5372 jam
435 5300 842 5363 indicavimus;
870 5313 980 5372 quo
1028 5299 1147 5372 ipso
1175 5300 1338 5372 etiam
1364 5311 1508 5352 anno
1530 5308 1583 5372 ei

29 5369 100 5444 die
143 5367 412 5444 insignem
442 5372 622 5444 illum
656 5370 1039 5444 panegyricum
1077 5368 1143 5421 ad
1181 5367 1581 5444 Trajanumnab

30 5438 127 5504 ipso
160 5437 328 5497 fuisse
362 5437 725 5501 ltabittun,7in
754 5437 1001 5508 ejusdem
1032 5448 1356 5508 argumento
1384 5437 1583 5508 confir-

30 5520 123 5582 niat
154 5512 392 5582 Lipsius.
424 5511 541 5582 Sub
573 5507 792 5582 quarto
818 5517 997 5561 tamen
1019 5507 1253 5582 _Trajani
1294 5507 1582 5582 consulatu

32 5577 232 5647 lactum'
270 5584 378 5636 hoc
429 5581 547 5633 vult
593 5577 903 5633 Baronius:
938 5578 1031 5647 qui
1076 5589 1128 5631 et
1157 5594 1302 5630 anim
1331 5577 1584 5645 proximo

30 5644 241 5705 Plinium
267 5652 612 5722 provmciatn
640 5644 1482 5722 suscepisse—administrandam,
1502 5655 1585 5698 at—

32 5734 118 5785 que
149 5724 245 5779 bas
269 5716 348 5777 'ad
408 5720 711 5791 Trajannm
748 5720 959 5774 litteras
1003 5718 1218 5773 dedisse
1268 5716 1580 5783 existimat;

1702 4734 1933 4804 indeque
1962 4752 1980 4783 ι
2024 4732 2223 4804 erroris
2265 4728 2513 4804 redargui
2544 4728 2665 4795 jure
2712 4745 2875 4798 posse
2905 4749 2922 4781 ι
2968 4728 3264 4804 Eusebium

1700 4805 1802 4861 sibi
1833 4797 1998 4857 videri
2028 4802 2296 4873 significat
2317 4841 2332 4865 ,
2352 4798 2506 4873 apud
2538 4797 2927 4873 quempositaa
2961 4815 3038 4854 eae
3063 4797 3265 4873 fuerint

1703 4893 1847 4931 anno
1874 4894 1892 4925 ‹
1926 4870 2216 4927 undecimo
2256 4890 2273 4920 ι
2313 4870 2557 4938 ejusdem
2595 4870 2964 4936 imperatoris,
3001 4870 3083 4923 vel
3120 4888 3139 4921 ε
3163 4870 3263 4924 de-

1692 4949 1835 5001 cimo
1868 4965 1885 4996 ›
1948 4944 2129 5012 potius
2150 4983 2166 5007 ,
2223 4950 2306 5012 ut_
2329 4957 2393 4995 ex
2450 4938 2931 5012 emendatiorihus
2961 4938 3261 5012 _Eus_ebiani

1693 5006 2253 5072 Chrouici'codicibus
2280 5009 2548 5077 Joscphus
2584 5008 2825 5078 Scaliger
2853 5010 3039 5063 edidit.
3070 5006 3263 5062 Videao

1692 5097 1779 5141 tur
1807 5087 1922 5155 ipse
1954 5083 2242 5155 Barouius,
2271 5085 2567 5155 adanuum
2588 5079 2809 5155 Christi
2957 5080 3131 5155 (num.
3159 5078 3262 5155 fet

1692 5160 1771 5227 5),
1806 5146 1968 5226 quem
1998 5170 2118 5208 alim
2153 5152 2479 5227 Christiana:
2511 5149 2749 5227 vulgaris
2792 5146 2975 5227 10am
3001 5146 3261 5227 Chronico

1691 5217 1790 5282 suo
1824 5217 1977 5280 recte
2008 5232 2257 5278 mnuerat
2290 5221 2350 5275 υ.
2389 5217 2670 5296 Petavius“;
2698 5220 2821 5273 licet
2841 5219 3057 5296 adﬂeum
3090 5217 3262 5296 histo-

1692 5300 1827 5352 riam
1858 5298 2000 5350 hane
2040 5311 2147 5349 non
2196 5302 2345 5365 recte
2374 5292 2592 5345 referat.
2628 5290 2801 5354 Quam
2851 5288 3085 5365 infirmis
3113 5288 3259 5365 enim

1688 5367 2015 5429 Baroniana,
2053 5380 2217 5433 quam
2246 5364 2361 5436 ille
2387 5370 2604 5436 sectans
2628 5368 2743 5436 est,
2781 5356 3046 5436 sententia
3073 5356 3259 5435 innixa

1689 5440 1855 5491 fuerit
1917 5426 2287 5489 fundamentis
2311 5473 2326 5496 ,
2363 5445 2412 5507 _a
2456 5428 2515 5482 P.
2565 5427 2834 5507 llal‘l'oixio
2867 5426 3117 5506 pluribus
3143 5426 3258 5507 jam

1690 5510 1892 5575 pridem
1917 5513 2323 5575 estostcnsum,
2352 5499 2540 5551 Natat.
2562 5500 2617 5551 in
2650 5496 2755 5551 Vit.
2785 5495 3145 5568 Ignatii,cap.
3169 5495 3259 5561 M,‘

1688 5574 1881 5648 quaest.
1914 5574 2204 5649 1._Usssu.
2405 5638 2415 5649 _

1762 5649 1873 5719 (9.6)
1914 5645 2054 5699 Plin.
2092 5645 2184 5697 lib.
2242 5658 2295 5705 χ,
2336 5638 2493 5708 epist.
2523 5635 2614 5691 97,
