3766 6370
1841 312 1897 365 S.
1938 310 2069 365 POL
2079 308 2398 368 YCARPUS
2437 308 2745 365 MARTYR.

1377 481 1761 545 Tertulliani
1812 482 1891 542 de
1950 482 2068 543 hoc
2124 482 2375 561 Trajani
2410 484 2744 559 Rescripta
2790 480 3128 543 sententia.

692 645 909 703 Plinius
937 645 1255 713 Secundus,
1286 663 1412 704 cum
1439 648 1779 719 provinciam
1812 655 2039 715 regeret,
2064 646 2210 699 dam-
2237 651 2284 707 Α
2312 648 2610 716 quirendos
2670 658 2729 702 ut
2792 648 3109 703 innocentes
3136 686 3151 710 ,
3208 654 3263 701 et
3301 646 3495 702 mandat
3526 650 3682 717 puniceis

619 741 766 796 uatis
815 740 1143 811 quibusdam
1201 740 1567 805 Christianis,
1628 741 1957 812 quibusdam
2024 739 2199 810 gradu

616 833 811 903 pulsis,
870 834 988 903 ipsa
1034 842 1212 888 tamen
1249 833 1601 888 multitudine
1645 832 2019 903 perturbatus,
2068 831 2199 902 quid

617 923 683 977 de
705 933 901 978 caatero
929 934 1113 994 ageret
1147 926 1427 980 consuluit
1458 934 1589 981 tunc
1623 923 1923 994 Trajanum
1964 924 2200 993 impera-

616 1026 793 1070 torem
819 1033 830 1069 :
865 1016 1129 1086 allegans,
1161 1026 1358 1086 prwter
1390 1016 1815 1072 obstinationem
1849 1031 1958 1070 non
1988 1014 2200 1070 sacriﬁ-

615 1107 797 1173 candi,
828 1108 965 1161 nihil
1010 1110 1155 1164 aliud
1209 1125 1268 1164 se
1295 1109 1362 1164 de
1396 1109 1764 1165 sacramentis
1809 1122 2001 1163 eorum
2044 1123 2197 1163 com-

614 1201 843 1270 perisse,
907 1218 1069 1270 quam
1135 1210 1312 1256 coetus
1372 1200 1730 1255 antelucanos
1776 1199 1845 1253 ad
1890 1197 2190 1253 canendam

612 1294 853 1361 Christo,
906 1302 965 1348 ut
1008 1293 1153 1360 Deo,
1188 1301 1243 1348 et
1300 1291 1369 1347 ad
1420 1290 1905 1347 confatderandum
1952 1289 2194 1359 discipli-

614 1402 766 1451 nam,
798 1386 1183 1453 homicidium,
1221 1385 1577 1452 adulterium,
1611 1383 1882 1451 fraudem,
1908 1383 2190 1454 perﬁdiam

610 1487 665 1533 et
701 1487 895 1534 caatera
931 1479 1137 1535 scelera
1173 1479 1546 1549 prohibentes.
1590 1475 1745 1532 Tunc
1790 1475 2061 1546 Trajanus
2109 1491 2195 1530 re-

612 1570 854 1640 scripsit.
884 1570 988 1625 hoc
1032 1585 1205 1639 genus
1239 1569 1597 1640 inquirendos
1630 1568 1854 1639 quidem
1896 1583 2005 1622 non
2039 1581 2189 1634 esse;

612 1663 828 1717 oblatos
858 1678 987 1717 vero
1019 1664 1199 1733 puniri
1234 1672 1511 1733 Oportere.

682 1754 728 1810 Ο
776 1756 1103 1811 sententiam
1153 1756 1481 1811 necessitate
1528 1753 1852 1811 confusam!
1895 1752 2066 1824 Negat
2102 1753 2184 1808 in-

624 1986 3692 2021 ——_—_————————_—l_w—.——_—_‘

1183 2222 3330 2439 S.POLYCARPUS

1945 2624 2553 2739 MARTYR

977 2920 2373 3080 SMYRN/EORUM
2483 2922 3507 3083 EPISCOPUS

1678 3300 2844 3525 PROLEGOMENA

1251 3813 1486 3877 (Herem,
1514 3814 1723 3863 Patrum
1762 3810 2141 3875 apostolicorum
2181 3808 2360 3870 Opera,
2396 3809 2475 3856 ed.
2504 3808 2550 3867 5,
2576 3807 2814 3869 Tubingaa
2843 3804 2981 3865 18-57,
3006 3806 3183 3866 in.8°.)

2307 746 2367 791 ut
2404 748 2686 795 nocentes.
2725 737 2911 796 Parcit
2956 748 3009 794 et
3050 742 3204 795 saevit
3239 738 3540 793 :dissimnlat
3564 748 3683 794 etatis

2316 830 2570 885 advertit.
2623 829 2764 897 Quid
2808 831 3161 901 temetipsum
3205 845 3427 886 censura
3454 832 3684 885 circumis?

2309 923 2367 977 Si
2402 924 2654 990 damnas,
2687 940 2786 979 cur
2808 940 2914 979 non
2948 934 3002 979 et
3033 923 3313 994 inquiris?
3361 922 3413 977 Si
3444 938 3531 976 non
3554 924 3682 992 inillilir.

2308 1030 2407 1070 cur
2422 1028 2534 1070 non
2549 1026 2603 1071 et
2624 1015 2900 1071 absolvis?
2914 1014 3253 1070 Latronibus
3284 1015 3563 1085 vestigandis
3575 1032 3629 1083 po

2304 1124 2499 1165 versas
2525 1108 2836 1178 provincias
2873 1109 3130 1164 militaris
3155 1109 3323 1164 statio
3363 1108 3685 1162 sortiturzinm

2303 1201 2609 1271 maiestatis
2638 1210 2692 1256 et
2713 1202 2966 1271 publicos
2984 1202 3169 1257 hostes
3189 1202 3369 1256 omnis
3382 1201 3518 1256 homo
3535 1201 3631 1254 mils
3642 1214 3686 1253 is.

2299 1294 2366 1348 ad
2390 1296 2592 1359 socios,
2622 1294 2689 1349 ad
2722 1293 2974 1350 conscios
3008 1309 3183 1363 usque
3215 1292 3483 1363 inquisitio
3505 1292 3678 1345 extemis

2303 1384 2493 1440 Solum
2532 1385 2908 1441 Christianum
2937 1385 3145 1455 inquiri
3173 1400 3285 1439 non
3320 1383 3454 1450 licet,
3478 1382 3686 1437 oﬁ‘errilet.

2300 1475 2458 1546 quasi
2507 1476 2655 1531 aliud
2693 1484 2884 1532 actura
2923 1484 3072 1531 esset
3099 1475 3405 1547 inquisitio,
3431 1490 3559 1545 quam
3582 1473 3685 1525 dalata.

2298 1569 2585 1625 Damnatis
2614 1586 2746 1641 ergo
2776 1569 3055 1636 oblatum,
3087 1585 3254 1640 quem
3286 1582 3440 1623 nemo
3462 1566 3585 1621 voluit

2293 1663 2457 1718 situm
2483 1679 2498 1729 ;
2533 1662 2811 1732 qui,puto,
2826 1662 2936 1732 jam
2963 1677 3073 1715 non
3100 1661 3225 1715 ideo
3250 1660 3443 1715 meruit
3467 1669 3691 1728 ρωιιιιιινξῡ

2290 1770 2494 1810 nocens
2526 1764 2611 1811 est
2637 1774 2651 1809 :
2676 1755 2769 1811 sed
2796 1755 2956 1824 quia,
2990 1768 3095 1809 non
3134 1750 3676 1824 requirendusﬁnmts.

1343 4098 1491 4187 DE
1555 4098 2146 4193 EPISTOLA
2200 4102 2295 4193 S.
2370 4099 3098 4195 POLYCARPI.

665 4308 705 4366 1.
743 4309 819 4365 De
843 4309 1037 4380 patria,
1070 4324 1287 4380 genere,
1318 4309 1440 4366 loco
1483 4326 1549 4366 ac
1586 4322 1830 4382 tempore
1872 4314 2171 4371 nativitatis

2280 4316 2372 4369 καὶ
2405 4315 2691 4387 ὑπηρετῶν
2724 4315 2817 4368 τοῦ
2850 4315 3056 4386 Κυρίου
3076 4354 3091 4379 ,
3138 4314 3240 4385 τὴν
3274 4308 3551 4381 ἐπισκοπὴν
3586 4304 3710 4371 ἒῒτεῑῧ

2283 4408 2535 4443 nun-Jun»
2623 4407 2752 4443 Ιῖἷιια
2820 4418 2997 4443 tamen
3047 4405 3313 4443 anlncim
3364 4405 3662 4443 onimnmlllm
3691 4354 3710 4443 il

594 4403 654 4460 S.
680 4404 961 4477 Polycarpi
991 4403 1125 4457 nihil
1152 4414 1488 4472 compertum
1518 4404 1799 4461 habemus.
1836 4404 1968 4473 Quae
1987 4416 2168 4463 autem
2198 4428 2248 4491 Β
2280 4408 2555 4479 ρισμένος.
2623 4407 2755 4477 Ejus
2820 4418 2998 4461 tamen
3046 4405 3313 4461 Ecclesiae
3364 4405 3703 4491 episcopium-72

591 4501 659 4554 de
682 4497 971 4567 apostolici
1004 4497 1167 4566 hujus
1196 4497 1297 4550 viri
1326 4497 1436 4551 vita
1472 4498 1539 4552 ad
1571 4514 1672 4553 nos
1694 4510 2078 4568 pervenerunt,
2107 4515 2172 4555 ea
2199 4487 2236 4491 ᾔ
2277 4498 2488 4554 Joanne
2514 4499 2765 4568 apostolo
2796 4498 2973 4567 ipsum
3019 4497 3301 4567 accepisse
3321 4540 3336 4564 ,
3362 4496 3529 4567 prodit
3547 4487 3710 4544 Tertull

591 4590 910 4646 Gallandius
944 4590 1084 4644 bene
1116 4589 1393 4659 congessit
1433 4589 1530 4660 (l).
1581 4608 1599 4641 ι
1635 4589 1718 4645 Ab
1751 4592 2012 4662 apostolis
2045 4608 2171 4647 eum

590 4687 866 4751 edoctum,
899 4693 953 4739 et
985 4700 1110 4740 eum
1149 4686 1357 4750 multis,
1406 4685 1498 4755 qui
1546 4683 1837 4738 Dominum
1900 4686 2167 4751 viderant,

592 4777 933 4832 familiariter
966 4787 1239 4831 versatum
1265 4793 1386 4833 esse
1408 4786 1639 4832 testatur
1660 4776 1895 4832 [remeas
1928 4778 2029 4849 (2),
2051 4778 2171 4847 ejus
2218 4845 2231 4856 ο

594 4867 919 4937 discipulus,
940 4867 1027 4923 his
1050 4869 1259 4923 verbis:
1284 4870 1394 4922 Kal.
1427 4869 1785 4939 Πολύκαρπος
1809 4869 1912 4921 ὑπὸ
1940 4868 2171 4922 ἀποστό-

589 4956 694 5010 λων
720 4957 1099 5027 μαθητευθεὶς,
1120 4958 1212 5009 καὶ
1235 4957 1697 5028 συναναστραφεὶς
1717 4956 1930 5019 πολλοῖς
1945 4959 2055 5020 τοῖς
2077 4956 2169 5009 τὸν

588 5048 823 5122 Χριστὸν
857 5048 1177 5120 ἑωρακόσιν.
1215 5047 1480 5119 Deinceps
1511 5047 1917 5119 Stnyrnaaorum
1952 5048 2167 5117 episco-

586 5156 715 5210 pum
746 5140 815 5194 ab
846 5139 981 5207 ipsis
1011 5137 1375 5192 familiaribus
1394 5153 1457 5191 ac
1490 5137 1758 5192 ministris
1788 5136 2003 5191 Domini
2036 5153 2169 5191 con-

586 5234 862 5299 stitutum,
918 5240 1043 5301 post
1070 5229 1331 5284 lrenaaum
1375 5230 1411 5283 l.
1446 5245 1496 5284 c.
1526 5229 1694 5282 tradit
1744 5227 2013 5283 Eusebius
2065 5229 2165 5299 (5),

584 5326 663 5380 sic
698 5324 973 5379 scribens:
1010 5321 1130 5374 Τῶν
1163 5320 1475 5375 ἀποστόλων
1507 5318 1769 5391 ὁμιλητὴς
1787 5318 2163 5391 Πολύχαρπος,

580 5418 680 5483 τῖις
716 5417 859 5471 κατὰ
908 5414 1158 5487 Σμύρναν
1182 5413 1507 5485 Ἐκκλησίας
1539 5412 1675 5484 πρὸς
1720 5411 1829 5464 τῶν
1881 5411 2164 5464 αὐτοπτῶν

653 5599 729 5663 ιι)
767 5596 909 5650 Bibl.
940 5605 1040 5649 vet.
1068 5593 1209 5660 PP.,
1251 5604 1290 5649 t.
1320 5593 1363 5661 l,
1394 5593 1634 5664 Proleg.,
1671 5610 1724 5663 p.
1760 5610 1894 5648 unt
1934 5610 2014 5663 sq.

653 5669 729 5733 ’2)
782 5667 1063 5736 ΑιίινίηΙιιεν.
1096 5681 1179 5736 ιιι,
1209 5666 1263 5721 5.
1292 5665 1447 5736 Apud
1471 5663 1669 5720 Επεὶ).
1710 5664 1782 5723 Η.
1809 5664 1900 5732 Ε.,
1923 5680 1973 5718 ιν
2034 5664 2119 5717 Η.

653 5740 730 5805 (.3)
775 5737 839 5787 ll.
879 5735 968 5803 Ε.,
1000 5750 1083 5800 ιιι,

2275 4609 2381 4649 nus
2418 4594 2525 4664 (4):
2563 4592 2741 4647 Edant
2780 4607 2938 4661 ergo,
2981 4591 3187 4661 inquit,
3224 4592 3448 4661 origines
3490 4568 3710 4640 Ecclesisﬂi

2274 4702 2528 4751 suarum;
2552 4685 2790 4739 evolvant
2822 4684 3057 4737 ordinem
3080 4684 3443 4753 episcoporum
3477 4692 3659 4734 suarm.

2272 4796 2365 4849 per
2391 4779 2745 4833 successiones
2771 4777 2834 4830 ab
2867 4777 3021 4830 initio
3045 4776 3432 4841 decurrentem,
3460 4783 3509 4825 ιιι
3531 4742 3710 4839 primaid

2274 4875 2547 4943 episcopus
2574 4870 2801 4940 aliquem
2829 4886 2894 4922 ex
2921 4868 3178 4939 apostolis
3222 4870 3301 4923 vel
3348 4860 3609 4935 apostolici:

2271 4930 2363 5032 (μιιὶ
2410 4930 2582 5015 tamen
2628 4976 2747 5013 cum
2779 4960 3031 5029 apostolis
3080 4956 3548 5024 perseveraverint,
3579 4930 3710 5032 ἠεὲιςτὶ

2271 5027 2539 5105 auctorem
2567 5060 2616 5104 et
2650 5027 3029 5102 antecessorem
3047 5087 3061 5100 .
3085 5089 3100 5102 .
3120 5089 3133 5102 .
3160 5034 3654 5115 sicut‘Sinyrncorm

2270 5145 2431 5199 clesia
2454 5143 2813 5214 Polycarpum
2844 5143 2909 5196 ab
2932 5141 3140 5195 Joanne
3183 5141 3490 5195 collocatam
3516 5132 3644 5201 refert.
3666 5122 3710 5173 δή

2269 5251 2376 5305 que
2404 5236 2562 5289 aliter
2593 5249 2725 5288 sane
2744 5232 3107 5304 Hieronymus
3135 5232 3214 5302 (5)
3240 5248 3252 5283 :
3280 5230 3599 5301 Polgcarplu,
3622 5214 3709 5269 iam

2270 5332 2351 5381 nis
2387 5326 2611 5396 apostoli
2638 5324 2968 5394 discipulus,
3010 5334 3060 5379 et
3099 5325 3163 5377 ab
3201 5341 3261 5378 eo
3301 5322 3522 5395 Smyrna
3550 5316 3710 5385 (ρίιίιφι

2268 5419 2568 5472 ordinatus.

2342 5599 2417 5669 (4)
2465 5596 2536 5669 De
2562 5599 2885 5666 prcescript.,
2911 5612 2959 5650 c.
2981 5594 3076 5669 32.

2459 5665 2634 5723 Catal.
2669 5665 2853 5739 script.
2884 5667 3032 5735 eccl.,
3071 5681 3122 5721 c.
3151 5665 3239 5721 17.
