3802 6210
106 319 204 374 997

1031 307 1562 366 PROLEGOMENA.
1600 339 1662 348 —-
1705 308 1741 361 Ι.
1785 306 1872 360 DE
1907 305 2124 360 EPIST.
2169 303 2228 360 S.
2267 304 2670 361 POLYCARPI.

3270 307 3376 365 9‘38

170 433 314 490 Num
350 434 692 504 praeclarum
717 431 844 486 illud
869 430 1262 493 testimonium,
1286 429 1431 499 quod
1459 430 1514 482 in
1546 430 1690 498 Apo-
1724 437 1763 490 Β
1867 426 2094 482 Mortem
2145 425 2204 480 S.
2257 425 2540 498 Polycarpi
2578 425 2713 480 Acta
2759 427 3006 497 martyrii
3045 425 3168 498 ejus
3216 428 3380 484 nobis

105 527 309 598 calypsi
342 524 588 580 Joannis
637 525 738 594 (II,
767 523 821 589 8,
857 523 967 591 11),
1004 522 1200 592 Angela
1232 520 1472 607 Smyrna
1515 521 1698 577 Eccle-

105 618 197 669 sire
225 615 506 669 tribuitur
534 655 549 679 ,
590 613 659 667 ad
691 611 1050 682 Polycarpum
1080 619 1330 664 nostrum
1362 609 1435 664 sit
1459 607 1698 663 referen-

106 710 255 769 dum,
284 707 415 777 jure
446 706 793 768 dubitamus,
830 717 953 757 cum
979 716 1078 756 nec
1109 716 1286 755 annus
1315 700 1611 755 nativitatis
1636 699 1693 754 S.

106 798 420 870 Polycarpi,
461 813 567 851 nec
593 805 838 864 tempus,
858 809 966 864 quo
1005 792 1358 863 Apocalypsis
1387 791 1698 860 conscripta

103 899 205 951 est,
241 889 410 943 nobis
443 888 610 957 plane
636 885 954 940 innotuerit.

180 1000 198 1032 ι
231 981 370 1050 Ejus
402 992 591 1034 autem
627 977 797 1032 animi
829 985 884 1031 et
917 974 1163 1045 corporis
1193 974 1349 1028 dotes
1370 1012 1385 1038 ,
1417 972 1697 1042 pietatem,

107 1073 445 1136 doctrinam,
480 1086 701 1125 morum
720 1069 1039 1140 gravitatem
1057 1081 1242 1121 coram
1262 1075 1556 1134 spectatus,
1582 1079 1700 1133 gra-

107 1166 262 1233 phice
279 1165 537 1233 depingit
568 1162 805 1216 lrenaeus
827 1159 931 1228 (6),
955 1159 1040 1214 his
1061 1157 1241 1213 verbis
1267 1156 1548 1210 Florinum
1572 1155 1702 1209 allo-

106 1266 300 1310 cutus:
355 1253 479 1307 Vidi
510 1263 581 1315 te,
612 1268 731 1305 cum
752 1251 926 1304 adhuc
954 1267 1082 1319 puer
1102 1265 1268 1303 essem
1289 1289 1304 1313 ,
1348 1249 1404 1300 in
1451 1247 1700 1316 inleriore

106 1347 232 1400 Asia
261 1345 412 1415 apud
439 1344 820 1414 Polycarpum,
837 1341 1109 1412 splendide
1131 1351 1368 1410 agentem
1392 1339 1446 1391 in
1475 1337 1698 1408 palatio,

101 1450 150 1493 et
169 1454 496 1509 magnopere
525 1436 875 1496 laborantem,
914 1444 970 1488 ut
1003 1443 1050 1487 te
1082 1433 1165 1486 illi
1193 1431 1528 1501 approbares.
1597 1428 1698 1481 Et-

105 1531 238 1583 enim
252 1547 318 1583 ea
343 1545 470 1600 qua:
486 1538 610 1581 tunc
633 1527 880 1596 temporis
905 1535 1050 1595 gesta
1071 1532 1213 1585 sunt,
1240 1522 1425 1576 melius
1449 1520 1702 1574 memoria

107 1630 276 1685 teneo,
303 1636 472 1690 quam
501 1619 602 1673 illa
637 1634 751 1688 quce
781 1633 947 1686 nuper
979 1614 1316 1678 acciderunt;
1338 1653 1351 1667 .
1381 1653 1394 1665 .
1427 1653 1439 1666 .
1479 1612 1606 1666 adeo
1642 1619 1700 1664 ut

105 1721 151 1765 et
176 1712 355 1765 locum
389 1713 568 1780 ipsum
602 1709 807 1779 possim
823 1708 996 1762 dicere
1023 1708 1078 1760 in
1113 1722 1214 1777 quo
1239 1704 1420 1758 beatus
1443 1703 1701 1774 Polycar—

1803 519 2045 574 tradunt.
2071 518 2191 584 Quo
2205 526 2385 573 autem
2420 511 2790 586 anno‘praasul
2816 519 3058 587 optimus
3077 535 3107 574 e
3128 520 3234 575 vita
3263 522 3382 578 dis-

1806 612 2069 677 cesserit,
2125 610 2268 665 inter
2305 611 2497 665 doctos
2534 617 2589 665 et
2632 625 2816 664 rerum
2867 610 3379 679 chronologicarum

1801 703 2094 772 magistros
2125 701 2455 771 disputatur.
2473 701 2835 774 Polycarpum
2863 718 3008 758 anno
3036 703 3136 756 M7
3153 717 3379 772 passum

1801 809 1930 850 esse
1964 793 2079 847 vult
2107 793 2469 860 Pearsonius,
2516 810 2678 864 quem
2713 808 3018 866 sequuntur
3047 795 3378 862 Dodwellus,

1802 886 2034 950 Caveus,
2089 884 2402 940 Lardnerus
2451 894 2504 940 et
2536 885 2856 943 Gallandius
2909 889 3009 959 (8).
3063 886 3378 944 Secundum

1803 977 2148 1032 Baralerium
2180 986 2235 1031 et
2268 975 2598 1032 Stierenium
2637 979 2712 1050 (9)
2743 979 3027 1051 Polycarpi
3058 980 3379 1052 martyrium

1800 1068 1993 1124 referri
2024 1069 2184 1123 debet
2215 1067 2280 1122 ad
2315 1083 2516 1123 annum
2544 1071 2637 1124 161
2665 1071 2855 1142 ;juxta
2877 1073 3148 1127 Norisium
3181 1081 3234 1126 et
3265 1071 3382 1126 Til-

1801 1160 2124 1214 lemontium
2157 1161 2222 1214 ad
2253 1176 2458 1214 annum
2509 1161 2648 1229 166;
2686 1163 2838 1232 juxta
2873 1164 3233 1233 Scaligerum,
3269 1164 3380 1218 Va-

1802 1250 1996 1304 lesium
2024 1291 2039 1316 ,
2075 1249 2415 1304 Gieselerum
2453 1260 2506 1305 et
2537 1250 2868 1316 Neaudrum,
2900 1253 2966 1306 ad
3009 1269 3210 1306 annum
3241 1252 3376 1318 167;

1803 1343 2074 1397 Baronius
2098 1343 2355 1413 denique,
2389 1342 2667 1409 Usserius,
2695 1342 2962 1399 Nourrius
2997 1352 3051 1398 et
3082 1345 3196 1411 alii,
3229 1359 3377 1399 anno

1805 1435 1908 1488 169
1927 1433 2288 1505 Polycarputu
2308 1435 2570 1505 martyrio
2588 1443 2909 1490 coronatum
2925 1434 3094 1490 fuisse
3111 1444 3252 1489 statu
3262 1443 3377 1492 unt.

1803 1525 2038 1580 Potitum
2093 1526 2140 1580 si
2171 1526 2384 1590 audias,
2416 1526 2700 1598 Polycarpi
2731 1526 2912 1596 passio
2942 1525 3007 1579 ad
3037 1541 3237 1580 annum
3276 1527 3381 1585 175

1802 1619 2064 1688 pertinet;
2106 1617 2411 1688 Basnagius
2440 1618 2494 1672 in
2526 1633 2729 1672 annum
2765 1617 2863 1671 178
2890 1627 3117 1673 mortem
3140 1617 3258 1688 ejus
3289 1635 3383 1674 re-

1798 1709 2080 1778 ﬁcn(10L

104 1817 198 1869 pus
223 1799 418 1854 sedens
452 1797 784 1862 disserebat;
825 1812 1095 1866 processus
1140 1810 1343 1864 quoque
1383 1793 1494 1864 ejus
1529 1802 1578 1847 et
1617 1795 1696 1848 in-

1873 1800 1937 1856 il.
1977 1819 1995 1852 ι
2023 1799 2207 1871 Neque
2229 1801 2406 1857 solum
2427 1801 2591 1855 verbo
2619 1809 2674 1856 et
2693 1802 2946 1873 exemplo
2970 1819 3184 1874 gregem
3218 1817 3381 1858 suum

107 1905 339 1960 gressus,
375 1890 499 1943 vitae
531 1888 693 1941 totius
723 1888 949 1957 formam
984 1896 1033 1940 et
1063 1886 1297 1956 corporis
1320 1885 1571 1954 speciem;
1597 1901 1701 1938 ser-

107 1994 283 2031 mones
311 1977 540 2047 denique
569 1992 698 2046 quos
726 1975 796 2028 ad
833 1975 1083 2045 papulum
1108 1974 1349 2039 habebat,
1375 1985 1422 2028 et
1463 1974 1700 2043 familia-

111 2086 216 2123 rem
234 2069 676 2124 consuetudinem
692 2083 808 2137 que:
828 2067 910 2121 illi
940 2084 1058 2120 cum
1079 2066 1308 2130 Joanne,
1341 2076 1392 2122 ut
1424 2066 1697 2134 narrabat,

110 2169 304 2212 etcum
336 2159 562 2228 reliquis
591 2160 681 2229 qui
716 2158 994 2211 Dominum
1026 2160 1193 2228 ipsum
1232 2158 1503 2224 vidissent,
1536 2159 1700 2211 inter-

111 2261 383 2314 cesserat;
420 2259 473 2303 et
511 2248 741 2319 qualiter
777 2248 924 2302 dicta
963 2249 1180 2302 illorum
1222 2251 1696 2314 commemorabat;

109 2354 155 2393 et
183 2356 514 2410 quiscunque
543 2340 606 2392 de
648 2337 870 2391 Domino
895 2338 958 2390 ab
986 2339 1170 2392 iisdem
1200 2338 1465 2392 audierat.
1495 2337 1572 2392 De
1595 2339 1698 2391 mi-

109 2432 306 2484 raculis
338 2447 546 2501 quoque
572 2428 718 2483 illius
749 2445 811 2482 ac
837 2431 899 2482 de
931 2429 1196 2493 doctrina,
1221 2439 1378 2499 prout
1415 2429 1478 2483 ab
1515 2431 1580 2482 iis
1608 2429 1698 2499 qui

121 2521 345 2576 Verbum
394 2523 518 2575 vita:
562 2521 665 2590 ipsi
685 2529 1092 2589 conspexerant,
1131 2520 1459 2591 Polycarpus
1495 2537 1701 2590 accepe-

110 2626 213 2678 rat,
255 2615 442 2668 eodem
471 2629 692 2682 prorsus
718 2612 870 2665 modo
914 2613 1190 2682 referebat,
1233 2614 1288 2666 in
1318 2615 1555 2667 omnibus
1581 2629 1699 2666 cum
1775 2625 1778 2628 '

114 2704 397 2775 Scriptura
445 2722 605 2758 sacra
637 2705 981 2758 consentiens.
1010 2703 1283 2760 Hactenus
1313 2704 1570 2770 Irenaaus,
1605 2705 1698 2774 qui

111 2806 162 2850 et
188 2796 320 2850 alibi
351 2795 678 2850 summatim
713 2795 765 2848 in
812 2797 1060 2850 eamdem
1089 2795 1416 2850 sententiam
1444 2795 1559 2852 haec
1590 2804 1700 2848 tra-

111 2887 280 2956 dit(7)
305 2906 319 2941 :
342 2886 450 2942 Sed
477 2895 528 2940 et
557 2885 886 2956 Polycarpus
902 2926 916 2942 .
939 2924 954 2941 .
979 2928 992 2942 .
1015 2903 1164 2956 quem
1191 2903 1283 2940 nos
1307 2903 1507 2957 quoque
1527 2887 1699 2939 adhuc

114 2978 469 3032 adolescentes
494 2977 726 3031 vidimus
754 2977 906 3047 (vixit
942 2979 1080 3032 enim
1101 2978 1418 3043 diutissime,
1458 2986 1506 3030 et
1535 2978 1588 3030 in
1617 2976 1701 3029 ul-

113 3070 240 3124 tima
266 3080 560 3135 senectute,
585 3087 793 3123 summa
820 3086 938 3124 cum
967 3069 1140 3140 gloria
1184 3069 1392 3123 illustre
1426 3084 1697 3139 perpessus

1803 1891 2040 1947 instituit
2071 1904 2259 1961 pastor
2281 1893 2543 1962 optimus,
2574 1909 2763 1948 verum
2797 1895 2962 1948 etiam
3007 1895 3226 1964 scriptis
3249 1909 3381 1948 eru-

1801 1981 1934 2036 divit
1956 1998 2114 2037 sacra
2140 1983 2388 2037 doctrina
2420 1981 2636 2039 refertis
2662 2025 2678 2050 ,
2719 1993 2883 2055 atque
2921 1987 3038 2039 viro
3078 1986 3382 2056 apostolico

1801 2075 1959 2144 plane
1981 2075 2181 2147 dignis.
2209 2074 2284 2130 De
2313 2075 2398 2130 his
2420 2075 2536 2131 haec
2560 2076 2723 2130 habet
2753 2078 2804 2132 in
2829 2078 3057 2147 epistola
3077 2079 3237 2132 modo
3263 2078 3383 2132 lau-

1800 2167 1926 2221 data
1955 2166 2191 2222 lrenwus
2220 2167 2368 2236 (il):
2403 2168 2512 2222 Καὶ
2549 2170 2614 2222 ὲκ
2635 2167 2743 2221 τῶν
2775 2169 3073 2223 ἐπιστολῶν
3097 2170 3153 2223 δὲ
3188 2168 3378 2234 αὑτοῦ,

1805 2249 1879 2310 ὧν
1896 2258 2201 2311 ἐπέστειλεν
2224 2259 2343 2330 ἦτοι
2363 2260 2485 2322 ταῖς
2497 2258 2837 2328 γειτνιώσαις
2863 2260 3226 2332 Ἐκκλησίαις,
3261 2264 3384 2316 ἐπι-

1802 2349 2068 2421 στηρίζων
2098 2349 2296 2415 αὑτὰς,
2337 2350 2369 2421 ἢ
2406 2349 2512 2402 τῶν
2546 2350 2786 2420 ἀδελφῶν
2818 2369 2955 2416 τισι,
2989 2352 3255 2406 νουθετῶν
3283 2354 3383 2407 αὺ-

1798 2442 1925 2504 τοὺς
1972 2441 2066 2494 καὶ
2113 2440 2576 2512 προτρεπόμενος,
2606 2441 2827 2496 δύναται
2863 2445 3260 2516 φανερωθῆναι.
3300 2445 3381 2499 Ex

1801 2533 1971 2587 variis
1997 2541 2176 2587 tamen
2207 2532 2454 2601 epistolis
2480 2531 2890 2603 Polycarpianis
2918 2534 2984 2588 ad
3010 2550 3109 2589 nos
3131 2551 3240 2589 una
3265 2550 3382 2604 per-

1806 2625 1974 2690 venit,
2006 2642 2127 2696 qua:
2164 2636 2249 2681 est
2278 2627 2343 2681 ad
2371 2625 2780 2696 Philippenses;
2823 2627 3246 2682 luculentissima
3269 2627 3380 2682 sci-

1798 2717 1946 2781 licet,
1985 2717 2168 2788 judice
2192 2718 2310 2788 ipso
2336 2718 2540 2772 lrenseo
2571 2718 2704 2786 (1‘2),
2732 2735 2794 2772 ex
2816 2736 2940 2788 qua,
2973 2720 3266 2789 quicunque
3293 2735 3382 2771 sa-
3474 2745 3480 2750 -

1800 2810 1928 2864 lutis
1971 2828 2084 2865 sua:
2129 2829 2312 2865 curam
2342 2821 2562 2882 gerunt,
2586 2824 2853 2881 poterunt,
2885 2815 2932 2867 si
2959 2813 3148 2876 volent,
3181 2823 3230 2867 et
3262 2814 3381 2884 for-

1802 2919 1942 2954 mam
1967 2903 2092 2970 ﬁdei
2126 2903 2305 2970 illius,
2340 2913 2388 2958 et
2429 2904 2861 2972 praedicationem
2897 2905 3140 2958 veritatis
3188 2921 3380 2976 cogno-

1801 3011 1970 3059 scere;
1991 2996 2127 3050 adeo
2174 3003 2232 3049 ut
2257 2997 2401 3050 haud
2421 2997 2606 3050 mirari
2622 2998 2830 3058 subeat,
2851 2998 2895 3053 si
2920 2999 3062 3068 apud
3077 2997 3380 3067 primaevus

1801 3085 2144 3141 Christianos
2169 3095 2320 3140 tanto
2344 3087 2396 3140 in
2439 3088 2614 3156 pretio
2644 3096 2698 3142 et
2727 3089 2935 3144 honore
2975 3088 3139 3143 fuerit
3168 3088 3377 3155 habita,

114 3161 456 3228 martyrium,
490 3160 714 3213 excessit
737 3176 764 3212 e
787 3159 941 3228 vita),
965 3176 1026 3214 ea
1053 3175 1253 3226 semper
1283 3159 1460 3212 docuit
1491 3174 1607 3228 qua
1637 3160 1694 3211 1b

1813 3175 1935 3228 utin
1969 3175 2143 3230 sacris
2171 3191 2360 3229 eorum
2384 3177 2620 3231 coetibus
2654 3176 2755 3246 legi
2783 3177 3150 3238 consueverit,
3183 3192 3379 3246 quem-

114 3252 368 3320 apostolis
388 3252 682 3316 didicerat,
715 3260 763 3305 et
795 3268 911 3321 quae
933 3254 1219 3306 etiamnum
1240 3253 1404 3305 tradit
1437 3249 1696 3316 Ecclesia,

111 3352 157 3394 et
193 3358 312 3412 qua:
351 3343 470 3398 sola
494 3351 620 3395 sunt
642 3358 778 3395 vera.

186 3453 205 3486 ι
244 3433 343 3489 His
373 3442 564 3488 autem
592 3434 1197 3504 enarratis,paucisque
1220 3434 1539 3503 interjectis,
1567 3433 1697 3489 illud

113 3540 331 3594 quoque
375 3525 550 3580 refert
580 3523 640 3580 S.
671 3524 833 3580 Pater
854 3567 869 3592 ,
914 3535 1220 3581 memoratu
1273 3526 1497 3596 dignum
1527 3544 1540 3580 :
1578 3525 1699 3595 Ipse

114 3620 252 3669 enim
281 3616 640 3687 Polycarpus,
684 3617 883 3687 inquit,
915 3634 1033 3670 cum
1063 3619 1112 3672 ei
1135 3617 1423 3688 aliquando
1454 3617 1698 3672 Marcion

116 3710 427 3763 occurrisset
455 3710 800 3778 dixissetque,
821 3710 1182 3778 Ἐπιγίνωσκε
1218 3710 1383 3780 ἡμᾶς·
1409 3709 1694 3778 respondit,

112 3800 498 3869 Ἐπιγινώσκω
530 3801 624 3854 τδν
657 3802 997 3873 πρωτότοκον
1030 3801 1123 3854 τοῦ
1159 3802 1391 3856 Σατανᾶ.
1433 3821 1451 3854 ι

180 3891 309 3948 Hac
337 3891 530 3947 Romae
555 3892 776 3948 ﬁebant.
817 3892 1092 3948 Antonino
1120 3894 1264 3948 enim
1318 3894 1616 3964 imperante
1641 3903 1698 3950 et

116 3984 344 4040 Aniceto
373 3983 679 4039 Ecelesiam
729 3985 1084 4056 gubernante,
1120 3986 1177 4040 S.
1219 3985 1548 4058 Polycarpus
1583 3985 1696 4040 Ro-

119 4091 264 4130 mam
289 4085 374 4130 est
404 4075 713 4146 profectus,
756 4085 817 4130 ut
848 4077 1092 4132 diversas
1134 4078 1201 4132 de
1243 4079 1568 4132 celebrando
1594 4077 1693 4132 Pa-

120 4171 305 4225 schate
329 4169 620 4239 Opiniones
653 4177 1022 4237 componeret.
1061 4167 1166 4223 Sed
1212 4179 1402 4224 neuter
1426 4169 1603 4233 alteri,
1639 4178 1698 4224 ut

119 4275 148 4314 a
183 4277 338 4316 more
364 4277 468 4317 suo
493 4261 831 4324 discederet,
867 4261 1194 4330 persuadere
1226 4263 1421 4330 potuit.
1466 4260 1523 4315 ln
1564 4277 1697 4332 pace

121 4353 304 4424 igitur,
326 4353 549 4408 vinculo
576 4353 860 4408 charitatis
881 4352 1106 4406 minime
1136 4361 1327 4422 rupto,
1365 4353 1697 4426 Polycarpus

123 4460 151 4499 a
175 4445 234 4500 S.
259 4447 491 4501 Aniceto
513 4445 786 4509 discessit,
815 4454 1100 4514 postquam
1125 4460 1232 4498 non
1257 4461 1482 4515 paucos,
1512 4447 1696 4501 deser-

1802 3267 2092 3321 admodum
2118 3267 2185 3321 ad
2218 3283 2390 3337 usque
2423 3267 2742 3340 Hieronymi
2773 3268 2886 3340 (13)
2919 3277 3134 3324 aetatem
3162 3267 3380 3324 factita-

1802 3368 1914 3413 tum
1951 3357 2118 3412 l‘uisse
2148 3359 2420 3414 novimus.
2456 3379 2474 3411 ι

1871 3449 1956 3505 lli.
1983 3450 2055 3506 De
2082 3453 2328 3522 epistola:
2356 3461 2560 3507 nostra:
2590 3453 2886 3519 aut/tentia,
2922 3467 2951 3506 a
2979 3451 3378 3506 Centuriatori-

1799 3544 1902 3599 bus
1933 3543 2513 3616 Magdeburgensibus,
2538 3545 2740 3600 Dailteo
2779 3554 2833 3600 et
2869 3545 2992 3600 aliis
3029 3543 3141 3615 (14)
3177 3545 3232 3597 in
3274 3543 3380 3597 dn~

1798 3636 1948 3690 bium
1979 3647 2191 3702 vocata,
2225 3637 2429 3706 optime
2454 3637 2752 3706 disputavit
2782 3638 2862 3690 vir
2903 3637 3254 3692 doctissimus
3283 3633 3378 3688 Ni-

1799 3727 1988 3782 ουιειιιδ
2017 3727 2065 3782 ie
2081 3725 2296 3798 Nourry
2323 3727 2459 3796 (15),
2501 3730 2658 3798 cujus
2688 3729 2853 3783 verba
2891 3727 3131 3782 referens
3154 3770 3169 3794 ,
3204 3726 3376 3782 lecto-

1766 3808 1768 3810 ’
1800 3821 1951 3874 ribus
1977 3820 2115 3890 grati
2145 3820 2353 3890 aliquid
2379 3819 2559 3875 facere
2593 3829 2755 3891 puto:
2791 3841 2809 3872 ‹
2839 3819 3009 3874 Nemo
3038 3827 3141 3883 est,
3173 3818 3372 3889 inquit,

1798 3912 1890 3983 qui
1923 3912 2027 3967 hac
2050 3913 2105 3967 in
2126 3914 2359 3983 epistola
2374 3929 2567 3970 omnes
2599 3914 2887 3984 scriptoris
2908 3911 3196 3983 apostolici
3219 3922 3377 3966 notas

1799 4018 1854 4060 et
1876 4007 2222 4061 characteres
2241 4005 2399 4062 facile
2422 4022 2530 4060 non
2549 4007 2968 4061 animadvertat.
2989 4003 3201 4075 Ubique
3228 4003 3373 4058 enim

1799 4098 1985 4163 verba,
2023 4098 2217 4169 stylus,
2248 4097 2547 4168 ingenium,
2577 4099 2793 4168 aliaque
2815 4098 2998 4151 omnia
3026 4097 3170 4150 illam
3196 4111 3225 4149 a
3257 4094 3379 4148 viro

1798 4204 1924 4244 vere
1951 4190 2278 4258 apostolico,
2311 4188 2422 4242 imo
2453 4198 2507 4243 et
2534 4188 2604 4243 ab
2632 4189 2864 4259 ipsomet
2893 4187 3194 4259 Polycarpo
3239 4185 3380 4241 scri-

1798 4291 1946 4352 ptam
1984 4296 2107 4336 esse
2127 4291 2313 4351 aperte
2332 4281 2592 4350 produnt.

1877 4391 1894 4422 ‹
1924 4369 2109 4440 Neque
2125 4386 2256 4426 vero
2275 4372 2387 4439 ipsa
2411 4380 2620 4424 tantum
2640 4369 2892 4438 epistola,
2912 4368 3006 4423 sed
3025 4378 3188 4422 testes
3211 4367 3377 4421 etiam

1800 4460 2215 4530 locupletissimi
2242 4499 2256 4524 ,
2300 4461 2558 4529 omnique
2584 4459 2904 4528 exceptione
2944 4457 3179 4528 majores
3199 4500 3214 4524 ,
3245 4457 3376 4511 illud

123 4539 193 4593 ῑίε
229 4536 502 4592 Valentini
541 4543 603 4628 ,ει
650 4535 946 4591 Μὶποίοηίε
978 4537 1278 4603 erroribus.
1306 4538 1372 4593 ad
1402 4537 1699 4594 ECCleSiam
1735 4517 1776 4570 Β
1805 4553 1947 4606 idem
1997 4551 2308 4607 ﬁrmissime
2358 4560 2691 4606 asseverant.
2725 4547 2928 4602 Horum
2971 4564 3165 4618 agmen
3220 4548 3376 4603 ducit

124 4631 440 4685 reduxerat.

199 4748 272 4815 (6)
315 4747 416 4816 Ep.
445 4745 516 4799 ad
551 4744 760 4800 Floria.
795 4747 936 4816 apud
972 4745 1170 4800 Euseb.
1195 4746 1337 4800 Hist.
1364 4748 1494 4802 eccl.
1529 4765 1584 4813 ν,
1606 4749 1697 4803 ’20.

197 4817 271 4885 (7)
311 4815 447 4871 Adv.
471 4817 602 4870 liter.
628 4832 710 4880 III,
733 4817 786 4882 5,
805 4815 942 4885 apud
970 4815 1166 4871 Euseb.
1205 4816 1346 4870 Hist.
1365 4818 1489 4870 eccl.
1521 4821 1698 4883 ιν,1ι1.

199 4889 274 4953 (8)
312 4886 571 4940 Biblioth.
620 4900 848 4939 veterum
894 4887 1114 4939 Patrum
1137 4927 1151 4950 ,
1183 4895 1222 4939 t.
1261 4887 1315 4953 l,
1368 4889 1574 4958 Proleg.
1599 4931 1612 4953 ,
1646 4907 1698 4960 p.

129 4971 194 5010 XC
221 4972 304 5010 Si].

195 4972 886 5095 (δῗὲιίθτεῃίιιεωεὺενάοδ
907 5025 1196 5095 Todesjahr
1210 5025 1433 5080 Justin’s
1458 5026 1511 5083 d.
1530 5027 1698 5084 Mart.

130 5094 183 5147 iII
213 5095 418 5162 lllgenii
452 5093 765 5161 Zeitschrift
795 5095 884 5162 fur
905 5095 989 5149 die
1010 5093 1135 5149 hist.
1174 5095 1349 5150 Theol.
1380 5097 1538 5162 1842,
1561 5097 1700 5154 fasc.

83 5167 106 5201 λ
132 5179 170 5227 ι,
202 5180 252 5232 p.
279 5165 372 5232 54)
430 5163 655 5231 conjicit
708 5162 1065 5239 Polycarpum
1106 5181 1252 5239 anno
1299 5166 1394 5220 161
1437 5170 1703 5239 martyrio

129 5248 247 5289 esse
277 5242 600 5308 coronatum
626 5273 641 5297 ,
671 5232 1091 5308 quia'Eusebius
1125 5234 1307 5308 (Hist.
1336 5237 1463 5290 eccl.
1491 5232 1701 5308 ιν,’15)

131 5304 495 5376 narrationem
522 5303 589 5357 de
613 5304 872 5376 martyrio
904 5303 1184 5376 Polycarpi
1221 5322 1344 5361 cum
1377 5309 1484 5360 ﬁne
1508 5303 1702 5376 capitis

132 5372 196 5426 14
214 5374 526 5428 arctissitne
554 5372 836 5440 coniungit
860 5413 874 5439 ,
906 5372 1100 5429 ubi'de
1131 5372 1304 5430 inorte
1334 5372 1597 5431 Antonini
1621 5378 1700 5431 Pii

131 5450 178 5511 e_t
207 5445 271 5498 de
302 5444 462 5497 initio
500 5443 712 5511 imperii
745 5443 912 5496 Marci
944 5444 1143 5497 Aurelii
1171 5447 1332 5500 verba
1365 5444 1583 5501 fecerat.
1613 5448 1696 5502 Cf.

135 5509 392 5583 Tubinger
416 5509 592 5583 theo_l._
615 5509 1042 5583 Quartalschrift
1073 5515 1232 5580 1845,
1269 5531 1320 5583 p.
1355 5516 1473 5568 144.

193 5584 307 5706 (110)
357 5582 490 5638 Vide
511 5581 806 5638 Jacobson.
837 5585 965 5638 edit.
988 5581 1218 5638 Patrum
1245 5581 1493 5653 apostol.,
1527 5586 1613 5640 ed.
1635 5603 1694 5652 ιι,

231 5696 244 5706 .
273 5671 326 5706 ι).
363 5670 516 5706 LVIII.

131 5662 166 5706 t.
205 5662 244 5719 Ι,
273 5671 326 5719 p.
363 5670 516 5707 LVIII.

199 5671 326 5790 (li-1p).
355 5671 967 5792 Epl."adFlorin.,apud
991 5720 1191 5793 Euseb.
1224 5723 1367 5780 Hist.
1388 5726 1514 5780 eccl.
1535 5741 1586 5793 ν,
1606 5725 1676 5780 20

203 5794 316 5868 (12)
355 5791 516 5864 Apud
556 5792 755 5849 Euseb.
791 5793 934 5847 Hist.
962 5791 1090 5848 eccl.
1123 5795 1308 5860 ιν,1ι1.

1801 4645 2069 4706 lrenteus,
2108 4643 2488 4713 Lugdunensis
2532 4642 2844 4710 episcopus,
2886 4639 3242 4711 ctPolycarpi
3276 4654 3377 4694 n0-

1904 4758 1985 4826 i3)
2029 4754 2205 4826 Catal.
2229 4755 2410 4822 script.
2439 4754 2567 4807 eccl.
2609 4769 2657 4807 c.
2689 4753 2773 4826 ll.

1904 4758 1985 4826 i3)
2029 4757 2205 4810 Catal.
2229 4757 2410 4822 script.
2439 4757 2567 4807 eccl.
2609 4769 2657 4807 c.
2689 4757 2773 4806 17.

1874 4757 1987 4897 ita)
2030 4825 2290 4897 Dallzeurn
2323 4829 2554 4897 maxime
2588 4823 2759 4897 secuti
2795 4831 2936 4897 _su_nt
2960 4821 3240 4897 Semicrpg.
3271 4821 3288 4891 (
3307 4820 3374 4897 ad

1805 4891 2213 4958 Baimigartenn
2246 4893 2645 4959 Untersuclmng
2669 4893 2824 4947 theol.
2858 4891 3043 4947 Streit.
3077 4891 3140 4957 ll,
3167 4893 3235 4944 56
3261 4894 3372 4959 sq.)

1805 4911 2213 4958 baumgarten.,
2246 4911 2608 4947 uniersucnun
2669 4911 2824 4947 meat.
2858 4911 3043 4947 orreu.
3077 4911 3140 4957 II,
3168 4911 3235 4944 oo
3261 4911 3372 4959 sq.)

1802 4977 1854 5020 et
1877 4965 2090 5031 Roster,
2121 4964 2486 5017 Bibliothekd.
2507 4963 2577 5017 K.
2615 4911 2778 5017 g’ater
2800 4964 2842 5030 l,
2866 4965 2935 5018 9'5
2951 4979 3032 5032 sq.
3057 4961 3376 5032 Nuper-rima

1801 5030 2087 5105 epistolam
2131 5033 2191 5087 S.
2219 5033 2501 5102 Polycarpi
2538 5035 2592 5087 in
2625 5035 2850 5105 dubium
2885 5030 3116 5105 vocavit
3147 5030 3372 5105 Schwe-

1803 5097 2006 5176 glerus,
2030 5097 2395 5174 TubingenSis
2411 5097 2540 5175 (Das
2563 5103 2920 5173 nacltapostol.
2945 5101 3217 5164 Zeitalter,
3243 5107 3281 5152 t.
3305 5097 3372 5165 ll,

1804 5192 1856 5245 p.
1889 5177 1991 5230 154
2023 5177 2192 5246 sqq)

1873 5247 1986 5315 (15)
2025 5237 2224 5314 Appar.
2251 5244 2320 5297 ad
2350 5243 2607 5315 Biblioth.
2631 5258 2774 5315 mage.
2801 5239 3051 5315 l_’_atru_m,
3090 5247 3127 5292 t.
3154 5237 3194 5291 Ι.
3231 5237 3367 5292 Prae.

1806 5308 1890 5369 ter
1915 5308 2206 5369 Nourrium
2245 5315 2345 5368 cfr.
2401 5313 2661 5368 Pearson.
2699 5311 2907 5364 Vindic.
2960 5308 3138 5379 Ignat.
3165 5347 3180 5368 ,
3222 5324 3275 5377 p.
3308 5322 3370 5373 II,

1803 5402 1921 5454 cap.
1955 5386 1988 5438 5
2018 5385 2262 5454 (supra);
2291 5383 2579 5454 Mosheim,
2607 5381 2987 5454 Commendde
3010 5379 3368 5454 i'e_b._Clthst.,

1803 5447 1988 5524 ι›.’16“2
2059 5447 2386 5517 ΤῖΙΙῡιιιοιιι,
2433 5452 2741 5524 Μέιηοὶιέδ,
2778 5448 2848 5524 l_l,
2885 5450 3012 5524 5‘27;
3028 5447 3192 5524 Alllig,
3227 5448 3367 5524 Diss.

1802 5518 1865 5578 de
1899 5518 2264 5577 liceresiarc/iis
2311 5522 2614 5588 apostolica:
2650 5520 2842 5580 aetatis,
2869 5535 2922 5587 p.
2952 5518 3053 5572 186
3087 5529 3140 5571 et
3176 5519 3226 5570 in
3262 5519 3364 5586 Ap-

1802 5595 2046 5664 pcndice,
2069 5609 2118 5661 p.
2241 5607 2348 5664 sq.;
2384 5588 2941 5664 Lucke,§omnt_e_nt_a_r
2973 5590 3172 5664 iiberﬁd.
3193 5588 3370 5664 Briefe

1801 5657 1887 5717 lies
1927 5657 2126 5732 Evarig.
2167 5657 2466 5725 Iohannes,
2511 5675 2564 5730 p.
2598 5661 2651 5727 5,
2684 5659 2738 5724 4;
2774 5659 3002 5717 Molilcr,
3066 5657 3368 5730 Patrolog.,

1803 5745 1823 5786 t
1870 5733 1908 5786 I.
1941 5750 1993 5786 D.
2022 5731 2325 5786 155-165,

1803 5745 1823 5788 ι
1870 5733 1908 5800 L
1941 5733 2325 5803 ρ.155-165.
