  <div class='ocr_page' id='page_1' title='image "/cluster/home/n/w/nwhite01/storage/ocr_20150623/5/hvd.32044019206598/507.png"; bbox 0 0 3766 6314; ppageno 0'>
   <div class='ocr_carea' id='block_1_1' title="bbox 464 329 568 386">
    <p class='ocr_par' dir='ltr' id='par_1_1' title="bbox 464 329 568 386">
     <span class='ocr_line' id='line_1_1' title="bbox 464 329 568 386; baseline 0.01 -1"><span class='ocrx_word' id='word_1_1' title='bbox 464 329 568 386; x_wconf 74' lang='lat'><strong>999</strong></span> 
     </span>
    </p>
   </div>
   <div class='ocr_carea' id='block_1_2' title="bbox 1637 328 2534 388">
    <p class='ocr_par' dir='ltr' id='par_1_2' title="bbox 1637 328 2534 388">
     <span class='ocr_line' id='line_1_2' title="bbox 1637 328 2534 388; baseline -0.003 -1"><span class='ocrx_word' id='word_1_2' title='bbox 1637 333 1694 387; x_wconf 90' lang='lat' dir='ltr'><strong>S.</strong></span> <span class='ocrx_word' id='word_1_3' title='bbox 1729 329 2193 388; x_wconf 81' lang='lat' dir='ltr'><strong>POLYCARPUS</strong></span> <span class='ocrx_word' id='word_1_4' title='bbox 2222 328 2534 385; x_wconf 79' lang='lat' dir='ltr'><strong>MARTYR.</strong></span> 
     </span>
    </p>
   </div>
   <div class='ocr_carea' id='block_1_3' title="bbox 3596 336 3697 393">
    <p class='ocr_par' dir='ltr' id='par_1_3' title="bbox 3596 336 3697 393">
     <span class='ocr_line' id='line_1_3' title="bbox 3596 336 3697 393; baseline 0.04 -4"><span class='ocrx_word' id='word_1_5' title='bbox 3596 336 3697 393; x_wconf 74' lang='grc' dir='ltr'>ιωι</span> 
     </span>
    </p>
   </div>
   <div class='ocr_carea' id='block_1_4' title="bbox 465 446 3695 521">
    <p class='ocr_par' dir='ltr' id='par_1_4' title="bbox 465 446 3695 521">
     <span class='ocr_line' id='line_1_4' title="bbox 465 446 3695 521; baseline 0.002 -21"><span class='ocrx_word' id='word_1_6' title='bbox 465 447 565 500; x_wconf 81' lang='lat' dir='ltr'><strong>stri</strong></span> <span class='ocrx_word' id='word_1_7' title='bbox 585 446 910 518; x_wconf 87' lang='lat' dir='ltr'><strong>discipulus,</strong></span> <span class='ocrx_word' id='word_1_8' title='bbox 943 450 1036 519; x_wconf 86' lang='lat' dir='ltr'><strong>qui</strong></span> <span class='ocrx_word' id='word_1_9' title='bbox 1072 449 1126 504; x_wconf 90' lang='lat' dir='ltr'><strong>in</strong></span> <span class='ocrx_word' id='word_1_10' title='bbox 1164 451 1527 521; x_wconf 80' lang='lat' dir='ltr'><strong>agnoscendis</strong></span> <span class='ocrx_word' id='word_1_11' title='bbox 1572 453 1656 506; x_wconf 86' lang='lat' dir='ltr'><strong>vel</strong></span> <span class='ocrx_word' id='word_1_12' title='bbox 1693 450 2044 521; x_wconf 68' lang='lat' dir='ltr'><strong>«lesiguaudis</strong></span> <span class='ocrx_word' id='word_1_13' title='bbox 2072 454 2121 511; x_wconf 78' lang='grc' dir='ltr'><strong>Λ</strong></span> <span class='ocrx_word' id='word_1_14' title='bbox 2147 450 2265 505; x_wconf 88' lang='lat' dir='ltr'><strong>suis</strong></span> <span class='ocrx_word' id='word_1_15' title='bbox 2297 450 2435 520; x_wconf 86' lang='lat' dir='ltr'><strong>ipsis</strong></span> <span class='ocrx_word' id='word_1_16' title='bbox 2469 448 2776 513; x_wconf 84' lang='lat' dir='ltr'><strong>sodalibus,</strong></span> <span class='ocrx_word' id='word_1_17' title='bbox 2804 448 3049 520; x_wconf 82' lang='lat' dir='ltr'><strong>ejusdem</strong></span> <span class='ocrx_word' id='word_1_18' title='bbox 3072 460 3237 505; x_wconf 76' lang='lat' dir='ltr'><strong>secta:</strong></span> <span class='ocrx_word' id='word_1_19' title='bbox 3270 450 3425 516; x_wconf 75' lang='lat' dir='ltr'><strong>Viris</strong></span> <span class='ocrx_word' id='word_1_20' title='bbox 3452 466 3489 504; x_wconf 73' lang='grc' dir='ltr'><strong><em>ι</em></strong></span> <span class='ocrx_word' id='word_1_21' title='bbox 3514 456 3695 506; x_wconf 63' lang='lat' dir='ltr'><strong>suos:</strong></span> 
     </span>
    </p>
   </div>
   <div class='ocr_carea' id='block_1_5' title="bbox 467 540 2049 614">
    <p class='ocr_par' dir='ltr' id='par_1_5' title="bbox 467 540 2049 614">
     <span class='ocr_line' id='line_1_5' title="bbox 467 540 2049 614; baseline 0.005 -21"><span class='ocrx_word' id='word_1_22' title='bbox 467 540 716 610; x_wconf 72' lang='lat' dir='ltr'><strong>magistri</strong></span> <span class='ocrx_word' id='word_1_23' title='bbox 747 542 833 595; x_wconf 91' lang='lat' dir='ltr'><strong>sui</strong></span> <span class='ocrx_word' id='word_1_24' title='bbox 859 542 1105 611; x_wconf 81' lang='lat' dir='ltr'><strong>epistolis</strong></span> <span class='ocrx_word' id='word_1_25' title='bbox 1138 542 1252 597; x_wconf 91' lang='lat' dir='ltr'><strong>falli</strong></span> <span class='ocrx_word' id='word_1_26' title='bbox 1284 560 1393 599; x_wconf 92' lang='lat' dir='ltr'><strong>non</strong></span> <span class='ocrx_word' id='word_1_27' title='bbox 1429 554 1663 614; x_wconf 89' lang='lat' dir='ltr'><strong>poterat.</strong></span> <span class='ocrx_word' id='word_1_28' title='bbox 1718 544 1768 600; x_wconf 87' lang='lat' dir='ltr'><strong>ls</strong></span> <span class='ocrx_word' id='word_1_29' title='bbox 1803 546 1950 599; x_wconf 90' lang='lat' dir='ltr'><strong>enim</strong></span> <span class='ocrx_word' id='word_1_30' title='bbox 1980 546 2049 601; x_wconf 90' lang='lat' dir='ltr'><strong>de</strong></span> 
     </span>
    </p>
   </div>
   <div class='ocr_carea' id='block_1_6' title="bbox 466 632 2042 711">
    <p class='ocr_par' dir='ltr' id='par_1_6' title="bbox 466 632 2042 711">
     <span class='ocr_line' id='line_1_6' title="bbox 466 632 2042 711; baseline 0.004 -26"><span class='ocrx_word' id='word_1_31' title='bbox 466 632 568 687; x_wconf 84' lang='lat' dir='ltr'><strong>hac</strong></span> <span class='ocrx_word' id='word_1_32' title='bbox 596 632 881 704; x_wconf 85' lang='lat' dir='ltr'><strong>Polycarpi</strong></span> <span class='ocrx_word' id='word_1_33' title='bbox 917 636 1144 705; x_wconf 91' lang='lat' dir='ltr'><strong>epistola</strong></span> <span class='ocrx_word' id='word_1_34' title='bbox 1180 638 1297 693; x_wconf 65' lang='lat' dir='ltr'><strong>haec</strong></span> <span class='ocrx_word' id='word_1_35' title='bbox 1319 639 1599 692; x_wconf 74' lang='lat' dir='ltr'><strong>memoriae</strong></span> <span class='ocrx_word' id='word_1_36' title='bbox 1626 638 1851 693; x_wconf 72' lang='lat' dir='ltr'><strong>tradidit</strong></span> <span class='ocrx_word' id='word_1_37' title='bbox 1891 637 2004 711; x_wconf 82' lang='lat' dir='ltr'><strong>(l6)</strong></span> <span class='ocrx_word' id='word_1_38' title='bbox 2030 655 2042 691; x_wconf 92' lang='lat'>:</span> 
     </span>
    </p>
   </div>
   <div class='ocr_carea' id='block_1_7' title="bbox 468 727 2048 803">
    <p class='ocr_par' dir='ltr' id='par_1_7' title="bbox 468 727 2048 803">
     <span class='ocr_line' id='line_1_7' title="bbox 468 727 2048 803; baseline 0.004 -25"><span class='ocrx_word' id='word_1_39' title='bbox 468 727 622 779; x_wconf 80' lang='grc' dir='ltr'>Ἐστι</span> <span class='ocrx_word' id='word_1_40' title='bbox 641 727 697 779; x_wconf 84' lang='grc' dir='ltr'>δὲ</span> <span class='ocrx_word' id='word_1_41' title='bbox 728 729 821 781; x_wconf 78' lang='grc' dir='ltr'><strong>καὶ</strong></span> <span class='ocrx_word' id='word_1_42' title='bbox 843 729 1096 801; x_wconf 77' lang='grc' dir='ltr'>ἐπιστολὴ</span> <span class='ocrx_word' id='word_1_43' title='bbox 1114 730 1473 802; x_wconf 86' lang='grc' dir='ltr'>Πολυκάρπου</span> <span class='ocrx_word' id='word_1_44' title='bbox 1500 732 1637 803; x_wconf 86' lang='grc' dir='ltr'>πρὸς</span> <span class='ocrx_word' id='word_1_45' title='bbox 1656 732 2048 803; x_wconf 79' lang='grc' dir='ltr'>Φιλιππησίους</span> 
     </span>
    </p>
   </div>
   <div class='ocr_carea' id='block_1_8' title="bbox 463 818 2049 897">
    <p class='ocr_par' dir='ltr' id='par_1_8' title="bbox 463 818 2049 897">
     <span class='ocr_line' id='line_1_8' title="bbox 463 818 2049 897; baseline 0.007 -29"><span class='ocrx_word' id='word_1_46' title='bbox 463 819 820 890; x_wconf 78' lang='grc' dir='ltr'><strong>γεγραμμένη</strong></span> <span class='ocrx_word' id='word_1_47' title='bbox 849 860 862 883; x_wconf 93' lang='grc'><strong>,</strong></span> <span class='ocrx_word' id='word_1_48' title='bbox 898 820 1205 892; x_wconf 81' lang='grc' dir='ltr'><strong>ἱκανωτάτη</strong></span> <span class='ocrx_word' id='word_1_49' title='bbox 1230 863 1243 887; x_wconf 90' lang='grc'><strong>,</strong></span> <span class='ocrx_word' id='word_1_50' title='bbox 1281 820 1339 889; x_wconf 74' lang='grc' dir='ltr'>ἐξ</span> <span class='ocrx_word' id='word_1_51' title='bbox 1364 818 1433 893; x_wconf 83' lang='grc' dir='ltr'>ἧς</span> <span class='ocrx_word' id='word_1_52' title='bbox 1474 825 1567 876; x_wconf 73' lang='grc' dir='ltr'><strong>καὶ</strong></span> <span class='ocrx_word' id='word_1_53' title='bbox 1603 824 1693 877; x_wconf 77' lang='grc' dir='ltr'><strong>τὸν</strong></span> <span class='ocrx_word' id='word_1_54' title='bbox 1722 826 2049 897; x_wconf 84' lang='grc' dir='ltr'>χαρακτῆρα</span> 
     </span>
    </p>
   </div>
   <div class='ocr_carea' id='block_1_9' title="bbox 461 908 2045 989">
    <p class='ocr_par' dir='ltr' id='par_1_9' title="bbox 461 908 2045 989">
     <span class='ocr_line' id='line_1_9' title="bbox 461 908 2045 989; baseline 0.008 -30"><span class='ocrx_word' id='word_1_55' title='bbox 461 908 558 978; x_wconf 79' lang='grc' dir='ltr'>τῆς</span> <span class='ocrx_word' id='word_1_56' title='bbox 594 908 826 973; x_wconf 77' lang='grc' dir='ltr'>πίστεως</span> <span class='ocrx_word' id='word_1_57' title='bbox 861 911 1027 964; x_wconf 78' lang='grc' dir='ltr'>αὐτοῦ</span> <span class='ocrx_word' id='word_1_58' title='bbox 1052 952 1065 976; x_wconf 92' lang='grc'><strong>,</strong></span> <span class='ocrx_word' id='word_1_59' title='bbox 1104 914 1196 965; x_wconf 73' lang='grc' dir='ltr'><strong>καὶ</strong></span> <span class='ocrx_word' id='word_1_60' title='bbox 1228 912 1287 967; x_wconf 82' lang='grc' dir='ltr'>τὸ</span> <span class='ocrx_word' id='word_1_61' title='bbox 1322 915 1582 987; x_wconf 82' lang='grc' dir='ltr'>κήρυγμα</span> <span class='ocrx_word' id='word_1_62' title='bbox 1620 916 1721 987; x_wconf 82' lang='grc' dir='ltr'><strong>τῆς</strong></span> <span class='ocrx_word' id='word_1_63' title='bbox 1768 917 2045 989; x_wconf 80' lang='grc' dir='ltr'><strong>ἀληθείας,</strong></span> 
     </span>
    </p>
   </div>
   <div class='ocr_carea' id='block_1_10' title="bbox 461 999 2045 1080">
    <p class='ocr_par' dir='ltr' id='par_1_10' title="bbox 461 999 2045 1080">
     <span class='ocr_line' id='line_1_10' title="bbox 461 999 2045 1080; baseline 0.007 -30"><span class='ocrx_word' id='word_1_64' title='bbox 461 1000 507 1050; x_wconf 91' lang='grc' dir='ltr'>οἱ</span> <span class='ocrx_word' id='word_1_65' title='bbox 539 999 873 1072; x_wconf 70' lang='grc' dir='ltr'>βουλόμενοι,</span> <span class='ocrx_word' id='word_1_66' title='bbox 897 1003 990 1054; x_wconf 75' lang='grc' dir='ltr'><strong>καὶ</strong></span> <span class='ocrx_word' id='word_1_67' title='bbox 1010 1002 1385 1073; x_wconf 77' lang='grc' dir='ltr'>φροντίζοντες</span> <span class='ocrx_word' id='word_1_68' title='bbox 1407 1004 1506 1074; x_wconf 83' lang='grc' dir='ltr'>τῆς</span> <span class='ocrx_word' id='word_1_69' title='bbox 1523 1005 1730 1059; x_wconf 77' lang='grc' dir='ltr'>ἑαυτῶν</span> <span class='ocrx_word' id='word_1_70' title='bbox 1752 1008 2045 1080; x_wconf 82' lang='grc' dir='ltr'>σωτηρίας,</span> 
     </span>
    </p>
   </div>
   <div class='ocr_carea' id='block_1_11' title="bbox 458 1088 2048 1167">
    <p class='ocr_par' dir='ltr' id='par_1_11' title="bbox 458 1088 2048 1167">
     <span class='ocr_line' id='line_1_11' title="bbox 458 1088 2048 1167; baseline 0.008 -27"><span class='ocrx_word' id='word_1_71' title='bbox 458 1088 714 1143; x_wconf 74' lang='grc' dir='ltr'>δύνανται</span> <span class='ocrx_word' id='word_1_72' title='bbox 757 1091 1097 1161; x_wconf 55' lang='lat' dir='ltr'><strong>patiam...</strong></span> <span class='ocrx_word' id='word_1_73' title='bbox 1149 1090 1338 1148; x_wconf 65' lang='lat' dir='ltr'><strong>lrenaai</strong></span> <span class='ocrx_word' id='word_1_74' title='bbox 1381 1097 1665 1151; x_wconf 65' lang='lat' dir='ltr'><strong>sententia:</strong></span> <span class='ocrx_word' id='word_1_75' title='bbox 1722 1097 2048 1167; x_wconf 76' lang='lat' dir='ltr'><strong>subscripsit</strong></span> 
     </span>
    </p>
   </div>
   <div class='ocr_carea' id='block_1_12' title="bbox 460 1179 2048 1258">
    <p class='ocr_par' dir='ltr' id='par_1_12' title="bbox 460 1179 2048 1258">
     <span class='ocr_line' id='line_1_12' title="bbox 460 1179 2048 1258; baseline 0.006 -25"><span class='ocrx_word' id='word_1_76' title='bbox 460 1179 754 1237; x_wconf 84' lang='lat' dir='ltr'><strong>Eusebius.</strong></span> <span class='ocrx_word' id='word_1_77' title='bbox 780 1183 858 1236; x_wconf 87' lang='lat' dir='ltr'><strong>Ac</strong></span> <span class='ocrx_word' id='word_1_78' title='bbox 884 1198 952 1237; x_wconf 90' lang='lat' dir='ltr'><strong>ne</strong></span> <span class='ocrx_word' id='word_1_79' title='bbox 984 1185 1129 1253; x_wconf 82' lang='lat' dir='ltr'><strong>quis,</strong></span> <span class='ocrx_word' id='word_1_80' title='bbox 1175 1186 1241 1239; x_wconf 90' lang='lat' dir='ltr'><strong>de</strong></span> <span class='ocrx_word' id='word_1_81' title='bbox 1269 1202 1377 1255; x_wconf 90' lang='lat' dir='ltr'><strong>qua</strong></span> <span class='ocrx_word' id='word_1_82' title='bbox 1404 1185 1689 1258; x_wconf 82' lang='lat' dir='ltr'><strong>Polycarpi</strong></span> <span class='ocrx_word' id='word_1_83' title='bbox 1714 1188 1942 1258; x_wconf 88' lang='lat' dir='ltr'><strong>epistola</strong></span> <span class='ocrx_word' id='word_1_84' title='bbox 1967 1188 2048 1242; x_wconf 92' lang='lat' dir='ltr'><strong>lo-</strong></span> 
     </span>
    </p>
   </div>
   <div class='ocr_carea' id='block_1_13' title="bbox 458 1275 2047 1350">
    <p class='ocr_par' dir='ltr' id='par_1_13' title="bbox 458 1275 2047 1350">
     <span class='ocr_line' id='line_1_13' title="bbox 458 1275 2047 1350; baseline 0.007 -25"><span class='ocrx_word' id='word_1_85' title='bbox 458 1282 682 1341; x_wconf 89' lang='lat' dir='ltr'><strong>quatur,</strong></span> <span class='ocrx_word' id='word_1_86' title='bbox 726 1275 893 1328; x_wconf 80' lang='lat' dir='ltr'><strong>ullam</strong></span> <span class='ocrx_word' id='word_1_87' title='bbox 943 1292 1185 1345; x_wconf 84' lang='lat' dir='ltr'><strong>unquam</strong></span> <span class='ocrx_word' id='word_1_88' title='bbox 1234 1277 1382 1332; x_wconf 87' lang='lat' dir='ltr'><strong>litem</strong></span> <span class='ocrx_word' id='word_1_89' title='bbox 1429 1294 1651 1334; x_wconf 80' lang='lat' dir='ltr'><strong>movere</strong></span> <span class='ocrx_word' id='word_1_90' title='bbox 1704 1289 1919 1350; x_wconf 83' lang='lat' dir='ltr'><strong>posset,</strong></span> <span class='ocrx_word' id='word_1_91' title='bbox 1956 1281 2047 1337; x_wconf 87' lang='lat' dir='ltr'><strong>ille</strong></span> 
     </span>
    </p>
   </div>
   <div class='ocr_carea' id='block_1_14' title="bbox 459 1367 2046 1443">
    <p class='ocr_par' dir='ltr' id='par_1_14' title="bbox 459 1367 2046 1443">
     <span class='ocr_line' id='line_1_14' title="bbox 459 1367 2046 1443; baseline 0.008 -24"><span class='ocrx_word' id='word_1_92' title='bbox 459 1367 640 1435; x_wconf 87' lang='lat' dir='ltr'><strong>plures</strong></span> <span class='ocrx_word' id='word_1_93' title='bbox 661 1384 727 1422; x_wconf 86' lang='lat' dir='ltr'><strong>ex</strong></span> <span class='ocrx_word' id='word_1_94' title='bbox 749 1371 936 1424; x_wconf 88' lang='lat' dir='ltr'><strong>eadem</strong></span> <span class='ocrx_word' id='word_1_95' title='bbox 965 1372 1196 1440; x_wconf 89' lang='lat' dir='ltr'><strong>epistola</strong></span> <span class='ocrx_word' id='word_1_96' title='bbox 1225 1372 1396 1439; x_wconf 90' lang='lat' dir='ltr'><strong>locos,</strong></span> <span class='ocrx_word' id='word_1_97' title='bbox 1423 1374 1592 1443; x_wconf 90' lang='lat' dir='ltr'><strong>quiin</strong></span> <span class='ocrx_word' id='word_1_98' title='bbox 1616 1390 1677 1429; x_wconf 90' lang='lat' dir='ltr'><strong>ea</strong></span> <span class='ocrx_word' id='word_1_99' title='bbox 1709 1375 1873 1429; x_wconf 89' lang='lat' dir='ltr'><strong>etiam</strong></span> <span class='ocrx_word' id='word_1_100' title='bbox 1899 1392 2046 1431; x_wconf 91' lang='lat' dir='ltr'><strong>nunc</strong></span> 
     </span>
    </p>
   </div>
   <div class='ocr_carea' id='block_1_15' title="bbox 459 1458 2041 1539">
    <p class='ocr_par' dir='ltr' id='par_1_15' title="bbox 459 1458 2041 1539">
     <span class='ocr_line' id='line_1_15' title="bbox 459 1458 2041 1539; baseline 0.009 -30"><span class='ocrx_word' id='word_1_101' title='bbox 459 1458 828 1526; x_wconf 83' lang='lat' dir='ltr'><strong>reperiuntur,</strong></span> <span class='ocrx_word' id='word_1_102' title='bbox 846 1459 1074 1515; x_wconf 85' lang='lat' dir='ltr'><strong>ﬁdeliter</strong></span> <span class='ocrx_word' id='word_1_103' title='bbox 1091 1464 1455 1533; x_wconf 89' lang='lat' dir='ltr'><strong>transeripsit.</strong></span> <span class='ocrx_word' id='word_1_104' title='bbox 1487 1463 1577 1518; x_wconf 89' lang='lat' dir='ltr'><strong>Sic</strong></span> <span class='ocrx_word' id='word_1_105' title='bbox 1599 1475 1778 1521; x_wconf 90' lang='lat' dir='ltr'><strong>autem</strong></span> <span class='ocrx_word' id='word_1_106' title='bbox 1803 1467 1891 1522; x_wconf 91' lang='lat' dir='ltr'><strong>ille</strong></span> <span class='ocrx_word' id='word_1_107' title='bbox 1907 1466 2041 1539; x_wconf 90' lang='lat' dir='ltr'><strong>(l7):</strong></span> 
     </span>
    </p>
   </div>
   <div class='ocr_carea' id='block_1_16' title="bbox 457 1549 2041 1628">
    <p class='ocr_par' dir='ltr' id='par_1_16' title="bbox 457 1549 2041 1628">
     <span class='ocr_line' id='line_1_16' title="bbox 457 1549 2041 1628; baseline 0.011 -27"><span class='ocrx_word' id='word_1_108' title='bbox 457 1549 567 1601; x_wconf 75' lang='grc' dir='ltr'><strong>Καὶ</strong></span> <span class='ocrx_word' id='word_1_109' title='bbox 599 1551 627 1603; x_wconf 85' lang='grc' dir='ltr'>ὁ</span> <span class='ocrx_word' id='word_1_110' title='bbox 658 1551 1017 1624; x_wconf 78' lang='grc' dir='ltr'>Πολύκαρπος</span> <span class='ocrx_word' id='word_1_111' title='bbox 1046 1553 1101 1607; x_wconf 82' lang='grc' dir='ltr'><strong>δὲ</strong></span> <span class='ocrx_word' id='word_1_112' title='bbox 1134 1554 1337 1608; x_wconf 84' lang='grc' dir='ltr'>τούτων</span> <span class='ocrx_word' id='word_1_113' title='bbox 1368 1556 1546 1611; x_wconf 78' lang='grc' dir='ltr'>αὐτῶν</span> <span class='ocrx_word' id='word_1_114' title='bbox 1584 1559 1962 1628; x_wconf 87' lang='lat' dir='ltr'><strong>(epistolarum</strong></span> <span class='ocrx_word' id='word_1_115' title='bbox 1981 1560 2041 1618; x_wconf 90' lang='lat' dir='ltr'><strong>S.</strong></span> 
     </span>
    </p>
   </div>
   <div class='ocr_carea' id='block_1_17' title="bbox 456 1641 2047 1725">
    <p class='ocr_par' dir='ltr' id='par_1_17' title="bbox 456 1641 2047 1725">
     <span class='ocr_line' id='line_1_17' title="bbox 456 1641 2047 1725; baseline 0.009 -31"><span class='ocrx_word' id='word_1_116' title='bbox 456 1641 682 1712; x_wconf 82' lang='lat' dir='ltr'><strong>Ignatii)</strong></span> <span class='ocrx_word' id='word_1_117' title='bbox 716 1644 988 1716; x_wconf 79' lang='grc' dir='ltr'>μέμνηται</span> <span class='ocrx_word' id='word_1_118' title='bbox 1023 1647 1079 1699; x_wconf 80' lang='grc' dir='ltr'>ὲν</span> <span class='ocrx_word' id='word_1_119' title='bbox 1101 1650 1168 1719; x_wconf 83' lang='grc' dir='ltr'>τῇ</span> <span class='ocrx_word' id='word_1_120' title='bbox 1199 1648 1473 1722; x_wconf 82' lang='grc' dir='ltr'>φερομένῃ</span> <span class='ocrx_word' id='word_1_121' title='bbox 1493 1651 1657 1705; x_wconf 84' lang='grc' dir='ltr'>αὐτοῦ</span> <span class='ocrx_word' id='word_1_122' title='bbox 1692 1653 1827 1725; x_wconf 84' lang='grc' dir='ltr'>πρὸς</span> <span class='ocrx_word' id='word_1_123' title='bbox 1857 1654 2047 1709; x_wconf 81' lang='grc' dir='ltr'><strong>Φιλιπ-</strong></span> 
     </span>
    </p>
   </div>
   <div class='ocr_carea' id='block_1_18' title="bbox 460 1736 2037 1817">
    <p class='ocr_par' dir='ltr' id='par_1_18' title="bbox 460 1736 2037 1817">
     <span class='ocr_line' id='line_1_18' title="bbox 460 1736 2037 1817; baseline 0.009 -30"><span class='ocrx_word' id='word_1_124' title='bbox 460 1736 689 1804; x_wconf 82' lang='grc' dir='ltr'>πησίους</span> <span class='ocrx_word' id='word_1_125' title='bbox 732 1737 1023 1812; x_wconf 80' lang='grc' dir='ltr'>ἐπιστολῇ,</span> <span class='ocrx_word' id='word_1_126' title='bbox 1073 1739 1298 1810; x_wconf 78' lang='grc' dir='ltr'>φάσκων</span> <span class='ocrx_word' id='word_1_127' title='bbox 1332 1741 1515 1806; x_wconf 79' lang='grc' dir='ltr'>αὐτοῖς</span> <span class='ocrx_word' id='word_1_128' title='bbox 1549 1746 1776 1817; x_wconf 75' lang='grc' dir='ltr'>ῥήμασι,</span> <span class='ocrx_word' id='word_1_129' title='bbox 1813 1763 1866 1799; x_wconf 87' lang='grc' dir='ltr'>κ.</span> <span class='ocrx_word' id='word_1_130' title='bbox 1903 1765 1951 1800; x_wconf 91' lang='grc' dir='ltr'>τ.</span> <span class='ocrx_word' id='word_1_131' title='bbox 1988 1746 2037 1800; x_wconf 91' lang='grc' dir='ltr'>λ.</span> 
     </span>
    </p>
   </div>
   <div class='ocr_carea' id='block_1_19' title="bbox 2150 540 3696 613">
    <p class='ocr_par' dir='ltr' id='par_1_19' title="bbox 2150 540 3696 613">
     <span class='ocr_line' id='line_1_19' title="bbox 2150 540 3696 613; baseline 0.002 -19"><span class='ocrx_word' id='word_1_132' title='bbox 2150 542 2385 596; x_wconf 89' lang='lat' dir='ltr'><strong>alienam</strong></span> <span class='ocrx_word' id='word_1_133' title='bbox 2406 541 2602 606; x_wconf 85' lang='lat' dir='ltr'><strong>videri,</strong></span> <span class='ocrx_word' id='word_1_134' title='bbox 2630 551 2689 596; x_wconf 90' lang='lat' dir='ltr'><strong>ut</strong></span> <span class='ocrx_word' id='word_1_135' title='bbox 2706 540 2957 613; x_wconf 82' lang='lat' dir='ltr'><strong>Moynius</strong></span> <span class='ocrx_word' id='word_1_136' title='bbox 2974 542 3087 612; x_wconf 75' lang='lat'><strong>(9.2)</strong></span> <span class='ocrx_word' id='word_1_137' title='bbox 3110 541 3179 596; x_wconf 88' lang='lat' dir='ltr'><strong>de</strong></span> <span class='ocrx_word' id='word_1_138' title='bbox 3194 558 3271 596; x_wconf 83' lang='lat' dir='ltr'><strong>ea</strong></span> <span class='ocrx_word' id='word_1_139' title='bbox 3296 544 3380 597; x_wconf 86' lang='lat' dir='ltr'><strong>sic</strong></span> <span class='ocrx_word' id='word_1_140' title='bbox 3407 552 3591 611; x_wconf 79' lang='lat' dir='ltr'><strong>aperte</strong></span> <span class='ocrx_word' id='word_1_141' title='bbox 3606 558 3696 613; x_wconf 60' lang='lat' dir='ltr'><strong>ps</strong></span> 
     </span>
    </p>
   </div>
   <div class='ocr_carea' id='block_1_20' title="bbox 2148 632 3695 702">
    <p class='ocr_par' dir='ltr' id='par_1_20' title="bbox 2148 632 3695 702">
     <span class='ocr_line' id='line_1_20' title="bbox 2148 632 3695 702; baseline 0.001 -16"><span class='ocrx_word' id='word_1_142' title='bbox 2148 632 2399 687; x_wconf 90' lang='lat' dir='ltr'><strong>nuntiet:</strong></span> <span class='ocrx_word' id='word_1_143' title='bbox 2440 632 2731 702; x_wconf 86' lang='lat' dir='ltr'><strong>Nunquam</strong></span> <span class='ocrx_word' id='word_1_144' title='bbox 2771 633 2921 702; x_wconf 89' lang='lat' dir='ltr'><strong>potui</strong></span> <span class='ocrx_word' id='word_1_145' title='bbox 2967 632 3188 702; x_wconf 79' lang='lat' dir='ltr'><strong>pedibus</strong></span> <span class='ocrx_word' id='word_1_146' title='bbox 3220 648 3319 685; x_wconf 77' lang='lat' dir='ltr'><strong>nec</strong></span> <span class='ocrx_word' id='word_1_147' title='bbox 3347 634 3533 685; x_wconf 63' lang='lat' dir='ltr'><strong>animo</strong></span> <span class='ocrx_word' id='word_1_148' title='bbox 3576 633 3639 685; x_wconf 79' lang='lat' dir='ltr'><strong>ire</strong></span> <span class='ocrx_word' id='word_1_149' title='bbox 3664 652 3695 687; x_wconf 83' lang='grc' dir='ltr'><strong>ιι</strong></span> 
     </span>
    </p>
   </div>
   <div class='ocr_carea' id='block_1_21' title="bbox 2148 722 3694 794">
    <p class='ocr_par' dir='ltr' id='par_1_21' title="bbox 2148 722 3694 794">
     <span class='ocr_line' id='line_1_21' title="bbox 2148 722 3694 794; baseline -0.001 -17"><span class='ocrx_word' id='word_1_150' title='bbox 2148 724 2461 777; x_wconf 88' lang='lat' dir='ltr'><strong>sententiam</strong></span> <span class='ocrx_word' id='word_1_151' title='bbox 2503 724 2830 778; x_wconf 78' lang='lat' dir='ltr'><strong>celeberrimi</strong></span> <span class='ocrx_word' id='word_1_152' title='bbox 2873 724 3102 788; x_wconf 77' lang='lat' dir='ltr'><strong>Dalltei,</strong></span> <span class='ocrx_word' id='word_1_153' title='bbox 3134 726 3228 794; x_wconf 87' lang='lat' dir='ltr'><strong>qui</strong></span> <span class='ocrx_word' id='word_1_154' title='bbox 3268 725 3411 777; x_wconf 80' lang='lat' dir='ltr'><strong>hanc</strong></span> <span class='ocrx_word' id='word_1_155' title='bbox 3460 722 3694 793; x_wconf 66' lang='lat' dir='ltr'><strong>Pulch</strong></span> 
     </span>
    </p>
   </div>
   <div class='ocr_carea' id='block_1_22' title="bbox 2147 816 3698 888">
    <p class='ocr_par' dir='ltr' id='par_1_22' title="bbox 2147 816 3698 888">
     <span class='ocr_line' id='line_1_22' title="bbox 2147 816 3698 888; baseline 0.001 -19"><span class='ocrx_word' id='word_1_156' title='bbox 2147 816 2423 886; x_wconf 83' lang='lat' dir='ltr'><strong>epistolam</strong></span> <span class='ocrx_word' id='word_1_157' title='bbox 2450 828 2559 871; x_wconf 90' lang='lat' dir='ltr'><strong>tam</strong></span> <span class='ocrx_word' id='word_1_158' title='bbox 2590 818 2860 881; x_wconf 84' lang='lat' dir='ltr'><strong>celebrem,</strong></span> <span class='ocrx_word' id='word_1_159' title='bbox 2895 836 2959 872; x_wconf 89' lang='lat' dir='ltr'><strong>ac</strong></span> <span class='ocrx_word' id='word_1_160' title='bbox 2984 818 3174 888; x_wconf 85' lang='lat' dir='ltr'><strong>ubique</strong></span> <span class='ocrx_word' id='word_1_161' title='bbox 3201 830 3480 872; x_wconf 80' lang='lat' dir='ltr'><strong>terrarum</strong></span> <span class='ocrx_word' id='word_1_162' title='bbox 3509 819 3583 870; x_wconf 81' lang='lat' dir='ltr'><strong>ita</strong></span> <span class='ocrx_word' id='word_1_163' title='bbox 3602 834 3698 885; x_wconf 69' lang='lat' dir='ltr'><strong>pu-</strong></span> 
     </span>
    </p>
   </div>
   <div class='ocr_carea' id='block_1_23' title="bbox 2147 908 3697 980">
    <p class='ocr_par' dir='ltr' id='par_1_23' title="bbox 2147 908 3697 980">
     <span class='ocr_line' id='line_1_23' title="bbox 2147 908 3697 980; baseline -0.001 -19"><span class='ocrx_word' id='word_1_164' title='bbox 2147 908 2385 961; x_wconf 87' lang='lat' dir='ltr'><strong>dicatam</strong></span> <span class='ocrx_word' id='word_1_165' title='bbox 2410 949 2425 974; x_wconf 96' lang='lat'><strong>,</strong></span> <span class='ocrx_word' id='word_1_166' title='bbox 2457 918 2754 978; x_wconf 76' lang='lat' dir='ltr'><strong>suspectam</strong></span> <span class='ocrx_word' id='word_1_167' title='bbox 2802 912 3017 965; x_wconf 77' lang='lat' dir='ltr'><strong>reddere</strong></span> <span class='ocrx_word' id='word_1_168' title='bbox 3043 920 3265 964; x_wconf 71' lang='lat' dir='ltr'><strong>conatus</strong></span> <span class='ocrx_word' id='word_1_169' title='bbox 3302 922 3386 965; x_wconf 82' lang='lat' dir='ltr'><strong>est</strong></span> <span class='ocrx_word' id='word_1_170' title='bbox 3405 952 3421 965; x_wconf 92' lang='lat'><strong>.</strong></span> <span class='ocrx_word' id='word_1_171' title='bbox 3450 952 3465 964; x_wconf 93' lang='lat'><strong>.</strong></span> <span class='ocrx_word' id='word_1_172' title='bbox 3483 952 3498 964; x_wconf 92' lang='lat'><strong>.</strong></span> <span class='ocrx_word' id='word_1_173' title='bbox 3522 952 3535 965; x_wconf 92' lang='lat'><strong>.</strong></span> <span class='ocrx_word' id='word_1_174' title='bbox 3563 909 3697 980; x_wconf 62' lang='grc' dir='ltr'><strong>Νεφι</strong></span> 
     </span>
    </p>
   </div>
   <div class='ocr_carea' id='block_1_24' title="bbox 2146 998 3697 1069">
    <p class='ocr_par' dir='ltr' id='par_1_24' title="bbox 2146 998 3697 1069">
     <span class='ocr_line' id='line_1_24' title="bbox 2146 998 3697 1069; baseline 0.003 -18"><span class='ocrx_word' id='word_1_175' title='bbox 2146 1000 2285 1052; x_wconf 91' lang='lat' dir='ltr'><strong>enim</strong></span> <span class='ocrx_word' id='word_1_176' title='bbox 2304 998 2451 1052; x_wconf 89' lang='lat' dir='ltr'><strong>video</strong></span> <span class='ocrx_word' id='word_1_177' title='bbox 2477 1000 2739 1069; x_wconf 88' lang='lat' dir='ltr'><strong>quomodo</strong></span> <span class='ocrx_word' id='word_1_178' title='bbox 2758 1016 2886 1064; x_wconf 87' lang='lat' dir='ltr'><strong>opus</strong></span> <span class='ocrx_word' id='word_1_179' title='bbox 2904 1011 3132 1066; x_wconf 76' lang='lat' dir='ltr'><strong>tantum,</strong></span> <span class='ocrx_word' id='word_1_180' title='bbox 3154 1003 3407 1055; x_wconf 76' lang='lat' dir='ltr'><strong>omnibus</strong></span> <span class='ocrx_word' id='word_1_181' title='bbox 3438 1004 3520 1055; x_wconf 70' lang='lat' dir='ltr'><strong>ita</strong></span> <span class='ocrx_word' id='word_1_182' title='bbox 3540 1014 3697 1067; x_wconf 63' lang='lat' dir='ltr'><strong>una,</strong></span> 
     </span>
    </p>
   </div>
   <div class='ocr_carea' id='block_1_25' title="bbox 2146 1088 3700 1163">
    <p class='ocr_par' dir='ltr' id='par_1_25' title="bbox 2146 1088 3700 1163">
     <span class='ocr_line' id='line_1_25' title="bbox 2146 1088 3700 1163; baseline 0.002 -21"><span class='ocrx_word' id='word_1_183' title='bbox 2146 1088 2226 1142; x_wconf 84' lang='lat' dir='ltr'><strong>vel</strong></span> <span class='ocrx_word' id='word_1_184' title='bbox 2261 1090 2538 1143; x_wconf 79' lang='lat' dir='ltr'><strong>minimam</strong></span> <span class='ocrx_word' id='word_1_185' title='bbox 2561 1091 2625 1145; x_wconf 90' lang='lat' dir='ltr'><strong>de</strong></span> <span class='ocrx_word' id='word_1_186' title='bbox 2651 1108 2706 1146; x_wconf 88' lang='lat' dir='ltr'><strong>se</strong></span> <span class='ocrx_word' id='word_1_187' title='bbox 2734 1095 2902 1162; x_wconf 80' lang='lat' dir='ltr'><strong>possit</strong></span> <span class='ocrx_word' id='word_1_188' title='bbox 2930 1095 3164 1147; x_wconf 66' lang='lat' dir='ltr'><strong>excitare</strong></span> <span class='ocrx_word' id='word_1_189' title='bbox 3190 1095 3579 1163; x_wconf 66' lang='lat' dir='ltr'><strong>suspicionem.</strong></span> <span class='ocrx_word' id='word_1_190' title='bbox 3598 1092 3700 1146; x_wconf 62' lang='lat' dir='ltr'><strong>Sri-</strong></span> 
     </span>
    </p>
   </div>
   <div class='ocr_carea' id='block_1_26' title="bbox 2145 1180 3701 1256">
    <p class='ocr_par' dir='ltr' id='par_1_26' title="bbox 2145 1180 3701 1256">
     <span class='ocr_line' id='line_1_26' title="bbox 2145 1180 3701 1256; baseline 0.005 -23"><span class='ocrx_word' id='word_1_191' title='bbox 2145 1180 2256 1234; x_wconf 88' lang='lat' dir='ltr'><strong>lum</strong></span> <span class='ocrx_word' id='word_1_192' title='bbox 2285 1184 2473 1253; x_wconf 81' lang='lat' dir='ltr'><strong>quippe</strong></span> <span class='ocrx_word' id='word_1_193' title='bbox 2500 1194 2675 1238; x_wconf 73' lang='lat' dir='ltr'><strong>exstat</strong></span> <span class='ocrx_word' id='word_1_194' title='bbox 2698 1201 2827 1255; x_wconf 86' lang='lat' dir='ltr'><strong>opus</strong></span> <span class='ocrx_word' id='word_1_195' title='bbox 2850 1187 3003 1256; x_wconf 85' lang='lat' dir='ltr'><strong>cujus</strong></span> <span class='ocrx_word' id='word_1_196' title='bbox 3036 1190 3269 1242; x_wconf 86' lang='lat' dir='ltr'><strong>certiora</strong></span> <span class='ocrx_word' id='word_1_197' title='bbox 3303 1189 3701 1243; x_wconf 62' lang='lat' dir='ltr'><strong>(&quot;25de</strong></span> 
     </span>
    </p>
   </div>
   <div class='ocr_carea' id='block_1_27' title="bbox 2147 1278 3702 1354">
    <p class='ocr_par' dir='ltr' id='par_1_27' title="bbox 2147 1278 3702 1354">
     <span class='ocr_line' id='line_1_27' title="bbox 2147 1278 3702 1354; baseline 0.006 -27"><span class='ocrx_word' id='word_1_198' title='bbox 2147 1285 2234 1328; x_wconf 86' lang='lat' dir='ltr'><strong>tur</strong></span> <span class='ocrx_word' id='word_1_199' title='bbox 2256 1278 2494 1331; x_wconf 88' lang='lat' dir='ltr'><strong>veritatis</strong></span> <span class='ocrx_word' id='word_1_200' title='bbox 2513 1290 2844 1350; x_wconf 85' lang='lat' dir='ltr'><strong>argumenta,</strong></span> <span class='ocrx_word' id='word_1_201' title='bbox 2869 1298 3027 1351; x_wconf 90' lang='lat' dir='ltr'><strong>quam</strong></span> <span class='ocrx_word' id='word_1_202' title='bbox 3057 1282 3287 1353; x_wconf 83' lang='lat' dir='ltr'><strong>epistola</strong></span> <span class='ocrx_word' id='word_1_203' title='bbox 3327 1284 3398 1335; x_wconf 83' lang='lat' dir='ltr'><strong>ad</strong></span> <span class='ocrx_word' id='word_1_204' title='bbox 3440 1283 3702 1354; x_wconf 68' lang='lat' dir='ltr'><strong>Philippe-.-</strong></span> 
     </span>
    </p>
   </div>
   <div class='ocr_carea' id='block_1_28' title="bbox 2146 1369 3701 1440">
    <p class='ocr_par' dir='ltr' id='par_1_28' title="bbox 2146 1369 3701 1440">
     <span class='ocr_line' id='line_1_28' title="bbox 2146 1369 3701 1440; baseline 0.007 -22"><span class='ocrx_word' id='word_1_205' title='bbox 2146 1382 2262 1431; x_wconf 88' lang='lat' dir='ltr'><strong>ses;</strong></span> <span class='ocrx_word' id='word_1_206' title='bbox 2296 1385 2357 1420; x_wconf 78' lang='lat' dir='ltr'><strong>ac</strong></span> <span class='ocrx_word' id='word_1_207' title='bbox 2379 1369 2426 1421; x_wconf 90' lang='lat' dir='ltr'><strong>si</strong></span> <span class='ocrx_word' id='word_1_208' title='bbox 2453 1369 2519 1423; x_wconf 89' lang='lat' dir='ltr'><strong>de</strong></span> <span class='ocrx_word' id='word_1_209' title='bbox 2547 1369 2643 1423; x_wconf 88' lang='lat' dir='ltr'><strong>illa</strong></span> <span class='ocrx_word' id='word_1_210' title='bbox 2676 1371 2923 1427; x_wconf 86' lang='lat' dir='ltr'><strong>dubitare</strong></span> <span class='ocrx_word' id='word_1_211' title='bbox 2944 1372 3145 1440; x_wconf 83' lang='lat' dir='ltr'><strong>liceret,</strong></span> <span class='ocrx_word' id='word_1_212' title='bbox 3181 1373 3398 1426; x_wconf 77' lang='lat' dir='ltr'><strong>nullum</strong></span> <span class='ocrx_word' id='word_1_213' title='bbox 3434 1387 3573 1428; x_wconf 74' lang='lat' dir='ltr'><strong>esset</strong></span> <span class='ocrx_word' id='word_1_214' title='bbox 3595 1378 3701 1428; x_wconf 65' lang='lat' dir='ltr'><strong>mi-</strong></span> 
     </span>
    </p>
   </div>
   <div class='ocr_carea' id='block_1_29' title="bbox 2144 1459 3703 1535">
    <p class='ocr_par' dir='ltr' id='par_1_29' title="bbox 2144 1459 3703 1535">
     <span class='ocr_line' id='line_1_29' title="bbox 2144 1459 3703 1535; baseline 0.006 -25"><span class='ocrx_word' id='word_1_215' title='bbox 2144 1459 2365 1527; x_wconf 86' lang='lat' dir='ltr'><strong>quitatis</strong></span> <span class='ocrx_word' id='word_1_216' title='bbox 2407 1473 2801 1517; x_wconf 85' lang='lat' dir='ltr'><strong>monumentum</strong></span> <span class='ocrx_word' id='word_1_217' title='bbox 2838 1464 2990 1535; x_wconf 82' lang='lat' dir='ltr'><strong>cujus</strong></span> <span class='ocrx_word' id='word_1_218' title='bbox 3027 1465 3159 1535; x_wconf 82' lang='lat' dir='ltr'><strong>ﬁdes</strong></span> <span class='ocrx_word' id='word_1_219' title='bbox 3209 1467 3383 1520; x_wconf 84' lang='lat' dir='ltr'><strong>etiam</strong></span> <span class='ocrx_word' id='word_1_220' title='bbox 3440 1467 3633 1521; x_wconf 72' lang='lat' dir='ltr'><strong>incerta</strong></span> <span class='ocrx_word' id='word_1_221' title='bbox 3660 1484 3703 1519; x_wconf 74' lang='lat' dir='ltr'><strong>ar</strong></span> 
     </span>
    </p>
   </div>
   <div class='ocr_carea' id='block_1_30' title="bbox 2147 1549 2840 1609">
    <p class='ocr_par' dir='ltr' id='par_1_30' title="bbox 2147 1549 2840 1609">
     <span class='ocr_line' id='line_1_30' title="bbox 2147 1549 2840 1609; baseline 0.007 -6"><span class='ocrx_word' id='word_1_222' title='bbox 2147 1549 2311 1605; x_wconf 87' lang='lat' dir='ltr'><strong>dubia</strong></span> <span class='ocrx_word' id='word_1_223' title='bbox 2343 1568 2445 1606; x_wconf 89' lang='lat' dir='ltr'><strong>non</strong></span> <span class='ocrx_word' id='word_1_224' title='bbox 2473 1553 2783 1609; x_wconf 86' lang='lat' dir='ltr'><strong>labasceret.</strong></span> <span class='ocrx_word' id='word_1_225' title='bbox 2820 1575 2840 1608; x_wconf 82' lang='grc' dir='ltr'><strong>ι</strong></span> 
     </span>
    </p>
   </div>
   <div class='ocr_carea' id='block_1_31' title="bbox 2219 1642 3703 1716">
    <p class='ocr_par' dir='ltr' id='par_1_31' title="bbox 2219 1642 3703 1716">
     <span class='ocr_line' id='line_1_31' title="bbox 2219 1642 3703 1716; baseline 0.006 -20"><span class='ocrx_word' id='word_1_226' title='bbox 2219 1642 2308 1697; x_wconf 87' lang='lat' dir='ltr'><strong>lV.</strong></span> <span class='ocrx_word' id='word_1_227' title='bbox 2346 1642 2465 1699; x_wconf 88' lang='lat' dir='ltr'><strong>Jam</strong></span> <span class='ocrx_word' id='word_1_228' title='bbox 2518 1646 2585 1701; x_wconf 93' lang='lat' dir='ltr'><strong>de</strong></span> <span class='ocrx_word' id='word_1_229' title='bbox 2618 1648 2925 1716; x_wconf 84' lang='lat' dir='ltr'><strong>integritate</strong></span> <span class='ocrx_word' id='word_1_230' title='bbox 2945 1648 3264 1703; x_wconf 86' lang='lat' dir='ltr'><strong>dicendum.</strong></span> <span class='ocrx_word' id='word_1_231' title='bbox 3304 1648 3591 1716; x_wconf 68' lang='lat' dir='ltr'><strong>Dallaans,</strong></span> <span class='ocrx_word' id='word_1_232' title='bbox 3615 1667 3703 1704; x_wconf 70' lang='lat' dir='ltr'><strong>ea</strong></span> 
     </span>
    </p>
   </div>
   <div class='ocr_carea' id='block_1_32' title="bbox 2144 1738 3704 1813">
    <p class='ocr_par' dir='ltr' id='par_1_32' title="bbox 2144 1738 3704 1813">
     <span class='ocr_line' id='line_1_32' title="bbox 2144 1738 3704 1813; baseline 0.004 -24"><span class='ocrx_word' id='word_1_233' title='bbox 2144 1745 2312 1790; x_wconf 86' lang='lat' dir='ltr'><strong>totam</strong></span> <span class='ocrx_word' id='word_1_234' title='bbox 2339 1738 2625 1808; x_wconf 91' lang='lat' dir='ltr'><strong>epistolam</strong></span> <span class='ocrx_word' id='word_1_235' title='bbox 2651 1739 2882 1810; x_wconf 90' lang='lat' dir='ltr'><strong>rejicere</strong></span> <span class='ocrx_word' id='word_1_236' title='bbox 2916 1756 2975 1795; x_wconf 88' lang='lat' dir='ltr'><strong>se</strong></span> <span class='ocrx_word' id='word_1_237' title='bbox 3002 1757 3164 1810; x_wconf 88' lang='lat' dir='ltr'><strong>posse</strong></span> <span class='ocrx_word' id='word_1_238' title='bbox 3192 1758 3309 1796; x_wconf 88' lang='lat' dir='ltr'><strong>non</strong></span> <span class='ocrx_word' id='word_1_239' title='bbox 3346 1756 3626 1813; x_wconf 70' lang='lat' dir='ltr'><strong>speraret.</strong></span> <span class='ocrx_word' id='word_1_240' title='bbox 3648 1748 3704 1797; x_wconf 69' lang='lat' dir='ltr'><strong>el-</strong></span> 
     </span>
    </p>
   </div>
   <div class='ocr_carea' id='block_1_33' title="bbox 459 1825 3705 1913">
    <p class='ocr_par' dir='ltr' id='par_1_33' title="bbox 459 1825 3705 1913">
     <span class='ocr_line' id='line_1_33' title="bbox 459 1825 3705 1913; baseline 0.01 -34"><span class='ocrx_word' id='word_1_241' title='bbox 459 1826 817 1897; x_wconf 89' lang='lat' dir='ltr'><strong>(Sequuntur</strong></span> <span class='ocrx_word' id='word_1_242' title='bbox 845 1832 1009 1887; x_wconf 67' lang='lat' dir='ltr'><strong>verba</strong></span> <span class='ocrx_word' id='word_1_243' title='bbox 1034 1832 1322 1905; x_wconf 83' lang='lat' dir='ltr'><strong>Polycarpi</strong></span> <span class='ocrx_word' id='word_1_244' title='bbox 1355 1854 1421 1891; x_wconf 80' lang='lat' dir='ltr'><strong>ex</strong></span> <span class='ocrx_word' id='word_1_245' title='bbox 1452 1853 1573 1907; x_wconf 88' lang='lat' dir='ltr'><strong>cap.</strong></span> <span class='ocrx_word' id='word_1_246' title='bbox 1612 1838 1645 1891; x_wconf 90' lang='lat'><strong>9</strong></span> <span class='ocrx_word' id='word_1_247' title='bbox 1672 1847 1724 1893; x_wconf 90' lang='lat' dir='ltr'><strong>et</strong></span> <span class='ocrx_word' id='word_1_248' title='bbox 1750 1839 1859 1909; x_wconf 80' lang='grc'>15).</span> <span class='ocrx_word' id='word_1_249' title='bbox 1890 1837 1955 1892; x_wconf 86' lang='lat' dir='ltr'><strong>Et</strong></span> <span class='ocrx_word' id='word_1_250' title='bbox 1983 1839 2036 1895; x_wconf 90' lang='lat' dir='ltr'><strong>in</strong></span> <span class='ocrx_word' id='word_1_251' title='bbox 2069 1827 2112 1883; x_wconf 83' lang='lat' dir='ltr'><strong>B</strong></span> <span class='ocrx_word' id='word_1_252' title='bbox 2142 1825 2332 1881; x_wconf 58' lang='lat' dir='ltr'><strong>“mam</strong></span> <span class='ocrx_word' id='word_1_253' title='bbox 2362 1838 2509 1884; x_wconf 58' lang='lat' dir='ltr'><strong>certe</strong></span> <span class='ocrx_word' id='word_1_254' title='bbox 2534 1830 2659 1913; x_wconf 17' lang='grc' dir='ltr'>θὶυε,</span> <span class='ocrx_word' id='word_1_255' title='bbox 2682 1840 2889 1901; x_wconf 52' lang='lat' dir='ltr'><strong>Partem</strong></span> <span class='ocrx_word' id='word_1_256' title='bbox 2913 1832 3214 1904; x_wconf 65' lang='grc' dir='ltr'><strong>ΡΟῘῩεπΡο</strong></span> <span class='ocrx_word' id='word_1_257' title='bbox 3236 1838 3705 1905; x_wconf 66' lang='grc' dir='ltr'><strong>δυίἰ)⁰είί³ωτθθ⁴</strong></span> 
     </span>
    </p>
   </div>
   <div class='ocr_carea' id='block_1_34' title="bbox 456 1920 2037 2005">
    <p class='ocr_par' dir='ltr' id='par_1_34' title="bbox 456 1920 2037 2005">
     <span class='ocr_line' id='line_1_34' title="bbox 456 1920 2037 2005; baseline 0.009 -33"><span class='ocrx_word' id='word_1_258' title='bbox 456 1920 565 1974; x_wconf 88' lang='lat' dir='ltr'><strong>alio</strong></span> <span class='ocrx_word' id='word_1_259' title='bbox 603 1921 742 1975; x_wconf 91' lang='lat' dir='ltr'><strong>libro</strong></span> <span class='ocrx_word' id='word_1_260' title='bbox 773 1922 1042 1979; x_wconf 85' lang='lat' dir='ltr'><strong>Eusebius</strong></span> <span class='ocrx_word' id='word_1_261' title='bbox 1073 1925 1224 1996; x_wconf 86' lang='lat' dir='ltr'><strong>(l8):</strong></span> <span class='ocrx_word' id='word_1_262' title='bbox 1264 1928 1321 1982; x_wconf 84' lang='lat'><strong>&#39;0</strong></span> <span class='ocrx_word' id='word_1_263' title='bbox 1358 1929 1457 1999; x_wconf 87' lang='grc' dir='ltr'>μέν</span> <span class='ocrx_word' id='word_1_264' title='bbox 1490 1946 1572 1983; x_wconf 85' lang='grc' dir='ltr'>τοι</span> <span class='ocrx_word' id='word_1_265' title='bbox 1606 1929 1963 2005; x_wconf 85' lang='grc' dir='ltr'>Πολύχαρπος</span> <span class='ocrx_word' id='word_1_266' title='bbox 1980 1934 2037 1987; x_wconf 82' lang='grc' dir='ltr'>ὲν</span> 
     </span>
    </p>
   </div>
   <div class='ocr_carea' id='block_1_35' title="bbox 452 2011 2040 2096">
    <p class='ocr_par' dir='ltr' id='par_1_35' title="bbox 452 2011 2040 2096">
     <span class='ocr_line' id='line_1_35' title="bbox 452 2011 2040 2096; baseline 0.01 -33"><span class='ocrx_word' id='word_1_267' title='bbox 452 2013 518 2083; x_wconf 81' lang='grc' dir='ltr'>τῇ</span> <span class='ocrx_word' id='word_1_268' title='bbox 552 2011 851 2088; x_wconf 84' lang='grc' dir='ltr'>δηλωθείσῃ</span> <span class='ocrx_word' id='word_1_269' title='bbox 887 2016 1020 2090; x_wconf 83' lang='grc' dir='ltr'>πρὸς</span> <span class='ocrx_word' id='word_1_270' title='bbox 1047 2018 1439 2090; x_wconf 86' lang='grc' dir='ltr'>Φιλιππησίους</span> <span class='ocrx_word' id='word_1_271' title='bbox 1471 2021 1635 2075; x_wconf 79' lang='grc' dir='ltr'>αὐτοῦ</span> <span class='ocrx_word' id='word_1_272' title='bbox 1680 2027 1895 2096; x_wconf 70' lang='grc' dir='ltr'>γραφῇ,</span> <span class='ocrx_word' id='word_1_273' title='bbox 1943 2042 2040 2094; x_wconf 79' lang='grc' dir='ltr'><strong>φε-</strong></span> 
     </span>
    </p>
   </div>
   <div class='ocr_carea' id='block_1_36' title="bbox 455 2104 2042 2189">
    <p class='ocr_par' dir='ltr' id='par_1_36' title="bbox 455 2104 2042 2189">
     <span class='ocr_line' id='line_1_36' title="bbox 455 2104 2042 2189; baseline 0.011 -34"><span class='ocrx_word' id='word_1_274' title='bbox 455 2104 656 2177; x_wconf 79' lang='grc' dir='ltr'>ρομένῃ</span> <span class='ocrx_word' id='word_1_275' title='bbox 690 2107 770 2170; x_wconf 84' lang='grc' dir='ltr'><strong>είς</strong></span> <span class='ocrx_word' id='word_1_276' title='bbox 796 2106 973 2180; x_wconf 80' lang='grc' dir='ltr'>δεῦρο,</span> <span class='ocrx_word' id='word_1_277' title='bbox 1009 2109 1272 2182; x_wconf 83' lang='grc' dir='ltr'>κέχρηταί</span> <span class='ocrx_word' id='word_1_278' title='bbox 1298 2129 1407 2166; x_wconf 83' lang='grc' dir='ltr'>τισι</span> <span class='ocrx_word' id='word_1_279' title='bbox 1443 2114 1773 2187; x_wconf 79' lang='grc' dir='ltr'>μαρτυρίαις</span> <span class='ocrx_word' id='word_1_280' title='bbox 1804 2116 1911 2170; x_wconf 85' lang='grc' dir='ltr'><strong>ἀπὸ</strong></span> <span class='ocrx_word' id='word_1_281' title='bbox 1944 2118 2042 2189; x_wconf 79' lang='grc' dir='ltr'>τῆς</span> 
     </span>
    </p>
   </div>
   <div class='ocr_carea' id='block_1_37' title="bbox 451 2194 2040 2278">
    <p class='ocr_par' dir='ltr' id='par_1_37' title="bbox 451 2194 2040 2278">
     <span class='ocr_line' id='line_1_37' title="bbox 451 2194 2040 2278; baseline 0.011 -31"><span class='ocrx_word' id='word_1_282' title='bbox 451 2194 657 2268; x_wconf 82' lang='grc' dir='ltr'>Πέτρου</span> <span class='ocrx_word' id='word_1_283' title='bbox 692 2199 964 2271; x_wconf 84' lang='grc' dir='ltr'>προτέρας</span> <span class='ocrx_word' id='word_1_284' title='bbox 1012 2204 1300 2276; x_wconf 80' lang='grc' dir='ltr'>ἐπιστολῆς</span> <span class='ocrx_word' id='word_1_285' title='bbox 1337 2207 1421 2275; x_wconf 92' lang='lat' dir='ltr'><strong>(c.</strong></span> <span class='ocrx_word' id='word_1_286' title='bbox 1451 2222 1505 2276; x_wconf 70' lang='grc' dir='ltr'>ε.</span> <span class='ocrx_word' id='word_1_287' title='bbox 1549 2222 1599 2262; x_wconf 88' lang='lat' dir='ltr'><strong>c.</strong></span> <span class='ocrx_word' id='word_1_288' title='bbox 1639 2208 1690 2272; x_wconf 78' lang='grc'>1,</span> <span class='ocrx_word' id='word_1_289' title='bbox 1723 2209 1780 2271; x_wconf 74' lang='grc'>2,</span> <span class='ocrx_word' id='word_1_290' title='bbox 1812 2210 1867 2275; x_wconf 82' lang='grc'>5,</span> <span class='ocrx_word' id='word_1_291' title='bbox 1901 2210 1952 2277; x_wconf 86' lang='lat'><strong>7,</strong></span> <span class='ocrx_word' id='word_1_292' title='bbox 1984 2210 2040 2278; x_wconf 87' lang='lat'><strong>8,</strong></span> 
     </span>
    </p>
   </div>
   <div class='ocr_carea' id='block_1_38' title="bbox 455 2287 2041 2372">
    <p class='ocr_par' dir='ltr' id='par_1_38' title="bbox 455 2287 2041 2372">
     <span class='ocr_line' id='line_1_38' title="bbox 455 2287 2041 2372; baseline 0.01 -32"><span class='ocrx_word' id='word_1_293' title='bbox 455 2287 568 2359; x_wconf 73' lang='lat'><strong>10).</strong></span> <span class='ocrx_word' id='word_1_294' title='bbox 599 2288 837 2347; x_wconf 88' lang='lat' dir='ltr'><strong>Eusebio</strong></span> <span class='ocrx_word' id='word_1_295' title='bbox 865 2294 1075 2348; x_wconf 84' lang='lat' dir='ltr'><strong>accedit</strong></span> <span class='ocrx_word' id='word_1_296' title='bbox 1122 2293 1529 2369; x_wconf 82' lang='lat' dir='ltr'><strong>Hieronymus,</strong></span> <span class='ocrx_word' id='word_1_297' title='bbox 1577 2299 1672 2369; x_wconf 91' lang='lat' dir='ltr'><strong>qui</strong></span> <span class='ocrx_word' id='word_1_298' title='bbox 1705 2300 1881 2356; x_wconf 87' lang='lat' dir='ltr'><strong>eidem</strong></span> <span class='ocrx_word' id='word_1_299' title='bbox 1925 2302 2041 2372; x_wconf 89' lang='lat' dir='ltr'><strong>epi-</strong></span> 
     </span>
    </p>
   </div>
   <div class='ocr_carea' id='block_1_39' title="bbox 449 2379 2039 2463">
    <p class='ocr_par' dir='ltr' id='par_1_39' title="bbox 449 2379 2039 2463">
     <span class='ocr_line' id='line_1_39' title="bbox 449 2379 2039 2463; baseline 0.009 -31"><span class='ocrx_word' id='word_1_300' title='bbox 449 2379 605 2433; x_wconf 85' lang='lat' dir='ltr'><strong>stolae</strong></span> <span class='ocrx_word' id='word_1_301' title='bbox 636 2397 798 2435; x_wconf 91' lang='lat' dir='ltr'><strong>suum</strong></span> <span class='ocrx_word' id='word_1_302' title='bbox 821 2399 1043 2454; x_wconf 90' lang='lat' dir='ltr'><strong>quoque</strong></span> <span class='ocrx_word' id='word_1_303' title='bbox 1075 2386 1225 2440; x_wconf 86' lang='lat' dir='ltr'><strong>dedit</strong></span> <span class='ocrx_word' id='word_1_304' title='bbox 1260 2388 1640 2445; x_wconf 90' lang='lat' dir='ltr'><strong>testimonium</strong></span> <span class='ocrx_word' id='word_1_305' title='bbox 1675 2390 1789 2461; x_wconf 81' lang='lat' dir='ltr'><strong>(l9)</strong></span> <span class='ocrx_word' id='word_1_306' title='bbox 1818 2410 1830 2445; x_wconf 91' lang='lat'>:</span> <span class='ocrx_word' id='word_1_307' title='bbox 1874 2390 2039 2463; x_wconf 42' lang='lat' dir='ltr'><strong>Poly‘</strong></span> 
     </span>
    </p>
   </div>
   <div class='ocr_carea' id='block_1_40' title="bbox 451 2473 2040 2555">
    <p class='ocr_par' dir='ltr' id='par_1_40' title="bbox 451 2473 2040 2555">
     <span class='ocr_line' id='line_1_40' title="bbox 451 2473 2040 2555; baseline 0.011 -32"><span class='ocrx_word' id='word_1_308' title='bbox 451 2487 663 2541; x_wconf 79' lang='lat' dir='ltr'><strong>corpus,</strong></span> <span class='ocrx_word' id='word_1_309' title='bbox 696 2473 923 2529; x_wconf 83' lang='lat' dir='ltr'><strong>Joannis</strong></span> <span class='ocrx_word' id='word_1_310' title='bbox 947 2478 1177 2546; x_wconf 87' lang='lat' dir='ltr'><strong>apostoli</strong></span> <span class='ocrx_word' id='word_1_311' title='bbox 1202 2480 1521 2549; x_wconf 82' lang='lat' dir='ltr'><strong>discipulus,</strong></span> <span class='ocrx_word' id='word_1_312' title='bbox 1545 2492 1594 2536; x_wconf 87' lang='lat' dir='ltr'><strong>et</strong></span> <span class='ocrx_word' id='word_1_313' title='bbox 1621 2484 1685 2536; x_wconf 87' lang='lat' dir='ltr'><strong>ab</strong></span> <span class='ocrx_word' id='word_1_314' title='bbox 1711 2501 1769 2538; x_wconf 90' lang='lat' dir='ltr'><strong>eo</strong></span> <span class='ocrx_word' id='word_1_315' title='bbox 1796 2483 2040 2555; x_wconf 76' lang='lat' dir='ltr'><strong>Smyrna:</strong></span> 
     </span>
    </p>
   </div>
   <div class='ocr_carea' id='block_1_41' title="bbox 447 2564 2034 2645">
    <p class='ocr_par' dir='ltr' id='par_1_41' title="bbox 447 2564 2034 2645">
     <span class='ocr_line' id='line_1_41' title="bbox 447 2564 2034 2645; baseline 0.012 -31"><span class='ocrx_word' id='word_1_316' title='bbox 447 2564 720 2633; x_wconf 83' lang='lat' dir='ltr'><strong>episcopus</strong></span> <span class='ocrx_word' id='word_1_317' title='bbox 760 2568 1069 2633; x_wconf 81' lang='lat' dir='ltr'><strong>ordinatus;</strong></span> <span class='ocrx_word' id='word_1_318' title='bbox 1117 2572 1279 2625; x_wconf 85' lang='lat' dir='ltr'><strong>totius</strong></span> <span class='ocrx_word' id='word_1_319' title='bbox 1314 2573 1460 2628; x_wconf 71' lang='lat' dir='ltr'><strong>Asiae</strong></span> <span class='ocrx_word' id='word_1_320' title='bbox 1488 2575 1729 2644; x_wconf 85' lang='lat' dir='ltr'><strong>princeps</strong></span> <span class='ocrx_word' id='word_1_321' title='bbox 1760 2576 1900 2645; x_wconf 80' lang='lat' dir='ltr'><strong>fuit,</strong></span> <span class='ocrx_word' id='word_1_322' title='bbox 1927 2586 2034 2633; x_wconf 88' lang='lat' dir='ltr'><strong>etc.</strong></span> 
     </span>
    </p>
   </div>
   <div class='ocr_carea' id='block_1_42' title="bbox 451 2655 2038 2741">
    <p class='ocr_par' dir='ltr' id='par_1_42' title="bbox 451 2655 2038 2741">
     <span class='ocr_line' id='line_1_42' title="bbox 451 2655 2038 2741; baseline 0.011 -33"><span class='ocrx_word' id='word_1_323' title='bbox 451 2655 676 2723; x_wconf 85' lang='lat' dir='ltr'><strong>Scripsit</strong></span> <span class='ocrx_word' id='word_1_324' title='bbox 704 2659 772 2712; x_wconf 87' lang='lat' dir='ltr'><strong>ad</strong></span> <span class='ocrx_word' id='word_1_325' title='bbox 809 2657 1175 2731; x_wconf 83' lang='lat' dir='ltr'><strong>Philippenses</strong></span> <span class='ocrx_word' id='word_1_326' title='bbox 1198 2665 1351 2719; x_wconf 88' lang='lat' dir='ltr'><strong>valde</strong></span> <span class='ocrx_word' id='word_1_327' title='bbox 1382 2666 1564 2720; x_wconf 87' lang='lat' dir='ltr'><strong>utilem</strong></span> <span class='ocrx_word' id='word_1_328' title='bbox 1588 2668 1889 2736; x_wconf 85' lang='lat' dir='ltr'><strong>epistolam,</strong></span> <span class='ocrx_word' id='word_1_329' title='bbox 1921 2687 2038 2741; x_wconf 76' lang='lat' dir='ltr'><strong>qua:</strong></span> 
     </span>
    </p>
   </div>
   <div class='ocr_carea' id='block_1_43' title="bbox 452 2749 2039 2830">
    <p class='ocr_par' dir='ltr' id='par_1_43' title="bbox 452 2749 2039 2830">
     <span class='ocr_line' id='line_1_43' title="bbox 452 2749 2039 2830; baseline 0.011 -31"><span class='ocrx_word' id='word_1_330' title='bbox 452 2764 615 2819; x_wconf 89' lang='lat' dir='ltr'><strong>usque</strong></span> <span class='ocrx_word' id='word_1_331' title='bbox 638 2749 790 2804; x_wconf 79' lang='lat' dir='ltr'><strong>hodie</strong></span> <span class='ocrx_word' id='word_1_332' title='bbox 820 2751 874 2806; x_wconf 87' lang='lat' dir='ltr'><strong>in</strong></span> <span class='ocrx_word' id='word_1_333' title='bbox 902 2753 1047 2808; x_wconf 70' lang='lat' dir='ltr'><strong>Asiae</strong></span> <span class='ocrx_word' id='word_1_334' title='bbox 1072 2765 1325 2809; x_wconf 87' lang='lat' dir='ltr'><strong>conventu</strong></span> <span class='ocrx_word' id='word_1_335' title='bbox 1354 2756 1565 2827; x_wconf 83' lang='lat' dir='ltr'><strong>legitur.</strong></span> <span class='ocrx_word' id='word_1_336' title='bbox 1594 2758 1673 2813; x_wconf 84' lang='lat' dir='ltr'><strong>Ex</strong></span> <span class='ocrx_word' id='word_1_337' title='bbox 1697 2760 1896 2830; x_wconf 79' lang='lat' dir='ltr'><strong>quibus</strong></span> <span class='ocrx_word' id='word_1_338' title='bbox 1918 2760 2039 2817; x_wconf 83' lang='lat' dir='ltr'><strong>Ilie-</strong></span> 
     </span>
    </p>
   </div>
   <div class='ocr_carea' id='block_1_44' title="bbox 452 2842 2039 2923">
    <p class='ocr_par' dir='ltr' id='par_1_44' title="bbox 452 2842 2039 2923">
     <span class='ocr_line' id='line_1_44' title="bbox 452 2842 2039 2923; baseline 0.01 -31"><span class='ocrx_word' id='word_1_339' title='bbox 452 2842 663 2911; x_wconf 85' lang='lat' dir='ltr'><strong>ronymi</strong></span> <span class='ocrx_word' id='word_1_340' title='bbox 689 2843 872 2900; x_wconf 83' lang='lat' dir='ltr'><strong>verbis</strong></span> <span class='ocrx_word' id='word_1_341' title='bbox 890 2843 1177 2911; x_wconf 88' lang='lat' dir='ltr'><strong>discimus,</strong></span> <span class='ocrx_word' id='word_1_342' title='bbox 1197 2862 1306 2901; x_wconf 94' lang='lat' dir='ltr'><strong>non</strong></span> <span class='ocrx_word' id='word_1_343' title='bbox 1335 2849 1516 2903; x_wconf 91' lang='lat' dir='ltr'><strong>solum</strong></span> <span class='ocrx_word' id='word_1_344' title='bbox 1544 2850 1613 2905; x_wconf 88' lang='lat' dir='ltr'><strong>ab</strong></span> <span class='ocrx_word' id='word_1_345' title='bbox 1639 2850 1731 2906; x_wconf 92' lang='lat' dir='ltr'><strong>illo</strong></span> <span class='ocrx_word' id='word_1_346' title='bbox 1759 2851 1901 2906; x_wconf 90' lang='lat' dir='ltr'><strong>hanc</strong></span> <span class='ocrx_word' id='word_1_347' title='bbox 1927 2854 2039 2923; x_wconf 89' lang='lat' dir='ltr'><strong>epi-</strong></span> 
     </span>
    </p>
   </div>
   <div class='ocr_carea' id='block_1_45' title="bbox 451 2932 2033 3014">
    <p class='ocr_par' dir='ltr' id='par_1_45' title="bbox 451 2932 2033 3014">
     <span class='ocr_line' id='line_1_45' title="bbox 451 2932 2033 3014; baseline 0.011 -30"><span class='ocrx_word' id='word_1_348' title='bbox 451 2932 645 2987; x_wconf 87' lang='lat' dir='ltr'><strong>stolam</strong></span> <span class='ocrx_word' id='word_1_349' title='bbox 676 2932 977 3005; x_wconf 83' lang='lat' dir='ltr'><strong>Polycarpo</strong></span> <span class='ocrx_word' id='word_1_350' title='bbox 1007 2938 1231 3005; x_wconf 89' lang='lat' dir='ltr'><strong>ascribi,</strong></span> <span class='ocrx_word' id='word_1_351' title='bbox 1265 2938 1359 2993; x_wconf 89' lang='lat' dir='ltr'><strong>sed</strong></span> <span class='ocrx_word' id='word_1_352' title='bbox 1391 2955 1511 2996; x_wconf 89' lang='lat' dir='ltr'><strong>eam</strong></span> <span class='ocrx_word' id='word_1_353' title='bbox 1547 2943 1790 3014; x_wconf 86' lang='lat' dir='ltr'><strong>insuper,</strong></span> <span class='ocrx_word' id='word_1_354' title='bbox 1818 2960 2033 3001; x_wconf 86' lang='lat' dir='ltr'><strong>summa</strong></span> 
     </span>
    </p>
   </div>
   <div class='ocr_carea' id='block_1_46' title="bbox 447 3024 2031 3097">
    <p class='ocr_par' dir='ltr' id='par_1_46' title="bbox 447 3024 2031 3097">
     <span class='ocr_line' id='line_1_46' title="bbox 447 3024 2031 3097; baseline 0.011 -21"><span class='ocrx_word' id='word_1_355' title='bbox 447 3038 579 3078; x_wconf 89' lang='lat' dir='ltr'><strong>cura</strong></span> <span class='ocrx_word' id='word_1_356' title='bbox 605 3024 657 3080; x_wconf 91' lang='lat' dir='ltr'><strong>in</strong></span> <span class='ocrx_word' id='word_1_357' title='bbox 683 3027 935 3084; x_wconf 90' lang='lat' dir='ltr'><strong>ecclesiis</strong></span> <span class='ocrx_word' id='word_1_358' title='bbox 967 3040 1330 3097; x_wconf 89' lang='lat' dir='ltr'><strong>asservatam,</strong></span> <span class='ocrx_word' id='word_1_359' title='bbox 1367 3032 1443 3087; x_wconf 87' lang='lat' dir='ltr'><strong>ibi</strong></span> <span class='ocrx_word' id='word_1_360' title='bbox 1489 3035 1733 3092; x_wconf 80' lang='lat' dir='ltr'><strong>maximo</strong></span> <span class='ocrx_word' id='word_1_361' title='bbox 1773 3036 1946 3093; x_wconf 82' lang='lat' dir='ltr'><strong>fuisse</strong></span> <span class='ocrx_word' id='word_1_362' title='bbox 1975 3038 2031 3093; x_wconf 92' lang='lat' dir='ltr'><strong>in</strong></span> 
     </span>
    </p>
   </div>
   <div class='ocr_carea' id='block_1_47' title="bbox 446 3116 640 3184">
    <p class='ocr_par' dir='ltr' id='par_1_47' title="bbox 446 3116 640 3184">
     <span class='ocr_line' id='line_1_47' title="bbox 446 3116 640 3184; baseline 0.026 -16"><span class='ocrx_word' id='word_1_363' title='bbox 446 3116 640 3184; x_wconf 81' lang='lat' dir='ltr'><strong>pretio.</strong></span> 
     </span>
    </p>
   </div>
   <div class='ocr_carea' id='block_1_48' title="bbox 524 3207 2029 3288">
    <p class='ocr_par' dir='ltr' id='par_1_48' title="bbox 524 3207 2029 3288">
     <span class='ocr_line' id='line_1_48' title="bbox 524 3207 2029 3288; baseline 0.013 -27"><span class='ocrx_word' id='word_1_364' title='bbox 524 3227 543 3261; x_wconf 77' lang='grc' dir='ltr'><strong>ι</strong></span> <span class='ocrx_word' id='word_1_365' title='bbox 575 3207 670 3266; x_wconf 86' lang='lat' dir='ltr'><strong>llis</strong></span> <span class='ocrx_word' id='word_1_366' title='bbox 698 3219 879 3266; x_wconf 89' lang='lat' dir='ltr'><strong>autem</strong></span> <span class='ocrx_word' id='word_1_367' title='bbox 908 3213 1084 3270; x_wconf 91' lang='lat' dir='ltr'><strong>tribus</strong></span> <span class='ocrx_word' id='word_1_368' title='bbox 1114 3214 1569 3288; x_wconf 88' lang='lat' dir='ltr'><strong>locupletissimis</strong></span> <span class='ocrx_word' id='word_1_369' title='bbox 1595 3220 1830 3282; x_wconf 86' lang='lat' dir='ltr'><strong>testibus</strong></span> <span class='ocrx_word' id='word_1_370' title='bbox 1862 3223 2029 3279; x_wconf 90' lang='lat' dir='ltr'><strong>innu-</strong></span> 
     </span>
    </p>
   </div>
   <div class='ocr_carea' id='block_1_49' title="bbox 445 3301 2031 3386">
    <p class='ocr_par' dir='ltr' id='par_1_49' title="bbox 445 3301 2031 3386">
     <span class='ocr_line' id='line_1_49' title="bbox 445 3301 2031 3386; baseline 0.013 -33"><span class='ocrx_word' id='word_1_371' title='bbox 445 3301 738 3356; x_wconf 88' lang='lat' dir='ltr'><strong>merabiles</strong></span> <span class='ocrx_word' id='word_1_372' title='bbox 768 3303 932 3369; x_wconf 91' lang='lat' dir='ltr'><strong>alios,</strong></span> <span class='ocrx_word' id='word_1_373' title='bbox 967 3305 1013 3360; x_wconf 91' lang='lat' dir='ltr'><strong>si</strong></span> <span class='ocrx_word' id='word_1_374' title='bbox 1041 3306 1174 3375; x_wconf 89' lang='lat' dir='ltr'><strong>quid</strong></span> <span class='ocrx_word' id='word_1_375' title='bbox 1204 3323 1342 3377; x_wconf 92' lang='lat' dir='ltr'><strong>opus</strong></span> <span class='ocrx_word' id='word_1_376' title='bbox 1376 3320 1544 3378; x_wconf 88' lang='lat' dir='ltr'><strong>esset,</strong></span> <span class='ocrx_word' id='word_1_377' title='bbox 1567 3311 1871 3384; x_wconf 77' lang='lat' dir='ltr'><strong>adjungere</strong></span> <span class='ocrx_word' id='word_1_378' title='bbox 1904 3331 2031 3386; x_wconf 89' lang='lat' dir='ltr'><strong>pos-</strong></span> 
     </span>
    </p>
   </div>
   <div class='ocr_carea' id='block_1_50' title="bbox 444 3394 2032 3465">
    <p class='ocr_par' dir='ltr' id='par_1_50' title="bbox 444 3394 2032 3465">
     <span class='ocr_line' id='line_1_50' title="bbox 444 3394 2032 3465; baseline 0.011 -17"><span class='ocrx_word' id='word_1_379' title='bbox 444 3408 650 3459; x_wconf 85' lang='lat' dir='ltr'><strong>semus,</strong></span> <span class='ocrx_word' id='word_1_380' title='bbox 680 3394 959 3461; x_wconf 84' lang='lat' dir='ltr'><strong>Pliotium,</strong></span> <span class='ocrx_word' id='word_1_381' title='bbox 995 3396 1317 3460; x_wconf 85' lang='lat' dir='ltr'><strong>Maximum.</strong></span> <span class='ocrx_word' id='word_1_382' title='bbox 1348 3402 1748 3461; x_wconf 81' lang='lat' dir='ltr'><strong>&#39;l‘heodoretum</strong></span> <span class='ocrx_word' id='word_1_383' title='bbox 1775 3417 2032 3465; x_wconf 66' lang='lat' dir='ltr'><strong>caeteros-</strong></span> 
     </span>
    </p>
   </div>
   <div class='ocr_carea' id='block_1_51' title="bbox 442 3489 2031 3571">
    <p class='ocr_par' dir='ltr' id='par_1_51' title="bbox 442 3489 2031 3571">
     <span class='ocr_line' id='line_1_51' title="bbox 442 3489 2031 3571; baseline 0.011 -33"><span class='ocrx_word' id='word_1_384' title='bbox 442 3500 549 3554; x_wconf 89' lang='lat' dir='ltr'><strong>que</strong></span> <span class='ocrx_word' id='word_1_385' title='bbox 576 3502 787 3554; x_wconf 83' lang='lat' dir='ltr'><strong>omnes,</strong></span> <span class='ocrx_word' id='word_1_386' title='bbox 823 3489 916 3559; x_wconf 89' lang='lat' dir='ltr'><strong>qui</strong></span> <span class='ocrx_word' id='word_1_387' title='bbox 949 3490 1016 3546; x_wconf 90' lang='lat' dir='ltr'><strong>de</strong></span> <span class='ocrx_word' id='word_1_388' title='bbox 1050 3491 1153 3547; x_wconf 87' lang='lat' dir='ltr'><strong>hac</strong></span> <span class='ocrx_word' id='word_1_389' title='bbox 1200 3489 1488 3565; x_wconf 80' lang='lat' dir='ltr'><strong>Polycarpi</strong></span> <span class='ocrx_word' id='word_1_390' title='bbox 1540 3498 1770 3568; x_wconf 88' lang='lat' dir='ltr'><strong>epistola</strong></span> <span class='ocrx_word' id='word_1_391' title='bbox 1823 3500 2031 3571; x_wconf 87' lang='lat' dir='ltr'><strong>aliquid</strong></span> 
     </span>
    </p>
   </div>
   <div class='ocr_carea' id='block_1_52' title="bbox 442 3575 2029 3650">
    <p class='ocr_par' dir='ltr' id='par_1_52' title="bbox 442 3575 2029 3650">
     <span class='ocr_line' id='line_1_52' title="bbox 442 3575 2029 3650; baseline 0.013 -23"><span class='ocrx_word' id='word_1_392' title='bbox 442 3575 699 3648; x_wconf 83' lang='lat' dir='ltr'><strong>deinceps</strong></span> <span class='ocrx_word' id='word_1_393' title='bbox 729 3580 951 3650; x_wconf 85' lang='lat' dir='ltr'><strong>scriptis</strong></span> <span class='ocrx_word' id='word_1_394' title='bbox 995 3583 1417 3641; x_wconf 85' lang='lat' dir='ltr'><strong>mandaverunt.</strong></span> <span class='ocrx_word' id='word_1_395' title='bbox 1466 3586 1572 3642; x_wconf 86' lang='lat' dir='ltr'><strong>Sed</strong></span> <span class='ocrx_word' id='word_1_396' title='bbox 1628 3605 1752 3644; x_wconf 92' lang='lat' dir='ltr'><strong>cum</strong></span> <span class='ocrx_word' id='word_1_397' title='bbox 1807 3590 2029 3647; x_wconf 90' lang='lat' dir='ltr'><strong>illorum</strong></span> 
     </span>
    </p>
   </div>
   <div class='ocr_carea' id='block_1_53' title="bbox 441 3670 2031 3756">
    <p class='ocr_par' dir='ltr' id='par_1_53' title="bbox 441 3670 2031 3756">
     <span class='ocr_line' id='line_1_53' title="bbox 441 3670 2031 3756; baseline 0.013 -34"><span class='ocrx_word' id='word_1_398' title='bbox 441 3682 582 3737; x_wconf 88' lang='lat' dir='ltr'><strong>quos</strong></span> <span class='ocrx_word' id='word_1_399' title='bbox 611 3670 724 3740; x_wconf 86' lang='lat' dir='ltr'><strong>jam</strong></span> <span class='ocrx_word' id='word_1_400' title='bbox 767 3673 1061 3730; x_wconf 88' lang='lat' dir='ltr'><strong>citavimus</strong></span> <span class='ocrx_word' id='word_1_401' title='bbox 1087 3716 1101 3740; x_wconf 92' lang='lat'><strong>,</strong></span> <span class='ocrx_word' id='word_1_402' title='bbox 1137 3677 1419 3749; x_wconf 79' lang='lat' dir='ltr'><strong>diligentia</strong></span> <span class='ocrx_word' id='word_1_403' title='bbox 1450 3689 1505 3735; x_wconf 90' lang='lat' dir='ltr'><strong>et</strong></span> <span class='ocrx_word' id='word_1_404' title='bbox 1539 3682 1645 3738; x_wconf 85' lang='lat' dir='ltr'><strong>ﬁde</strong></span> <span class='ocrx_word' id='word_1_405' title='bbox 1672 3684 1822 3740; x_wconf 88' lang='lat' dir='ltr'><strong>nulla</strong></span> <span class='ocrx_word' id='word_1_406' title='bbox 1856 3686 2031 3756; x_wconf 84' lang='lat' dir='ltr'><strong>major</strong></span> 
     </span>
    </p>
   </div>
   <div class='ocr_carea' id='block_1_54' title="bbox 441 3758 2030 3849">
    <p class='ocr_par' dir='ltr' id='par_1_54' title="bbox 441 3758 2030 3849">
     <span class='ocr_line' id='line_1_54' title="bbox 441 3758 2030 3849; baseline 0.014 -37"><span class='ocrx_word' id='word_1_407' title='bbox 441 3758 738 3816; x_wconf 87' lang='lat' dir='ltr'><strong>desiderari</strong></span> <span class='ocrx_word' id='word_1_408' title='bbox 769 3774 955 3833; x_wconf 90' lang='lat' dir='ltr'><strong>queat,</strong></span> <span class='ocrx_word' id='word_1_409' title='bbox 994 3766 1175 3821; x_wconf 91' lang='lat' dir='ltr'><strong>inutili</strong></span> <span class='ocrx_word' id='word_1_410' title='bbox 1206 3769 1441 3825; x_wconf 86' lang='lat' dir='ltr'><strong>aliorum</strong></span> <span class='ocrx_word' id='word_1_411' title='bbox 1477 3774 1807 3830; x_wconf 89' lang='lat' dir='ltr'><strong>nominatim</strong></span> <span class='ocrx_word' id='word_1_412' title='bbox 1844 3777 2030 3849; x_wconf 86' lang='lat' dir='ltr'><strong>appel-</strong></span> 
     </span>
    </p>
   </div>
   <div class='ocr_carea' id='block_1_55' title="bbox 441 3849 1679 3931">
    <p class='ocr_par' dir='ltr' id='par_1_55' title="bbox 441 3849 1679 3931">
     <span class='ocr_line' id='line_1_55' title="bbox 441 3849 1679 3931; baseline 0.015 -29"><span class='ocrx_word' id='word_1_413' title='bbox 441 3849 730 3909; x_wconf 88' lang='lat' dir='ltr'><strong>landorum</strong></span> <span class='ocrx_word' id='word_1_414' title='bbox 761 3872 923 3924; x_wconf 89' lang='lat' dir='ltr'><strong>opera</strong></span> <span class='ocrx_word' id='word_1_415' title='bbox 953 3858 1201 3914; x_wconf 89' lang='lat' dir='ltr'><strong>lubenter</strong></span> <span class='ocrx_word' id='word_1_416' title='bbox 1232 3863 1679 3931; x_wconf 90' lang='lat' dir='ltr'><strong>supersedemus.</strong></span> 
     </span>
    </p>
   </div>
   <div class='ocr_carea' id='block_1_56' title="bbox 514 3944 2025 4031">
    <p class='ocr_par' dir='ltr' id='par_1_56' title="bbox 514 3944 2025 4031">
     <span class='ocr_line' id='line_1_56' title="bbox 514 3944 2025 4031; baseline 0.016 -38"><span class='ocrx_word' id='word_1_417' title='bbox 514 3960 532 3993; x_wconf 71' lang='lat' dir='ltr'><strong>i</strong></span> <span class='ocrx_word' id='word_1_418' title='bbox 564 3944 1015 4018; x_wconf 84' lang='lat' dir='ltr'><strong>Coustatitaque,</strong></span> <span class='ocrx_word' id='word_1_419' title='bbox 1048 3950 1190 4005; x_wconf 86' lang='lat' dir='ltr'><strong>hanc</strong></span> <span class='ocrx_word' id='word_1_420' title='bbox 1212 3954 1497 4021; x_wconf 86' lang='lat' dir='ltr'><strong>epistolam</strong></span> <span class='ocrx_word' id='word_1_421' title='bbox 1523 3973 1630 4011; x_wconf 90' lang='lat' dir='ltr'><strong>non</strong></span> <span class='ocrx_word' id='word_1_422' title='bbox 1656 3958 1823 4013; x_wconf 91' lang='lat' dir='ltr'><strong>alium</strong></span> <span class='ocrx_word' id='word_1_423' title='bbox 1859 3976 2025 4031; x_wconf 84' lang='lat' dir='ltr'><strong>quam</strong></span> 
     </span>
    </p>
   </div>
   <div class='ocr_carea' id='block_1_57' title="bbox 438 4029 2027 4121">
    <p class='ocr_par' dir='ltr' id='par_1_57' title="bbox 438 4029 2027 4121">
     <span class='ocr_line' id='line_1_57' title="bbox 438 4029 2027 4121; baseline 0.016 -38"><span class='ocrx_word' id='word_1_424' title='bbox 438 4029 798 4105; x_wconf 79' lang='lat' dir='ltr'><strong>Polycarpum</strong></span> <span class='ocrx_word' id='word_1_425' title='bbox 825 4038 1082 4095; x_wconf 83' lang='lat' dir='ltr'><strong>habuisse</strong></span> <span class='ocrx_word' id='word_1_426' title='bbox 1109 4055 1415 4100; x_wconf 86' lang='lat' dir='ltr'><strong>auctorem.</strong></span> <span class='ocrx_word' id='word_1_427' title='bbox 1446 4045 1728 4106; x_wconf 86' lang='lat' dir='ltr'><strong>Mirandus</strong></span> <span class='ocrx_word' id='word_1_428' title='bbox 1753 4029 2027 4121; x_wconf 34' lang='lat' dir='ltr'><strong>ergo—Dal-</strong></span> 
     </span>
    </p>
   </div>
   <div class='ocr_carea' id='block_1_58' title="bbox 439 4123 2026 4209">
    <p class='ocr_par' dir='ltr' id='par_1_58' title="bbox 439 4123 2026 4209">
     <span class='ocr_line' id='line_1_58' title="bbox 439 4123 2026 4209; baseline 0.014 -33"><span class='ocrx_word' id='word_1_429' title='bbox 439 4123 594 4190; x_wconf 75' lang='lat' dir='ltr'><strong>lteus,</strong></span> <span class='ocrx_word' id='word_1_430' title='bbox 631 4129 722 4195; x_wconf 85' lang='lat' dir='ltr'><strong>qui</strong></span> <span class='ocrx_word' id='word_1_431' title='bbox 759 4146 950 4185; x_wconf 90' lang='lat' dir='ltr'><strong>omnes</strong></span> <span class='ocrx_word' id='word_1_432' title='bbox 988 4134 1191 4203; x_wconf 76' lang='lat' dir='ltr'><strong>ingenii</strong></span> <span class='ocrx_word' id='word_1_433' title='bbox 1240 4137 1325 4189; x_wconf 91' lang='lat' dir='ltr'><strong>sui</strong></span> <span class='ocrx_word' id='word_1_434' title='bbox 1366 4137 1512 4192; x_wconf 80' lang='lat' dir='ltr'><strong>vires</strong></span> <span class='ocrx_word' id='word_1_435' title='bbox 1540 4154 1607 4193; x_wconf 90' lang='lat' dir='ltr'><strong>eo</strong></span> <span class='ocrx_word' id='word_1_436' title='bbox 1661 4140 1914 4209; x_wconf 89' lang='lat' dir='ltr'><strong>intendit,</strong></span> <span class='ocrx_word' id='word_1_437' title='bbox 1966 4155 2026 4200; x_wconf 88' lang='lat' dir='ltr'><strong>ut</strong></span> 
     </span>
    </p>
   </div>
   <div class='ocr_carea' id='block_1_59' title="bbox 440 4214 2024 4299">
    <p class='ocr_par' dir='ltr' id='par_1_59' title="bbox 440 4214 2024 4299">
     <span class='ocr_line' id='line_1_59' title="bbox 440 4214 2024 4299; baseline 0.016 -34"><span class='ocrx_word' id='word_1_438' title='bbox 440 4214 679 4284; x_wconf 87' lang='lat' dir='ltr'><strong>aliquam</strong></span> <span class='ocrx_word' id='word_1_439' title='bbox 716 4217 946 4288; x_wconf 88' lang='lat' dir='ltr'><strong>hujusce</strong></span> <span class='ocrx_word' id='word_1_440' title='bbox 972 4223 1242 4293; x_wconf 86' lang='lat' dir='ltr'><strong>epistolae,</strong></span> <span class='ocrx_word' id='word_1_441' title='bbox 1270 4240 1435 4294; x_wconf 88' lang='lat' dir='ltr'><strong>quam</strong></span> <span class='ocrx_word' id='word_1_442' title='bbox 1469 4226 1624 4283; x_wconf 84' lang='lat' dir='ltr'><strong>falsis</strong></span> <span class='ocrx_word' id='word_1_443' title='bbox 1667 4231 2024 4299; x_wconf 83' lang='lat' dir='ltr'><strong>Opinionibus</strong></span> 
     </span>
    </p>
   </div>
   <div class='ocr_carea' id='block_1_60' title="bbox 2142 1919 3111 1996">
    <p class='ocr_par' dir='ltr' id='par_1_60' title="bbox 2142 1919 3111 1996">
     <span class='ocr_line' id='line_1_60' title="bbox 2142 1919 3111 1996; baseline 0.009 -24"><span class='ocrx_word' id='word_1_444' title='bbox 2142 1919 2333 1985; x_wconf 84' lang='lat' dir='ltr'><strong>tendit,</strong></span> <span class='ocrx_word' id='word_1_445' title='bbox 2362 1923 2699 1978; x_wconf 89' lang='lat' dir='ltr'><strong>assentiente</strong></span> <span class='ocrx_word' id='word_1_446' title='bbox 2724 1925 2962 1996; x_wconf 80' lang='lat' dir='ltr'><strong>Moynio.</strong></span> <span class='ocrx_word' id='word_1_447' title='bbox 3002 1924 3111 1981; x_wconf 89' lang='lat' dir='ltr'><strong>Sed</strong></span> 
     </span>
    </p>
   </div>
   <div class='ocr_carea' id='block_1_61' title="bbox 2283 2033 3707 2114">
    <p class='ocr_par' dir='ltr' id='par_1_61' title="bbox 2283 2033 3707 2114">
     <span class='ocr_line' id='line_1_61' title="bbox 2283 2033 3707 2114; baseline 0.006 -25"><span class='ocrx_word' id='word_1_448' title='bbox 2283 2034 2351 2104; x_wconf 90' lang='lat' dir='ltr'><strong>a)</strong></span> <span class='ocrx_word' id='word_1_449' title='bbox 2383 2033 2503 2093; x_wconf 85' lang='lat' dir='ltr'><strong>Jam</strong></span> <span class='ocrx_word' id='word_1_450' title='bbox 2538 2035 2815 2095; x_wconf 87' lang='lat' dir='ltr'><strong>Eusebius</strong></span> <span class='ocrx_word' id='word_1_451' title='bbox 2839 2040 2857 2107; x_wconf 96' lang='lat'>(</span> <span class='ocrx_word' id='word_1_452' title='bbox 2881 2038 3027 2094; x_wconf 84' lang='lat' dir='ltr'><strong>Hist.</strong></span> <span class='ocrx_word' id='word_1_453' title='bbox 3059 2040 3188 2095; x_wconf 89' lang='lat' dir='ltr'><strong>eccl.</strong></span> <span class='ocrx_word' id='word_1_454' title='bbox 3222 2057 3315 2105; x_wconf 89' lang='grc' dir='ltr'>ιιι,</span> <span class='ocrx_word' id='word_1_455' title='bbox 3342 2042 3451 2112; x_wconf 77' lang='lat'><strong>36)</strong></span> <span class='ocrx_word' id='word_1_456' title='bbox 3482 2048 3707 2114; x_wconf 45' lang='lat' dir='ltr'><strong>postera)-</strong></span> 
     </span>
    </p>
   </div>
   <div class='ocr_carea' id='block_1_62' title="bbox 2140 2126 3707 2208">
    <p class='ocr_par' dir='ltr' id='par_1_62' title="bbox 2140 2126 3707 2208">
     <span class='ocr_line' id='line_1_62' title="bbox 2140 2126 3707 2208; baseline 0.006 -29"><span class='ocrx_word' id='word_1_457' title='bbox 2140 2139 2256 2180; x_wconf 83' lang='lat' dir='ltr'><strong>retu</strong></span> <span class='ocrx_word' id='word_1_458' title='bbox 2278 2126 2423 2182; x_wconf 88' lang='lat' dir='ltr'><strong>hanc</strong></span> <span class='ocrx_word' id='word_1_459' title='bbox 2454 2127 2703 2196; x_wconf 67' lang='lat' dir='ltr'><strong>epistola:</strong></span> <span class='ocrx_word' id='word_1_460' title='bbox 2729 2139 2935 2199; x_wconf 90' lang='lat' dir='ltr'><strong>partem</strong></span> <span class='ocrx_word' id='word_1_461' title='bbox 2966 2131 3311 2205; x_wconf 86' lang='lat' dir='ltr'><strong>citat,atque</strong></span> <span class='ocrx_word' id='word_1_462' title='bbox 3328 2150 3400 2189; x_wconf 75' lang='lat' dir='ltr'><strong>ex</strong></span> <span class='ocrx_word' id='word_1_463' title='bbox 3432 2152 3504 2191; x_wconf 75' lang='lat' dir='ltr'><strong>ea</strong></span> <span class='ocrx_word' id='word_1_464' title='bbox 3537 2138 3600 2208; x_wconf 89' lang='lat' dir='ltr'><strong>(c.</strong></span> <span class='ocrx_word' id='word_1_465' title='bbox 3628 2137 3707 2197; x_wconf 58' lang='lat' dir='ltr'><strong>l3},</strong></span> 
     </span>
    </p>
   </div>
   <div class='ocr_carea' id='block_1_63' title="bbox 2141 2220 3711 2299">
    <p class='ocr_par' dir='ltr' id='par_1_63' title="bbox 2141 2220 3711 2299">
     <span class='ocr_line' id='line_1_63' title="bbox 2141 2220 3711 2299; baseline 0.007 -27"><span class='ocrx_word' id='word_1_466' title='bbox 2141 2227 2202 2272; x_wconf 91' lang='lat' dir='ltr'><strong>ut</strong></span> <span class='ocrx_word' id='word_1_467' title='bbox 2255 2234 2324 2273; x_wconf 81' lang='lat' dir='ltr'><strong>ex</strong></span> <span class='ocrx_word' id='word_1_468' title='bbox 2372 2220 2847 2291; x_wconf 68' lang='lat' dir='ltr'><strong>praecedentibus,</strong></span> <span class='ocrx_word' id='word_1_469' title='bbox 2912 2224 3161 2294; x_wconf 66' lang='lat' dir='ltr'><strong>quasdam</strong></span> <span class='ocrx_word' id='word_1_470' title='bbox 3218 2225 3535 2299; x_wconf 84' lang='lat' dir='ltr'><strong>Polycarpi</strong></span> <span class='ocrx_word' id='word_1_471' title='bbox 3583 2234 3711 2284; x_wconf 65' lang='lat' dir='ltr'><strong>serta</strong></span> 
     </span>
    </p>
   </div>
   <div class='ocr_carea' id='block_1_64' title="bbox 2140 2312 2512 2380">
    <p class='ocr_par' dir='ltr' id='par_1_64' title="bbox 2140 2312 2512 2380">
     <span class='ocr_line' id='line_1_64' title="bbox 2140 2312 2512 2380; baseline 0.005 -16"><span class='ocrx_word' id='word_1_472' title='bbox 2140 2313 2375 2367; x_wconf 88' lang='lat' dir='ltr'><strong>transcri</strong></span> <span class='ocrx_word' id='word_1_473' title='bbox 2383 2312 2512 2380; x_wconf 89' lang='lat' dir='ltr'><strong>psit.</strong></span> 
     </span>
    </p>
   </div>
   <div class='ocr_carea' id='block_1_65' title="bbox 2280 2401 3709 2484">
    <p class='ocr_par' dir='ltr' id='par_1_65' title="bbox 2280 2401 3709 2484">
     <span class='ocr_line' id='line_1_65' title="bbox 2280 2401 3709 2484; baseline 0.005 -26"><span class='ocrx_word' id='word_1_474' title='bbox 2280 2402 2347 2470; x_wconf 91' lang='lat' dir='ltr'><strong>b)</strong></span> <span class='ocrx_word' id='word_1_475' title='bbox 2367 2401 2637 2459; x_wconf 88' lang='lat' dir='ltr'><strong>Eusebius</strong></span> <span class='ocrx_word' id='word_1_476' title='bbox 2667 2414 2728 2460; x_wconf 91' lang='lat' dir='ltr'><strong>ut</strong></span> <span class='ocrx_word' id='word_1_477' title='bbox 2759 2405 2897 2462; x_wconf 89' lang='lat' dir='ltr'><strong>bene</strong></span> <span class='ocrx_word' id='word_1_478' title='bbox 2935 2406 3273 2465; x_wconf 88' lang='lat' dir='ltr'><strong>Pearsonius</strong></span> <span class='ocrx_word' id='word_1_479' title='bbox 3302 2412 3478 2467; x_wconf 84' lang='lat' dir='ltr'><strong>docet</strong></span> <span class='ocrx_word' id='word_1_480' title='bbox 3512 2413 3709 2484; x_wconf 64' lang='lat' dir='ltr'><strong>(SS-il),</strong></span> 
     </span>
    </p>
   </div>
   <div class='ocr_carea' id='block_1_66' title="bbox 2140 2490 3711 2571">
    <p class='ocr_par' dir='ltr' id='par_1_66' title="bbox 2140 2490 3711 2571">
     <span class='ocr_line' id='line_1_66' title="bbox 2140 2490 3711 2571; baseline 0.007 -26"><span class='ocrx_word' id='word_1_481' title='bbox 2140 2506 2241 2547; x_wconf 82' lang='lat' dir='ltr'><strong>nee</strong></span> <span class='ocrx_word' id='word_1_482' title='bbox 2274 2490 2410 2558; x_wconf 86' lang='lat' dir='ltr'><strong>falli,</strong></span> <span class='ocrx_word' id='word_1_483' title='bbox 2438 2508 2539 2549; x_wconf 90' lang='lat' dir='ltr'><strong>nec</strong></span> <span class='ocrx_word' id='word_1_484' title='bbox 2568 2493 2759 2550; x_wconf 78' lang='lat' dir='ltr'><strong>fallere</strong></span> <span class='ocrx_word' id='word_1_485' title='bbox 2784 2497 2979 2566; x_wconf 87' lang='lat' dir='ltr'><strong>potuit.</strong></span> <span class='ocrx_word' id='word_1_486' title='bbox 3016 2495 3148 2551; x_wconf 87' lang='lat' dir='ltr'><strong>Erat</strong></span> <span class='ocrx_word' id='word_1_487' title='bbox 3168 2500 3329 2553; x_wconf 84' lang='lat' dir='ltr'><strong>enim</strong></span> <span class='ocrx_word' id='word_1_488' title='bbox 3369 2509 3495 2555; x_wconf 79' lang='lat' dir='ltr'><strong>tota</strong></span> <span class='ocrx_word' id='word_1_489' title='bbox 3524 2502 3711 2571; x_wconf 59' lang='lat' dir='ltr'><strong>epistula</strong></span> 
     </span>
    </p>
   </div>
   <div class='ocr_carea' id='block_1_67' title="bbox 2139 2587 3713 2657">
    <p class='ocr_par' dir='ltr' id='par_1_67' title="bbox 2139 2587 3713 2657">
     <span class='ocr_line' id='line_1_67' title="bbox 2139 2587 3713 2657; baseline 0.005 -16"><span class='ocrx_word' id='word_1_490' title='bbox 2139 2587 2398 2642; x_wconf 90' lang='lat' dir='ltr'><strong>omnibus</strong></span> <span class='ocrx_word' id='word_1_491' title='bbox 2429 2589 2705 2657; x_wconf 86' lang='lat' dir='ltr'><strong>exposita;</strong></span> <span class='ocrx_word' id='word_1_492' title='bbox 2737 2599 2856 2644; x_wconf 89' lang='lat' dir='ltr'><strong>erat</strong></span> <span class='ocrx_word' id='word_1_493' title='bbox 2892 2590 2947 2644; x_wconf 92' lang='lat' dir='ltr'><strong>in</strong></span> <span class='ocrx_word' id='word_1_494' title='bbox 2998 2589 3267 2647; x_wconf 90' lang='lat' dir='ltr'><strong>Ecclesiis</strong></span> <span class='ocrx_word' id='word_1_495' title='bbox 3314 2594 3591 2649; x_wconf 76' lang='lat' dir='ltr'><strong>Asiaticis</strong></span> <span class='ocrx_word' id='word_1_496' title='bbox 3617 2605 3713 2651; x_wconf 68' lang='lat' dir='ltr'><strong>time</strong></span> 
     </span>
    </p>
   </div>
   <div class='ocr_carea' id='block_1_68' title="bbox 2138 2677 3713 2752">
    <p class='ocr_par' dir='ltr' id='par_1_68' title="bbox 2138 2677 3713 2752">
     <span class='ocr_line' id='line_1_68' title="bbox 2138 2677 3713 2752; baseline 0.006 -21"><span class='ocrx_word' id='word_1_497' title='bbox 2138 2677 2435 2747; x_wconf 89' lang='lat' dir='ltr'><strong>temporis,</strong></span> <span class='ocrx_word' id='word_1_498' title='bbox 2466 2693 2592 2733; x_wconf 89' lang='lat' dir='ltr'><strong>eum</strong></span> <span class='ocrx_word' id='word_1_499' title='bbox 2625 2679 2895 2735; x_wconf 83' lang='lat' dir='ltr'><strong>scriberet</strong></span> <span class='ocrx_word' id='word_1_500' title='bbox 2940 2678 3256 2750; x_wconf 86' lang='lat' dir='ltr'><strong>Eusebius,</strong></span> <span class='ocrx_word' id='word_1_501' title='bbox 3304 2684 3541 2752; x_wconf 84' lang='lat' dir='ltr'><strong>publice</strong></span> <span class='ocrx_word' id='word_1_502' title='bbox 3578 2686 3713 2749; x_wconf 79' lang='lat' dir='ltr'><strong>lecta;</strong></span> 
     </span>
    </p>
   </div>
   <div class='ocr_carea' id='block_1_69' title="bbox 2138 2769 3713 2843">
    <p class='ocr_par' dir='ltr' id='par_1_69' title="bbox 2138 2769 3713 2843">
     <span class='ocr_line' id='line_1_69' title="bbox 2138 2769 3713 2843; baseline 0.004 -20"><span class='ocrx_word' id='word_1_503' title='bbox 2138 2780 2299 2825; x_wconf 89' lang='lat' dir='ltr'><strong>norat</strong></span> <span class='ocrx_word' id='word_1_504' title='bbox 2346 2786 2467 2825; x_wconf 90' lang='lat' dir='ltr'><strong>eam</strong></span> <span class='ocrx_word' id='word_1_505' title='bbox 2516 2769 2904 2843; x_wconf 84' lang='lat' dir='ltr'><strong>Hieronymus,</strong></span> <span class='ocrx_word' id='word_1_506' title='bbox 2952 2775 3111 2843; x_wconf 87' lang='lat' dir='ltr'><strong>cujus</strong></span> <span class='ocrx_word' id='word_1_507' title='bbox 3141 2776 3429 2843; x_wconf 85' lang='lat' dir='ltr'><strong>versioni,</strong></span> <span class='ocrx_word' id='word_1_508' title='bbox 3467 2779 3577 2834; x_wconf 81' lang='lat' dir='ltr'><strong>nisi</strong></span> <span class='ocrx_word' id='word_1_509' title='bbox 3625 2779 3713 2830; x_wconf 63' lang='lat' dir='ltr'><strong>aliis</strong></span> 
     </span>
    </p>
   </div>
   <div class='ocr_carea' id='block_1_70' title="bbox 2137 2862 3715 2931">
    <p class='ocr_par' dir='ltr' id='par_1_70' title="bbox 2137 2862 3715 2931">
     <span class='ocr_line' id='line_1_70' title="bbox 2137 2862 3715 2931; baseline 0.003 -15"><span class='ocrx_word' id='word_1_510' title='bbox 2137 2871 2458 2931; x_wconf 87' lang='lat' dir='ltr'><strong>occupatus,</strong></span> <span class='ocrx_word' id='word_1_511' title='bbox 2493 2862 2871 2928; x_wconf 90' lang='lat' dir='ltr'><strong>incubuisset,</strong></span> <span class='ocrx_word' id='word_1_512' title='bbox 2901 2873 2956 2919; x_wconf 89' lang='lat' dir='ltr'><strong>et</strong></span> <span class='ocrx_word' id='word_1_513' title='bbox 2995 2872 3180 2921; x_wconf 86' lang='lat' dir='ltr'><strong>tamen</strong></span> <span class='ocrx_word' id='word_1_514' title='bbox 3227 2865 3564 2923; x_wconf 81' lang='lat' dir='ltr'><strong>Eusebiana</strong></span> <span class='ocrx_word' id='word_1_515' title='bbox 3607 2886 3715 2922; x_wconf 50' lang='lat' dir='ltr'><strong>sese</strong></span> 
     </span>
    </p>
   </div>
   <div class='ocr_carea' id='block_1_71' title="bbox 2134 2954 3714 3033">
    <p class='ocr_par' dir='ltr' id='par_1_71' title="bbox 2134 2954 3714 3033">
     <span class='ocr_line' id='line_1_71' title="bbox 2134 2954 3714 3033; baseline 0.004 -26"><span class='ocrx_word' id='word_1_516' title='bbox 2134 2969 2298 3025; x_wconf 86' lang='lat' dir='ltr'><strong>quam</strong></span> <span class='ocrx_word' id='word_1_517' title='bbox 2330 2954 2628 3011; x_wconf 83' lang='lat' dir='ltr'><strong>recusavit.</strong></span> <span class='ocrx_word' id='word_1_518' title='bbox 2674 2954 2751 3010; x_wconf 88' lang='lat' dir='ltr'><strong>De</strong></span> <span class='ocrx_word' id='word_1_519' title='bbox 2784 2956 2877 3011; x_wconf 89' lang='lat' dir='ltr'><strong>illa</strong></span> <span class='ocrx_word' id='word_1_520' title='bbox 2903 2957 3071 3028; x_wconf 85' lang='lat' dir='ltr'><strong>igitur</strong></span> <span class='ocrx_word' id='word_1_521' title='bbox 3110 2960 3404 3028; x_wconf 87' lang='lat' dir='ltr'><strong>particula</strong></span> <span class='ocrx_word' id='word_1_522' title='bbox 3444 2978 3611 3033; x_wconf 81' lang='lat' dir='ltr'><strong>quam</strong></span> <span class='ocrx_word' id='word_1_523' title='bbox 3646 2978 3714 3015; x_wconf 73' lang='lat' dir='ltr'><strong>es-</strong></span> 
     </span>
    </p>
   </div>
   <div class='ocr_carea' id='block_1_72' title="bbox 2134 3044 3715 3120">
    <p class='ocr_par' dir='ltr' id='par_1_72' title="bbox 2134 3044 3715 3120">
     <span class='ocr_line' id='line_1_72' title="bbox 2134 3044 3715 3120; baseline 0.004 -19"><span class='ocrx_word' id='word_1_524' title='bbox 2134 3046 2359 3117; x_wconf 88' lang='lat' dir='ltr'><strong>scripsit</strong></span> <span class='ocrx_word' id='word_1_525' title='bbox 2381 3044 2675 3113; x_wconf 87' lang='lat' dir='ltr'><strong>Eusebius,</strong></span> <span class='ocrx_word' id='word_1_526' title='bbox 2700 3048 2943 3104; x_wconf 87' lang='lat' dir='ltr'><strong>dubitari</strong></span> <span class='ocrx_word' id='word_1_527' title='bbox 2966 3064 3076 3104; x_wconf 90' lang='lat' dir='ltr'><strong>non</strong></span> <span class='ocrx_word' id='word_1_528' title='bbox 3105 3058 3315 3120; x_wconf 86' lang='lat' dir='ltr'><strong>potest,</strong></span> <span class='ocrx_word' id='word_1_529' title='bbox 3348 3054 3463 3107; x_wconf 87' lang='lat' dir='ltr'><strong>nisi</strong></span> <span class='ocrx_word' id='word_1_530' title='bbox 3491 3054 3647 3107; x_wconf 80' lang='lat' dir='ltr'><strong>etiam</strong></span> <span class='ocrx_word' id='word_1_531' title='bbox 3670 3052 3715 3107; x_wconf 70' lang='lat' dir='ltr'><strong>de</strong></span> 
     </span>
    </p>
   </div>
   <div class='ocr_carea' id='block_1_73' title="bbox 2058 3139 3715 3245">
    <p class='ocr_par' dir='ltr' id='par_1_73' title="bbox 2058 3139 3715 3245">
     <span class='ocr_line' id='line_1_73' title="bbox 2058 3139 3715 3245; baseline 0.002 -54"><span class='ocrx_word' id='word_1_532' title='bbox 2058 3181 2106 3245; x_wconf 62' lang='grc' dir='ltr'>ϐ</span> <span class='ocrx_word' id='word_1_533' title='bbox 2136 3144 2250 3193; x_wconf 87' lang='lat' dir='ltr'><strong>tota</strong></span> <span class='ocrx_word' id='word_1_534' title='bbox 2278 3139 2509 3209; x_wconf 80' lang='lat' dir='ltr'><strong>epistola</strong></span> <span class='ocrx_word' id='word_1_535' title='bbox 2544 3140 2711 3195; x_wconf 88' lang='lat' dir='ltr'><strong>simul</strong></span> <span class='ocrx_word' id='word_1_536' title='bbox 2734 3141 2951 3211; x_wconf 84' lang='lat' dir='ltr'><strong>absque</strong></span> <span class='ocrx_word' id='word_1_537' title='bbox 2987 3140 3095 3196; x_wconf 89' lang='lat' dir='ltr'><strong>ulla</strong></span> <span class='ocrx_word' id='word_1_538' title='bbox 3143 3141 3377 3197; x_wconf 86' lang='lat' dir='ltr'><strong>ratione</strong></span> <span class='ocrx_word' id='word_1_539' title='bbox 3408 3144 3715 3198; x_wconf 78' lang='lat' dir='ltr'><strong>dubitemus.</strong></span> 
     </span>
    </p>
   </div>
   <div class='ocr_carea' id='block_1_74' title="bbox 2206 3226 3716 3304">
    <p class='ocr_par' dir='ltr' id='par_1_74' title="bbox 2206 3226 3716 3304">
     <span class='ocr_line' id='line_1_74' title="bbox 2206 3226 3716 3304; baseline 0.004 -23"><span class='ocrx_word' id='word_1_540' title='bbox 2206 3227 2340 3294; x_wconf 75' lang='lat' dir='ltr'><strong>Quae</strong></span> <span class='ocrx_word' id='word_1_541' title='bbox 2370 3226 2604 3285; x_wconf 65' lang='lat' dir='ltr'><strong>Dallaaus</strong></span> <span class='ocrx_word' id='word_1_542' title='bbox 2632 3244 2701 3284; x_wconf 84' lang='lat' dir='ltr'><strong>ex</strong></span> <span class='ocrx_word' id='word_1_543' title='bbox 2730 3230 2961 3300; x_wconf 88' lang='lat' dir='ltr'><strong>epistola</strong></span> <span class='ocrx_word' id='word_1_544' title='bbox 2991 3230 3107 3301; x_wconf 89' lang='lat' dir='ltr'><strong>ipsa</strong></span> <span class='ocrx_word' id='word_1_545' title='bbox 3140 3243 3347 3289; x_wconf 87' lang='lat' dir='ltr'><strong>contra</strong></span> <span class='ocrx_word' id='word_1_546' title='bbox 3375 3233 3716 3304; x_wconf 71' lang='lat' dir='ltr'><strong>integritatem</strong></span> 
     </span>
    </p>
   </div>
   <div class='ocr_carea' id='block_1_75' title="bbox 2132 3320 3654 3399">
    <p class='ocr_par' dir='ltr' id='par_1_75' title="bbox 2132 3320 3654 3399">
     <span class='ocr_line' id='line_1_75' title="bbox 2132 3320 3654 3399; baseline 0.004 -25"><span class='ocrx_word' id='word_1_547' title='bbox 2132 3320 2362 3390; x_wconf 82' lang='lat' dir='ltr'><strong>profert,</strong></span> <span class='ocrx_word' id='word_1_548' title='bbox 2405 3322 2611 3377; x_wconf 89' lang='lat' dir='ltr'><strong>nullius</strong></span> <span class='ocrx_word' id='word_1_549' title='bbox 2640 3325 2908 3378; x_wconf 87' lang='lat' dir='ltr'><strong>momenti</strong></span> <span class='ocrx_word' id='word_1_550' title='bbox 2935 3340 3081 3391; x_wconf 91' lang='lat' dir='ltr'><strong>esse,</strong></span> <span class='ocrx_word' id='word_1_551' title='bbox 3118 3324 3291 3381; x_wconf 82' lang='lat' dir='ltr'><strong>facile</strong></span> <span class='ocrx_word' id='word_1_552' title='bbox 3325 3329 3654 3399; x_wconf 77' lang='lat' dir='ltr'><strong>perspicies.</strong></span> 
     </span>
    </p>
   </div>
   <div class='ocr_carea' id='block_1_76' title="bbox 2276 3413 3717 3493">
    <p class='ocr_par' dir='ltr' id='par_1_76' title="bbox 2276 3413 3717 3493">
     <span class='ocr_line' id='line_1_76' title="bbox 2276 3413 3717 3493; baseline 0.003 -25"><span class='ocrx_word' id='word_1_553' title='bbox 2276 3415 2342 3484; x_wconf 92' lang='lat' dir='ltr'><strong>a)</strong></span> <span class='ocrx_word' id='word_1_554' title='bbox 2376 3413 2831 3471; x_wconf 88' lang='lat' dir='ltr'><strong>Decentissimam</strong></span> <span class='ocrx_word' id='word_1_555' title='bbox 2858 3416 3105 3487; x_wconf 74' lang='lat' dir='ltr'><strong>epistola:</strong></span> <span class='ocrx_word' id='word_1_556' title='bbox 3129 3418 3460 3493; x_wconf 85' lang='lat' dir='ltr'><strong>clausulam</strong></span> <span class='ocrx_word' id='word_1_557' title='bbox 3485 3436 3539 3475; x_wconf 88' lang='lat' dir='ltr'><strong>c.</strong></span> <span class='ocrx_word' id='word_1_558' title='bbox 3573 3420 3635 3474; x_wconf 69' lang='grc' dir='ltr'>Β.</span> <span class='ocrx_word' id='word_1_559' title='bbox 3655 3422 3717 3472; x_wconf 83' lang='lat' dir='ltr'><strong>in-</strong></span> 
     </span>
    </p>
   </div>
   <div class='ocr_carea' id='block_1_77' title="bbox 2131 3504 3719 3579">
    <p class='ocr_par' dir='ltr' id='par_1_77' title="bbox 2131 3504 3719 3579">
     <span class='ocr_line' id='line_1_77' title="bbox 2131 3504 3719 3579; baseline 0.002 -22"><span class='ocrx_word' id='word_1_560' title='bbox 2131 3504 2329 3568; x_wconf 75' lang='lat' dir='ltr'><strong>veniri,</strong></span> <span class='ocrx_word' id='word_1_561' title='bbox 2363 3506 2575 3577; x_wconf 88' lang='lat' dir='ltr'><strong>reliqua</strong></span> <span class='ocrx_word' id='word_1_562' title='bbox 2606 3506 2772 3579; x_wconf 81' lang='lat' dir='ltr'><strong>igitur</strong></span> <span class='ocrx_word' id='word_1_563' title='bbox 2800 3516 2989 3577; x_wconf 89' lang='lat' dir='ltr'><strong>postea</strong></span> <span class='ocrx_word' id='word_1_564' title='bbox 3024 3508 3242 3578; x_wconf 82' lang='lat' dir='ltr'><strong>adjecta</strong></span> <span class='ocrx_word' id='word_1_565' title='bbox 3274 3526 3435 3577; x_wconf 85' lang='lat' dir='ltr'><strong>esse,</strong></span> <span class='ocrx_word' id='word_1_566' title='bbox 3460 3509 3719 3566; x_wconf 79' lang='lat' dir='ltr'><strong>contendit</strong></span> 
     </span>
    </p>
   </div>
   <div class='ocr_carea' id='block_1_78' title="bbox 2131 3595 3721 3670">
    <p class='ocr_par' dir='ltr' id='par_1_78' title="bbox 2131 3595 3721 3670">
     <span class='ocr_line' id='line_1_78' title="bbox 2131 3595 3721 3670; baseline 0.003 -21"><span class='ocrx_word' id='word_1_567' title='bbox 2131 3595 2217 3649; x_wconf 86' lang='lat' dir='ltr'><strong>vir</strong></span> <span class='ocrx_word' id='word_1_568' title='bbox 2245 3596 2491 3652; x_wconf 81' lang='lat' dir='ltr'><strong>critieus.</strong></span> <span class='ocrx_word' id='word_1_569' title='bbox 2523 3597 2629 3653; x_wconf 90' lang='lat' dir='ltr'><strong>Sed</strong></span> <span class='ocrx_word' id='word_1_570' title='bbox 2660 3599 2930 3655; x_wconf 89' lang='lat' dir='ltr'><strong>clausulis</strong></span> <span class='ocrx_word' id='word_1_571' title='bbox 2964 3599 3244 3670; x_wconf 88' lang='lat' dir='ltr'><strong>ejusmodi</strong></span> <span class='ocrx_word' id='word_1_572' title='bbox 3279 3615 3416 3657; x_wconf 80' lang='lat' dir='ltr'><strong>ante</strong></span> <span class='ocrx_word' id='word_1_573' title='bbox 3455 3604 3619 3659; x_wconf 82' lang='lat' dir='ltr'><strong>linem</strong></span> <span class='ocrx_word' id='word_1_574' title='bbox 3658 3610 3721 3654; x_wconf 78' lang='lat' dir='ltr'><strong>to-</strong></span> 
     </span>
    </p>
   </div>
   <div class='ocr_carea' id='block_1_79' title="bbox 2132 3685 3719 3762">
    <p class='ocr_par' dir='ltr' id='par_1_79' title="bbox 2132 3685 3719 3762">
     <span class='ocr_line' id='line_1_79' title="bbox 2132 3685 3719 3762; baseline 0.004 -22"><span class='ocrx_word' id='word_1_575' title='bbox 2132 3685 2242 3740; x_wconf 87' lang='lat' dir='ltr'><strong>tius</strong></span> <span class='ocrx_word' id='word_1_576' title='bbox 2270 3688 2514 3756; x_wconf 68' lang='lat' dir='ltr'><strong>epistolze</strong></span> <span class='ocrx_word' id='word_1_577' title='bbox 2539 3688 2596 3745; x_wconf 93' lang='lat' dir='ltr'><strong>S.</strong></span> <span class='ocrx_word' id='word_1_578' title='bbox 2623 3690 2827 3746; x_wconf 89' lang='lat' dir='ltr'><strong>Paulus</strong></span> <span class='ocrx_word' id='word_1_579' title='bbox 2845 3707 3065 3762; x_wconf 91' lang='lat' dir='ltr'><strong>quoque</strong></span> <span class='ocrx_word' id='word_1_580' title='bbox 3081 3702 3136 3748; x_wconf 88' lang='lat' dir='ltr'><strong>et</strong></span> <span class='ocrx_word' id='word_1_581' title='bbox 3160 3692 3439 3750; x_wconf 87' lang='lat' dir='ltr'><strong>Clemens</strong></span> <span class='ocrx_word' id='word_1_582' title='bbox 3458 3694 3719 3749; x_wconf 77' lang='lat' dir='ltr'><strong>Romanas</strong></span> 
     </span>
    </p>
   </div>
   <div class='ocr_carea' id='block_1_80' title="bbox 2131 3778 3766 3857">
    <p class='ocr_par' dir='ltr' id='par_1_80' title="bbox 2131 3778 3766 3857">
     <span class='ocr_line' id='line_1_80' title="bbox 2131 3778 3766 3857; baseline 0.004 -25"><span class='ocrx_word' id='word_1_583' title='bbox 2131 3778 2219 3834; x_wconf 91' lang='lat' dir='ltr'><strong>usi</strong></span> <span class='ocrx_word' id='word_1_584' title='bbox 2246 3790 2374 3834; x_wconf 91' lang='lat' dir='ltr'><strong>sunt</strong></span> <span class='ocrx_word' id='word_1_585' title='bbox 2402 3798 2417 3847; x_wconf 87' lang='lat'><strong>;</strong></span> <span class='ocrx_word' id='word_1_586' title='bbox 2449 3780 2553 3836; x_wconf 79' lang='lat' dir='ltr'><strong>efr.</strong></span> <span class='ocrx_word' id='word_1_587' title='bbox 2584 3781 2651 3837; x_wconf 88' lang='lat' dir='ltr'><strong>ad</strong></span> <span class='ocrx_word' id='word_1_588' title='bbox 2686 3782 2846 3839; x_wconf 81' lang='lat' dir='ltr'><strong>Rom.</strong></span> <span class='ocrx_word' id='word_1_589' title='bbox 2892 3801 2995 3849; x_wconf 83' lang='lat' dir='ltr'><strong>xx,</strong></span> <span class='ocrx_word' id='word_1_590' title='bbox 3028 3785 3096 3839; x_wconf 83' lang='grc'><strong>’55</strong></span> <span class='ocrx_word' id='word_1_591' title='bbox 3119 3803 3135 3851; x_wconf 91' lang='grc'>;</span> <span class='ocrx_word' id='word_1_592' title='bbox 3162 3786 3233 3843; x_wconf 88' lang='lat' dir='ltr'><strong>ad</strong></span> <span class='ocrx_word' id='word_1_593' title='bbox 3267 3786 3488 3857; x_wconf 83' lang='lat' dir='ltr'><strong>Eplies.</strong></span> <span class='ocrx_word' id='word_1_594' title='bbox 3523 3804 3607 3853; x_wconf 86' lang='lat' dir='ltr'><strong>nt,</strong></span> <span class='ocrx_word' id='word_1_595' title='bbox 3639 3786 3717 3851; x_wconf 64' lang='lat' dir='ltr'><strong>il;</strong></span> <span class='ocrx_word' id='word_1_596' title='bbox 3764 3778 3766 3783; x_wconf 78' lang='grc'><em>’</em></span> 
     </span>
    </p>
   </div>
   <div class='ocr_carea' id='block_1_81' title="bbox 2130 3866 3409 3946">
    <p class='ocr_par' dir='ltr' id='par_1_81' title="bbox 2130 3866 3409 3946">
     <span class='ocr_line' id='line_1_81' title="bbox 2130 3866 3409 3946; baseline 0.013 -25"><span class='ocrx_word' id='word_1_597' title='bbox 2130 3866 2151 3921; x_wconf 89' lang='lat' dir='ltr'><strong>l</strong></span> <span class='ocrx_word' id='word_1_598' title='bbox 2178 3869 2349 3925; x_wconf 88' lang='lat' dir='ltr'><strong>Clem.</strong></span> <span class='ocrx_word' id='word_1_599' title='bbox 2379 3877 2448 3929; x_wconf 83' lang='lat' dir='ltr'><strong>ad</strong></span> <span class='ocrx_word' id='word_1_600' title='bbox 2473 3877 2596 3933; x_wconf 87' lang='lat' dir='ltr'><strong>Cor.</strong></span> <span class='ocrx_word' id='word_1_601' title='bbox 2641 3891 2801 3946; x_wconf 84' lang='lat' dir='ltr'><strong>capp.</strong></span> <span class='ocrx_word' id='word_1_602' title='bbox 2839 3877 2931 3943; x_wconf 72' lang='lat'><strong>20,</strong></span> <span class='ocrx_word' id='word_1_603' title='bbox 2961 3877 3053 3942; x_wconf 76' lang='lat'><strong>38,</strong></span> <span class='ocrx_word' id='word_1_604' title='bbox 3083 3879 3178 3944; x_wconf 76' lang='grc'><strong>45,</strong></span> <span class='ocrx_word' id='word_1_605' title='bbox 3202 3880 3300 3945; x_wconf 81' lang='lat'><strong>50,</strong></span> <span class='ocrx_word' id='word_1_606' title='bbox 3329 3882 3409 3936; x_wconf 81' lang='lat'><strong>58</strong></span> 
     </span>
    </p>
   </div>
   <div class='ocr_carea' id='block_1_82' title="bbox 2272 3961 3715 4044">
    <p class='ocr_par' dir='ltr' id='par_1_82' title="bbox 2272 3961 3715 4044">
     <span class='ocr_line' id='line_1_82' title="bbox 2272 3961 3715 4044; baseline 0.01 -30"><span class='ocrx_word' id='word_1_607' title='bbox 2272 3962 2340 4032; x_wconf 89' lang='lat' dir='ltr'><strong>b)</strong></span> <span class='ocrx_word' id='word_1_608' title='bbox 2372 3961 2666 4032; x_wconf 85' lang='lat' dir='ltr'><strong>lmpostor,</strong></span> <span class='ocrx_word' id='word_1_609' title='bbox 2699 3967 2745 4021; x_wconf 91' lang='lat' dir='ltr'><strong>si</strong></span> <span class='ocrx_word' id='word_1_610' title='bbox 2780 3965 3041 4023; x_wconf 69' lang='lat' dir='ltr'><strong>Dallteum</strong></span> <span class='ocrx_word' id='word_1_611' title='bbox 3076 3970 3278 4025; x_wconf 89' lang='lat' dir='ltr'><strong>audias</strong></span> <span class='ocrx_word' id='word_1_612' title='bbox 3301 4014 3318 4036; x_wconf 87' lang='lat'><strong>,</strong></span> <span class='ocrx_word' id='word_1_613' title='bbox 3352 3974 3435 4028; x_wconf 79' lang='lat' dir='ltr'><strong>ita</strong></span> <span class='ocrx_word' id='word_1_614' title='bbox 3469 3974 3715 4044; x_wconf 80' lang='lat' dir='ltr'><strong>loquitur.</strong></span> 
     </span>
    </p>
   </div>
   <div class='ocr_carea' id='block_1_83' title="bbox 2129 4053 3717 4132">
    <p class='ocr_par' dir='ltr' id='par_1_83' title="bbox 2129 4053 3717 4132">
     <span class='ocr_line' id='line_1_83' title="bbox 2129 4053 3717 4132; baseline 0.007 -26"><span class='ocrx_word' id='word_1_615' title='bbox 2129 4058 2189 4106; x_wconf 91' lang='lat' dir='ltr'><strong>ut</strong></span> <span class='ocrx_word' id='word_1_616' title='bbox 2221 4053 2515 4121; x_wconf 79' lang='lat' dir='ltr'><strong>lguatiuni,</strong></span> <span class='ocrx_word' id='word_1_617' title='bbox 2550 4071 2660 4125; x_wconf 92' lang='lat' dir='ltr'><strong>quo</strong></span> <span class='ocrx_word' id='word_1_618' title='bbox 2688 4065 2934 4128; x_wconf 90' lang='lat' dir='ltr'><strong>tempore</strong></span> <span class='ocrx_word' id='word_1_619' title='bbox 2969 4060 3084 4115; x_wconf 65' lang='lat' dir='ltr'><strong>haec</strong></span> <span class='ocrx_word' id='word_1_620' title='bbox 3116 4063 3326 4132; x_wconf 87' lang='lat' dir='ltr'><strong>scripta</strong></span> <span class='ocrx_word' id='word_1_621' title='bbox 3356 4077 3524 4129; x_wconf 88' lang='lat' dir='ltr'><strong>sunt,</strong></span> <span class='ocrx_word' id='word_1_622' title='bbox 3560 4067 3717 4120; x_wconf 74' lang='lat' dir='ltr'><strong>adhuc</strong></span> 
     </span>
    </p>
   </div>
   <div class='ocr_carea' id='block_1_84' title="bbox 2128 4147 3715 4230">
    <p class='ocr_par' dir='ltr' id='par_1_84' title="bbox 2128 4147 3715 4230">
     <span class='ocr_line' id='line_1_84' title="bbox 2128 4147 3715 4230; baseline 0.008 -32"><span class='ocrx_word' id='word_1_623' title='bbox 2128 4158 2418 4214; x_wconf 84' lang='lat' dir='ltr'><strong>superesse</strong></span> <span class='ocrx_word' id='word_1_624' title='bbox 2444 4147 2735 4217; x_wconf 79' lang='lat' dir='ltr'><strong>signiticet.</strong></span> <span class='ocrx_word' id='word_1_625' title='bbox 2778 4150 2855 4204; x_wconf 88' lang='lat' dir='ltr'><strong>De</strong></span> <span class='ocrx_word' id='word_1_626' title='bbox 2887 4152 3035 4220; x_wconf 84' lang='lat' dir='ltr'><strong>ipso,</strong></span> <span class='ocrx_word' id='word_1_627' title='bbox 3081 4154 3264 4225; x_wconf 89' lang='lat' dir='ltr'><strong>inquit</strong></span> <span class='ocrx_word' id='word_1_628' title='bbox 3290 4172 3342 4211; x_wconf 90' lang='lat' dir='ltr'><strong>c.</strong></span> <span class='ocrx_word' id='word_1_629' title='bbox 3373 4158 3473 4227; x_wconf 76' lang='lat' dir='ltr'><strong>l3,</strong></span> <span class='ocrx_word' id='word_1_630' title='bbox 3501 4157 3715 4230; x_wconf 51' lang='lat' dir='ltr'><strong>Ipsus,</strong></span> 
     </span>
    </p>
   </div>
   <div class='ocr_carea' id='block_1_85' title="bbox 2125 4236 3714 4320">
    <p class='ocr_par' dir='ltr' id='par_1_85' title="bbox 2125 4236 3714 4320">
     <span class='ocr_line' id='line_1_85' title="bbox 2125 4236 3714 4320; baseline 0.007 -30"><span class='ocrx_word' id='word_1_631' title='bbox 2125 4247 2176 4290; x_wconf 88' lang='lat' dir='ltr'><strong>et</strong></span> <span class='ocrx_word' id='word_1_632' title='bbox 2203 4237 2267 4291; x_wconf 87' lang='lat' dir='ltr'><strong>de</strong></span> <span class='ocrx_word' id='word_1_633' title='bbox 2293 4236 2399 4303; x_wconf 75' lang='lat' dir='ltr'><strong>Itis,</strong></span> <span class='ocrx_word' id='word_1_634' title='bbox 2435 4240 2525 4309; x_wconf 88' lang='lat' dir='ltr'><strong>qui</strong></span> <span class='ocrx_word' id='word_1_635' title='bbox 2550 4256 2669 4293; x_wconf 85' lang='lat' dir='ltr'><strong>cum</strong></span> <span class='ocrx_word' id='word_1_636' title='bbox 2692 4257 2752 4294; x_wconf 92' lang='lat' dir='ltr'><strong>eo</strong></span> <span class='ocrx_word' id='word_1_637' title='bbox 2794 4256 2939 4307; x_wconf 81' lang='lat' dir='ltr'><strong>sunt,</strong></span> <span class='ocrx_word' id='word_1_638' title='bbox 2976 4245 3115 4315; x_wconf 85' lang='lat' dir='ltr'><strong>quod</strong></span> <span class='ocrx_word' id='word_1_639' title='bbox 3147 4248 3352 4301; x_wconf 81' lang='lat' dir='ltr'><strong>certius</strong></span> <span class='ocrx_word' id='word_1_640' title='bbox 3383 4252 3714 4320; x_wconf 64' lang='lat' dir='ltr'><strong>agnoverint,</strong></span> 
     </span>
    </p>
   </div>
   <div class='ocr_carea' id='block_1_86' title="bbox 438 4306 3714 4413">
    <p class='ocr_par' dir='ltr' id='par_1_86' title="bbox 438 4306 3714 4413">
     <span class='ocr_line' id='line_1_86' title="bbox 438 4306 3714 4413; baseline 0.012 -54"><span class='ocrx_word' id='word_1_641' title='bbox 438 4306 555 4360; x_wconf 91' lang='lat' dir='ltr'><strong>suis</strong></span> <span class='ocrx_word' id='word_1_642' title='bbox 587 4323 693 4361; x_wconf 92' lang='lat' dir='ltr'><strong>non</strong></span> <span class='ocrx_word' id='word_1_643' title='bbox 721 4308 904 4366; x_wconf 85' lang='lat' dir='ltr'><strong>favere</strong></span> <span class='ocrx_word' id='word_1_644' title='bbox 933 4313 1225 4381; x_wconf 89' lang='lat' dir='ltr'><strong>sentiebat,</strong></span> <span class='ocrx_word' id='word_1_645' title='bbox 1257 4316 1677 4386; x_wconf 89' lang='lat' dir='ltr'><strong>dubitationem,</strong></span> <span class='ocrx_word' id='word_1_646' title='bbox 1710 4322 1794 4376; x_wconf 88' lang='lat' dir='ltr'><strong>vel</strong></span> <span class='ocrx_word' id='word_1_647' title='bbox 1826 4324 2021 4380; x_wconf 90' lang='lat' dir='ltr'><strong>saltem</strong></span> <span class='ocrx_word' id='word_1_648' title='bbox 2126 4306 2455 4398; x_wconf 69' lang='lat' dir='ltr'><strong>signiﬁcate.</strong></span> <span class='ocrx_word' id='word_1_649' title='bbox 2480 4330 2688 4387; x_wconf 87' lang='lat' dir='ltr'><strong>Prioris</strong></span> <span class='ocrx_word' id='word_1_650' title='bbox 2714 4342 2896 4389; x_wconf 88' lang='lat' dir='ltr'><strong>autem</strong></span> <span class='ocrx_word' id='word_1_651' title='bbox 2928 4306 3102 4405; x_wconf 73' lang='lat' dir='ltr'><strong>partis</strong></span> <span class='ocrx_word' id='word_1_652' title='bbox 3134 4348 3333 4394; x_wconf 86' lang='lat' dir='ltr'><strong>auctor</strong></span> <span class='ocrx_word' id='word_1_653' title='bbox 3368 4306 3450 4411; x_wconf 46' lang='lat' dir='ltr'><strong>(ej</strong></span> <span class='ocrx_word' id='word_1_654' title='bbox 3491 4344 3551 4411; x_wconf 86' lang='lat'><strong>9)</strong></span> <span class='ocrx_word' id='word_1_655' title='bbox 3582 4358 3714 4413; x_wconf 64' lang='grc' dir='ltr'>ερον»</span> 
     </span>
    </p>
   </div>
   <div class='ocr_carea' id='block_1_87' title="bbox 438 4398 3712 4498">
    <p class='ocr_par' dir='ltr' id='par_1_87' title="bbox 438 4398 3712 4498">
     <span class='ocr_line' id='line_1_87' title="bbox 438 4398 3712 4498; baseline 0.011 -48"><span class='ocrx_word' id='word_1_656' title='bbox 438 4398 808 4467; x_wconf 86' lang='lat' dir='ltr'><strong>suspicionem</strong></span> <span class='ocrx_word' id='word_1_657' title='bbox 828 4418 1161 4475; x_wconf 86' lang='lat' dir='ltr'><strong>quocunque</strong></span> <span class='ocrx_word' id='word_1_658' title='bbox 1178 4409 1394 4462; x_wconf 84' lang='lat' dir='ltr'><strong>tandem</strong></span> <span class='ocrx_word' id='word_1_659' title='bbox 1423 4410 1587 4465; x_wconf 91' lang='lat' dir='ltr'><strong>modo</strong></span> <span class='ocrx_word' id='word_1_660' title='bbox 1608 4412 1835 4482; x_wconf 88' lang='lat' dir='ltr'><strong>iujiciat.</strong></span> <span class='ocrx_word' id='word_1_661' title='bbox 1862 4412 2024 4473; x_wconf 89' lang='lat' dir='ltr'><strong>Nullo</strong></span> <span class='ocrx_word' id='word_1_662' title='bbox 2126 4420 2339 4476; x_wconf 88' lang='lat' dir='ltr'><strong>tissime</strong></span> <span class='ocrx_word' id='word_1_663' title='bbox 2365 4423 2617 4488; x_wconf 87' lang='lat' dir='ltr'><strong>allirmat,</strong></span> <span class='ocrx_word' id='word_1_664' title='bbox 2638 4425 2907 4495; x_wconf 86' lang='lat' dir='ltr'><strong>lgnatium</strong></span> <span class='ocrx_word' id='word_1_665' title='bbox 2928 4398 3044 4498; x_wconf 79' lang='lat' dir='ltr'><strong>jam</strong></span> <span class='ocrx_word' id='word_1_666' title='bbox 3079 4429 3253 4486; x_wconf 81' lang='lat' dir='ltr'><strong>fuisse</strong></span> <span class='ocrx_word' id='word_1_667' title='bbox 3279 4398 3712 4489; x_wconf 24' lang='lat' dir='ltr'><strong>moi-mumin-</strong></span> 
     </span>
    </p>
   </div>
   <div class='ocr_carea' id='block_1_88' title="bbox 434 4488 3708 4591">
    <p class='ocr_par' dir='ltr' id='par_1_88' title="bbox 434 4488 3708 4591">
     <span class='ocr_line' id='line_1_88' title="bbox 434 4488 3708 4591; baseline 0.014 -51"><span class='ocrx_word' id='word_1_668' title='bbox 434 4488 581 4542; x_wconf 91' lang='lat' dir='ltr'><strong>enim</strong></span> <span class='ocrx_word' id='word_1_669' title='bbox 640 4491 747 4545; x_wconf 87' lang='lat' dir='ltr'><strong>alio</strong></span> <span class='ocrx_word' id='word_1_670' title='bbox 781 4492 849 4547; x_wconf 89' lang='lat' dir='ltr'><strong>ad</strong></span> <span class='ocrx_word' id='word_1_671' title='bbox 904 4494 959 4549; x_wconf 89' lang='lat' dir='ltr'><strong>id</strong></span> <span class='ocrx_word' id='word_1_672' title='bbox 1013 4496 1357 4566; x_wconf 89' lang='lat' dir='ltr'><strong>probandum</strong></span> <span class='ocrx_word' id='word_1_673' title='bbox 1409 4500 1601 4555; x_wconf 91' lang='lat' dir='ltr'><strong>nititur</strong></span> <span class='ocrx_word' id='word_1_674' title='bbox 1654 4502 2019 4573; x_wconf 83' lang='lat' dir='ltr'><strong>ﬁrmamento,</strong></span> <span class='ocrx_word' id='word_1_675' title='bbox 2054 4537 2098 4591; x_wconf 70' lang='grc' dir='ltr'><strong>Ι)</strong></span> <span class='ocrx_word' id='word_1_676' title='bbox 2127 4513 2222 4569; x_wconf 86' lang='lat' dir='ltr'><strong>tile</strong></span> <span class='ocrx_word' id='word_1_677' title='bbox 2265 4515 2370 4571; x_wconf 88' lang='lat' dir='ltr'><strong>hoc</strong></span> <span class='ocrx_word' id='word_1_678' title='bbox 2416 4488 2823 4587; x_wconf 65' lang='lat' dir='ltr'><strong>argumentum.</strong></span> <span class='ocrx_word' id='word_1_679' title='bbox 2884 4488 2949 4576; x_wconf 77' lang='lat' dir='ltr'><strong>Si</strong></span> <span class='ocrx_word' id='word_1_680' title='bbox 2984 4524 3129 4578; x_wconf 89' lang='lat' dir='ltr'><strong>enim</strong></span> <span class='ocrx_word' id='word_1_681' title='bbox 3176 4525 3342 4581; x_wconf 77' lang='lat' dir='ltr'><strong>verba</strong></span> <span class='ocrx_word' id='word_1_682' title='bbox 3403 4529 3503 4582; x_wconf 81' lang='lat' dir='ltr'><strong>illa</strong></span> <span class='ocrx_word' id='word_1_683' title='bbox 3554 4545 3604 4583; x_wconf 89' lang='lat' dir='ltr'><strong>c.</strong></span> <span class='ocrx_word' id='word_1_684' title='bbox 3641 4528 3708 4587; x_wconf 80' lang='lat' dir='ltr'><strong>l3.</strong></span> 
     </span>
    </p>
   </div>
   <div class='ocr_carea' id='block_1_89' title="bbox 434 4581 3709 4689">
    <p class='ocr_par' dir='ltr' id='par_1_89' title="bbox 434 4581 3709 4689">
     <span class='ocr_line' id='line_1_89' title="bbox 434 4581 3709 4689; baseline 0.012 -57"><span class='ocrx_word' id='word_1_685' title='bbox 434 4595 599 4689; x_wconf 50' lang='lat' dir='ltr'><strong>quam</strong></span> <span class='ocrx_word' id='word_1_686' title='bbox 635 4581 1032 4642; x_wconf 90' lang='lat' dir='ltr'><strong>Stichometria</strong></span> <span class='ocrx_word' id='word_1_687' title='bbox 1061 4630 1075 4653; x_wconf 95' lang='lat'><strong>,</strong></span> <span class='ocrx_word' id='word_1_688' title='bbox 1110 4603 1231 4657; x_wconf 63' lang='lat' dir='ltr'><strong>qua:</strong></span> <span class='ocrx_word' id='word_1_689' title='bbox 1258 4590 1313 4644; x_wconf 91' lang='lat' dir='ltr'><strong>in</strong></span> <span class='ocrx_word' id='word_1_690' title='bbox 1360 4592 1508 4646; x_wconf 87' lang='lat' dir='ltr'><strong>calce</strong></span> <span class='ocrx_word' id='word_1_691' title='bbox 1551 4593 2017 4667; x_wconf 74' lang='lat' dir='ltr'><strong>Chronographia:</strong></span> <span class='ocrx_word' id='word_1_692' title='bbox 2055 4581 2093 4591; x_wconf 55' lang='lat'><strong><em>&#39;</em></strong></span> <span class='ocrx_word' id='word_1_693' title='bbox 2122 4609 2395 4664; x_wconf 76' lang='lat' dir='ltr'><strong>mendacii</strong></span> <span class='ocrx_word' id='word_1_694' title='bbox 2448 4621 2740 4679; x_wconf 73' lang='lat' dir='ltr'><strong>accusata,</strong></span> <span class='ocrx_word' id='word_1_695' title='bbox 2790 4612 2980 4669; x_wconf 54' lang='lat' dir='ltr'><strong>Greca</strong></span> <span class='ocrx_word' id='word_1_696' title='bbox 3032 4615 3209 4671; x_wconf 80' lang='lat' dir='ltr'><strong>adhuc</strong></span> <span class='ocrx_word' id='word_1_697' title='bbox 3268 4628 3572 4676; x_wconf 59' lang='lat' dir='ltr'><strong>exstarent</strong></span> <span class='ocrx_word' id='word_1_698' title='bbox 3606 4621 3709 4689; x_wconf 68' lang='grc' dir='ltr'>(καὶ</span> 
     </span>
    </p>
   </div>
   <div class='ocr_carea' id='block_1_90' title="bbox 432 4667 2010 4783">
    <p class='ocr_par' dir='ltr' id='par_1_90' title="bbox 432 4667 2010 4758">
     <span class='ocr_line' id='line_1_90' title="bbox 432 4667 2010 4758; baseline 0.015 -36"><span class='ocrx_word' id='word_1_699' title='bbox 432 4667 724 4741; x_wconf 83' lang='lat' dir='ltr'><strong>Nicepliori</strong></span> <span class='ocrx_word' id='word_1_700' title='bbox 748 4675 1345 4751; x_wconf 87' lang='lat' dir='ltr'><strong>Constantinopolitani</strong></span> <span class='ocrx_word' id='word_1_701' title='bbox 1366 4685 1575 4754; x_wconf 88' lang='lat' dir='ltr'><strong>adjecta</strong></span> <span class='ocrx_word' id='word_1_702' title='bbox 1600 4696 1681 4741; x_wconf 89' lang='lat' dir='ltr'><strong>est</strong></span> <span class='ocrx_word' id='word_1_703' title='bbox 1707 4686 1842 4758; x_wconf 74' lang='lat'><strong>(20).</strong></span> <span class='ocrx_word' id='word_1_704' title='bbox 1867 4707 1885 4740; x_wconf 78' lang='grc' dir='ltr'><strong>ι</strong></span> <span class='ocrx_word' id='word_1_705' title='bbox 1904 4687 2010 4746; x_wconf 84' lang='lat' dir='ltr'><strong>Hoc</strong></span> 
     </span>
    </p>
   </div>
   <div class='ocr_carea' id='block_1_91' title="bbox 2176 4667 3707 4783">
    <p class='ocr_par' dir='ltr' id='par_1_91' title="bbox 2176 4667 3707 4783">
     <span class='ocr_line' id='line_1_91' title="bbox 2727 4667 3707 4689; baseline 0.004 -23"><span class='ocrx_word' id='word_1_706' title='bbox 2727 4667 2739 4679; x_wconf 79' lang='grc'><strong>,</strong></span> <span class='ocrx_word' id='word_1_707' title='bbox 3275 4667 3707 4689; x_wconf 51' lang='lat'><strong>______,,__\__.</strong></span> 
     </span>
     <span class='ocr_line' id='line_1_92' title="bbox 2176 4702 3707 4783; baseline 0.008 -29"><span class='ocrx_word' id='word_1_708' title='bbox 2176 4702 2246 4775; x_wconf 74' lang='grc' dir='ltr'>ερὶ</span> <span class='ocrx_word' id='word_1_709' title='bbox 2302 4702 2563 4772; x_wconf 81' lang='grc' dir='ltr'>’Ῑγνατίου</span> <span class='ocrx_word' id='word_1_710' title='bbox 2618 4707 2710 4758; x_wconf 59' lang='grc' dir='ltr'><strong>καὶ¹</strong></span> <span class='ocrx_word' id='word_1_711' title='bbox 2760 4706 3043 4779; x_wconf 77' lang='grc' dir='ltr'>περὶτῶν</span> <span class='ocrx_word' id='word_1_712' title='bbox 3097 4709 3215 4778; x_wconf 81' lang='grc' dir='ltr'>μετ’</span> <span class='ocrx_word' id='word_1_713' title='bbox 3268 4712 3510 4783; x_wconf 72' lang='grc' dir='ltr'>αὑτοῦ),</span> <span class='ocrx_word' id='word_1_714' title='bbox 3568 4728 3707 4768; x_wconf 76' lang='lat' dir='ltr'><strong>nemo</strong></span> 
     </span>
    </p>
   </div>
   <div class='ocr_carea' id='block_1_92' title="bbox 436 4764 3705 4877">
    <p class='ocr_par' dir='ltr' id='par_1_92' title="bbox 436 4764 3705 4877">
     <span class='ocr_line' id='line_1_93' title="bbox 2194 4764 3657 4783; baseline 0.01 -12"><span class='ocrx_word' id='word_1_715' title='bbox 2194 4764 2205 4775; x_wconf 93' lang='lat'><strong>.</strong></span> <span class='ocrx_word' id='word_1_716' title='bbox 2357 4764 2367 4772; x_wconf 90' lang='lat'><strong>.</strong></span> <span class='ocrx_word' id='word_1_717' title='bbox 2837 4764 2850 4779; x_wconf 91' lang='lat'><strong>.</strong></span> <span class='ocrx_word' id='word_1_718' title='bbox 3097 4764 3108 4778; x_wconf 88' lang='lat'><strong>.</strong></span> <span class='ocrx_word' id='word_1_719' title='bbox 3394 4764 3407 4765; x_wconf 44' lang='grc' dir='ltr'>ί</span> <span class='ocrx_word' id='word_1_720' title='bbox 3430 4764 3441 4765; x_wconf 44' lang='grc' dir='ltr'><em>κ</em></span> <span class='ocrx_word' id='word_1_721' title='bbox 3466 4764 3510 4783; x_wconf 73' lang='grc' dir='ltr'><em>μ</em></span> <span class='ocrx_word' id='word_1_722' title='bbox 3568 4764 3657 4768; x_wconf 53' lang='grc' dir='ltr'><strong>-ντν</strong></span> 
     </span>
     <span class='ocr_line' id='line_1_94' title="bbox 436 4764 3705 4877; baseline 0.008 -45"><span class='ocrx_word' id='word_1_723' title='bbox 436 4772 641 4877; x_wconf 44' lang='lat' dir='ltr'><strong>nummo</strong></span> <span class='ocrx_word' id='word_1_724' title='bbox 667 4764 1033 4835; x_wconf 53' lang='lat' dir='ltr'><strong>fragmentum</strong></span> <span class='ocrx_word' id='word_1_725' title='bbox 1065 4788 1097 4825; x_wconf 72' lang='grc'><strong>³</strong></span> <span class='ocrx_word' id='word_1_726' title='bbox 1129 4772 1442 4843; x_wconf 64' lang='grc' dir='ltr'><strong>Νίεθβδονθ</strong></span> <span class='ocrx_word' id='word_1_727' title='bbox 1492 4792 1840 4848; x_wconf 70' lang='lat' dir='ltr'><strong>nequaquam</strong></span> <span class='ocrx_word' id='word_1_728' title='bbox 1880 4782 2020 4835; x_wconf 70' lang='grc' dir='ltr'><strong>εεΐί·</strong></span> <span class='ocrx_word' id='word_1_729' title='bbox 2117 4803 2266 4849; x_wconf 85' lang='lat' dir='ltr'><strong>certe</strong></span> <span class='ocrx_word' id='word_1_730' title='bbox 2294 4795 2672 4861; x_wconf 81' lang='lat' dir='ltr'><strong>contenderet,</strong></span> <span class='ocrx_word' id='word_1_731' title='bbox 2702 4796 2968 4868; x_wconf 79' lang='lat' dir='ltr'><strong>lgnalium</strong></span> <span class='ocrx_word' id='word_1_732' title='bbox 2994 4801 3168 4854; x_wconf 79' lang='lat' dir='ltr'><strong>adhuc</strong></span> <span class='ocrx_word' id='word_1_733' title='bbox 3196 4803 3375 4856; x_wconf 75' lang='lat' dir='ltr'><strong>vicum</strong></span> <span class='ocrx_word' id='word_1_734' title='bbox 3404 4806 3526 4861; x_wconf 84' lang='lat' dir='ltr'><strong>illis</strong></span> <span class='ocrx_word' id='word_1_735' title='bbox 3556 4807 3705 4877; x_wconf 52' lang='lat' dir='ltr'><strong>signi</strong></span> 
     </span>
    </p>
   </div>
   <div class='ocr_carea' id='block_1_93' title="bbox 435 4854 2604 4942">
    <p class='ocr_par' dir='ltr' id='par_1_93' title="bbox 435 4854 2604 4942">
     <span class='ocr_line' id='line_1_95' title="bbox 435 4854 2604 4942; baseline 0.016 -37"><span class='ocrx_word' id='word_1_736' title='bbox 435 4862 586 4921; x_wconf 85' lang='lat' dir='ltr'><strong>ptum</strong></span> <span class='ocrx_word' id='word_1_737' title='bbox 616 4854 811 4922; x_wconf 83' lang='lat' dir='ltr'><strong>fuisse,</strong></span> <span class='ocrx_word' id='word_1_738' title='bbox 844 4860 1004 4931; x_wconf 89' lang='lat' dir='ltr'><strong>eique</strong></span> <span class='ocrx_word' id='word_1_739' title='bbox 1027 4879 1312 4934; x_wconf 87' lang='lat' dir='ltr'><strong>perperam</strong></span> <span class='ocrx_word' id='word_1_740' title='bbox 1346 4884 1375 4922; x_wconf 88' lang='lat' dir='ltr'><strong>a</strong></span> <span class='ocrx_word' id='word_1_741' title='bbox 1399 4868 1599 4924; x_wconf 70' lang='lat' dir='ltr'><strong>Dallzeo</strong></span> <span class='ocrx_word' id='word_1_742' title='bbox 1624 4871 1848 4937; x_wconf 90' lang='lat' dir='ltr'><strong>ascribi,</strong></span> <span class='ocrx_word' id='word_1_743' title='bbox 1880 4873 2019 4928; x_wconf 89' lang='lat' dir='ltr'><strong>invi-</strong></span> <span class='ocrx_word' id='word_1_744' title='bbox 2116 4886 2268 4942; x_wconf 78' lang='lat' dir='ltr'><strong>ﬁcari</strong></span> <span class='ocrx_word' id='word_1_745' title='bbox 2304 4895 2401 4941; x_wconf 81' lang='lat' dir='ltr'><strong>aut</strong></span> <span class='ocrx_word' id='word_1_746' title='bbox 2430 4887 2604 4942; x_wconf 86' lang='lat' dir='ltr'><strong>innui.</strong></span> 
     </span>
    </p>
   </div>
   <div class='ocr_carea' id='block_1_94' title="bbox 435 4946 3699 5062">
    <p class='ocr_par' dir='ltr' id='par_1_94' title="bbox 435 4946 3699 5062">
     <span class='ocr_line' id='line_1_96' title="bbox 435 4946 3699 5062; baseline 0.013 -64"><span class='ocrx_word' id='word_1_747' title='bbox 435 4946 537 5001; x_wconf 92' lang='lat' dir='ltr'><strong>ctis</strong></span> <span class='ocrx_word' id='word_1_748' title='bbox 558 4948 834 5009; x_wconf 85' lang='lat' dir='ltr'><strong>rationum</strong></span> <span class='ocrx_word' id='word_1_749' title='bbox 860 4958 1152 5012; x_wconf 84' lang='lat' dir='ltr'><strong>momentis</strong></span> <span class='ocrx_word' id='word_1_750' title='bbox 1169 4959 1477 5015; x_wconf 88' lang='lat' dir='ltr'><strong>docuerunt</strong></span> <span class='ocrx_word' id='word_1_751' title='bbox 1494 4962 1761 5022; x_wconf 79' lang='lat' dir='ltr'><strong>Noun-ius</strong></span> <span class='ocrx_word' id='word_1_752' title='bbox 1781 4977 1835 5023; x_wconf 90' lang='lat' dir='ltr'><strong>et</strong></span> <span class='ocrx_word' id='word_1_753' title='bbox 1852 4968 2010 5024; x_wconf 83' lang='lat' dir='ltr'><strong>Pear-</strong></span> <span class='ocrx_word' id='word_1_754' title='bbox 2183 4975 2249 5031; x_wconf 83' lang='lat' dir='ltr'><strong>V.</strong></span> <span class='ocrx_word' id='word_1_755' title='bbox 2284 4977 2583 5047; x_wconf 86' lang='lat' dir='ltr'><strong>Epistolam</strong></span> <span class='ocrx_word' id='word_1_756' title='bbox 2614 4978 2673 5033; x_wconf 93' lang='grc'><strong>8.</strong></span> <span class='ocrx_word' id='word_1_757' title='bbox 2702 4979 2989 5052; x_wconf 86' lang='lat' dir='ltr'><strong>Polycarpi</strong></span> <span class='ocrx_word' id='word_1_758' title='bbox 3019 4984 3182 5053; x_wconf 88' lang='lat' dir='ltr'><strong>paulo</strong></span> <span class='ocrx_word' id='word_1_759' title='bbox 3220 4997 3347 5055; x_wconf 85' lang='lat' dir='ltr'><strong>post</strong></span> <span class='ocrx_word' id='word_1_760' title='bbox 3384 4990 3699 5062; x_wconf 69' lang='lat' dir='ltr'><strong>martyrium</strong></span> 
     </span>
    </p>
   </div>
   <div class='ocr_carea' id='block_1_95' title="bbox 432 5040 3699 5149">
    <p class='ocr_par' dir='ltr' id='par_1_95' title="bbox 432 5040 3699 5149">
     <span class='ocr_line' id='line_1_97' title="bbox 432 5040 3699 5149; baseline 0.014 -57"><span class='ocrx_word' id='word_1_761' title='bbox 432 5040 625 5149; x_wconf 56' lang='lat' dir='ltr'><strong>soqius</strong></span> <span class='ocrx_word' id='word_1_762' title='bbox 661 5042 841 5149; x_wconf 54' lang='lat'><strong>(21).‘</strong></span> <span class='ocrx_word' id='word_1_763' title='bbox 2118 5068 2176 5124; x_wconf 90' lang='lat' dir='ltr'><strong>S.</strong></span> <span class='ocrx_word' id='word_1_764' title='bbox 2214 5040 2407 5139; x_wconf 72' lang='lat' dir='ltr'><strong>lgnatii</strong></span> <span class='ocrx_word' id='word_1_765' title='bbox 2446 5078 2724 5127; x_wconf 84' lang='lat' dir='ltr'><strong>exaratam</strong></span> <span class='ocrx_word' id='word_1_766' title='bbox 2765 5040 3034 5137; x_wconf 47' lang='lat' dir='ltr'><strong>essm-ex.</strong></span> <span class='ocrx_word' id='word_1_767' title='bbox 3076 5040 3313 5145; x_wconf 74' lang='lat' dir='ltr'><strong>epistola</strong></span> <span class='ocrx_word' id='word_1_768' title='bbox 3355 5078 3490 5149; x_wconf 86' lang='lat' dir='ltr'><strong>ipsa</strong></span> 
     </span>
    </p>
   </div>
   <div class='ocr_carea' id='block_1_96' title="bbox 503 5128 3693 5241">
    <p class='ocr_par' dir='ltr' id='par_1_96' title="bbox 503 5128 3693 5241">
     <span class='ocr_line' id='line_1_98' title="bbox 503 5128 3693 5241; baseline 0.015 -57"><span class='ocrx_word' id='word_1_769' title='bbox 503 5128 773 5188; x_wconf 67' lang='lat' dir='ltr'><strong>Prazterea</strong></span> <span class='ocrx_word' id='word_1_770' title='bbox 814 5134 1089 5195; x_wconf 68' lang='lat' dir='ltr'><strong>Nourrius</strong></span> <span class='ocrx_word' id='word_1_771' title='bbox 1141 5143 1370 5213; x_wconf 86' lang='lat' dir='ltr'><strong>adjicit,</strong></span> <span class='ocrx_word' id='word_1_772' title='bbox 1410 5165 1428 5196; x_wconf 79' lang='grc' dir='ltr'><strong>ι</strong></span> <span class='ocrx_word' id='word_1_773' title='bbox 1464 5148 1775 5216; x_wconf 81' lang='lat' dir='ltr'><strong>opinionem</strong></span> <span class='ocrx_word' id='word_1_774' title='bbox 1828 5151 2012 5205; x_wconf 66' lang='lat' dir='ltr'><strong>Dallaai</strong></span> <span class='ocrx_word' id='word_1_775' title='bbox 2115 5128 2266 5222; x_wconf 62' lang='lat' dir='ltr'><strong>mur:</strong></span> <span class='ocrx_word' id='word_1_776' title='bbox 2289 5176 2337 5216; x_wconf 87' lang='lat' dir='ltr'><strong>c.</strong></span> <span class='ocrx_word' id='word_1_777' title='bbox 2380 5161 2467 5216; x_wconf 72' lang='grc'><strong>1⁸5.</strong></span> <span class='ocrx_word' id='word_1_778' title='bbox 2499 5160 2614 5216; x_wconf 79' lang='lat' dir='ltr'><strong>Cir.</strong></span> <span class='ocrx_word' id='word_1_779' title='bbox 2648 5179 2835 5233; x_wconf 83' lang='lat' dir='ltr'><strong>supra,</strong></span> <span class='ocrx_word' id='word_1_780' title='bbox 2861 5128 2985 5234; x_wconf 68' lang='lat' dir='ltr'><strong>quae</strong></span> <span class='ocrx_word' id='word_1_781' title='bbox 3012 5166 3081 5223; x_wconf 88' lang='lat' dir='ltr'><strong>de</strong></span> <span class='ocrx_word' id='word_1_782' title='bbox 3110 5128 3357 5241; x_wconf 50' lang='lat' dir='ltr'><strong>{tempore</strong></span> <span class='ocrx_word' id='word_1_783' title='bbox 3380 5128 3615 5231; x_wconf 79' lang='lat' dir='ltr'><strong>rmortis</strong></span> <span class='ocrx_word' id='word_1_784' title='bbox 3642 5173 3693 5227; x_wconf 81' lang='lat'><strong>5.</strong></span> 
     </span>
    </p>
   </div>
   <div class='ocr_carea' id='block_1_97' title="bbox 433 5376 1983 5502">
    <p class='ocr_par' dir='ltr' id='par_1_97' title="bbox 433 5376 1983 5502">
     <span class='ocr_line' id='line_1_99' title="bbox 433 5376 1983 5502; baseline 0.011 -70"><span class='ocrx_word' id='word_1_785' title='bbox 433 5461 486 5500; x_wconf 61' lang='grc' dir='ltr'><strong><em>Ν</em></strong></span> <span class='ocrx_word' id='word_1_786' title='bbox 656 5378 791 5436; x_wconf 85' lang='lat' dir='ltr'><strong>Adv.</strong></span> <span class='ocrx_word' id='word_1_787' title='bbox 820 5383 951 5439; x_wconf 72' lang='lat' dir='ltr'><strong>liter.</strong></span> <span class='ocrx_word' id='word_1_788' title='bbox 983 5392 1063 5454; x_wconf 88' lang='lat' dir='ltr'><strong>in,</strong></span> <span class='ocrx_word' id='word_1_789' title='bbox 1090 5387 1141 5440; x_wconf 82' lang='grc'>5.</span> <span class='ocrx_word' id='word_1_790' title='bbox 1166 5386 1320 5458; x_wconf 84' lang='lat' dir='ltr'><strong>Apud</strong></span> <span class='ocrx_word' id='word_1_791' title='bbox 1348 5387 1647 5445; x_wconf 88' lang='lat' dir='ltr'><strong>Eusebium</strong></span> <span class='ocrx_word' id='word_1_792' title='bbox 1687 5390 1833 5447; x_wconf 79' lang='lat' dir='ltr'><strong>Hist.</strong></span> <span class='ocrx_word' id='word_1_793' title='bbox 1856 5400 1983 5448; x_wconf 85' lang='lat' dir='ltr'><strong>eccl.</strong></span> 
     </span>
    </p>
   </div>
   <div class='ocr_carea' id='block_1_98' title="bbox 531 5518 1208 5594">
    <p class='ocr_par' dir='ltr' id='par_1_98' title="bbox 531 5518 1208 5594">
     <span class='ocr_line' id='line_1_100' title="bbox 531 5518 1208 5594; baseline 0.018 -23"><span class='ocrx_word' id='word_1_794' title='bbox 659 5520 804 5594; x_wconf 82' lang='lat' dir='ltr'><strong>I_I_ist.</strong></span> <span class='ocrx_word' id='word_1_795' title='bbox 836 5528 986 5593; x_wconf 84' lang='lat' dir='ltr'><strong>eccl.,</strong></span> <span class='ocrx_word' id='word_1_796' title='bbox 1014 5544 1095 5594; x_wconf 87' lang='grc' dir='ltr'>ιιι,</span> <span class='ocrx_word' id='word_1_797' title='bbox 1121 5530 1208 5583; x_wconf 79' lang='grc'>56.</span> 
     </span>
    </p>
   </div>
   <div class='ocr_carea' id='block_1_99' title="bbox 531 5587 1195 5663">
    <p class='ocr_par' dir='ltr' id='par_1_99' title="bbox 531 5587 1195 5663">
     <span class='ocr_line' id='line_1_101' title="bbox 531 5587 1195 5663; baseline 0.02 -22"><span class='ocrx_word' id='word_1_798' title='bbox 531 5587 617 5663; x_wconf 53' lang='grc' dir='ltr'><strong>εξ)</strong></span> <span class='ocrx_word' id='word_1_799' title='bbox 662 5590 805 5663; x_wconf 75' lang='grc' dir='ltr'><strong>ῌίεῑ.</strong></span> <span class='ocrx_word' id='word_1_800' title='bbox 831 5587 983 5659; x_wconf 72' lang='lat' dir='ltr'><strong>eccl.,</strong></span> <span class='ocrx_word' id='word_1_801' title='bbox 1016 5587 1195 5663; x_wconf 71' lang='lat' dir='ltr'><strong>tv,M.</strong></span> 
     </span>
    </p>
   </div>
   <div class='ocr_carea' id='block_1_100' title="bbox 504 5656 1432 5736">
    <p class='ocr_par' dir='ltr' id='par_1_100' title="bbox 504 5656 1432 5736">
     <span class='ocr_line' id='line_1_102' title="bbox 504 5656 1432 5736; baseline 0.018 -27"><span class='ocrx_word' id='word_1_802' title='bbox 659 5660 836 5736; x_wconf 67' lang='lat' dir='ltr'><strong>Qatal.</strong></span> <span class='ocrx_word' id='word_1_803' title='bbox 864 5656 1048 5736; x_wconf 78' lang='lat' dir='ltr'><strong>script.</strong></span> <span class='ocrx_word' id='word_1_804' title='bbox 1077 5656 1228 5733; x_wconf 80' lang='lat' dir='ltr'><strong>eccl.,</strong></span> <span class='ocrx_word' id='word_1_805' title='bbox 1269 5687 1316 5724; x_wconf 88' lang='lat' dir='ltr'><strong>c.</strong></span> <span class='ocrx_word' id='word_1_806' title='bbox 1348 5673 1432 5727; x_wconf 85' lang='grc'>17.</span> 
     </span>
    </p>
   </div>
   <div class='ocr_carea' id='block_1_101' title="bbox 504 5725 2003 5813">
    <p class='ocr_par' dir='ltr' id='par_1_101' title="bbox 504 5725 2003 5813">
     <span class='ocr_line' id='line_1_103' title="bbox 504 5725 2003 5813; baseline 0.015 -33"><span class='ocrx_word' id='word_1_807' title='bbox 504 5725 617 5813; x_wconf 65' lang='lat'><strong>(20)</strong></span> <span class='ocrx_word' id='word_1_808' title='bbox 650 5728 919 5813; x_wconf 68' lang='lat' dir='ltr'><strong>Quisquis</strong></span> <span class='ocrx_word' id='word_1_809' title='bbox 951 5725 1246 5813; x_wconf 49' lang='grc' dir='ltr'><strong>ῥοίδιον-εὴ</strong></span> <span class='ocrx_word' id='word_1_810' title='bbox 1277 5725 1679 5801; x_wconf 71' lang='lat' dir='ltr'><strong>Stichometria:</strong></span> <span class='ocrx_word' id='word_1_811' title='bbox 1702 5788 1716 5811; x_wconf 95' lang='lat'><strong>,</strong></span> <span class='ocrx_word' id='word_1_812' title='bbox 1758 5748 1847 5802; x_wconf 90' lang='lat' dir='ltr'><strong>ille</strong></span> <span class='ocrx_word' id='word_1_813' title='bbox 1894 5764 2003 5802; x_wconf 91' lang='lat' dir='ltr'><strong>non</strong></span> 
     </span>
    </p>
   </div>
   <div class='ocr_carea' id='block_1_102' title="bbox 434 5806 2003 5889">
    <p class='ocr_par' dir='ltr' id='par_1_102' title="bbox 434 5806 2003 5889">
     <span class='ocr_line' id='line_1_104' title="bbox 434 5806 2003 5889; baseline 0.017 -43"><span class='ocrx_word' id='word_1_814' title='bbox 434 5806 762 5862; x_wconf 79' lang='lat' dir='ltr'><strong>pronuntiat,</strong></span> <span class='ocrx_word' id='word_1_815' title='bbox 794 5806 1054 5871; x_wconf 89' lang='lat' dir='ltr'><strong>epistolas</strong></span> <span class='ocrx_word' id='word_1_816' title='bbox 1070 5806 1126 5861; x_wconf 85' lang='grc'><strong>8.</strong></span> <span class='ocrx_word' id='word_1_817' title='bbox 1149 5808 1338 5881; x_wconf 83' lang='lat' dir='ltr'><strong>lgnalii</strong></span> <span class='ocrx_word' id='word_1_818' title='bbox 1357 5824 1410 5869; x_wconf 90' lang='lat' dir='ltr'><strong>et</strong></span> <span class='ocrx_word' id='word_1_819' title='bbox 1430 5806 1714 5888; x_wconf 84' lang='lat' dir='ltr'><strong>Polycarpi</strong></span> <span class='ocrx_word' id='word_1_820' title='bbox 1737 5833 1858 5874; x_wconf 90' lang='lat' dir='ltr'><strong>esse</strong></span> <span class='ocrx_word' id='word_1_821' title='bbox 1878 5833 2003 5889; x_wconf 86' lang='lat' dir='ltr'><strong>sup-</strong></span> 
     </span>
    </p>
   </div>
   <div class='ocr_carea' id='block_1_103' title="bbox 2112 5400 3687 5482">
    <p class='ocr_par' dir='ltr' id='par_1_103' title="bbox 2112 5400 3687 5482">
     <span class='ocr_line' id='line_1_105' title="bbox 2112 5400 3687 5482; baseline 0.011 -30"><span class='ocrx_word' id='word_1_822' title='bbox 2112 5400 2404 5482; x_wconf 87' lang='lat' dir='ltr'><strong>posititias.</strong></span> <span class='ocrx_word' id='word_1_823' title='bbox 2425 5400 2579 5456; x_wconf 85' lang='lat' dir='ltr'><strong>Nuda</strong></span> <span class='ocrx_word' id='word_1_824' title='bbox 2597 5405 2742 5482; x_wconf 84' lang='lat' dir='ltr'><strong>enim</strong></span> <span class='ocrx_word' id='word_1_825' title='bbox 2760 5405 2848 5482; x_wconf 77' lang='lat' dir='ltr'><strong>bic</strong></span> <span class='ocrx_word' id='word_1_826' title='bbox 2871 5405 3063 5482; x_wconf 79' lang='lat' dir='ltr'><strong>lgnatii</strong></span> <span class='ocrx_word' id='word_1_827' title='bbox 3091 5419 3141 5462; x_wconf 90' lang='lat' dir='ltr'><strong>et</strong></span> <span class='ocrx_word' id='word_1_828' title='bbox 3158 5406 3457 5482; x_wconf 73' lang='lat' dir='ltr'><strong>Polycarpi</strong></span> <span class='ocrx_word' id='word_1_829' title='bbox 3486 5416 3687 5470; x_wconf 74' lang='lat' dir='ltr'><strong>nomina</strong></span> 
     </span>
    </p>
   </div>
   <div class='ocr_carea' id='block_1_104' title="bbox 2115 5476 3686 5555">
    <p class='ocr_par' dir='ltr' id='par_1_104' title="bbox 2115 5476 3686 5555">
     <span class='ocr_line' id='line_1_106' title="bbox 2115 5476 3686 5555; baseline 0.01 -31"><span class='ocrx_word' id='word_1_830' title='bbox 2115 5480 2417 5555; x_wconf 76' lang='lat' dir='ltr'><strong>ponnntur,</strong></span> <span class='ocrx_word' id='word_1_831' title='bbox 2444 5488 2620 5555; x_wconf 67' lang='lat' dir='ltr'><strong>neque</strong></span> <span class='ocrx_word' id='word_1_832' title='bbox 2646 5477 2727 5530; x_wconf 81' lang='lat' dir='ltr'><strong>vel</strong></span> <span class='ocrx_word' id='word_1_833' title='bbox 2753 5476 2835 5555; x_wconf 61' lang='lat' dir='ltr'><strong>de</strong></span> <span class='ocrx_word' id='word_1_834' title='bbox 2848 5478 3095 5546; x_wconf 81' lang='lat' dir='ltr'><strong>epistolis</strong></span> <span class='ocrx_word' id='word_1_835' title='bbox 3110 5481 3195 5534; x_wconf 82' lang='lat' dir='ltr'><strong>vel</strong></span> <span class='ocrx_word' id='word_1_836' title='bbox 3224 5476 3293 5555; x_wconf 66' lang='lat' dir='ltr'><strong>de</strong></span> <span class='ocrx_word' id='word_1_837' title='bbox 3323 5476 3686 5555; x_wconf 78' lang='lat' dir='ltr'><strong>suppositione</strong></span> 
     </span>
    </p>
   </div>
   <div class='ocr_carea' id='block_1_105' title="bbox 2114 5542 3686 5623">
    <p class='ocr_par' dir='ltr' id='par_1_105' title="bbox 2114 5542 3686 5623">
     <span class='ocr_line' id='line_1_107' title="bbox 2114 5542 3686 5623; baseline 0.013 -31"><span class='ocrx_word' id='word_1_838' title='bbox 2114 5542 2413 5623; x_wconf 64' lang='lat' dir='ltr'><strong>quidquam</strong></span> <span class='ocrx_word' id='word_1_839' title='bbox 2441 5543 2760 5599; x_wconf 78' lang='lat' dir='ltr'><strong>aﬂirmatur.</strong></span> <span class='ocrx_word' id='word_1_840' title='bbox 2869 5542 3125 5623; x_wconf 69' lang='lat' dir='ltr'><strong>contextu</strong></span> <span class='ocrx_word' id='word_1_841' title='bbox 3159 5552 3341 5620; x_wconf 87' lang='lat' dir='ltr'><strong>potius</strong></span> <span class='ocrx_word' id='word_1_842' title='bbox 3370 5542 3547 5623; x_wconf 57' lang='lat' dir='ltr'><strong>patet,</strong></span> <span class='ocrx_word' id='word_1_843' title='bbox 3564 5556 3686 5611; x_wconf 63' lang='lat' dir='ltr'><strong>deos</strong></span> 
     </span>
    </p>
   </div>
   <div class='ocr_carea' id='block_1_106' title="bbox 2113 5611 3592 5690">
    <p class='ocr_par' dir='ltr' id='par_1_106' title="bbox 2113 5611 3592 5690">
     <span class='ocr_line' id='line_1_108' title="bbox 2113 5611 3592 5690; baseline 0.012 -26"><span class='ocrx_word' id='word_1_844' title='bbox 2113 5611 2429 5690; x_wconf 34' lang='lat' dir='ltr'><strong>bosnl’atres</strong></span> <span class='ocrx_word' id='word_1_845' title='bbox 2457 5630 2488 5690; x_wconf 80' lang='lat' dir='ltr'><strong>a</strong></span> <span class='ocrx_word' id='word_1_846' title='bbox 2501 5630 2729 5690; x_wconf 74' lang='lat' dir='ltr'><strong>canone</strong></span> <span class='ocrx_word' id='word_1_847' title='bbox 2750 5618 2925 5690; x_wconf 88' lang='lat' dir='ltr'><strong>solum</strong></span> <span class='ocrx_word' id='word_1_848' title='bbox 2965 5617 3023 5672; x_wconf 86' lang='lat' dir='ltr'><strong>S.</strong></span> <span class='ocrx_word' id='word_1_849' title='bbox 3060 5611 3592 5690; x_wconf 59' lang='lat' dir='ltr'><strong>Scripturai&#39;arceri.</strong></span> 
     </span>
    </p>
   </div>
   <div class='ocr_carea' id='block_1_107' title="bbox 2183 5681 3521 5818">
    <p class='ocr_par' dir='ltr' id='par_1_107' title="bbox 2183 5681 3521 5818">
     <span class='ocr_line' id='line_1_109' title="bbox 2183 5681 3521 5818; baseline 0.014 -85"><span class='ocrx_word' id='word_1_850' title='bbox 2183 5681 2298 5818; x_wconf 47' lang='grc' dir='ltr'><strong>ἓὲι)</strong></span> <span class='ocrx_word' id='word_1_851' title='bbox 2352 5682 2611 5740; x_wconf 74' lang='grc' dir='ltr'>νίηάίεὲω</span> <span class='ocrx_word' id='word_1_852' title='bbox 2634 5684 2955 5759; x_wconf 73' lang='lat' dir='ltr'><strong>lgiiatianaz,</strong></span> <span class='ocrx_word' id='word_1_853' title='bbox 2988 5705 3044 5760; x_wconf 91' lang='lat' dir='ltr'><strong>p.</strong></span> <span class='ocrx_word' id='word_1_854' title='bbox 3068 5705 3107 5752; x_wconf 87' lang='grc' dir='ltr'>ι,</span> <span class='ocrx_word' id='word_1_855' title='bbox 3138 5681 3249 5746; x_wconf 56' lang='grc' dir='ltr'><strong>οἶά</strong></span> <span class='ocrx_word' id='word_1_856' title='bbox 3276 5698 3521 5766; x_wconf 80' lang='lat' dir='ltr'><strong>(supra).</strong></span> 
     </span>
     <span class='ocr_line' id='line_1_110' title="bbox 2206 5751 3052 5818; baseline 0.012 -15"><span class='ocrx_word' id='word_1_857' title='bbox 2206 5752 2298 5818; x_wconf 72' lang='lat'><strong>‘22)</strong></span> <span class='ocrx_word' id='word_1_858' title='bbox 2340 5751 2552 5818; x_wconf 74' lang='lat' dir='ltr'><strong>Proleg.</strong></span> <span class='ocrx_word' id='word_1_859' title='bbox 2581 5757 2646 5810; x_wconf 90' lang='lat' dir='ltr'><strong>ad</strong></span> <span class='ocrx_word' id='word_1_860' title='bbox 2684 5755 2844 5811; x_wconf 80' lang='lat' dir='ltr'><strong>Varia</strong></span> <span class='ocrx_word' id='word_1_861' title='bbox 2874 5775 3052 5814; x_wconf 84' lang='lat' dir='ltr'><strong>sacra.</strong></span> 
     </span>
    </p>
   </div>
   <div class='ocr_carea' id='block_1_108' title="bbox 2206 5751 3052 5823">
    <p class='ocr_par' dir='ltr' id='par_1_108' title="bbox 2206 5751 3052 5823">
     <span class='ocr_line' id='line_1_111' title="bbox 2206 5751 3052 5823; baseline 0.013 -21"><span class='ocrx_word' id='word_1_862' title='bbox 2206 5751 2552 5823; x_wconf 48' lang='lat' dir='ltr'><strong>{22)Proleg.</strong></span> <span class='ocrx_word' id='word_1_863' title='bbox 2581 5757 2646 5810; x_wconf 90' lang='lat' dir='ltr'><strong>ad</strong></span> <span class='ocrx_word' id='word_1_864' title='bbox 2666 5751 2844 5811; x_wconf 56' lang='lat' dir='ltr'><strong>&#39;Varia</strong></span> <span class='ocrx_word' id='word_1_865' title='bbox 2874 5751 3052 5814; x_wconf 70' lang='lat' dir='ltr'><strong>sacra.</strong></span> 
     </span>
    </p>
   </div>
   <div class='ocr_carea' id='block_1_109' title="bbox 2179 5820 3263 5903">
    <p class='ocr_par' dir='ltr' id='par_1_109' title="bbox 2179 5820 3263 5903">
     <span class='ocr_line' id='line_1_112' title="bbox 2179 5820 3263 5903; baseline 0.015 -31"><span class='ocrx_word' id='word_1_866' title='bbox 2179 5820 2396 5893; x_wconf 59' lang='grc' dir='ltr'><strong>(εδ-24)</strong></span> <span class='ocrx_word' id='word_1_867' title='bbox 2451 5820 2651 5882; x_wconf 72' lang='grc' dir='ltr'><strong>γῧιάὶσ.</strong></span> <span class='ocrx_word' id='word_1_868' title='bbox 2672 5826 2879 5900; x_wconf 84' lang='lat' dir='ltr'><strong>Ignat.,</strong></span> <span class='ocrx_word' id='word_1_869' title='bbox 2902 5844 2955 5900; x_wconf 90' lang='lat' dir='ltr'><strong>p.</strong></span> <span class='ocrx_word' id='word_1_870' title='bbox 2988 5846 3048 5900; x_wconf 86' lang='lat' dir='ltr'><strong>it,</strong></span> <span class='ocrx_word' id='word_1_871' title='bbox 3068 5846 3191 5903; x_wconf 88' lang='lat' dir='ltr'><strong>cap.</strong></span> <span class='ocrx_word' id='word_1_872' title='bbox 3209 5832 3263 5888; x_wconf 73' lang='grc' dir='ltr'>ὅ.</span> 
     </span>
    </p>
   </div>
  </div>
