3802 6210
130 340 253 395 1001

896 347 1429 408 PROLEGOMENA.
1470 386 1539 394 —
1574 354 1637 410 Il.
1676 356 1763 411 DE
1803 357 2165 417 MARTYRIO
2198 363 2254 418 S.
2288 364 2698 424 POLYCARPI.

3266 378 3406 434 1002

127 456 309 526 lgnatii
358 458 785 529 disputavimus
815 464 906 535 (in
946 466 1269 536 praefatione
1313 470 1380 525 ad
1421 470 1542 541 ejus
1582 470 1711 542 Epi-
1744 477 1789 535 Α
1818 492 1883 531 ex
1929 480 2159 535 Andreaz
2194 480 2405 539 Sehotti
2456 487 2770 556 apograplio
2798 487 3059 547 Claudius
3100 488 3404 553 Salmasius

126 548 329 614 stolas).

189 640 274 694 Vl.
307 642 443 699 Haec
469 647 713 716 epistola
735 664 927 705 manca
953 651 1189 707 habetur
1211 654 1266 707 in
1288 655 1548 711 omnibus
1566 656 1716 712 Gree-

123 731 198 786 cis
226 734 525 793 codicibus
575 740 758 795 mstis.
818 740 919 796 Ubi
968 754 1147 799 autem
1182 747 1398 802 codices
1432 748 1713 815 deticiunt,

122 824 192 878 ibi
218 828 587 885 continenter
636 832 979 890 subnectitur
1009 837 1241 908 epistola
1284 837 1566 907 Barnabaa,
1620 842 1715 897 sed

120 915 287 984 capite
314 925 588 974 truncato
620 921 759 991 (25).

183 1006 380 1063 Totam
421 1026 559 1066 vero
594 1012 879 1085 Polyearpi
908 1016 1194 1087 epistolam
1226 1029 1386 1079 vetus
1412 1023 1574 1079 nobis
1598 1040 1716 1079 ser-

119 1101 259 1154 vavit
304 1104 521 1169 versio,
572 1121 739 1174 quam
778 1109 989 1177 primus
1030 1111 1169 1167 1498
1214 1112 1463 1183 Parisiis,
1499 1117 1568 1172 ab
1594 1118 1713 1186 ipso

118 1191 412 1261 inventam,
443 1198 731 1266 evulgavit
754 1198 992 1257 Jacobus
1013 1202 1190 1260 Faber
1215 1205 1581 1276 Stapulensis.

180 1283 371 1341 Graece
400 1297 458 1341 et
492 1288 690 1345 Latine
712 1294 921 1360 primus
948 1297 1238 1365 epistolam
1271 1300 1325 1354 in
1358 1302 1534 1356 lucem
1574 1318 1705 1372 pro-

115 1376 231 1430 tulit
270 1377 452 1433 Duaci
508 1382 654 1436 1655
696 1382 890 1441 Petrus
932 1386 1259 1455 Halloixius,
1291 1407 1357 1447 ex
1388 1396 1706 1465 apographo

114 1469 389 1528 Francisci
444 1473 736 1543 Turriani,
786 1495 818 1534 a
860 1480 979 1536 viro
1018 1483 1338 1539 doctissimo
1368 1485 1570 1541 Jacobo
1597 1487 1708 1541 Sir-

113 1563 305 1617 mondo
338 1565 402 1620 S.
450 1565 505 1621 J.
535 1569 606 1622 ad
640 1570 793 1626 illum
838 1575 1164 1633 transmisso
1192 1578 1328 1651 (26).
1372 1579 1502 1635 Post
1529 1597 1704 1637 annos

112 1658 173 1712 14
211 1657 462 1718 lacubus
498 1663 761 1722 Usserius
790 1668 935 1724 aliud
979 1686 1174 1728 nactus
1208 1676 1520 1747 exemplar,
1550 1679 1699 1748 quod

108 1887 1827 1918 —-.—_____.________________

1823 587 1988 626 manu
2014 589 2112 628 sua
2142 575 2475 645 descriptum
2522 593 2647 633 cum
2697 578 2884 635 lsaaco
2921 580 3117 639 Vossio
3147 600 3368 641 commu
3389 620 3401 625 -

1821 665 2119 731 nicaverat,
2154 668 2287 721 illud
2318 670 2552 725 contulit
2580 686 2705 727 cum
2744 676 2893 729 edito
2921 674 3289 745 Halloixiano,
3317 690 3393 735 at-

1819 771 1926 827 que
1952 758 2093 815 hanc
2126 746 2576 832 Polycarpianam
2612 767 2898 835 epistolam
2930 785 3055 825 cum
3093 780 3274 828 vetere
3314 775 3396 828 in-

1817 857 2051 921 terprete
2086 852 2319 910 Londini
2348 855 2623 927 evulgavit
2648 859 2817 927 1647;
2845 877 3009 932 quam
3036 864 3231 921 deinde
3254 881 3395 922 nova

1816 942 2264 1013 interpretatione
2339 950 2658 1006 adornatam
2733 953 2987 1011 exhibuit
3060 955 3390 1015 Cotelerius.

1814 1034 1975 1089 Anno
2007 1036 2147 1094 1709
2175 1039 2378 1107 prodiit
2407 1040 2633 1098 Thoma:
2657 1041 2877 1100 Smithii
2907 1046 3073 1102 editio
3102 1062 3393 1119 praestans,

1811 1140 2043 1196 eamque
2069 1140 2291 1186 secutus
2314 1142 2398 1187 est
2419 1133 2756 1192 Gallandius.
2780 1135 2988 1193 Novam
3022 1140 3255 1212 denique
3284 1145 3398 1199 edi-

1811 1218 2017 1274 tionem
2045 1219 2184 1276 1858
2213 1232 2269 1277 et
2299 1223 2439 1279 1840
2476 1226 2631 1295 (edit.
2666 1226 2726 1297 ιι)
2759 1229 3046 1285 adornavit
3069 1231 3392 1290 Guilielmus

1808 1311 2171 1382 Jacobsonus,
2204 1316 2487 1373 codicibus
2521 1317 2807 1388 Vaticano,
2849 1320 3103 1379 Parisino
3136 1333 3190 1379 et
3220 1325 3384 1380 Medi-

1809 1405 2311 1463 eeo-Laurentiano
2333 1426 2490 1467 usus.

1880 1497 1989 1553 VII.
2035 1499 2110 1555 De
2142 1500 2429 1574 Polycarpi
2470 1505 2716 1562 doctrina
2758 1508 3171 1580 disputaverunt
3216 1510 3383 1567 Lum-

1808 1604 1976 1658 perus
2003 1592 2152 1664 (27),
2191 1593 2499 1666 Heynsins,
2556 1598 2755 1655 Junius
2805 1617 2869 1657 ac
2919 1619 3022 1657 van
3064 1603 3212 1660 Gilse
3242 1606 3380 1675 (28),

1809 1676 2100 1736 Mteblerus
2148 1684 2262 1757 (29)
2288 1696 2343 1742 et
2374 1688 2487 1743 alii.

1833 1905 3330 1937 .—.._________________________

862 2064 1009 2155 DE
1084 2064 1727 2158 MABTYRIO
1784 2067 1878 2157 S.
1933 2068 2652 2165 POLYCARPI.

163 2282 205 2340 l.
241 2304 261 2337 ι
304 2285 454 2339 lnter
507 2281 859 2354 praeelariora
913 2281 1301 2338 ecclesiastica:
1348 2281 1691 2351 antiquitatis
1726 2284 1769 2342 Β
1800 2281 1992 2337 borum
2034 2286 2178 2341 serie
2228 2287 2282 2341 in
2317 2291 2575 2348 omnibus
2606 2302 2835 2362 retenta,
2872 2299 3099 2370 soloque
3132 2304 3376 2371 partiens

100 2386 459 2431 monumenta
520 2375 723 2430 merito
780 2384 1095 2429 recensetur
1148 2372 1389 2444 Epistola
1438 2371 1693 2429 Ecclesize

103 2466 455 2541 Smyrnensis
493 2469 564 2523 de
595 2468 860 2538 martyrio
891 2465 948 2521 S.
992 2465 1301 2537 Polycarpi,
1337 2466 1494 2531 adeo,
1537 2474 1597 2519 ut
1624 2466 1693 2519 il-

100 2562 198 2615 lam
231 2578 373 2632 pene
426 2562 705 2631 integram
752 2559 1020 2614 Eusebius
1069 2558 1327 2613 Historia:
1372 2575 1485 2613 sua:
1517 2575 1691 2612 neces-

100 2654 232 2704 sario
263 2652 615 2706 inserendam
647 2650 1044 2703 existimaverit
1074 2649 1208 2720 (50).
1257 2648 1517 2715 Quinimo
1562 2650 1687 2704 illu~

100 2747 219 2799 stris
259 2746 387 2813 ejus
433 2745 714 2812 interpres
745 2741 999 2797 Valesius
1029 2757 1095 2797 eo
1127 2742 1414 2813 processit,
1448 2752 1507 2796 ut
1538 2744 1685 2798 aliir-

99 2838 251 2891 niarit
281 2839 427 2908 (51),
458 2835 752 2907 Polycarpi
791 2836 1019 2906 ejusque
1050 2838 1328 2891 sociorum
1361 2837 1686 2908 martyrium

98 2930 282 2986 litteris
334 2931 610 2987 traditum
658 2946 780 2985 esse
829 2931 1072 2984 omnium
1121 2930 1393 3000 primum,
1441 2931 1686 3001 Actaque

99 3033 395 3093 martyrum
437 3022 590 3076 nulla
638 3032 854 3077 exstare
901 3024 1247 3092 antiquiora;
1278 3039 1379 3079 nec
1422 3023 1685 3078 dubitarit

96 3115 318 3181 proinde
349 3154 367 3179 ,
423 3116 561 3184 quin
615 3114 705 3169 illa
753 3115 1167 3186 Smyrnensium
1219 3117 1448 3187 epistola
1504 3116 1683 3186 primo

95 3204 205 3258 foco
239 3208 427 3275 posita
460 3205 627 3260 fuerit
667 3207 736 3260 ab
766 3206 1024 3273 Eusebio,
1052 3208 1104 3261 in
1136 3209 1275 3262 libro
1298 3223 1458 3278 quem
1488 3208 1683 3262 inscri-

95 3297 190 3363 psit
206 3298 513 3367 Ἀρχαίων
531 3298 873 3367 μαρτυριῶν
888 3298 1228 3369 συναγωγή.
1250 3298 1482 3353 Molliter
1498 3311 1679 3353 tamen

92 3390 449 3459 excipiendus
498 3390 585 3443 vir
631 3391 1020 3457 doctissimus;
1056 3392 1297 3445 nondum
1342 3391 1542 3461 quippe
1585 3393 1678 3446 de-

92 3487 243 3549 tecta,
269 3498 390 3553 quo
423 3493 670 3552 tempore
700 3482 788 3536 ille
820 3482 900 3536 sic
932 3483 1234 3549 sentiebat,
1266 3483 1399 3539 Acta
1432 3486 1677 3555 martyrii

93 3570 145 3626 S.
180 3572 384 3645 lgnatii
416 3575 655 3630 sincera.
689 3592 708 3626 ι
744 3573 821 3628 lta
855 3573 1172 3630 Gallandius
1198 3576 1333 3647 (52).

150 3684 213 3741 ll.
246 3686 496 3757 insignis
525 3689 642 3743 luec
669 3690 735 3743 de
766 3691 1025 3760 martyrio
1049 3690 1106 3746 S.
1132 3689 1413 3761 Polycarpi
1445 3692 1674 3761 epistola

90 3782 418 3846 rectissime,
469 3791 531 3837 ut
577 3782 849 3839 Smithius
896 3784 1057 3839 docet
1102 3785 1253 3853 (55),
1292 3800 1314 3838 ‹
1355 3785 1464 3839 dici
1494 3794 1747 3858 potestc

88 3869 408 3939 ἐγκύκλιος
434 3875 551 3928 sive
579 3877 872 3944 encyclica,
897 3884 957 3930 ut
991 3892 1059 3930 ex
1097 3875 1452 3946 inscriptione
1490 3888 1668 3946 patet;

90 3972 267 4032 utpote
302 3965 377 4019 ad
412 3967 596 4022 varias
626 3967 926 4035 Ecclesias,
954 3979 1065 4023 tam
1102 3970 1159 4022 in
1198 3970 1326 4024 Asia
1361 3971 1560 4024 minori
1590 3972 1671 4024 vi-

86 4055 231 4111 cinas
254 4099 269 4121 ,
305 4074 478 4128 quam
509 4060 639 4115 alibi
682 4061 738 4114 in
783 4061 907 4115 aliis
945 4062 1264 4130 provinciis,
1297 4062 1446 4116 κατὰ
1475 4062 1671 4117 πάντα

86 4148 266 4201 τόπον
322 4150 690 4218 transmissa;
734 4168 857 4222 qua:
906 4152 975 4207 de
1026 4153 1097 4208 iis
1150 4154 1307 4218 solis,
1356 4171 1479 4224 qua:
1526 4156 1668 4209 κατὰ

86 4236 300 4307 Πόντον,
320 4242 490 4310 juxta
523 4241 756 4297 Pontum
793 4245 915 4300 sita:
948 4254 1126 4313 erant,
1155 4247 1298 4301 male
1342 4248 1670 4317 interpreta-

86 4340 165 4383 tur
201 4332 485 4389 Eusebius
522 4335 658 4406 (54),
710 4352 811 4405 pro
848 4336 1072 4403 πάσαις
1113 4338 1241 4404 ταῖς
1284 4339 1436 4392 κατὰ
1470 4339 1668 4395 πάντα

85 4422 284 4487 τόπον,
321 4440 450 4479 cum
483 4427 551 4482 ad
604 4443 796 4484 omnes
836 4429 1144 4493 Ecclesias,
1201 4431 1293 4484 ubi
1340 4432 1667 4488 Christianae

82 4513 364 4585 religionis
394 4517 670 4586 professio
695 4522 933 4591 vigebat,
963 4539 1061 4594 per
1083 4523 1360 4579 Orientem
1392 4528 1664 4597 praecipue

81 4617 325 4672 sparsas,
354 4610 553 4665 debeat
579 4616 869 4685 propagari
896 4626 951 4670 et
975 4618 1192 4672 extendi
1229 4619 1298 4672 ab
1324 4620 1456 4688 ipsis
1478 4619 1663 4674 Phila-

80 4697 471 4768 delphensibus
502 4704 639 4776 (55),
665 4717 929 4775 quantum
960 4708 1011 4761 in
1045 4709 1175 4778 ipsis
1209 4718 1346 4775 erat,
1378 4710 1501 4777 τοῖς
1528 4712 1661 4765 ἑπέ-

81 4805 241 4846 terra
272 4793 569 4864 ἀδελφοῖς
609 4799 1068 4854 communicanda
1119 4800 1273 4870 (56);
1319 4802 1510 4857 eadem
1536 4818 1660 4858 ver-

1794 2372 1924 2428 laris
1973 2374 2269 2447 Ecclesiae,
2323 2382 2391 2437 ad
2434 2399 2598 2454 quam
2649 2387 2926 2458 dirigitur,
2984 2394 3205 2449 nomine
3255 2413 3377 2451 mu-

1795 2475 1929 2523 tato.
1972 2489 1989 2521 ι

1864 2562 1951 2619 lll.
1986 2563 2138 2622 lianc
2165 2568 2453 2638 epistolam
2483 2588 2593 2628 non
2637 2578 2903 2634 continuo
2932 2588 3058 2650 post
3084 2579 3372 2652 Polycarpi

1791 2659 2137 2728 martyrium,
2184 2663 2278 2717 sed
2328 2664 2612 2734 aliquanto
2660 2680 2784 2737 post
2833 2681 3077 2742 tempore
3106 2689 3138 2729 a
3180 2673 3370 2745 Smyr-

1788 2751 1923 2805 naeis
1946 2753 2205 2821 scriptam
2232 2754 2403 2811 fuisse
2426 2760 2708 2815 contendit
2724 2759 2975 2821 Valesius
2992 2766 3332 2837 (57),dicens
3357 2790 3369 2822 ;

1795 2860 1813 2893 ι
1855 2843 1992 2898 Cum
2022 2844 2476 2919 Pliilomelienses
2508 2852 2574 2906 de
2608 2851 2891 2927 Polycarpi
2930 2861 3193 2930 martyrio
3224 2859 3369 2917 fama

1789 2942 1999 2991 tantum
2051 2954 2115 2993 ac
2144 2956 2368 2996 rumore
2398 2952 2558 2998 tenus
2601 2947 2904 3003 audiisscnt
2925 2990 2941 3015 ,
2972 2951 3180 3007 litteras
3205 2940 3369 3008 dede—

1785 3038 1915 3084 runt
1967 3030 2036 3085 ad
2092 3030 2502 3103 Smyrnmorum
2558 3036 2896 3107 Ecclesiam,
2952 3054 3244 3113 rogantes,
3309 3054 3369 3099 ut

1784 3129 2008 3187 cuncta,
2040 3137 2162 3191 quae
2191 3124 2245 3176 in
2278 3124 2584 3190 beatissimi
2617 3131 2719 3184 viri
2759 3134 3014 3201 passione
3040 3144 3194 3206 gesta
3242 3135 3362 3190 fue-

1782 3224 1927 3281 rant,
1975 3215 2297 3286 singillatim
2344 3222 2645 3292 perscripta
2688 3225 2755 3280 ad
2796 3226 2946 3295 ipsos
2990 3230 3360 3287 mitterentur.

1781 3308 1938 3375 Quod
1980 3311 2203 3380 quidem
2253 3313 2617 3370 libentissime
2664 3319 3035 3386 pmstiterunt
3070 3320 3360 3393 Smyrnaei,

1780 3404 1980 3474 scripta
2012 3404 2080 3458 ad
2126 3404 2276 3474 ipsos
2305 3405 2556 3473 epistola,
2586 3424 2752 3478 quam
2796 3411 2848 3464 in
2894 3413 3149 3468 manibus
3190 3413 3359 3469 habe-

1780 3512 1924 3552 mus.
1970 3498 2027 3552 ld
2075 3506 2257 3554 autem
2318 3501 2667 3556 subindicant
2715 3503 2800 3557 his
2852 3504 3034 3558 verbis
3078 3506 3163 3574 (e.
3198 3504 3301 3576 20)
3341 3524 3352 3559 :

1779 3587 1937 3658 ὑμεῖς
1962 3589 2060 3659 μὲν
2084 3584 2177 3642 οὖν
2205 3589 2473 3660 ἠξιώσατε
2502 3591 2590 3645 διὰ
2615 3591 2875 3648 πλειόνων
2900 3594 3201 3667 δηλωθῆναι
3229 3598 3357 3668 ὑμῖν

1778 3678 1846 3731 τὰ
1890 3680 2176 3750 γενόμενα.
2228 3700 2247 3731 ι
2284 3681 2389 3735 Sed
2439 3683 2610 3751 primo
2654 3700 2797 3738 anno
2845 3696 2967 3755 post
3015 3698 3246 3743 mortem
3295 3689 3353 3744 S.

1780 3768 2066 3841 Polycarpi
2100 3782 2217 3828 aeta
2260 3774 2376 3829 ha'e
2422 3776 2733 3845 conscripta
2763 3792 2885 3833 esse
2911 3779 3036 3835 inde
3064 3795 3130 3834 ex
3159 3795 3226 3836 eo
3254 3798 3355 3852 apt

1777 3872 1948 3932 paret,
1976 3866 2121 3933 quod
2156 3866 2367 3936 primus
2396 3866 2514 3922 dies
2543 3868 2955 3927 anniversarius
2999 3872 3165 3941 hujus
3208 3891 3355 3930 mar-

1778 3956 1902 4025 tyrii
1936 3957 2182 4012 nondum
2213 3959 2520 4014 celebratus
2559 3958 2681 4027 fuit,
2718 3971 2864 4017 ntex
2888 3979 3008 4034 cap.
3048 3966 3115 4020 18
3144 3970 3359 4045 ρει-θυῖε

1775 4057 1973 4101 etmus.

1843 4156 1934 4213 ιν.
1981 4159 2279 4230 Epistulam
2326 4168 2394 4218 de
2445 4176 2711 4237 martyrio
2759 4166 3082 4239 Polyearpi,
3129 4170 3355 4233 nomine

1770 4247 2028 4307 Ecclesiae
2081 4252 2431 4325 Smyrnensis
2490 4258 2561 4311 ab
2625 4257 2887 4315 Evaresto
2946 4261 3346 4330 conscriptam,

1771 4341 1985 4400 Marcus
2025 4347 2245 4415 quidam
2266 4389 2281 4413 ,
2322 4364 2419 4403 seu
2453 4347 2756 4405 Martianus
2788 4351 2939 4421 (58),
2977 4352 3042 4407 ad
3072 4352 3348 4411 Philome—

1772 4434 1974 4491 lienses
2006 4440 2227 4506 pertulit
2268 4441 2407 4511 (59).
2459 4441 2750 4510 Exemplar
2802 4453 2981 4497 autem
3036 4444 3201 4513 hujus
3229 4445 3345 4511 eri—

1774 4528 1926 4581 stolae
1969 4530 2158 4584 habuit
2200 4532 2470 4597 Irenasus,
2508 4534 2654 4601 quod
2691 4532 2860 4588 Gaius
2889 4534 3011 4602 ejus
3040 4534 3342 4601 discipulus

1771 4619 2079 4689 descripsit,
2109 4631 2162 4676 et
2185 4630 2309 4691 post
2336 4639 2461 4677 cum
2486 4622 2740 4677 Socrates
2762 4624 2981 4692 quidam
2998 4624 3337 4689 Corinthius.

1768 4721 1930 4780 atque
1960 4715 2120 4777 alius,
2150 4712 2375 4770 Pionius
2404 4718 2625 4783 nomine
2650 4716 2785 4789 (40).

1838 4803 1904 4860 V.
1940 4804 2195 4875 Epistula:
2240 4805 2587 4864 varnensis
2622 4809 2879 4868 Ecclesia:
2918 4812 3183 4882 optimum
3234 4812 3340 4865 Eu-

305 4974 445 5061 Vide
468 4975 683 5061 Proleg.
711 4980 777 5035 ad
805 4981 966 5050 epist.
1003 4983 1061 5037 S.
1094 4982 1390 5050 Barnabaa,
1426 4986 1654 5056 hujusce
1687 4997 1730 5052 Ι)
1757 4988 1899 5061 melii
1941 4990 2230 5060 epistolam
2267 5000 2515 5046 nostram
2562 4992 2880 5061 inscriptam
2926 4991 3096 5047 fuisse
3142 4995 3334 5046 statuit

76 5039 287 5101 Ραιγυῖ.
318 5058 355 5100 ι.
386 5044 451 5101 ΙΙ.
480 5039 638 5102 EDIT.

143 5116 258 5190 (A276)
287 5116 404 5190 (_3_fr.
430 5117 645 5190 Proleg.
680 5122 746 5175 ad
783 5120 840 5176 S.
868 5120 1193 5179 Barnabam.

141 5188 257 5261 (ᾔ)
289 5186 437 5261 Hist.
475 5186 632 5242 theai.
670 5193 792 5245 crit.
824 5201 863 5245 t.
900 5193 941 5255 Ι,
968 5209 1020 5261 p.
1053 5195 1315 5250 551-556.

140 5258 265 5335 (28‘)
291 5256 791 5335 Commentationes
819 5263 893 5335 de
934 5256 1192 5335 theologia
1227 5264 1449 5320 Patrum
1479 5276 1651 5335 apost.

78 5328 287 5401 morali,
308 5346 375 5401 Ρ.
402 5328 605 5401 60-69,
646 5348 698 5401 p.
736 5333 904 5387 74-84
926 5372 940 5395 ,
976 5349 1025 5401 p.
1062 5328 1247 5389 73-78.

148 5397 264 5469 (529)
298 5398 578 5469 Patrolog.
610 5397 715 5467 ι.“Ι,
744 5420 797 5469 p.
828 5397 1084 5457 l59-i62.

148 5420 264 5466 (ιδ)
298 5420 578 5469 ratrowg.
610 5420 649 5455 ι.
678 5420 715 5467 Ι,
783 5444 797 5457 .

140 5466 257 5536 (50)
290 5469 433 5524 Hist.
470 5470 599 5524 eccl.
631 5488 703 5537 tv,
740 5420 828 5528 F5.

140 5538 255 5605 (51)
286 5538 428 5594 Ibid.
464 5550 579 5594 not.
606 5544 655 5595 1.

288 5609 527 5686 ζξιιιιὶριΙι
558 5623 786 5686 veterum
811 5612 1037 5667 Patrum
1092 5617 1127 5670 l.
1162 5631 1212 5670 c.
1243 5633 1298 5686 p.
1332 5632 1555 5671 uxxrx.

295 5679 476 5756 Schol.
507 5682 694 5756 in_Ep.
722 5683 937 5755 Smyrn.
970 5685 1142 5753 Eccl.,
1179 5678 1380 5756 p.'ll5.

142 5748 255 5817 (54)
295 5751 442 5806 Hist.
476 5753 604 5806 eccl.
636 5748 709 5817 iv,
742 5748 829 5809 15ξ

142 5819 255 5889 (35)
284 5820 400 5875 Non
447 5821 994 5893 Pliiladelphensibus,
1025 5830 1117 5885 sed
1170 5828 1419 5885 ﬁdelibus
1457 5825 1607 5880 Philo
1636 5856 1642 5867 ι

302 5918 579 5977 Peraea.
635 5921 753 5980 Gn.
818 5922 893 5981 V.

1751 5058 2115 5132 Jacobsdnus,
2144 5077 2305 5130 quem
2336 5078 2435 5115 nos
2458 5063 2629 5132 secuti
2657 5058 2868 5116 sumus.
2902 5062 3012 5116 Cir.
3042 5078 3164 5132 qua:
3193 5063 3332 5115 inl‘ia

1788 5129 2263 5201 dinscriptionem
2300 5132 2463 5201 hujus
2501 5130 2756 5200 Epistulae
2786 5129 3185 5186 adnotavimus.

2105 5200 2251 5256 Eccl.
2283 5198 2605 5272 Sniyrnqic.
2635 5201 2725 5271 20.

1849 5270 1939 5333 57)
1969 5269 2095 5326 Not.
2137 5272 2158 5325 l
2192 5274 2258 5326 ad
2285 5269 2484 5326 Euseb.
2519 5269 2663 5323 Hist.
2696 5272 2822 5324 εει-ι.
2857 5286 2928 5335 ιν,
2958 5272 3045 5324 15.

1849 5270 1939 5333 57)
1969 5270 2095 5326 Not.
2137 5272 2158 5325 l
2192 5274 2258 5326 ad
2285 5270 2484 5326 Euseb.
2519 5271 2663 5323 Hist.
2696 5286 2792 5324 εει-ι

1824 5270 1936 5408 (58)
1963 5340 2041 5395 ita
2072 5342 2291 5396 exhibet
2319 5352 2472 5396 vetus
2506 5341 2792 5408 interpres.

1851 5411 1941 5482 59)
1974 5410 2106 5482 Yide
2136 5411 2357 5482 Martyr.
2396 5410 2702 5482 Polycarpi,
2730 5410 2900 5482 c._20.

1823 5418 1941 5535 (59)
1978 5418 2106 5465 Vide
2136 5418 2357 5482 Martyr.
2396 5418 2702 5480 Polycarpi,
2730 5426 2779 5464 c.
2809 5418 2900 5464 20.
3148 5482 3160 5493 .

1833 5481 1938 5552 ﬁt);
1970 5480 2204 5552 lhidrc.
2224 5481 2314 5535 22.
2342 5484 2478 5552 Acta
2504 5480 2761 5552 quaedam
2782 5478 2840 5533 S.
2880 5480 3161 5552 Po,yearp|
3191 5499 3325 5552 spu-

1833 5538 1844 5549 1

1752 5540 1856 5612 ι’ἰεί,
1888 5540 2083 5604 Pionio
2120 5551 2246 5603 huic
2277 5551 2483 5604 auctori
2522 5540 2666 5603 'falso
2698 5551 2931 5615 tributa,
2960 5540 3163 5607 Petrus
3193 5540 3321 5605 lian

1751 5618 1952 5691 l_oixius
1992 5622 2045 5673 in
2076 5619 2207 5673 Vilis
2235 5619 2460 5673 Patrum
2492 5619 2779 5691 ()riental.,
2810 5630 2849 5675 t.
2882 5618 2924 5685 l,
2963 5632 3016 5675 et
3046 5632 3166 5691 post
3197 5640 3321 5677 eunt

1745 5686 2048 5809 iiollandus
2088 5691 2253 5747 edidit
2304 5692 2357 5745 in
2399 5690 2545 5745 Actis
2580 5687 2936 5757 Sanctorum,
2980 5686 3061 5745 ad'
3081 5695 3222 5748 diem
3252 5694 3321 5747 ‘26

1779 5773 1969 5813 anuar.

2930 5923 3007 5983 32
