3802 6210
461 340 601 398 1003

1660 340 1719 396 s.
1766 338 2149 395 POLYCARPI
2182 318 2541 398 MARTYRIS

3576 345 3701 400 100$

462 464 651 517 sebius
696 458 921 530 prazbuit
968 458 1376 524 testimonium,
1436 456 1529 528 qui
1596 458 1865 527 potiorem
1917 458 2037 528 ejus
2068 466 2109 519 Α
2142 460 2274 515 false
2322 461 2692 526 ascribuutur,
2728 459 2975 527 genuina:
3024 457 3431 530 Sinyrnazorum
3475 462 3703 530 epistola

462 565 666 624 partem
697 553 950 607 Historiae
995 566 1109 606 sua:
1154 550 1424 614 inseruit,
1462 550 1613 604 hisce
1655 550 1838 604 verbis
1870 549 1984 618 (41)
2022 567 2033 601 :

2141 551 2281 604 mala
2320 550 2509 605 fraude
2555 551 2824 620 adjuuxit.
2862 551 3053 605 Verbis
3090 552 3236 604 enim
3281 551 3469 615 καθὼς
3492 552 3705 622 δηλώσω

473 647 559 699 Ἐν
591 642 767 715 τούτῳ
814 643 871 697 δὲ
917 642 1204 713 (tempore)
1245 643 1274 694 ὁ
1323 639 1718 713 Πολύκαρπος,
1765 641 2033 711 μεγίστων

2148 646 2197 697 ὲν
2232 644 2308 714 τῷ
2348 643 2583 714 καθεξῆς
2624 643 3084 699 Pseudo—Pionius
3116 644 3342 707 indicat,
3380 645 3700 711 sequentibus

457 738 551 810 τὴν
608 737 790 794 Ἀσίαν
839 735 1360 806 ἀναθορυϐησάναυν
1410 733 1661 803 διωγμῶν
1685 773 1699 796 ,
1753 733 2033 805 μαρτυρίῳ

2148 738 2198 795 li.
2228 754 2278 792 e.
2307 738 2459 791 Actis
2502 737 2707 806 spuriis
2735 736 2984 806 adjectis)
3031 751 3091 790 se
3132 736 3544 791 declaraturum
3569 750 3699 800 esse

457 831 774 885 τελειοῦται.
825 829 1279 897 Ἀναγκαιότατον
1321 826 1378 880 δὲ
1415 824 1582 879 αὑτοῦ
1627 826 1687 878 τὸ
1724 826 1908 890 τέλος,
1941 826 2035 893 ὲγ-

456 925 680 995 γράφως
726 922 808 975 ἔτι
864 922 1194 993 φερόμενον,
1242 918 1483 989 ἡγοῦμαι
1531 917 1642 970 δεῖν
1695 918 1886 989 μνήμῃ
1936 916 2035 984 τῆς

455 1016 693 1089 ἱστορίας
740 1015 900 1086 τῆσδε
953 1013 1305 1068 καταθέσθαι.
1360 1012 1516 1064 Ἔστι
1559 1010 1617 1063 δὲ
1666 1011 1700 1081 ἡ
1736 1009 1923 1081 γραφὴ
1970 1010 2066 1062 ὲκ

453 1106 749 1175 προσώπου
790 1102 860 1176 ἦς
890 1104 1053 1165 αὐτὸς
1099 1102 1424 1172 Ἑκκλησίας
1471 1102 1689 1171 ἡγεῖτο,
1724 1104 1843 1163 ταῖς
1892 1099 2033 1153 κατὰ

456 1198 653 1251 Πόντον
702 1197 1019 1268 παροικίαις
1075 1195 1141 1249 τὰ
1196 1195 1317 1247 κατ’
1367 1193 1527 1247 αὑτὸν
1582 1192 2033 1263 ἀποσημαίνουσα

451 1291 539 1344 διὰ
571 1288 794 1352 τούτων,
824 1305 879 1340 κ.
907 1306 955 1341 τ.
989 1287 1040 1341 λ.
1074 1285 1391 1355 Sequuntur
1432 1283 1598 1339 verba
1640 1282 1892 1352 Epistulae
1929 1297 2029 1337 no-

452 1392 598 1438 straz.

523 1474 748 1539 Ibidem,
778 1484 1065 1543 postquam
1106 1471 1376 1525 Eusebius
1412 1469 1580 1523 multa
1614 1468 1841 1538 protulit
1871 1482 1937 1521 ex
1968 1481 2030 1520 ea

451 1564 703 1632 epistola,
737 1562 1014 1618 concludit
1056 1561 1141 1615 his
1173 1559 1349 1614 verbis
1378 1574 1393 1609 :
1426 1558 1507 1611 Τὰ
1542 1558 1642 1627 μὲν
1671 1556 1736 1629 δὴ
1764 1556 1903 1609 κατὰ
1940 1556 2031 1608 τὸν

453 1654 756 1725 θαυμάσιον
803 1657 898 1708 καὶ
938 1650 1292 1707 ἁποστολικὸν
1342 1649 1699 1719 Πολύκαρπον
1722 1688 1735 1711 ,
1791 1647 2028 1700 τοιούτου

452 1748 757 1819 κατηξίωτο
788 1748 993 1813 τέλους,
1023 1747 1129 1800 τῶν
1154 1746 1295 1800 κατὰ
1328 1744 1425 1816 τὴν
1454 1742 1776 1814 Σμυρναίων
1806 1740 2030 1810 Ἐκκλη-

452 1840 574 1893 σίαν
603 1839 847 1908 ἀδελφῶν
870 1839 966 1910 τὴν
996 1836 1259 1909 ἱστορίαν,
1292 1836 1349 1889 ὲν
1441 1831 1825 1903 δεδηλώκαμεν
1852 1830 2030 1885 αὐτῶν
2067 1828 2105 1882 Β

448 1933 761 2003 Ἐπιστολῇ,
793 1929 1280 2001 κατατεθειμένων.

524 2025 597 2081 De
640 2025 901 2096 martyrio
948 2022 1005 2077 S.
1059 2019 1342 2093 Polycarpi
1386 2018 1625 2073 Irenzeus
1669 2017 1784 2087 (12)
1813 2030 2033 2087 quoque

448 2118 613 2172 verba
645 2117 769 2171 fecit
800 2133 812 2167 ε
854 2116 975 2168 Ἐπὶ
1002 2113 1136 2166 πολὺ
1166 2113 1273 2184 γὰρ
1308 2111 1608 2182 παρέμεινε
1632 2109 2030 2180 (Polycarpus)°

449 2204 545 2258 καὶ
579 2205 718 2257 πάνυ
743 2202 1027 2274 γηραλέος,
1066 2200 1292 2267 ἐνδόξως
1316 2200 1409 2252 καὶ
1437 2198 1840 2267 ἐπιφανέστατα
1887 2215 2031 2269 μαρ-

447 2299 709 2371 τυρήσας,
744 2295 933 2368 ἐξῆλθε
965 2294 1057 2349 τοῦ
1090 2294 1225 2365 βίου.

522 2392 789 2447 Similiter
818 2389 1185 2461 Hieronymus
1216 2388 1365 2460 (13):
1394 2387 1588 2442 Postea
1616 2402 1754 2451 vero,
1781 2397 2033 2457 regnante

453 2484 531 2539 Μ.
577 2484 843 2537 Antonino
885 2492 934 2537 et
973 2482 1037 2537 L.
1081 2482 1299 2536 Aurelio
1339 2480 1652 2543 Commodo,
1693 2489 1884 2549 quarta
1916 2488 2035 2548 post

452 2574 719 2630 Neronem
744 2576 1127 2645 persecutione,
1161 2572 1423 2645 Smyrnae,
1453 2575 1659 2628 sedente
1700 2576 2031 2643 proconsule,

446 2676 499 2720 et
540 2668 782 2720 universo
829 2666 1021 2736 populo
1063 2667 1121 2719 in
1170 2666 1559 2736 amphitheatro
1616 2666 1867 2722 adversus
1914 2682 2032 2721 eum

445 2770 783 2827 personante,
814 2758 922 2828 igni
954 2758 1189 2812 traditus
1212 2766 1308 2811 est.

522 2849 611 2906 VI.
646 2850 838 2905 Totam
870 2851 1128 2906 Ecclesiae
1151 2849 1504 2921 Smyrnensis
1530 2848 1814 2918 epistolam
1849 2865 2032 2916 nemo,

447 2961 610 3016 quem
635 2944 827 3010 sciam,
859 2944 913 2998 in
942 2944 1170 2999 dubium
1196 2943 1433 3008 vocavit,
1460 2943 1674 3012 ipsique
1706 2942 1879 2997 critici
1910 2942 2038 3013 rigi-

448 3038 661 3094 dissimi
705 3038 921 3092 laudem
962 3038 1013 3091 ei
1054 3036 1363 3089 tribuerunt
1398 3035 1533 3105 (44).
1568 3033 1670 3097 lis,
1700 3048 1822 3103 quze
1869 3049 2034 3103 supra

450 3131 530 3200 (ιι.
559 3132 613 3198 1)
635 3144 704 3183 ex
733 3126 953 3183 Valesio
989 3125 1341 3197 protulimus,
1377 3138 1440 3179 ea
1486 3123 1781 3186 addemus,
1814 3138 1936 3192 qua:
1971 3123 2035 3176 il-

449 3221 820 3276 lustrissimus
861 3218 1173 3290 Scaligerus
1216 3218 1271 3271 in
1304 3215 1889 3271 Animadversionibus
1917 3215 2033 3270 suis

453 3313 777 3368 Eusebianis
809 3314 884 3383 (p.
921 3311 1046 3381 121)
1086 3310 1284 3365 enatus
1326 3318 1429 3364 est.
1478 3307 1610 3363 Haec
1648 3316 1802 3374 sunt,
1832 3308 2031 3378 inquit,

450 3406 809 3460 uetustissima
836 3404 934 3458 illa
968 3403 1223 3458 Ecclesia
1244 3405 1533 3473 martyrio,
1560 3418 1783 3472 quorum
1814 3401 2037 3455 lectione

449 3500 661 3566 piorum
691 3498 900 3552 animus
948 3496 1025 3549 ita
1054 3496 1302 3565 afﬁcitur,
1337 3504 1397 3549 ut
1428 3509 1698 3561 nunquam
1735 3503 1890 3547 satur
1912 3493 2036 3547 inde

448 3592 665 3656 redeat;
698 3590 836 3661 quod
864 3588 1075 3659 quidem
1103 3590 1180 3642 ita
1206 3604 1337 3654 esse,
1366 3587 1724 3658 unusquisque
1751 3601 1847 3655 pro
1877 3593 2036 3655 capta

450 3697 546 3735 suo
590 3690 640 3736 et
692 3681 1029 3735 conscientia
1065 3679 1221 3732 modo
1278 3679 1473 3732 sentire
1515 3687 1706 3748 potest.
1750 3675 1903 3731 Certe
1941 3692 2035 3747 ego

449 3774 583 3828 nihil
610 3790 840 3845 unquam
872 3775 925 3826 in
963 3772 1189 3826 historia
1227 3770 1588 3825 ecclesiastica
1630 3771 1761 3835 vidi,
1800 3787 1834 3824 a
1882 3769 2035 3839 cujus

451 3865 675 3918 lectione
713 3863 1028 3917 commotior
1070 3860 1347 3927 recedam,
1376 3871 1433 3914 ut
1477 3877 1583 3915 non
1631 3859 1859 3931 amplius
1889 3874 2035 3913 meus

450 3972 562 4009 esse
590 3955 796 4010 videar.

526 4046 741 4101 Nostris
770 4046 1111 4117 temporibus
1126 4045 1431 4117 praesertim
1466 4045 1766 4102 Moalilerus
1794 4043 2037 4115 epistolae

452 4136 618 4205 hujus
659 4151 885 4191 causam
923 4136 1034 4209 egit
1074 4136 1212 4208 (45).

526 4225 830 4281 Nonnullas
866 4227 1119 4292 lacinias,
1171 4227 1478 4297 praesertim
1526 4224 1769 4280 fabulam
1819 4224 1889 4281 de
1936 4240 2036 4282 co-

452 4316 639 4372 lumba
669 4333 720 4371 c.
757 4318 844 4385 16,
876 4316 1135 4388 Epistolas
1179 4327 1385 4373 nostrae
1430 4331 1461 4371 a
1507 4316 1906 4386 posterioribus
1940 4317 2039 4371 ad-

453 4410 597 4465 ditas
642 4425 784 4477 esse,
840 4411 1240 4466 contenderunt
1292 4407 1613 4464 Heumanus
1656 4406 1770 4478 (46)
1815 4417 1870 4463 et
1912 4408 2035 4475 alii;

457 4520 567 4562 non
597 4502 776 4572 plane,
801 4510 864 4558 ut
890 4502 1126 4569 videtur,
1157 4502 1379 4573 injuste.

2062 3184 2104 3241 C

2138 845 2259 893 qua:
2305 828 2644 900 Polycarpus
2681 843 2776 898 per
2820 828 3206 883 revelationcm
3243 827 3352 899 ipsi
3398 826 3704 882 manifesta-

2140 922 2292 974 verit.

2210 1010 2319 1065 VII.
2391 1008 2689 1080 Epistulam
2757 1009 3011 1065 Ecclesia:
3081 1008 3439 1079 Smyrnensis
3507 1007 3702 1076 primus

2135 1102 2319 1157 Graece
2363 1113 2417 1157 et
2459 1102 2652 1157 Latine
2695 1102 2808 1173 (sed
2845 1102 3033 1157 Graece
3068 1116 3176 1155 non
3222 1100 3520 1171 integram)
3549 1100 3704 1153 edidit

2136 1198 2329 1252 Petrus
2358 1196 2662 1251 Halloixius
2689 1197 2741 1250 in
2779 1195 2913 1249 Vitis
2940 1194 3165 1248 Patrum
3194 1193 3427 1256 0rient.,
3462 1200 3503 1245 t.
3536 1190 3699 1262 ΗΠ).

2135 1292 2402 1360 integram
2448 1297 2635 1342 autem
2678 1303 2798 1342 eam
2838 1302 2985 1341 anno
3026 1284 3164 1339 1647
3214 1282 3455 1338 Londini
3497 1298 3563 1336 ex
3602 1281 3702 1335 hle-

2134 1376 2352 1445 nologio
2406 1374 2596 1429 Graeco
2651 1390 2783 1429 mss.
2822 1374 3047 1431 Barocc.
3093 1372 3371 1444 evolgavit
3431 1370 3704 1434 Usserius,

2133 1466 2359 1522 Parisiis
2398 1467 2725 1521 Cotelerius.
2768 1465 3035 1521 Eamdem
3074 1467 3271 1522 deinde
3312 1457 3469 1520 Actis'
3509 1476 3702 1535 marty-

2134 1577 2251 1613 rum
2290 1561 2509 1614 sinceris
2549 1558 2850 1615 Ruinartus
2891 1561 3156 1626 intexuit,
3196 1569 3251 1614 et
3292 1559 3565 1614 Smithius
3597 1561 3704 1615 edi-

2133 1655 2269 1709 tioni
2307 1653 2441 1724 Epp.
2469 1654 2662 1723 Ignatii
2704 1665 2758 1708 et
2800 1652 3086 1724 Polycarpi
3127 1653 3337 1708 addidit
3381 1652 3541 1707 1709.
3569 1651 3703 1706 Smi-

2134 1745 2305 1799 tliium
2343 1754 2564 1800 secutus
2604 1754 2688 1800 est
2730 1745 3069 1800 Gallandius.
3114 1743 3481 1799 Novissimam
3526 1753 3581 1799 et
3605 1746 3707 1798 ele-

2134 1839 2515 1909 gantissimum
2557 1839 2855 1894 editionem
2908 1838 3049 1892 1858
3111 1848 3164 1893 et
3228 1838 3370 1893 1840
3422 1837 3589 1907 (edit.
3638 1841 3704 1905 ιι)

2136 1932 2333 1985 Oxonii
2386 1932 2660 2001 evulgavit
2717 1931 3092 1997 Jacobsonus,
3151 1931 3329 1986 tribus
3396 1931 3703 1990 codicibus.

2134 2024 2493 2088 Barocciano,
2518 2024 2767 2081 Parisino
2783 2035 2838 2078 et
2853 2021 3540 2079 Cresareo-Vindobonensi
3560 2040 3703 2079 usus.

2206 2115 2343 2171 Vill.
2386 2115 2463 2171 De
2504 2117 2750 2170 doctrina
2793 2116 2959 2186 hujus
3000 2117 3245 2186 epistola:
3286 2116 3392 2171 cfr.
3434 2115 3705 2185 Lumper.,

2136 2206 2281 2262 Hist.
2316 2208 2476 2264 theol.
2509 2210 2655 2277 crit.,
2680 2219 2720 2263 t.
2748 2211 2825 2273 ll,
2852 2225 2905 2278 p.
2939 2209 3198 2264 455-459.

2209 2300 2301 2355 IX.
2349 2301 2629 2357 Addamus
2674 2302 2910 2372 denique
2964 2318 3087 2373 quae
3129 2301 3375 2358 Thomas
3423 2302 3705 2367 Smithins,

2134 2394 2289 2449 testis
2318 2394 2614 2466 αὐτόπτης,
2651 2395 2718 2449 de
2763 2394 3083 2467 Smyrncnsi
3130 2396 3561 2465 amphitheatro,
3604 2410 3706 2465 quo

2138 2484 2194 2540 S.
2242 2486 2576 2558 Polycarpus
2616 2497 2825 2559 martyr
2864 2488 3136 2559 gloriosus
3179 2489 3336 2555 obiit,
3383 2490 3559 2559 deque
3598 2491 3708 2558 ejus

2136 2578 2388 2647 sepulcro
2425 2589 2645 2633 enarrat
2682 2579 2767 2633 his
2797 2580 2978 2634 verbis
3009 2579 3122 2650 (48)
3155 2596 3168 2631 :
3207 2598 3226 2631 ι
3268 2579 3350 2634 Ad
3398 2581 3600 2645 latera,
3632 2580 3705 2631 iu~

2134 2671 2289 2741 quit,
2326 2670 2553 2725 alterius
2599 2679 2769 2740 porta:
2805 2671 2985 2738 arcis,
3027 2687 3150 2741 quae
3196 2672 3264 2727 ad
3304 2672 3573 2727 orientem
3609 2682 3709 2733 est,

2136 2764 2317 2818 adhuc
2352 2764 2605 2818 visuntur
2630 2764 2752 2819 dua:
2786 2765 3003 2835 aquilae,
3034 2764 3413 2819 Romanorum
3458 2766 3707 2834 insignia,

2136 2856 2479 2926 largiusculae
2524 2867 2578 2910 et
2630 2857 2769 2911 belle
2802 2858 3021 2926 quidem
3057 2858 3366 2912 delineatae.
3405 2856 3547 2913 Hinc
3579 2858 3713 2910 inter

2137 2949 2602 3014 descendendum,
2635 2949 2875 3018 amplum
2922 2949 3394 3019 amphitheatrum
3446 2950 3513 3004 ad
3556 2948 3710 3002 Nota-

2139 3043 2428 3112 pcliotem,
2462 3057 2572 3111 quo
2619 3040 2677 3096 S.
2728 3041 3064 3113 Polycarpus
3112 3044 3377 3113 martyrio
3424 3054 3712 3098 coronatus

2138 3145 2256 3200 est,
2298 3134 2662 3198 intravimus,
2697 3134 2959 3204 gradibus
3005 3134 3189 3189 saxeis
3219 3150 3251 3188 a
3286 3134 3486 3189 Turcis
3528 3137 3595 3189 ad
3624 3150 3709 3187 or-

2139 3224 2350 3278 nandas
2373 3225 2517 3277 aedes
2551 3224 2703 3277 illinc
2729 3223 2983 3278 sublatis.
3021 3224 3076 3277 In
3107 3225 3268 3294 cujus
3301 3225 3567 3279 lateribus
3600 3224 3712 3278 duze

2138 3332 2405 3381 cavernae,
2447 3317 2648 3386 quibus
2688 3316 3085 3371 claudebantur
3117 3316 3324 3379 leones,
3355 3317 3460 3371 sibi
3487 3317 3711 3371 invicem

2137 3418 2506 3477 opponuntur.
2537 3405 2865 3476 Sepulcrum
2916 3406 2974 3460 S.
3014 3406 3325 3477 Polycarpi,
3359 3409 3508 3478 quod
3551 3409 3604 3461 iu
3635 3408 3710 3460 la-

2085 3548 2099 3561 ,
2136 3505 2251 3554 tere
2281 3492 2487 3553 mentis
2528 3499 2793 3553 adversus
2824 3495 3243 3555 Euro—austrum
3277 3499 3461 3553 adhuc
3500 3514 3713 3553 conser-

2136 3600 2318 3658 vatur,
2360 3590 2533 3646 Graaci
2558 3591 2646 3645 die
2676 3589 2834 3656 festo,
2860 3591 3033 3660 ipsius
3056 3591 3339 3645 memoriae
3375 3600 3713 3651 consecrato,

2136 3701 2241 3756 pro
2275 3700 2449 3751 more,
2488 3684 2583 3754 qui
2623 3683 2767 3753 apud
2808 3684 2958 3754 ipsos
2997 3683 3229 3751 obtinet,
3271 3684 3593 3738 solemniter
3630 3684 3709 3736 in-

2139 3779 2343 3834 visunt.
2398 3775 2575 3831 Situm
2630 3784 2716 3831 est
2763 3777 2817 3830 in
2877 3776 3113 3846 quadam
3170 3776 3423 3842 aedicula,
3478 3775 3715 3831 ecclesiae

2137 3871 2279 3927 forte
2307 3872 2528 3935 sacello,
2563 3871 2685 3933 alii,
2712 3886 2811 3939 per
2832 3886 2999 3940 quam
3042 3870 3173 3925 illuc
3195 3872 3593 3925 transeundum
3614 3880 3712 3932 est,

2135 3967 2415 4034 contigua.
2460 3965 2518 4016 In
2570 3963 2675 4017 hoc
2713 3970 3071 4016 monumento
3122 3963 3524 4028 instaurando,
3566 3963 3609 4017 si
3645 3962 3713 4014 ab

2134 4054 2591 4126 impressionibus
2631 4054 2831 4119 aeriis,
2872 4055 2918 4109 si
2958 4070 2991 4108 a
3024 4054 3257 4118 Turcis,
3299 4056 3347 4109 si
3386 4071 3417 4109 a
3455 4053 3714 4109 Christia-

2138 4148 2225 4203 nis
2260 4146 2724 4211 Occidentalibus,
2752 4147 2845 4215 qui
2886 4146 3190 4215 iragmenta
3232 4146 3527 4201 marmoris
3563 4144 3711 4215 quasi

2138 4250 2220 4295 tot
2266 4240 2530 4309 reliquias
2585 4240 2782 4293 exinde
2831 4239 3062 4305 tollunt,
3111 4239 3343 4293 laadatur
3398 4246 3711 4292 temeretur-

2139 4348 2276 4403 que;
2320 4332 2608 4387 laudabilis
2649 4328 2866 4386 illorum
2924 4332 3230 4387 collocatur
3268 4346 3437 4401 opera
3462 4372 3477 4396 ,
3517 4330 3615 4383 olla
3652 4327 3714 4380 ti-

2141 4425 2254 4480 ctili
2295 4440 2516 4495 quoque
2556 4424 2667 4478 illic
2704 4423 2989 4493 apposita,
3032 4425 3087 4478 in
3127 4440 3293 4494 quam
3336 4424 3570 4493 quisque
3604 4419 3713 4473 fere

2062 4523 2248 4587 Dprze
2300 4517 2682 4583 veneratione,
2720 4531 2827 4585 qua
2879 4532 3010 4586 erga
3059 4516 3169 4569 τὸν
3212 4514 3713 4586 Μεγαλομὰρτῑφα

526 4616 795 4689 Equidem
830 4620 1079 4674 ultimam
1108 4618 1308 4688 capitis
1338 4616 1412 4670 9.2
1448 4614 1793 4686 particulam,
1822 4630 1943 4685 qua:
1966 4615 2035 4671 de
2144 4627 2243 4684 pro
2281 4611 2502 4666 Christo
2553 4610 2755 4665 invicta
2809 4609 2981 4664 animi
3032 4611 3327 4679 praesentia
3380 4610 3516 4663 mori
3553 4606 3715 4660 susti-

452 4708 647 4765 Piouio
680 4711 945 4781 loquitur,
987 4712 1234 4782 spuriam
1284 4723 1483 4764 censeo
1526 4716 1581 4763 et
1624 4708 1692 4762 ab
1726 4708 1819 4762 illo
1849 4707 2033 4763 confe-
2136 4715 2357 4761 ncntem
2398 4702 2594 4768 fertur,
2636 4702 2748 4757 illic
2800 4702 3001 4757 ductus
3052 4703 3324 4772 pauculos
3364 4714 3552 4770 aspros
3583 4712 3711 4750 con-

455 4812 623 4869 ctam,
653 4804 747 4872 qui
779 4804 1130 4875 supposititia
1164 4803 1266 4858 ista
1298 4800 1358 4856 S.
1385 4800 1672 4872 Polycarpi
1711 4810 1855 4866 acta,
1897 4816 2039 4871 quo-

2131 4799 2287 4872 jicit,
2339 4804 2398 4851 ut
2444 4797 2498 4851 in
2550 4811 2715 4850 omne
2769 4810 2946 4850 :evum
2999 4803 3285 4865 perennet.
3335 4812 3354 4845 ι
3400 4792 3522 4847 Ηωε
3571 4788 3711 4843 Smi-

456 4908 580 4948 runi
640 4908 804 4964 supra
858 4896 1190 4950 mentionem
1249 4893 1519 4960 facimus,
1567 4908 1798 4963 quaeque
1841 4890 2033 4948 Pionio
2143 4892 2308 4948 thius.

529 5073 642 5143 (41)
675 5071 822 5128 Hist.
851 5072 1195 5137 eccl.iv,15.

533 5139 645 5212 (42)
678 5146 812 5198 Adv.
852 5144 1002 5198 ΗΜ.
1033 5159 1119 5208 ιιι,
1148 5143 1200 5195 5.
1235 5142 1392 5211 Apud
1422 5140 1619 5197 Euseb.
1661 5139 1807 5196 Hist.
1847 5140 2033 5195 eecles.

458 5215 652 5354 “,(Ii'ff).
678 5283 856 5354 Calal.
882 5285 1066 5353 script.
1105 5282 1231 5354 eccl.
1266 5298 1315 5338 c.
1346 5283 1435 5338 17.

2213 5068 2328 5139 (45)
2360 5065 2742 5139 Ραινοιοθλῑ.
2772 5064 2815 5132 l,
2849 5080 2905 5135 p.
2928 5064 3052 5120 410.
3086 5063 3201 5120 Ci‘r.
3240 5061 3509 5128 Neander,
3530 5058 3707 5113 Kirrh.

2143 5136 2328 5195 Gesch.
2365 5150 2404 5193 t.
2436 5139 2477 5205 l,
2514 5153 2585 5207 p-
2612 5136 2736 5207 7'59.

2215 5210 2330 5280 (46)
2360 5209 2495 5265 Vide
2516 5206 2639 5261 not.
2672 5206 2739 5260 ad
2775 5223 2826 5262 c.
2862 5208 2952 5262 16.

2216 5268 2331 5352 (47)
2362 5280 2492 5352 Dure
2523 5281 3050 5352 exstautversiones
3088 5277 3353 5352 antiquae,
3376 5286 3591 5345 quarum
3630 5268 3709 5322 al-

532 5348 649 5423 (44)
676 5353 809 5424 Vide
827 5348 1152 5424 Tillemont,
1182 5353 1482 5421 Mémoires,
1519 5365 1647 5417 etc...
1682 5366 1721 5411 t.
1750 5352 1793 5409 ll
1816 5394 1832 5419 ,
1854 5369 1908 5424 p.
1933 5353 2035 5424 3M
2142 5348 2256 5407 tera
2285 5348 2634 5424 metaphrasis
2662 5348 2844 5424 potius
2874 5364 3039 5424 quam
3073 5350 3374 5424 versio‘est.

464 5440 609 5509 sqq?
631 5420 769 5509 edit.
795 5420 1190 5509 ﬁrmati-732
1241 5435 1296 5480 ct
1319 5420 1535 5482 Fabric.
1574 5426 1718 5481 Bibl.
1755 5420 1875 5491 Gr;
1907 5423 2039 5480 edit.

463 5492 698 5563 itarles.,
722 5504 762 5551 ι.
797 5492 909 5562 vu,
940 5496 1109 5567 p.51.

2055 5722 2127 5738 ’⁸η

2219 5410 2540 5493 (18)ngtit.
2573 5410 2705 5493 sep}.
2736 5410 3087 5493 Αειὶιεξβεεί.ἱ
3108 5433 3162 5493 p_.
3207 5417 3333 5484 164,
3364 5416 3488 5473 edit.
3521 5410 3711 5475 Oxon,

2148 5489 2322 5549 1672f
2344 5491 2602 5560 Lumper.
2633 5490 2670 5543 l.
2701 5504 2778 5556 c.,
2804 5501 2845 5546 t.
2881 5491 2947 5559 ll,
2976 5505 3029 5561 p.
3062 5489 3193 5548 461.
