3802 6210
214 346 345 405 1005
1142 376 1151 391 ⁸
1290 360 1625 416 EPISTULA
1665 364 1715 417 Αἵ

1951 366 2292 426 IPPENSES.
3313 376 3452 437 1096

401 693 839 867 ΤΟΥ
926 701 1601 873 ΑΓΙΟΥ
1692 624 3260 889 ΠΟΑΥΚΑΡΠΟΥ

1085 1008 1484 1071 ΕΠΙΣΚΟΠΟΥ
1512 1019 1843 1074 ΣΜΥΡΝΗΣ
1882 1023 2003 1076 ΚΑΙ
2052 1024 2579 1081 ΙΕΡΟΜΑΡΤΥΡΟΣ

432 1218 905 1355 ΠΡΟΣ
988 1224 2239 1368 ΦΙΛΙΠΠΗΣΙΟΥΣ
2331 1241 3209 1377 ΕΠΙΣΤΟΛΗ

225 500 3438 563 Ἥ

900 1630 1576 1795 SANCTI
1671 1639 2759 1839 BOLYCARPI

372 1940 1259 2038 SMYRNAEORUM
1346 1948 1895 2043 EPISCOPI
1974 1953 2129 2043 ET
2220 1951 3242 2053 HIEROMARTYRIS

1412 2176 2191 2314 EPISTOLA

1168 2465 1357 2581 AD
1432 2467 2442 2588 PHILIPPENSES

165 2830 520 2911 Πολύχαρπος
573 2837 669 2891 καὶ
701 2832 748 2892 οἱ
784 2840 881 2892 σὺν
930 2832 1079 2911 αὐτῷ
1112 2842 1471 2917 πρεσϐύτεροι
1521 2848 1584 2916 τῇ
1619 2846 1666 2899 Ἐ

1922 2847 2181 2918 ›1)ιεαη)ιιε
2209 2851 2261 2904 et
2290 2852 2381 2920 qui
2410 2859 2533 2907 cum
2572 2866 2639 2907 eo
2665 2852 2963 2925 presbyteri
3001 2853 3259 2912 Ecclesiae
3304 2857 3423 2925 Del,

227 2932 428 3003 ιλησίᾳ
470 2930 568 2983 τοῦ
621 2930 754 2984 Θεοῦ
788 2935 853 3003 τῇ
889 2935 1226 3007 παροικούσῃ
1274 2934 1572 3001 Φιλίππους
1606 2938 1728 3009 (49).

1920 2954 2038 3008 quae
2064 2942 2444 3011 peregrinatur
2490 2942 2785 3012 Philippis:
2841 2945 3217 3002 misericordia
3260 2949 3421 3003 vobis

225 3026 373 3091 ἔλεος
415 3027 549 3096 ὑμῖν
583 3026 676 3077 καὶ
707 3026 895 3095 εἰρήνη
940 3025 1091 3098 παρὰ
1132 3026 1266 3079 Θεοῦ
1301 3031 1726 3103 παντοκράτορος

1917 3034 1971 3079 et
2006 3040 2115 3095 pax
2159 3041 2191 3081 a
2234 3026 2347 3083 Deo
2392 3030 2798 3098 omnipotente,
2830 3041 2885 3086 et
2926 3048 2956 3086 a
3005 3032 3236 3091 Domino
3290 3035 3418 3092 Jesu‘

221 3119 316 3171 καὶ
337 3117 551 3189 Κυρίου
568 3108 741 3186 Ἰησοῦ
763 3114 999 3191 Χριστοῦ
1035 3116 1127 3170 τοῦ
1160 3118 1409 3191 Σωτῆρος
1426 3122 1458 3191 ἡ
1468 3114 1583 3190 μῶν
1605 3120 1710 3189 πλη

1605 3120 1743 3189 πλη·
1918 3116 2143 3174 Christo
2168 3117 2451 3175 Salvatore
2474 3129 2664 3175 nostro
2687 3123 3096 3194 multiplicetur.

224 3207 473 3261 Ouvesi'n.

415 3225 448 3278 η
794 3304 838 3357 Ι.
884 3301 1030 3356 Laus
1060 3300 1123 3356 ob
1162 3303 1538 3375 benignitatem
1570 3320 1695 3375 erga
1724 3303 1922 3371 fratres
1956 3299 2160 3354 vinctos
2192 3306 2243 3351 et
2276 3296 2338 3351 ob
2364 3298 2573 3367 ﬁrmant
2599 3299 2778 3368 ﬁdem.

216 3418 537 3489 Συνεχάρην
585 3417 715 3488 ὑμῖν
763 3418 1013 3489 μεγάλως
1044 3420 1102 3472 ὲν
1136 3419 1326 3490 Κυρίῳ
1368 3419 1523 3490 ἡμῶν
1556 3417 1717 3490 Ἰησοῐ

1918 3411 2236 3484 Magnopere
2266 3412 2595 3483 congavisus
2626 3428 2747 3469 sum
2784 3412 2942 3468 vobis
2974 3414 3028 3468 in
3062 3414 3293 3472 Domino
3314 3434 3419 3473 nod

155 3508 386 3580 Χριστῷ,
423 3508 739 3579 δεξαμένοις
770 3509 839 3563 τὰ
874 3511 1166 3581 μιμήματα
1198 3510 1297 3580 τῆς
1328 3509 1558 3581 ἀληθοῦς
1590 3512 1656 3579 άγ

1916 3521 1954 3560 Ὀ
1997 3505 2125 3561 Jesu
2170 3504 2411 3570 Christo,
2461 3505 2607 3575 quod
2645 3520 2789 3560 vera:
2825 3505 3116 3561 charitatis
3147 3508 3417 3580 imagines

154 3616 272 3672 πης,
309 3602 405 3654 καὶ
444 3600 860 3673 προπέμψασιν,
885 3602 962 3665 ὡς
994 3602 1256 3656 ἐπέϐαλεν
1277 3602 1424 3673 ύμῖν,
1449 3603 1573 3665 τοὺς
1591 3603 1655 3655 ὲνς

1918 3598 2178 3667 scepistis,
2209 3606 2264 3652 et
2289 3596 2433 3667 quod
2465 3598 2629 3666 prout
2654 3598 2838 3652 decuit
2864 3613 2983 3666 vos,
3011 3599 3259 3655 comitati
3283 3603 3419 3657 estis

152 3689 458 3762 λημμένους
491 3694 607 3753 τοῖς
639 3682 1001 3763 ἅγιοπρεπέσι
1034 3692 1270 3765 δεσμοῖς,
1294 3693 1450 3747 ἅτινά
1480 3694 1594 3747 ἐστι
1614 3694 1653 3748 δι

1915 3706 1947 3755 ἰ,
1976 3690 2070 3758 qui
2097 3688 2361 3758 implicati
2390 3698 2519 3743 sunt
2544 3688 2797 3755 vinculis,
2829 3705 2952 3761 quae
2981 3685 3416 3747 sanctis'conve-

150 3780 361 3851 δήματα
396 3781 512 3834 τῶν
546 3781 764 3852 ἀληθῶς
798 3782 904 3835 ὑπὸ
935 3782 1070 3835 Θεοῦ
1106 3783 1199 3837 καὶ
1231 3782 1322 3836 τοῦ
1344 3780 1547 3855 Κυρίου
1572 3780 1649 3855 ήμ

1914 3791 2014 3849 unt,
2043 3795 2273 3851 quaeque
2322 3779 2632 3837 diademata
2679 3791 2809 3835 sunt
2855 3796 3092 3848 eorum,
3143 3783 3239 3853 qui
3285 3797 3415 3839 vere

149 3872 571 3944 ὲκλελεγμὲνωνο
614 3874 707 3926 καὶ
756 3874 839 3927 ὅτι
872 3875 906 3944 ἡ
942 3874 1132 3944 βεϐαία
1162 3875 1262 3946 τῆς
1294 3874 1527 3939 πίστεως
1572 3876 1650 3945 ύμ

1912 3882 1960 3927 ut
1996 3889 2027 3928 a
2058 3872 2171 3927 Deo
2201 3881 2255 3927 et
2278 3870 2508 3926 Domino
2536 3880 2727 3926 nostro
2759 3871 2952 3937 electi;
2980 3880 3035 3926 et
3065 3872 3214 3942 quod
3253 3872 3413 3928 ﬁrma

152 3965 296 4035 ῥίζα,
343 3966 403 4032 ἐξ
456 3966 701 4037 ἀρχαίων
747 3966 1217 4038 καταγγελλομένη
1266 3967 1473 4039 χρὰνων
1494 4007 1509 4031 ,
1564 3967 1653 4039 μέ)

1912 3965 1954 4020 ei
1985 3972 2179 4019 vestrae
2219 3962 2396 4029 radix,
2428 3962 2499 4016 ab
2534 3963 2776 4033 antiquis
2810 3964 3150 4032 temporibus
3198 3981 3413 4020 annun-

148 4055 236 4109 νῦν
282 4057 554 4128 διαμένει,
591 4057 682 4110 καὶ
731 4060 1071 4129 καρποφορεῖ
1100 4060 1180 4122 εἰς
1212 4047 1304 4112 τὸν
1336 4059 1539 4131 Κύριον
1570 4061 1649 4130 ήμ

1910 4066 1984 4122 ta,
2021 4070 2196 4127 usque
2221 4054 2402 4110 adhuc
2430 4055 2445 4086 ί
2482 4061 2768 4124 permanet
2798 4068 2864 4110 ac
2894 4053 3135 4111 fructum
3166 4054 3327 4112 atl‘ert
3352 4056 3409 4110 in

146 4144 348 4219 Ἰησοῦν
382 4147 643 4220 Χριστὸν,
677 4148 735 4211 ὃς
768 4149 1057 4219 ὑπέμεινεν
1107 4149 1248 4221 ὑπὲρ
1288 4150 1396 4203 τῶν
1441 4150 1645 4221 ἀμαρτι

1916 4147 2065 4201 mino
2107 4154 2298 4200 nostro
2335 4143 2466 4199 Iesu
2501 4142 2745 4209 Christo,
2778 4144 2873 4214 qui
2906 4160 3005 4214 pro
3038 4145 3282 4216 peccatis
3310 4161 3413 4199 no—

146 4238 295 4307 ήμῶν
328 4239 437 4301 ἕως
471 4238 703 4292 Θανάτου
736 4239 1094 4308 καταντῆσαι,
1122 4259 1141 4291 ι
1169 4239 1228 4293 δν
1260 4238 1478 4312 ἤγειρεν
1509 4243 1539 4294 ὁ
1568 4241 1647 4293 Θεὲ

1914 4238 1961 4293 is
1990 4253 2166 4308 usque
2206 4237 2275 4291 ad
2318 4244 2548 4290 mortem
2585 4234 2841 4290 devenire
2870 4236 3153 4302 sustinuit,
3199 4254 3218 4287 ι
3245 4240 3410 4306 quem

145 4326 304 4391 λύσας
337 4327 441 4390 τὰς
474 4327 671 4391 ὠδῖνας
704 4328 798 4381 τοῦ
832 4327 977 4399 ᾅδου.
1014 4330 1109 4393 Εἰς
1152 4328 1211 4382 δν
1254 4331 1353 4383 οὐκ
1390 4330 1586 4394 ἰδόντες
1627 4347 1646 4382 ιι

1908 4326 2181 4382 suscitavit
2226 4326 2371 4382 Deus
2400 4365 2417 4390 ,
2467 4325 2663 4381 solutis
2707 4324 2992 4381 doloribus
3051 4323 3251 4379 inferni
3274 4327 3317 4378 ⁸.
3350 4323 3409 4377 ln

146 4418 379 4481 στεύετε,
405 4417 757 4481 πιστεύοντες
776 4418 832 4470 δὲ
862 4418 1191 4487 ἀγαλλιᾶσθε
1214 4422 1357 4489 χαρᾷ
1371 4418 1647 4489 άνεκλαλή

1957 4435 1989 4472 n
2023 4434 2134 4474 non
2160 4418 2406 4473 videntes
2432 4417 2677 4482 creditis,
2699 4417 2983 4471 credentes
3012 4424 3195 4470 autem
3222 4416 3407 4470 exsul~
3444 4474 3458 4481 κ

144 4510 232 4563 καὶ
260 4509 653 4581 δεδοξασμένῃ·
682 4527 702 4561 ι
726 4512 806 4574 εἰς
839 4512 906 4582 ἢν
941 4510 1126 4563 πολλοὶ
1164 4511 1520 4581 ἐπιθυμοῦσιν
1546 4515 1645 4567 stat

1901 4510 1952 4563 is
1994 4508 2178 4564 laetitia
2222 4509 2573 4563 inenarrabili
2604 4518 2657 4562 et
2687 4508 2990 4577 glorilicata
3016 4506 3071 4572 ³;
3104 4525 3123 4558 ι
3152 4507 3207 4561 in
3238 4520 3402 4576 quam

143 4595 281 4665 θεῖν,
314 4602 522 4665 εἰδότες
554 4602 637 4655 ὃτι
697 4620 717 4651 t
743 4600 928 4673 χάριτί
978 4604 1101 4655 ἐστε
1136 4603 1500 4673 σεσωσμένοι,
1534 4605 1633 4656 οὐκ

1901 4601 1977 4655 ιιιί
2028 4600 2345 4655 desiderant
2391 4600 2639 4665 introire,
2685 4600 2941 4662 scientes,
2970 4598 3119 4669 quod
3177 4617 3196 4650 ι
3227 4600 3402 4669 gratia

142 4689 330 4761 ἔργων,
361 4712 383 4745 ο
422 4692 563 4748 ἀλλὰ
582 4692 847 4765 θελήματι
862 4692 1021 4759 Θεοῦ,
1040 4694 1127 4747 διὰ
1144 4694 1318 4753 Ἰησοῦ
1341 4693 1596 4767 Χριστοῦ.

1899 4694 1951 4746 ,ιε
1979 4692 2193 4755 salVati,
2227 4706 2333 4746 non
2366 4708 2431 4745 ex
2459 4694 2716 4762 operibus
2752 4692 2795 4757 ⁸,
2825 4710 2843 4741 ι
2889 4692 2983 4747 sed
3001 4692 3281 4747 voluntate
3303 4690 3400 4747 Del

1822 4798 1916 4853 per
1936 4780 2121 4837 Jesum
2153 4778 2455 4837 Christum.

1363 4895 1429 4947 Il.
1472 4890 1787 4949 Adhortatio
1816 4895 1885 4948 ad
1915 4895 2183 4949 virtutem.

203 5005 317 5077 (ὅθ)
357 5025 378 5058 ι
420 5006 516 5059 Διὸ
563 5007 974 5077 ἀναζωσάμενοι
1023 5009 1122 5072 τὰς
1167 5007 1373 5077 ὀσφύας
1424 5007 1579 5078 ὑμῶν
1613 5008 1694 5077 (51

1906 5026 1925 5059 ι
1952 5007 2182 5078 Propter
2207 5006 2354 5079 quod
2377 5010 2643 5065 succincti
2669 5010 2889 5066 lumh’os
2915 5016 3125 5065 Vestros
3143 5007 3164 5039 ⁸
3196 5005 3395 5061 servite

138 5094 453 5151 δουλεύσατε
490 5097 569 5168 τῷ
600 5097 720 5169 Θεῷ
770 5100 830 5151 ὲν
864 5098 1013 5170 φόὅῳ
1042 5118 1060 5150 ι
1113 5099 1206 5152 καὶ
1258 5099 1503 5169 ἀληθείᾳ,
1538 5102 1639 5153 ἀπο

1893 5116 1938 5155 :o
1967 5101 2021 5153 in
2058 5101 2255 5155 timore
2281 5103 2302 5133 ⁸
2331 5121 2349 5153 ι
2382 5112 2435 5157 et
2457 5103 2705 5169 veritate,
2726 5088 3271 5172 relinquentesinane
3296 5114 3394 5151 va-

138 5187 323 5252 πάντες
356 5187 459 5258 τὴν
490 5187 657 5257 κενὴν
695 5187 1080 5257 ματαιολογίαν
1115 5188 1208 5241 καὶ
1242 5186 1339 5258 τὴν
1372 5186 1482 5239 τῶν
1515 5188 1639 5240 πολλ

1890 5192 2133 5261 lbquium
2181 5202 2236 5248 et
2282 5194 2428 5265 vulgi
2478 5209 2745 5257 errorem,
2781 5212 2798 5244 ι
2827 5192 3109 5248 credentes
3147 5189 3203 5243 in
3244 5204 3391 5254 eum,

139 5279 359 5351 πλάνην,
402 5299 421 5331 ι
452 5279 847 5344 πιστεύσαντες
893 5282 974 5343 είς
1018 5279 1110 5333 τὸν
1154 5280 1443 5352 ἐγείραντα
1474 5279 1566 5332 τὸν
1613 5280 1640 5333 lt

1891 5282 1923 5336 ii
1953 5281 2244 5337 Dominum
2276 5291 2530 5338 nestrUm
2575 5283 2762 5339 Jesum
2786 5282 3064 5342 Christum
3096 5295 3127 5333 e
3157 5279 3392 5333 mortuis

212 5422 230 5452 ‘
255 5420 456 5490 Philip.
486 5418 598 5484 1,5.
674 5418 697 5447 ³
719 5416 839 5471 Act.
869 5431 932 5480 ιι,
960 5416 1051 5471 24.
1129 5416 1150 5447 ³
1172 5417 1191 5469 l
1215 5405 1362 5470 Petr.
1399 5429 1438 5480 ι,
1472 5413 1526 5468 8.
1602 5413 1713 5485 ‘Ep

1889 5415 2042 5485 1,8,9.
2065 5418 2085 5449 ⁸
2112 5421 2133 5471 Ι
2156 5417 2298 5473 Petr.
2324 5436 2363 5485 ι,
2388 5420 2480 5487 l5;
2518 5418 2714 5490 prcs.
2744 5435 2820 5486 vr,
2842 5419 2928 5472 17.
3003 5416 3185 5472 ‘Psal.
3212 5434 3271 5483 ιι,
3303 5419 3386 5471 ll.

206 5574 315 5644 (ω)
342 5573 422 5627 lta
440 5571 835 5644 Jacobsonuse
852 5567 1556 5644 cod.Y_at.Alii¢l>t_Mr§mn,-.
1588 5565 1702 5644 Cl‘r.
1733 5574 1775 5631 α
1808 5572 1877 5624 ad
1905 5568 2163 5644 Corinth.
2192 5588 2242 5627 c.
2289 5573 2342 5627 9.
2362 5566 2487 5644 rCl‘r.
2522 5572 2913 5644 Prolegomena
2948 5580 3136 5644 nostra
3166 5573 3233 5627 ad
3267 5574 3385 5638 cpia

138 5640 157 5694 l
198 5637 370 5699 Clem.
402 5644 531 5705 Let
560 5642 973 5710 inscriptionem
994 5638 1163 5708 Epist.
1198 5638 1344 5694 Eccl.
1379 5637 1600 5706 Smyrn.
1640 5638 1709 5692 de
1813 5642 1983 5699 stolas
2017 5641 2072 5712 ὃ.
2106 5642 2424 5707 Clementis,
2458 5659 2513 5698 n.
2538 5644 2571 5696 5
2604 5637 2781 5712 (Ρᾶιν.
2817 5641 2910 5697 Cr.
2941 5654 2979 5698 t.
3008 5643 3072 5712 Ι).
3202 5695 3245 5709 ,,

138 5712 729 5794 martlrioyolycarpi.
798 5790 807 5794 Δ
1043 5781 1058 5794 _
1107 5779 1161 5794 Μ
1330 5787 1343 5794 _
1486 5776 1523 5794 η
1698 5793 1701 5794 ν
1882 5710 2328 5781 (5l)Pronomen
2356 5715 2595 5771 restituit
2616 5710 2975 5783 'Jacobsonus
2993 5710 3060 5771 ei
3089 5714 3247 5771 codd:

208 5776 317 5865 βό)
364 5776 581 5843 Similia
628 5776 881 5853 leguntur
918 5781 1061 5857 apud
1103 5779 1458 5845 Clementem,
1485 5776 1653 5847 Epist.
1689 5793 1707 5832 ι
