3802 6210
410 321 543 375 1007

1607 318 1663 374 8.
1708 318 2087 376 POLYCARPI
2119 322 2473 379 MARTYBIS

3515 324 3631 377 1068

404 442 707 508 suscitavit,
741 443 901 512 eique
925 441 1154 512 gloriam
1180 440 1326 495 dedit
1350 442 1367 471 ⁷
1402 460 1417 491 ι
1447 457 1509 495 ac
1539 442 1721 495 sedem
1751 444 1816 495 ad
1848 443 1946 496 dex

2084 436 2198 515 ῥιον
2246 445 2627 516 ήμῶνΊησοῦν
2680 445 2911 516 Χριστὸν
2961 445 3025 497 ἐκ
3076 442 3319 511 νεκρῶν,
3372 443 3461 496 καὶ
3502 442 3633 495 δόντα

406 540 546 586 tram
593 547 787 595 suam;
833 532 921 587 cui
973 532 1215 601 subjecta
1250 541 1378 585 sunt
1428 531 1610 584 omnia
1660 532 1899 586 cmlestia
1928 541 1978 586 et

404 625 712 691 terrestria;
747 624 832 678 cui
860 623 1044 705 omnis
1069 623 1297 692 spiritus
1338 624 1538 687 servit;
1574 624 1667 692 qui
1711 624 1859 679 venit
1890 624 1982 693 ju-

401 714 504 769 dex
552 716 798 771 vivorum
858 726 912 771 et
967 714 1397 778 mortuorum“;
1452 715 1612 783 cujus
1655 716 1977 781 sanguinem

402 806 543 862 Deus
574 807 815 876 requiret
855 806 923 860 ab
966 806 1033 861 iis
1071 807 1165 875 qui
1205 821 1313 860 non
1355 807 1584 860 credunt
1619 806 1671 859 iu
1722 806 1894 859 illum.
1926 807 1978 860 is

402 915 549 966 vero,
580 901 674 970 qui
704 902 882 970 ipsum
916 900 1208 955 suscitavit
1246 914 1276 953 e
1306 900 1557 964 mortuis,
1587 908 1640 954 et
1668 914 1768 953 nos
1797 897 1976 953 susci-

399 993 599 1057 tabit',
627 994 674 1048 si
728 993 1021 1048 fecerimus
1069 994 1405 1047 voluntatem
1456 992 1575 1062 ejus
1618 1001 1671 1046 et
1702 991 1756 1045 in
1804 990 1977 1061 ipsius

397 1086 671 1142 mandatis
715 1086 1200 1149 ambulaverimus,
1234 1100 1298 1138 ac
1342 1084 1697 1138 dilexerimus
1744 1099 1807 1137 ea
1853 1096 1976 1153 qua;

397 1181 512 1251 ipse
540 1180 763 1245 dilexit,
799 1180 1142 1237 abstinentes
1174 1182 1243 1235 ab
1272 1180 1420 1235 omni
1440 1175 1973 1247 injustitia,l‘rauda-

396 1274 565 1335 tione,
613 1271 866 1336 avaritia,
915 1273 1329 1337 obtrectatione,
1364 1271 1504 1325 lalso
1549 1268 1865 1325 testimonio
1895 1268 1970 1333 ¹⁶;

397 1386 418 1421 ι
450 1384 559 1422 non
587 1368 871 1422 reddentes
908 1367 1112 1421 malum
1147 1381 1244 1436 pro
1277 1364 1453 1429 malo,
1491 1378 1591 1417 nec
1622 1361 1969 1417 maledictum

394 1478 492 1531 pro
519 1459 811 1516 maledicto
844 1462 909 1526 ¹¹,
939 1480 955 1509 ι
988 1475 1088 1514 nec
1117 1473 1361 1529 pugnum
1393 1470 1493 1526 pro
1515 1470 1719 1524 pugno,
1751 1468 1849 1508 nec
1875 1468 1971 1507 ex-

392 1554 751 1610 secrationem
790 1568 889 1622 pro
916 1552 1334 1615 exsecratione;
1374 1562 1645 1603 memores
1671 1555 1851 1600 autem
1877 1559 1969 1599 eo-

393 1660 540 1711 rum,
566 1658 689 1713 qua’.
717 1643 855 1697 dixit
882 1642 1149 1696 Dominus
1178 1640 1381 1695 docens
1409 1657 1421 1692 :
1453 1656 1471 1690 ι
1494 1637 1673 1692 Nolite
1695 1636 1963 1707 judicare,

392 1750 459 1789 ne
484 1734 807 1805 judicemini
838 1735 912 1797 “;
963 1732 1242 1797 dimittite,
1275 1741 1329 1787 et
1372 1729 1676 1785 dimittetur
1702 1726 1857 1783 vobis
1887 1726 1962 1792 ¹³;

2082 536 2229 607 αύτῷ
2277 536 2433 601 δόξαν
2469 538 2581 608 (52)
2629 556 2647 588 ι
2686 539 2778 591 καὶ
2829 538 3017 610 θρόνον
3068 538 3132 589 ἐκ
3183 534 3373 602 δεξιῶν
3404 529 3635 603 αὑτοῦοῷ

2082 630 2324 701 ὑπετάγη
2378 630 2445 684 τά
2477 631 2657 684 πάντα
2705 630 3006 703 ἐπουράνια
3039 630 3133 684 καὶ
3166 629 3401 698 ἐπίγεια·
3432 622 3475 696 ᾧ
3504 632 3634 683 πᾶσα

2082 721 2214 792 πνοὴ
2234 720 2502 794 λατρεύει·
2521 722 2579 784 ὃς
2607 722 2824 794 ἔρχεται
2852 722 3045 795 κριτὴς
3072 719 3290 785 ζώντων
3320 721 3412 774 καὶ
3431 721 3633 792 νεκρῶν·

2077 806 2137 865 οὗ
2171 813 2230 866 τὸ
2272 807 2412 883 αἷμα
2454 808 2745 886 ἐκζητήσει
2778 816 2807 867 ὁ
2839 814 2972 879 Θεὸς
3008 811 3116 867 ἀπὸ
3149 810 3260 865 τῶν
3290 813 3638 867 ἀπειθούντων

2078 903 2245 975 αὐτῷ.
2286 905 2343 957 '0
2362 904 2417 958 δὲ
2438 905 2654 976 ἐγείρας
2670 906 2834 960 αὑτὸν
2855 908 2919 959 ἐκ
2934 904 3141 977 νεκρῶν
3165 906 3259 958 καὶ
3288 907 3322 976 ἡ
3331 906 3437 975 μᾶς
3457 906 3637 977 ἐγερεῖ,

2077 996 2170 1049 ὲάν
2189 996 2428 1067 ποιῶμεν
2444 996 2607 1050 αὑτοῦ
2624 997 2684 1050 τὸ
2703 995 2932 1069 θέλημα,
2954 998 3047 1051 καὶ
3066 996 3427 1068 πορευώμεθα
3455 997 3511 1049 ἐν
3535 998 3640 1059 ταῖς

2076 1087 2317 1151 ἐντολαῖς
2333 1089 2519 1153 αὐτοῦ,
2536 1090 2627 1142 καὶ
2642 1089 2947 1160 ἀγαπῶμεν
2964 1089 2999 1143 ἃ
3016 1089 3321 1159 ἠγάπησεν,
3337 1088 3640 1158 ἀπεχόμενοι

2074 1179 2253 1249 πάσης
2286 1180 2518 1246 ἀδικίας,
2545 1180 2875 1248 πλεονεξίας,
2900 1181 3283 1252 φιλαργυρίας,
3305 1179 3636 1243 καταλαλιάς,

2071 1274 2539 1345 ψευδομαρτυρίας
2563 1290 2575 1304 ·
2604 1290 2623 1325 ι
2638 1274 2711 1345 μὴ
2734 1272 3083 1337 ἀποδιδόντες
3114 1272 3282 1327 κακὸν
3304 1272 3427 1327 ἀντὶ
3458 1272 3637 1337 κακοῦ,

2071 1368 2102 1437 ἢ
2133 1366 2397 1438 λοιδορίαν
2421 1368 2542 1420 ἀντὶ
2569 1348 2853 1439 λοιδορίας,
2885 1385 2902 1417 ι
2929 1366 2961 1437 ἢ
2995 1365 3219 1437 γρόνθον
3252 1365 3374 1418 ἀντὶ
3406 1363 3636 1437 γρόνθου,

2070 1460 2102 1530 ἢ
2138 1460 2381 1531 κατάραν
2416 1460 2537 1513 ἀντὶ
2568 1461 2839 1530 κατάρας·
2880 1458 3309 1530 μνημονεύοντες
3345 1458 3459 1529 (55)
3492 1458 3543 1511 δὲ
3572 1450 3638 1511 ὧν

2069 1546 2220 1604 εἶπεν
2242 1553 2270 1604 ό
2303 1551 2506 1622 Κύριος
2550 1549 2815 1603 διδάσκων
2838 1566 2852 1579 ·
2891 1547 3003 1619 (54)
3044 1569 3062 1599 ι
3093 1549 3184 1620 Μὴ
3217 1549 3435 1613 κρίνετε
3466 1549 3545 1601 ἵνα
3571 1547 3638 1619 μὴ

2068 1641 2293 1712 κριθῆτε
2333 1659 2345 1671 ·
2383 1641 2575 1710 ἀφίετε
2600 1680 2615 1707 ,
2668 1642 2764 1694 καὶ
2830 1640 3161 1711 ἀφεθήσεται
3208 1640 3376 1710 ὑμῖν·
3418 1638 3636 1701 ἐλεεῖτε,

2070 1732 2155 1786 ἴνα
2206 1733 2458 1805 ἐλεηθῆτε
2483 1750 2495 1763 ’
2523 1732 2604 1805 [ἐν
2632 1731 2766 1803 (55)]
2816 1725 2861 1799 ᾧ
2898 1732 3078 1804 μέτρῳ
3115 1734 3363 1803 μετρεῖτε
3389 1770 3404 1793 ,
3439 1731 3639 1799 ἀντιμε-

389 1827 747 1891 miseremini,
772 1836 830 1880 ut
852 1825 1285 1880 miscricordiam
1317 1820 1733 1892 consequamiui
1762 1820 1834 1885 u;
1864 1816 1955 1890 [in'

2078 1790 2399 1894 τρηθήσεταί
2450 1790 2663 1893 ὑμῖν-Χ»
2708 1790 2801 1875 ita!
2834 1790 2935 1875 ’ὅτι
2985 1790 3314 1894 ι’Μακάριοι
3360 1790 3408 1873 oi
3454 1790 3640 1890 πτωχοὶ

388 1934 497 1989 qua
524 1933 781 1973 mensura
806 1919 976 1972 mensi
1011 1915 1249 1981 fueritis,
1295 1916 1612 1970 remetietur
1641 1910 1797 1967 vobis
1824 1911 1898 1977 ¹⁸;
1941 1930 1960 1963 ι

387 2022 469 2066 et:
507 2029 526 2062 ι
555 2010 705 2065 Beati
737 2024 1025 2079 pauperes,
1054 2018 1106 2064 et
1131 2008 1223 2078 qui
1257 2007 1698 2077 persecutionem
1742 2004 1964 2074 patiun-

389 2114 499 2171 tur,
528 2104 789 2175 quoniam
825 2102 1069 2171 ipsorum
1100 2108 1184 2155 est
1215 2114 1442 2169 regnum
1468 2096 1585 2151 Dei.
1611 2116 1627 2148 ι

2074 1912 2185 1985 (56)
2218 1914 2310 1967 καὶ
2342 1916 2390 1967 οἱ
2414 1913 2735 1985 διωκόμενοι
2787 1914 2974 1967 ἕνεκεν
3018 1914 3365 1984 δικαιοσύνης
3388 1953 3402 1978 ,
3442 1914 3523 1966 δτι
3552 1916 3638 1967 αύ-

2072 2006 2179 2059 τῶν
2215 2009 2355 2059 ἐστιν
2390 2008 2423 2077 ἡ
2458 2006 2701 2076 βασιλεία
2734 2006 2828 2059 τοῦ
2862 2004 3017 2059 Θεοῦ.
3047 2027 3065 2058 ι

1093 2256 1185 2308 Ill.
1224 2253 1347 2307 Non
1386 2261 1701 2322 arroganter
1732 2250 1841 2305 hwc
1868 2248 2062 2302 scribo.
2100 2247 2303 2302 Paulus
2327 2256 2619 2318 praeceptor
2647 2255 2813 2300 vester
2844 2256 2942 2301 est.

459 2414 618 2479 Haec,
655 2412 887 2475 fratres,
924 2425 1032 2465 non
1077 2408 1222 2478 quod
1257 2406 1394 2461 mihi
1426 2418 1682 2475 arrogem
1706 2444 1721 2471 ,
1777 2402 1960 2459 scribo

382 2509 540 2564 vobis
590 2508 656 2562 de
697 2506 946 2574 iustitia;
1000 2501 1095 2557 sed
1147 2501 1275 2570 quia
1315 2514 1414 2555 vos
1456 2496 1799 2569 provocastis
1851 2510 1958 2551 me.

383 2598 571 2669 Neque
611 2598 757 2651 enim
790 2611 891 2666 ego
912 2634 926 2659 ,
967 2608 1145 2664 neque
1177 2593 1316 2647 alius
1351 2592 1454 2645 mei
1505 2589 1702 2644 similis
1732 2588 1876 2643 beati
1909 2596 1963 2642 et

385 2690 605 2761 gloriosi
633 2688 783 2742 Pauli
812 2686 1133 2758 sapientiam
1160 2684 1379 2754 assequi
1400 2693 1579 2753 potest
1599 2685 1673 2749 ¹⁶;
1708 2683 1802 2753 qui
1834 2698 1960 2737 cum

384 2790 529 2838 esset
560 2780 704 2850 apud
735 2794 867 2842 vos,
902 2793 1087 2833 coram
1122 2776 1439 2832 hominibus
1490 2788 1620 2831 tunc
1652 2776 1961 2831 viventibus

384 2873 621 2945 perfecte
650 2887 715 2927 ac
736 2872 962 2926 ﬁrmiter
987 2870 1213 2925 verbum
1242 2868 1490 2924 veritatis
1517 2867 1737 2934 docuit;
1773 2865 1871 2937 qui
1905 2874 1959 2921 et

382 2965 583 3019 absens
606 2962 760 3017 vobis
781 2961 999 3031 scripsit
1018 2961 1298 3031 epistolas,
1326 2960 1380 3014 in
1403 2975 1539 3030 quas
1557 2960 1603 3016 si
1619 2959 1959 3025 intueamini,

380 3055 638 3111 :cdilicari
694 3052 945 3123 Poteritis
996 3052 1050 3105 in
1105 3050 1244 3117 tide,
1300 3066 1424 3121 quas
1474 3050 1631 3105 vobis
1692 3050 1956 3113 estdata,

389 3167 409 3201 ι
437 3161 668 3220 quaeque
698 3155 783 3199 est
809 3154 983 3199 mater
1014 3144 1260 3198 omnium
1315 3152 1565 3198 nostrum
1596 3143 1661 3206 ¹⁷,
1691 3160 1711 3193 ι
1768 3142 1961 3197 subse-

2138 2401 2343 2469 Ταῦτα,
2372 2402 2611 2470 ἀδελφοὶ,
2632 2402 2732 2456 οὐκ
2756 2401 2977 2473 ἐμαυτῷ
2998 2401 3296 2472 ἐπιτρέψας
3310 2402 3508 2473 γράφω
3528 2401 3641 2472 ὑμῖν

2067 2495 2193 2566 περὶ
2224 2494 2321 2565 τῆς
2353 2492 2695 2563 δικαιοσύνης
2732 2492 2879 2563 (57)·
2917 2493 3031 2546 ἀλλ’
3066 2494 3190 2547 ἐπεὶ
3223 2494 3386 2563 ὑμεῖς
3422 2510 3641 2564 προεπε-

2066 2585 2365 2639 καλέσασθέ
2390 2603 2477 2657 με.
2502 2583 2640 2638 Οὔτε
2673 2583 2781 2655 γάρ
2814 2583 2946 2652 ἐγὼ,
2971 2582 3095 2637 οὔτε
3129 2583 3288 2647 ἄλλος
3324 2585 3510 2654 ὅμοιος
3532 2584 3641 2653 ἐμοὶ

2064 2678 2285 2732 δύναται
2319 2676 2785 2747 κατακολουθῆσαι
2816 2679 2883 2747 τῇ
2921 2676 3083 2748 σοφίᾳ
3123 2673 3217 2728 τοῦ
3256 2675 3527 2746 μακαρίου
3559 2674 3643 2726 καὶ

2066 2769 2277 2834 ἐνδόξου
2304 2769 2550 2822 Παύλου·
2592 2768 2651 2832 ὃς
2683 2769 2971 2838 γενόμενος
3022 2769 3081 2819 ἐν
3114 2767 3266 2837 ύμῖν,
3302 2766 3448 2821 κατά
3484 2766 3643 2836 πρόσ-

2065 2878 2212 2913 ωπον
2244 2860 2352 2913 τῶν
2385 2860 2504 2911 τότε
2550 2856 2852 2929 ἀνθρώπων
2888 2855 3125 2923 ἐδίδαξεν
3153 2856 3401 2928 άκρισῶς
3437 2858 3530 2909 καὶ
3566 2855 3645 2926 βε-

2066 2954 2232 3017 ϐαίως
2264 2952 2354 3005 τὸν
2389 2952 2517 3023 περ).
2550 2949 2804 3020 ἀληθείας
2848 2948 3002 3016 λόγον
3029 2965 3042 2977 ·
3082 2947 3141 3011 δς
3174 2949 3269 3001 καὶ
3318 2947 3476 3003 ἀπὼν
3526 2950 3645 3019 ὑμῖν

2062 3042 2302 3116 ἔγραψεν
2337 3041 2624 3105 ἐπιστολὰς
2659 3040 2807 3111 (58),
2850 3042 2929 3102 είς
2962 3038 3028 3102 ἃς
3061 3038 3157 3092 ἐὰν
3190 3039 3529 3111 ἐγκύπτητε,
3561 3038 3644 3092 δυ-

2064 3135 2359 3208 νηθήσεσθε
2390 3131 2784 3204 οἰκοδομεῖσθαι
2811 3134 2889 3197 είς
2904 3135 3002 3205 τὴν
3029 3134 3271 3187 δοθεῖσαν
3299 3134 3429 3203 ὑμῖν
3452 3132 3643 3195 πίστιν,

382 3250 584 3310 quente
632 3255 762 3311 spe,
816 3237 1158 3309 praeedente
1206 3235 1475 3290 cbaritate
1525 3235 1580 3289 in
1614 3233 1785 3289 Deum
1818 3243 1872 3288 et
1904 3234 1955 3288 in

2078 3227 2237 3296 ιῆτις
2282 3224 2399 3277 ἐστὶ
2434 3225 2616 3295 μήτηρ
2661 3224 2878 3277 πάντων
2923 3224 3079 3295 ἡμῶν
3130 3224 3264 3295 (59),
3297 3244 3314 3276 ι
3353 3225 3643 3279 ἐπακολου-

379 3330 661 3386 Christum
692 3340 745 3387 et
777 3331 830 3386 in
860 3330 1194 3401 proximum.
1239 3327 1296 3382 Si
1333 3328 1460 3398 quis
1491 3327 1638 3382 enim
1673 3327 1813 3381 intra
1841 3326 1958 3381 haec

382 3423 565 3487 fuerit,
614 3424 934 3478 mandatum
962 3421 1194 3493 justitiaa
1226 3420 1505 3491 implevit;
1542 3435 1670 3479 nam
1699 3418 1792 3489 qui
1825 3418 1957 3472 cha-

378 3516 593 3572 ritatern
621 3517 801 3581 habet,
838 3517 999 3585 longe
1030 3523 1114 3574 est
1145 3515 1215 3568 ab
1247 3513 1395 3567 omni
1430 3522 1675 3583 peccato.

2060 3316 2258 3386 θούσης
2300 3314 2398 3385 τῆς
2443 3313 2692 3378 ἐλπίδος,
2725 3313 3071 3383 προαγούσης
3109 3313 3209 3383 τῆς
3258 3314 3511 3385 ἀγάπης,
3553 3313 3645 3382 τῆς

2046 3390 2140 3470 ἐἰς
2186 3406 2322 3459 Θεὸν
2364 3405 2456 3458 καὶ
2499 3406 2730 3477 Χριστὸν
2758 3407 2853 3459 καὶ
2880 3407 2960 3469 είς
2988 3404 3080 3458 τὸν
3108 3405 3359 3476 πλησίον.
3380 3406 3505 3459 Ἐὰν
3544 3405 3644 3474 γάρ

1964 3550 1971 3557 ,
2063 3515 2144 3561 τις
2177 3497 2380 3551 τούτων
2404 3497 2552 3559 ἐντὸς
2640 3497 2770 3569 (60),
2809 3498 3171 3569 πεπλήρωκεν
3208 3498 3427 3570 ἐντολὴν
3450 3499 3643 3552 δικαιο-

2068 3590 2261 3659 σύνης·
2325 3590 2353 3641 ό
2401 3590 2508 3659 γάρ
2537 3588 2673 3659 ἔχων
2727 3590 2968 3660 ἀγάπην,
3023 3589 3243 3660 μακράν
3298 3590 3414 3641 ἐστι
3472 3588 3642 3656 πόσης

2067 3684 2359 3753 ἁμαρτίας.

1018 3836 1108 3892 ιγ.
1148 3838 1443 3907 Fugiamus
1478 3839 1800 3901 avaritiam;
1837 3837 2115 3891 doceamus
2151 3855 2243 3893 nos
2279 3841 2453 3909 ipsos,
2488 3856 2678 3894 uxores
2711 3850 2759 3893 et
2794 3840 2999 3893 viduas.

456 4012 476 4045 ι
522 3992 860 4063 Principium
908 4001 1089 4046 autem
1130 3993 1388 4047 omnium
1439 3992 1709 4047 malorum
1742 4002 1825 4047 est
1857 3993 1960 4047 ha-

378 4085 543 4140 bendi
595 4085 958 4155 cupiditas”.
990 4103 1008 4135 ι
1068 4082 1316 4139 Scientes
1366 4100 1519 4155 ergo,
1553 4085 1702 4155 quod
1772 4103 1789 4136 ι
1822 4086 1956 4139 nihil

378 4177 667 4232 intulimus
700 4178 754 4230 in
791 4179 935 4231 hunc
964 4175 1230 4230 mundum
1256 4218 1271 4243 ,
1306 4176 1403 4231 sed
1436 4192 1537 4232 nec
1568 4176 1785 4231 auferre
1825 4178 1958 4247 quid

376 4271 626 4325 valemus
651 4271 717 4333 ‘9,
752 4288 770 4321 ι
805 4283 1086 4324 armemur
1130 4269 1302 4323 armis
1330 4269 1558 4338 justitiae
1581 4270 1649 4336 ’0,
1684 4279 1738 4324 et
1758 4270 1957 4325 docea-

378 4375 505 4416 mus
534 4360 773 4431 primum
808 4374 910 4415 nos
945 4360 1115 4431 ipsos,
1145 4360 1429 4415 ambulare
1464 4361 1517 4415 in
1552 4362 1814 4415 mandato
1840 4360 1952 4427 Do-

2148 4014 2163 4042 ι
2191 3995 2357 4065 Ἀρχὴ
2396 3994 2453 4047 δὲ
2483 3996 2699 4049 πάντων
2734 3994 2985 4066 χαλεπῶν
3013 3993 3365 4065 φιλαργυρία.
3395 4012 3412 4045 ›
3435 3991 3638 4049 Εἰδότες

2064 4081 2157 4140 οὖν
2195 4086 2274 4139 ὅτι
2326 4106 2343 4137 ι
2370 4086 2519 4140 οὐδὲν
2558 4086 2955 4159 εἰσηνέγκαμεν
2992 4089 3072 4150 εἰς
3113 4086 3203 4139 τὸν
3245 4086 3446 4156 κόσμον
3471 4123 3485 4145 ,
3527 4082 3638 4135 ἀ)λ’

2065 4176 2186 4229 οὐδὲ
2220 4175 2524 4245 ἐξενεγκεῖν
2550 4195 2602 4230 τι
2636 4177 2851 4248 ἔχομεν,
2883 4198 2901 4229 ι
2938 4175 3293 4248 ὁπλισὼμεθα
3324 4178 3434 4239 τοῖς
3461 4173 3636 4232 ὅπλοις

2064 4268 2161 4337 τῆς
2187 4268 2549 4339 δικαιοσύνης,
2581 4270 2672 4323 καὶ
2701 4268 2999 4341 διδάξωμεν
3028 4270 3256 4333 ἑαυτοὺς
3285 4269 3519 4340 πρῶτον,
3548 4280 3636 4316 πο-

2056 4359 2311 4431 ρεύεσθαι
2359 4362 2417 4414 ἐν
2454 4366 2518 4432 τῇ
2561 4362 2745 4433 ἐντολῇ
2791 4363 2882 4416 τοῦ
2927 4364 3129 4435 Κυρίου
3162 4362 3306 4432 (61)·
3334 4361 3520 4414 ἔπειτα
3546 4356 3634 4408 καὶ

453 4538 475 4567 ⁷
499 4538 521 4590 ι
545 4537 691 4592 Petr.
714 4553 753 4604 ι,
779 4536 871 4590 21.
949 4538 971 4569 ⁸
999 4539 1121 4593 Act.
1155 4553 1286 4602 xvn,
1318 4537 1408 4591 51.
1485 4540 1505 4569 ³
1538 4537 1710 4592 lCor.
1736 4554 1810 4598 γι,
1844 4539 1945 4604 14;
1978 4541 2026 4592 Il
2059 4539 2184 4593 (lor.
2219 4556 2292 4603 ιγ,
2330 4541 2429 4604 H;
2469 4539 2629 4594 Rom.
2664 4540 2887 4607 γιιι,11.
2968 4539 3267 4594 “lThess.
3297 4556 3350 4604 γ,
3380 4536 3469 4592 22.
3545 4530 3632 4607 ’ξι

376 4604 527 4664 Petr.
558 4624 641 4674 ιιι,
672 4608 726 4662 9.
836 4610 878 4639 “
910 4607 1101 4662 Matth.
1128 4624 1228 4669 vn,
1256 4608 1307 4662 1.

378 4675 514 4735 Luc.
537 4694 611 4744 γι,
652 4679 739 4732 58.
822 4679 865 4711 ¹⁶
888 4680 933 4730 ΙΙ
952 4678 1099 4733 Petr.
1135 4694 1217 4744 ιιι,
1258 4679 1344 4733 15.
1427 4679 1468 4709 ¹⁷
1499 4679 1619 4733 Gal.
1653 4695 1727 4746 tv,
1760 4678 1850 4732 26.

449 4834 562 4906 (52)
592 4832 843 4906 (Ἀνειςιι.
872 4836 939 4888 ad
976 4833 1216 4906 Smyrn._,
1244 4850 1293 4890 c.
1340 4834 1395 4899 6,
1426 4833 1495 4887 ad
1526 4833 1699 4890 Trall.
1726 4850 1775 4889 c.
1803 4835 1860 4897 9,
1888 4834 1957 4888 ad

380 4903 864 4976 smyrn._c.2_:tbq
900 4945 912 4958 .
955 4946 967 4957 .
1008 4945 1020 4957 .
1058 4903 1249 4960 ἐαυτὸν
1283 4905 1595 4976 ἀνέστησεν.

451 4973 667 5059 (55)1ιε
711 4973 1050 5031 Jacobsonus
1089 4992 1155 5031 ex
1190 4975 1377 5043 codd.,
1420 4973 1521 5046 pro
1562 4975 1709 5047 vulg.
1745 4991 1957 5047 μνημο-

378 5062 768 5186 vigesima
802 5115 915 5172 fere
940 5119 1104 5173 modo
1129 5118 1279 5173 varia
1311 5119 1429 5173 loca
1468 5133 1533 5171 ex
1562 5116 1869 5184 Evangeliis
1901 5118 1955 5172 in

377 5202 547 5256 unum
573 5189 847 5243 contraxit
869 5186 1121 5244 Clemens
1146 5188 1430 5243 Romanus
1459 5204 1544 5256 ep.
1564 5204 1600 5250 ι,
1625 5204 1676 5241 c.
1706 5188 1792 5240 15.
1813 5188 1960 5241 Con-

378 5254 884 5329 fer_Prolegomena
912 5266 1101 5313 nostra
1133 5259 1200 5314 ad
1225 5254 1508 5329 Epistolas
1545 5256 1602 5311 S.
1634 5258 1956 5324 Clementis,

377 5327 565 5469 $6.5)
596 5396 1047 5468 Praepositionem
1083 5401 1163 5465 ἐν,
1198 5414 1375 5469 quam
1403 5398 1634 5469 deletam
1663 5398 1778 5451 vult
1812 5396 1948 5452 Smi-

378 5467 551 5538 tbius,
585 5484 693 5538 non
723 5467 1029 5538 agnoscunt
1060 5467 1230 5524 codd.
1250 5470 1415 5523 Laur.
1450 5467 1571 5523 Vat.
1602 5467 1887 5523 JAconsou.

451 5537 565 5606 (56)
597 5537 865 5593 Smithius
906 5549 959 5593 et
999 5537 1282 5594 Ruchatus
1324 5540 1532 5594 addunt
1556 5554 1623 5593 ex
1668 5540 1834 5593 veteri
1863 5540 1952 5593 in-

378 5616 611 5680 terprete
661 5616 770 5663 etc
824 5610 882 5661 S.
935 5607 1123 5680 Matth.
1175 5626 1228 5674 v,
1278 5610 1331 5672 '5,
1382 5609 1460 5679 τῷ
1494 5609 1969 5680 πν.ξύματι(ροει“

381 5676 632 5746 πτωχοί),
657 5692 820 5745 quam
854 5679 1073 5746 quidem
1114 5694 1303 5733 vocem
1335 5676 1539 5735 omittit
1567 5676 1845 5734 SfLuras
1870 5696 1946 5745 γι,

378 5745 467 5799 20.
505 5746 849 5811 Quidautem
875 5745 1039 5815 vetat,
1079 5748 1134 5802 S.
1172 5749 1385 5812 Patrem
1419 5752 1595 5805 locum
1628 5751 1942 5819 parallelqu

1951 4679 2038 4733 ³⁸1
2073 4680 2217 4734 Tim.
2248 4697 2326 4746 vt,
2364 4680 2452 4734 10.

1419 4608 1462 4638 ¹³
1494 4608 1625 4662 Luc.
1670 4624 1744 4674 γι,
1792 4608 1898 4675 '57;
1932 4602 1955 4663 Β

2082 4626 2119 4661 ι.
2155 4626 2229 4675 γι,
2264 4611 2361 4674 12,
2405 4602 2493 4664 14.
2573 4611 2617 4640 ’⁸
2656 4602 2787 4664 Luc.
2819 4626 2907 4677 vt,
2941 4610 3030 4663 56.
3112 4612 3156 4642 ’³
3199 4602 3392 4664 Matth.
3427 4621 3533 4671 vn,
3566 4602 3629 4667 Ξῖ

2562 4681 2604 4713 ¹⁹
2634 4680 2769 4735 Ibid.
2825 4680 2873 4734 7.
2974 4681 3019 4712 ὀ
3041 4679 3241 4751 Ephes.
3277 4696 3352 4744 vt,
3379 4680 3463 4733 11.

2072 4836 2129 4889 8.
2164 4834 2326 4891 Lucae
2369 4835 2423 4889 in
2477 4835 2662 4889 animo
2710 4833 3332 4905 habuisse?Crednero,
3368 4834 3459 4905 qui
3496 4830 3631 4905 (Bei-

2072 4911 2218 4988 tra'ge
2248 4922 2343 4959 zur
2376 4905 2683 4988 Einlcjtung
2710 4904 2763 4958 in
2799 4905 2885 4987 die
2914 4906 3043 4958 bibl.
3077 4902 3629 4988 δεΙξι·ἰ[Ὶιενξ.ι,ῇ1)γίς

2061 4976 2224 5030 detur
2272 4977 2563 5044 suspicari,
2617 4975 2693 5046 τῷ
2725 4975 2997 5046 πνεύματι
3037 4976 3180 5045 apud
3239 4976 3296 5030 S.
3329 4976 3624 5030 Matthaaum

2061 5056 2436 5117 assumeutum
2462 5062 2590 5117 esse
2614 5046 2935 5102 recentioris
2965 5048 3085 5112 aevi,
3112 5048 3427 5117 neutiquam
3450 5056 3628 5099 assen-

2063 5116 2150 5169 tiri
2189 5132 2429 5185 possum.
2462 5114 2537 5169 lo.

2138 5178 2246 5256 (57)
2278 5186 2539 5240 Similiter
2577 5186 2822 5255 loquitur
2869 5185 2925 5241 S.
2961 5184 3204 5257 lgnatius
3246 5188 3319 5257 in;
3348 5186 3517 5256 Epist.
3560 5178 3626 5233 ad

2027 5248 2045 5311 ἶ
2072 5248 2321 5337 Ephesios
2350 5274 2398 5337 (ξ.
2418 5258 2495 5337 5.·
2530 5258 2616 5337 Οὑ-
2636 5248 3013 5337 διατάσσομαξ
3031 5258 3159 5337 ὑμῖν
3285 5256 3364 5337 ῶν
3394 5248 3494 5337 τις.

2139 5328 2249 5399 (58)
2283 5326 2551 5399 Epistolas
2586 5328 2652 5399 de
2689 5346 2707 5379 ι
2739 5343 2844 5381 una
2878 5321 3157 5399 {epistola
3191 5329 3303 5399 dici
3325 5321 3624 5399 monettlo:

2063 5396 2302 5470 [elei-jus,
2336 5397 2736 5470 qui_et_plura
2775 5396 3022 5470 egempla
3060 5398 3238 5451 aﬂert.
3275 5396 3619 5470 Coinsentit‘el

2058 5467 2133 5523 De
2163 5459 2379 5533 Wettc',
2440 5459 2670 5520 Είηίίίιι
2703 5469 2759 5521 d.
2798 5467 2871 5522 N.
2926 5459 2985 5521 Τ.
3030 5470 3163 5522 edit.
3212 5469 3389 5531 tertia,
3429 5467 3456 5537 §
3502 5459 3614 5521 15ον

2053 5549 2168 5594 ιιοι.
2196 5541 2252 5593 d.
2316 5558 2317 5561 η

2126 5610 2237 5676 (59)
2271 5609 2347 5663 lta
2380 5608 2725 5665 Jacobsonus
2754 5626 2818 5664 ex
2850 5620 3026 5664 tnnus
3059 5617 3218 5663 codd.
3248 5610 3353 5662 Alii
3380 5604 3548 5676 ὑμῶν.

2123 5676 2235 5752 (60)
2268 5676 2589 5752 Addeudltm
2626 5680 2859 5752 πλήρης.
2902 5678 3113 5752 Βοιιτιι.

2122 5743 2233 5822 (61)
2276 5751 2485 5806 Similia
2534 5743 2806 5822 leguntur“
2835 5752 2891 5805 in
2930 5750 3163 5817 epistola
3201 5769 3214 5807 ι
3248 5751 3415 5807 Cletn.
3458 5743 3609 5797 Rom.
