3802 6210
173 295 301 352 1009

1313 284 1651 350 EPISTOLA
1692 297 1780 349 AD
1813 295 2319 350 PHILIPPENSES.

3300 292 3437 347 MIO

168 423 259 479 τὰς
293 418 579 485 γυναῖκας
624 415 652 467 ὑ
662 414 774 486 μῶν
805 416 861 467 ὲν
908 418 973 485 τῇ
1006 415 1222 489 δοθείσῃ
1248 417 1435 480 αὐταῖς
1464 417 1642 470 πίστει
1671 422 1744 470 κα

1867 418 2024 480 mini,
2057 417 2251 471 deinde
2283 422 2335 470 et
2376 423 2585 470 vestras
2632 430 2855 480 uxores,
2911 414 3191 469 ambuiare
3244 414 3297 467 in
3335 414 3437 465 ﬁde

170 510 352 582 ἀγάπῃ
403 510 508 562 καὶ
539 508 755 579 ἁγνεία,
800 506 1133 578 στεργούσας
1161 510 1287 572 τοὺς
1326 508 1534 562 ἑαυτῶν
1566 510 1763 582 ἄνδρας

169 603 220 653 ἐν
250 601 401 672 πάσῃ
434 599 679 671 ἀληθείᾳ
710 639 725 665 ,
756 599 846 652 καὶ
873 598 1172 667 άγαπώσας
1205 600 1411 664 πάντας
1441 600 1500 665 ἐξ
1546 601 1659 654 ἴσου
1702 603 1760 654 ἐν

170 689 313 763 πάσῃ
356 690 694 761 ἐγκρατείᾳ,
744 689 834 741 κα)¹
875 687 1132 741 τὰτέκνα
1179 689 1454 743 παιδεύειν
1497 690 1596 762 τὴν
1633 708 1761 743 παι-

166 781 305 835 δείαν
332 782 432 835 τοῦ
488 781 661 850 φόϐου
705 780 797 833 τοῦ
846 780 980 835 Θεοῦ
1032 778 1139 849 (62)
1163 796 1179 811 ο
1207 780 1305 845 τὰς
1343 783 1517 854 χήρας
1556 800 1767 853 σωφρο-

167 872 360 936 νούσας
402 874 542 943 11:59".
584 872 684 943 τὴν
726 870 818 924 τοῦ
848 871 1052 942 Κυρίου
1100 869 1301 936 πίστιν,
1338 873 1765 943 ἐντυγχανούσας

116 1014 119 1019 ,
167 963 530 1027 ἀδιαλείπτως
563 963 691 1033 περὶ
730 963 962 1027 πάντων,
996 963 1213 1034 μακρὰν
1242 962 1407 1027 οὔσας
1439 965 1618 1036 πάσης
1644 955 1761 1018 διας

168 1057 342 1128 ϐολῆς,
373 1057 733 1120 καταλαλιάς,
759 1057 1256 1128 ψευδομαρτυρίας,
1279 1058 1640 1131 φιλαργυρίας
1664 1060 1760 1112 καὶ

169 1149 363 1211 παντὸς
414 1147 629 1202 κακοῦ·
682 1149 1058 1217 γινωσκούσας
1118 1150 1201 1201 ὅτι
1246 1152 1351 1203 εἰσὶ
1376 1150 1761 1223 θυσιαστήριον

166 1238 272 1308 (65)
299 1239 463 1304 Θεοῦ,
489 1242 586 1294 καὶ
613 1242 695 1294 ὅτι
726 1240 900 1293 πάντα
926 1244 1370 1310 μωμοσκοπεῖται
1397 1242 1529 1313 (64),
1559 1244 1652 1296 καῖ
1676 1243 1761 1295 λέ-

164 1331 322 1403 ληθεν
356 1333 523 1385 αὐτὸν
553 1333 726 1392 οὐδὲν.
744 1332 865 1387 οὔτε
885 1335 1181 1406 λογισμῶν,
1209 1334 1331 1387 οὔτε
1364 1336 1608 1400 ἐννοιῶν,
1636 1335 1758 1389 οὔτε

162 1438 211 1473 τι
237 1422 346 1475 τῶν
377 1422 646 1495 κρυπτῶν
672 1423 774 1493 τῆς
805 1424 1052 1495 καρδίας.

1860 511 1995 581 ipsis
2048 511 2243 564 tradita
2277 518 2330 563 et
2362 509 2415 562 in
2451 508 2719 563 charitate
2760 518 2814 562 et
2847 507 3133 574 castitate,
3187 514 3435 561 amantes

1858 602 2004 656 viros
2038 615 2169 655 suos
2214 600 2266 653 in
2302 599 2450 653 omni
2484 598 2745 664 veritate,
2781 613 2844 653 ac
2875 598 3165 668 diligentes
3209 608 3434 651 cunetos

1856 693 2160 763 aequaliter,
2194 692 2247 744 in
2282 690 2429 744 omni
2464 690 2828 755 continentia,
2860 698 2914 743 et
2953 689 3171 744 erudire
3204 688 3347 743 ﬁlios
3381 687 3433 740 in

1856 784 2143 852 disciplina
2180 781 2393 836 timoris
2420 780 2550 847 Dei;
2588 781 2782 835 viduas
2811 796 2942 835 vero
2970 781 3284 845 doceamus,
3314 794 3433 833 esse

1857 875 2154 945 prudentes
2186 874 2331 928 circa
2378 872 2537 926 tidem
2582 871 2823 930 Domini,
2877 871 3284 941 interpellantes
3312 870 3433 924 sine

1865 966 2269 1021 intermissione
2300 978 2399 1034 pro
2430 965 2687 1020 omnibus
2730 966 2797 1031 ",
2827 966 2983 1034 longe
3021 962 3335 1019 recedentes
3364 963 3433 1016 ah

1863 1060 2012 1113 omni
2060 1058 2368 1122 calumnia,
2424 1057 2851 1120 detrectatione,
2907 1056 3041 1111 falso
3093 1055 3428 1116 testimonio,

1860 1153 2093 1207 avaritia
2127 1160 2179 1206 et
2211 1152 2362 1205 omni
2397 1150 2570 1213 malo;
2624 1158 3015 1219 cognoscentes
3036 1192 3049 1214 ,
3084 1149 3229 1218 quod
3260 1147 3430 1202 altare

1864 1244 1958 1298 Dei
1991 1243 2130 1307 sint,
2164 1250 2219 1296 et
2253 1241 2396 1311 quod
2442 1240 2534 1293 ille
2583 1240 2767 1293 omnia
2810 1239 2955 1293 clare
2989 1238 3312 1307 perspiciat,
3346 1237 3431 1290 ni-

1863 1334 2048 1403 hilque
2090 1348 2215 1387 eum
2262 1331 2457 1395 lateat,
2491 1344 2593 1385 nec
2621 1329 3065 1393 ratiociniorum,
3100 1343 3200 1383 nec
3225 1325 3432 1398 cogita-

1857 1426 2089 1491 tionum,
2125 1439 2225 1479 nec
2259 1424 2559 1493 quidquam
2594 1421 2934 1477 occultorum
2976 1420 3174 1475 cordis.

1100 1579 1167 1636 V.
1206 1580 1389 1651 Oﬂicia
1418 1581 1795 1648 diaconorum,
1847 1582 2101 1651 juvenum
2136 1590 2185 1635 et
2221 1581 2504 1650 virginum.

227 1732 447 1796 Είδότες
479 1726 575 1786 οὖν
606 1734 689 1788 ὅτι
754 1750 773 1783 ι
798 1732 928 1797 Θεὸς
959 1734 1019 1786 οὐ
1056 1733 1473 1807 μυκτηρίζεται,
1501 1755 1519 1789 ι
1546 1735 1755 1805 ὀφείλο-

164 1843 259 1897 μεν
292 1826 465 1893 άξίως
496 1826 600 1896 τῆς
632 1826 849 1897 ἐντολῆς
880 1826 1045 1880 αὑτοῦ
1080 1827 1173 1881 καὶ
1203 1826 1361 1900 δόξης
1407 1831 1747 1901 περιπατεῖν.

174 1916 407 1987 Ὁμοίως
454 1918 697 1971 διάκονοι
743 1917 1023 1989 ἄμεμπτοι
1070 1919 1405 1974 κατενώπιον
1448 1920 1613 1975 αὑτοῦ
1657 1921 1753 1993 τῆς

160 2007 535 2079 δικαιοσύνης,
559 2009 637 2072 ὡς
668 2009 803 2062 Θεοῦ
836 2009 930 2063 καὶ
960 2011 1198 2083 Χριστοῦ
1220 2012 1331 2082 (65)
1364 2013 1621 2077 διάκονοι,
1657 2014 1754 2068 καὶ

159 2098 257 2151 οὐκ
287 2097 604 2171 ἀνθρώπων
622 2117 637 2131 ⁸
662 2101 736 2172 μὴ
766 2100 1025 2165 διάϐολοι,
1054 2103 1128 2173 μὴ
1146 2103 1345 2173 δίλογοι
1368 2105 1501 2174 (66),
1520 2105 1754 2177 ἀφιλάρ-

159 2208 337 2262 γυροι,
361 2194 659 2262 ἐγκρατεῖς
682 2193 811 2264 περὶ
833 2194 1028 2259 πάντα,
1050 2194 1432 2266 εῦσπλαγχνοι,
1451 2198 1751 2269 ἐπιμελεῖς,

161 2284 526 2355 πορευόμενοι
560 2285 701 2339 κατά
733 2286 831 2357 τὴν
861 2286 1121 2357 ἀλήθειαν
1153 2288 1246 2341 τοῦ
1279 2289 1506 2359 Κυρίου,
1538 2290 1596 2354 ὃς
1627 2291 1753 2359 ὲγέ-

161 2394 278 2430 νετο
307 2377 563 2441 διάκονος
595 2378 813 2431 πάντων
832 2396 844 2409 ·
892 2372 937 2447 ᾧ
968 2380 1062 2434 ἐὰν
1096 2381 1556 2455 εύαρεστήσωμεν
1588 2387 1646 2438 ὲν
1676 2385 1754 2456 τῷ

162 2468 252 2521 νῦν
282 2467 483 2533 αἰῶνι,
533 2469 934 2541 άποληψόμεθα
979 2473 1074 2526 καὶ
1106 2473 1195 2526 τὸν
1231 2474 1491 2544 μέλλοντα
1511 2516 1525 2539 ,
1574 2476 1754 2541 καθὼς

162 2557 435 2627 ὑπέσχετο
467 2559 602 2628 ἡμῖν
634 2560 848 2631 ἐγεῖραι
878 2563 1027 2631 ἡμᾶς
1059 2563 1123 2615 ἐκ
1155 2563 1386 2635 νεκρῶν,
1422 2566 1516 2619 κα)⁵
1548 2568 1627 2619 ὅτι
1660 2568 1755 2621 ἐὰν

162 2648 615 2719 πολιτευσώμεθα
660 2650 825 2717 ἀξίως
871 2652 1070 2717 αὑτοῦ,
1124 2673 1142 2705 ι
1181 2655 1278 2707 κα)⁸
1325 2656 1755 2726 συμϐασιλεύσο-

166 2756 263 2810 μεν
312 2740 431 2810 (67)
480 2760 501 2791 ι
554 2741 739 2813 αὐτῷ,
805 2743 921 2811 εἴγε
970 2745 1317 2817 πιστεύομεν.
1387 2749 1616 2819 Ὁμοίως
1662 2752 1757 2806 καὶ

160 2831 419 2902 νεώτεροι
451 2832 732 2903 ἄμεμπτοι
765 2837 824 2889 ὲν
852 2837 1006 2901 πᾶσι,
1032 2838 1137 2909 πρὸ
1171 2839 1369 2903 παντὸς
1403 2842 1756 2913 προνοοῦντες

162 2923 425 2991 ἁγνείας,
476 2924 573 2978 καὶ
620 2925 1119 2996 χαλιναγωγοῦντες
1163 2931 1388 2995 ἑαυτοὺς
1418 2933 1525 2986 ἀπὸ
1557 2936 1757 2998 παντὸς

163 3013 354 3067 κακοῦ.
391 3015 575 3069 Καλὸν
606 3017 714 3089 γὰρ
746 3018 804 3071 τὸ
834 3020 1237 3075 ἀνακόπτεσθαι
1255 3021 1364 3093 (68)
1386 3024 1492 3078 ἀπὸ
1511 3024 1617 3080 τῶν
1638 3027 1757 3079 επι-

1932 1736 2176 1792 Scientes
2226 1751 2377 1807 ergo,
2411 1734 2557 1804 quod
2618 1754 2635 1786 ι
2671 1733 2814 1788 Deus
2848 1748 2959 1788 non
2992 1732 3247 1787 irridetur
3291 1731 3337 1764 “
3360 1771 3374 1795 ,
3407 1751 3426 1785 ι

1857 1829 2120 1884 debemus
2163 1827 2325 1899 digne
2377 1826 2632 1880 mandato
2665 1841 2729 1880 ac
2753 1826 3031 1881 voluntate
3073 1824 3194 1891 ejus
3241 1824 3432 1878 ambu-

1856 1921 1990 1975 lare.
2042 1917 2306 1973 Similiter
2334 1918 2549 1973 diaconi
2596 1918 2650 1973 in
2690 1928 2984 1988 conspectu
3036 1918 3264 1986 iustitiae
3310 1917 3430 1987 ejus

1856 2011 2117 2081 inculpati
2152 2026 2275 2066 esse
2305 2011 2523 2075 debent,
2557 2010 2701 2067 sicut
2737 2010 2971 2065 ministri
3006 2009 3099 2065 Dei
3126 2020 3179 2065 et
3200 2010 3424 2074 Christi,

1854 2121 1963 2159 non
2012 2104 2333 2168 hominum;
2384 2118 2451 2157 ne
2502 2103 2929 2159 calumniatores
2990 2103 3120 2169 sint,
3172 2118 3240 2157 ne
3269 2103 3431 2157 bilin—

1854 2210 1986 2265 gues
2029 2194 2096 2259 ³³,
2148 2210 2250 2249 nec
2282 2194 2465 2260 avari;
2503 2193 2597 2249 sed
2644 2195 2993 2249 continentes
3043 2195 3096 2248 in
3145 2194 3429 2257 omnibus,

1854 2285 2263 2352 misericordes,
2317 2285 2533 2349 seduli,
2586 2284 2899 2342 incedentes
2952 2286 3105 2357 juxta
3145 2286 3427 2341 veritatem

1856 2375 2094 2441 Domini,
2119 2378 2213 2447 qui
2253 2377 2499 2432 omnium
2550 2379 2800 2435 minister
2830 2378 3009 2435 factus
3038 2386 3123 2433 est
3148 2377 3225 2444 ἐς
3260 2377 3349 2433 cui
3384 2377 3430 2432 si

1856 2468 1911 2523 in
1944 2469 2047 2524 hoc
2071 2469 2277 2524 saeculo
2299 2470 2692 2539 placuerimus,
2728 2471 3056 2541 recipiemus
3084 2480 3138 2526 et
3159 2469 3428 2533 futurum,

1855 2562 2317 2629 quemadmodum
2370 2563 2644 2631 pollicitus
2671 2570 2755 2618 est
2794 2563 2972 2627 nobis,
2998 2563 3147 2632 quod
3196 2563 3432 2617 resusci-

1858 2653 1991 2708 tabit
2023 2669 2124 2710 nos
2158 2670 2190 2709 e
2224 2656 2476 2719 mortuis,
2521 2655 2798 2725 quodque.
2841 2655 2887 2709 si
2914 2654 3077 2725 digne
3117 2654 3237 2724 ipso
3285 2654 3433 2708 viva-

1857 2760 1980 2799 mus
2011 2748 2081 2811 ",
2122 2765 2142 2797 ι
2172 2747 2336 2801 etiam
2370 2763 2496 2803 cum
2529 2763 2596 2802 eo
2629 2747 2980 2817 regnabimus
3003 2749 3070 2813 ’°,
3103 2767 3123 2799 ι
3163 2747 3433 2816 siquidem

1856 2836 2155 2891 credimus.
2213 2837 2390 2893 Simili
2423 2839 2585 2894 modo
2615 2848 2669 2893 et
2696 2839 2929 2908 juvenes
2965 2839 3018 2891 in
3054 2836 3311 2892 omnibus
3344 2837 3431 2891 iu—

1857 2930 2159 3000 culpabiles
2195 2932 2326 2998 sint,
2374 2941 2503 2987 ante
2554 2931 2739 2987 omnia
2801 2933 3021 2987 solliciti
3055 2933 3122 2986 de
3158 2932 3429 2993 castitate,

1857 3044 1923 3083 ac
1951 3042 2012 3083 se
2041 3026 2110 3082 ab
2141 3027 2293 3081 omni
2328 3026 2473 3081 malo
2503 3024 2866 3080 refrenantes.
2902 3024 3111 3078 Bonum
3152 3024 3295 3077 enim
3325 3032 3428 3086 est,

162 3102 371 3175 θυμιῶν
402 3106 513 3161 τῶν
548 3107 660 3179 (69)
696 3112 753 3164 ὲν
786 3110 863 3181 τῷ
896 3112 1106 3184 κόσμῳ,
1140 3115 1223 3168 ὅτι
1258 3116 1408 3171 πᾶσα
1447 3136 1465 3167 ι
1491 3117 1744 3189 ἐπιθυμία

1867 3119 2106 3175 abscindi
2148 3135 2176 3172 a
2219 3119 2611 3188 cupiditatibus
2642 3118 2807 3188 hujus
2839 3119 3052 3183 mundi,
3086 3118 3213 3188 quia
3248 3118 3430 3171 omnis

163 3195 302 3249 κατά
336 3195 432 3248 τοῦ
468 3197 781 3269 πνεύματος
812 3203 1202 3274 στρατεύεται·
1232 3224 1249 3258 ι
1288 3206 1381 3258 καὶ
1418 3226 1435 3256 ι
1460 3206 1583 3260 οὔτε
1617 3208 1754 3280 πόρ-

162 3306 259 3351 νοι,
294 3288 422 3343 οὔτε
459 3292 716 3362 μαλακοὶ,
750 3294 870 3347 οὔτε
903 3298 1277 3368 ἀρσενοκοῖται
1311 3299 1587 3369 βασιλείαν
1620 3302 1754 3355 Θεοῦ

164 3379 702 3453 κληρονομήσουσιν,
744 3404 762 3436 ι
827 3386 951 3441 οὔτε
1013 3391 1061 3442 οἱ
1110 3389 1387 3454 ποιοῦντες
1446 3392 1513 3445 τὰ
1556 3393 1750 3447 ἄτοπα.

164 3473 249 3525 Διὸ
295 3473 417 3526 δέον
462 3475 770 3546 ἀπέχεσθαι
815 3480 922 3532 ἀπὸ
968 3480 1193 3534 πάντων
1250 3482 1471 3547 τούτων,
1520 3485 1755 3540 ὑποτασ-

166 3564 426 3633 σομένους
476 3568 593 3630 τοῖς
638 3569 1029 3643 πρεσϐυτέροις
1075 3572 1169 3626 καὶ
1208 3573 1494 3638 διακόνοις,
1526 3575 1599 3640 ὡς
1632 3575 1751 3647 Θεῷ

166 3654 256 3706 καὶ
301 3656 526 3727 Χριστῷ
573 3657 720 3726 (70)·
768 3660 865 3723 τὰς
928 3661 1229 3735 παρθένους
1273 3666 1332 3717 ὲν
1378 3665 1594 3737 ἀμώμῳ
1656 3667 1751 3722 καὶ

168 3747 298 3820 ἁγνῇ
336 3749 644 3821 συνειδήσει
678 3758 1019 3824 περιπατεῖν.

1863 3230 1883 3263 ι
1913 3210 2183 3280 cupiditas
2212 3210 2409 3264 militat
2438 3210 2703 3264 adversus
2729 3211 2987 3280 spiritum
3011 3210 3078 3273 ⁸⁷,
3120 3227 3139 3261 ι
3199 3217 3253 3262 et
3287 3224 3308 3259 ι
3338 3223 3433 3261 ne-

1857 3318 1965 3372 que
1994 3300 2298 3365 iornicarii,
2349 3316 2526 3371 neque
2572 3302 2785 3364 molles,
2834 3316 3009 3369 neque
3057 3301 3429 3356 masculorum

1856 3394 2242 3449 concubitores
2296 3409 2523 3464 regnum
2550 3393 2646 3448 Dei
2690 3394 3047 3463 possidebunt
3079 3394 3147 3458 ⁸⁸,
3186 3412 3205 3443 ι
3258 3407 3432 3461 neque

1858 3486 1952 3557 qui
1981 3485 2189 3540 absona
2233 3484 2462 3540 faciunt.
2506 3484 2688 3551 Quare
2717 3494 2928 3554 oportet
2966 3486 3035 3539 ab
3066 3485 3149 3539 his
3177 3483 3433 3537 omnibus

1858 3579 2163 3645 abstinere,
2212 3577 2408 3647 subjici
2460 3588 2638 3632 autem
2697 3577 3025 3648 presbyteris
3068 3586 3122 3632 et
3164 3576 3431 3639 diaconis,

1860 3682 2115 3741 tanquam
2156 3671 2264 3726 Deo
2297 3672 2623 3737 ctChristo;
2660 3670 2897 3741 virgines
2946 3684 3074 3724 vero
3116 3677 3329 3740 oportet
3376 3668 3433 3724 in

1788 3834 1795 3845 ‘
1862 3764 2212 3820 immaculata
2236 3773 2290 3820 et
2314 3774 2464 3819 casta
2499 3763 2835 3818 conscientia
2863 3761 3080 3832 degere.

1084 3911 1174 3967 Vl.
1227 3913 1409 3984 Ofﬁcia
1442 3918 1863 3987 presbyterorum
1893 3928 1942 3974 et
1978 3921 2146 3990 ofﬁcia
2181 3922 2503 3977 communia.

234 4066 344 4120 Καὶ
388 4067 439 4120 οἱ
488 4064 854 4136 πρεσϐύτεροι
898 4066 954 4121 δὲ
1001 4067 1398 4141 εύσπλαγχνοι,
1434 4074 1513 4136 είς
1546 4073 1753 4138 πάντας

169 4158 458 4230 ἐλεήμονες
478 4198 494 4222 ,
530 4158 951 4229 ἐπιστρέφοντες
981 4159 1048 4213 τὰ
1078 4161 1582 4234 άποπεπλανημένα
1615 4165 1750 4235 (71),

170 4250 629 4320 ἑπισκεπτόμενοι
692 4249 898 4314 πάντας
958 4250 1235 4317 ἀσθενεῖς,
1302 4254 1375 4326 μὴ
1423 4256 1752 4327 ἀμελοῦντες

168 4342 373 4413 χήρας,
420 4341 454 4411 ἢ
490 4342 751 4413 ὀρφανοῦ,
798 4342 1125 4414 ἢπένητος’
1174 4345 1307 4399 ἀλλά
1357 4366 1373 4396 ι
1400 4347 1754 4417 προνοοῦντες

168 4433 253 4485 ἀεὶ
282 4434 377 4486 τοῦ
412 4432 582 4487 καλοῦ
629 4433 859 4488 ἐνώπιον
904 4435 1038 4489 Θεοῦ
1073 4438 1166 4491 καὶ
1209 4436 1535 4513 ἀνθρώπων,
1564 4460 1581 4491 ι
1619 4443 1754 4495 άπε-

1930 4074 1997 4130 Ει
2040 4077 2341 4149 presbyteri
2390 4078 2502 4136 sint
2548 4078 2615 4134 ad
2664 4079 3202 4137 commiserationem
3253 4081 3435 4151 pruni,

1861 4169 2245 4227 misericordes
2270 4186 2398 4243 erga
2432 4184 2683 4239 cunctos,
2733 4174 3046 4229 aberrantia
3090 4174 3434 4239 reducentes,

1858 4262 2143 4319 visitantes
2209 4263 2458 4319 inﬁrmos
2518 4280 2731 4331 omnes,
2793 4281 2903 4319 non
2965 4266 3301 4336 negligentes
3351 4266 3438 4319 vi—

1859 4351 2046 4418 duam,
2076 4363 2169 4408 aut
2192 4355 2478 4424 pupillum,
2510 4364 2609 4409 aut
2641 4364 2972 4423 pauperem;
3033 4356 3127 4409 scd
3171 4375 3187 4406 ι
3213 4354 3436 4409 solliciti

1860 4457 2074 4511 semper
2100 4444 2167 4498 de
2208 4445 2349 4499 bono
2372 4460 2559 4500 coram
2592 4444 2703 4499 Deo
2734 4455 2789 4499 et
2810 4445 3125 4499 hominibus
3149 4446 3218 4509 ¹⁹,
3251 4463 3269 4496 ι
3309 4445 3436 4499 abs-

170 4523 385 4595 χόμενοι
448 4525 634 4597 πάσης
693 4525 896 4598 ὀργῆς,
962 4528 1451 4599 προσωποληψίας,
1516 4532 1744 4610 κρίσεως

1867 4534 2092 4588 tinentes
2114 4534 2184 4589 ab
2201 4536 2350 4589 omni
2378 4536 2477 4599 ira,
2495 4536 2813 4603 acceptione
2833 4533 3433 4605 personarum,judicio

238 4681 335 4759 ’.ί-ξ
354 4678 556 4735 Thess.
579 4696 643 4759 _v_,
674 4680 781 4759 l7;
808 4681 995 4759 f‘gal.
1021 4699 1095 4747 vr,
1222 4754 1235 4759 _
1255 4684 1306 4759 ξ’
1341 4682 1528 4759 Irim.
1561 4686 1713 4747 "1,8.
1786 4686 1844 4759 ξ
1868 4685 2061 4759 Matth.
2088 4688 2289 4750 xx,28.
2366 4691 2410 4721 ’⁵
2429 4688 2662 4759 Philipp.
2701 4705 2739 4754 ι,
2766 4688 2857 4744 27.
2933 4688 2980 4720 “
3003 4689 3048 4740 ll
3077 4686 3219 4742 Tim.
3248 4704 3309 4753 ιι,
3343 4687 3431 4743 l2.

170 4747 213 4779 ⁸⁷
245 4748 445 4807 lPetr.
479 4767 540 4815 ιι,
573 4751 661 4805 il.
726 4752 781 4783 ³⁸
809 4753 828 4805 l
859 4751 987 4808 Cor.
1023 4768 1093 4818 vi,
1123 4753 1176 4820 9,
1215 4753 1301 4807 l0.
1382 4756 1424 4785 ¹⁹
1462 4753 1621 4808 Rom.
1657 4771 1744 4820 xu,

1867 4759 1947 4821 ;ll
1970 4757 2097 4811 Cor.
2127 4747 2243 4821 vni,
2276 4759 2363 4813 2|.

172 4934 238 4986 ad
262 4932 536 5004 gorinth"
570 4934 771 5004 cappJ
802 4942 857 4988 et
877 4933 970 4987 2i.
998 4933 1111 4989 Cl‘r.
1138 4934 1527 5004 Prolegomena
1564 4946 1748 4991 nostra

172 5004 235 5057 ad
267 5002 546 5073 Epistolas
588 5002 988 5073 S.Clcmentis,
1022 5021 1076 5058 n.
1112 5006 1164 5059 '5.

242 5072 355 5140 (62)
398 5072 489 5127 Sc.
514 5072 818 5143 διδάξωμεν
849 5074 1092 5138 ἑαυτούς.

244 5145 360 5212 (65)
402 5143 478 5197 lla
518 5141 865 5197 Jacobsonus
910 5160 977 5197 ex
1010 5145 1185 5198 tribus
1232 5145 1388 5198 codd.
1425 5155 1479 5199 et
1513 5156 1616 5201 vet.
1669 5149 1751 5201 in-

174 5222 427 5282 terprete.
465 5214 570 5266 Alii
621 5212 1000 5284 θυσιαστήρια.
1037 5214 1450 5269 Constitutiones
1486 5218 1752 5283 apostolo-

175 5299 288 5335 rum
324 5285 416 5339 lib.
460 5301 519 5347 ll,
558 5299 608 5339 c.
640 5283 732 5353 26.
771 5283 910 5338 hanc
956 5286 1421 5353 comparationem
1465 5287 1751 5341 viduarum

175 5369 297 5408 cum
343 5355 612 5424 altaribus
643 5370 671 5408 a
707 5352 1007 5424 Polycarpo
1038 5352 1299 5424 mutuatae
1333 5371 1452 5409 esse
1480 5357 1748 5411 videntur.

243 5424 357 5483 (64)
404 5425 478 5479 Ita
519 5423 866 5498 Jacobsonus
912 5442 981 5498 eat
1029 5426 1154 5498 cod.
1210 5423 1382 5498 Vatic.
1442 5426 1549 5479 Alii
1596 5426 1754 5498 ἡμῶν

177 5498 479 5549 σκοπεῖται.
515 5494 628 5548 llfr.
669 5510 682 5547 ι
712 5493 882 5547 Clem.
912 5496 981 5547 ad
1014 5494 1161 5555 Cor.,
1197 5512 1246 5549 c.
1275 5495 1364 5547 41.

249 5566 362 5637 (65)
404 5562 1007 5637 lta_Jacobsonus_cum
1044 5566 1227 5637 tribus
1249 5564 1403 5617 codd.
1434 5574 1493 5637 et
1523 5567 1753 5637 venin-

183 5633 434 5693 tcrnretc.
486 5635 626 5689 Huic
667 5634 881 5688 lectioni
911 5637 1074 5689 etiam
1112 5633 1395 5705 Syriacum
1433 5636 1594 5705 hujus
1626 5636 1752 5705 Epi-

184 5705 331 5775 stolae
379 5706 745 5775 fragmentum
801 5705 975 5768 favet,
1034 5707 1179 5773 quod
1207 5704 1539 5772 Curetonus,
1571 5723 1622 5774 p.
1657 5708 1746 5769 54,

187 5773 303 5839 (Cir.
340 5773 540 5851 supfp.
579 5776 701 5845 151)
735 5776 1020 5830 nobiscum
1057 5776 1501 5831 communicarit.
1536 5773 1641 5833 Alii
1673 5779 1747 5832 lc-

1859 4948 2054 5010 gerunt
2089 4942 2145 5010 εν
2170 4939 2405 5010 Χριστῷ.

1932 5008 2044 5075 (66)
2090 5008 2164 5064 lta
2194 5008 2538 5065 J'acolt'sonus
2572 5027 2602 5063 e
2632 5012 2805 5067 tribus
2835 5012 2998 5065 codd.

1931 5079 2399 5152 (677)7Legendum
2449 5081 2840 5152 βασιλεύσομεν
2897 5098 3021 5152 cum
3081 5077 3262 5139 codd.,
3318 5091 3432 5130 non

1861 5149 2272 5227 βασιλεύει-ευμεν
2304 5168 2428 5227 cum
2450 5149 2612 5207 libris
2641 5149 2941 5227 impressis.
2983 5149 3096 5227 J_.\_c.
3272 5226 3277 5227 γ
3345 5216 3356 5227 ι

1933 5221 2047 5291 (68)
2088 5221 2160 5276 lta
2194 5221 2538 5277 Jacobsonus
2572 5238 2636 5275 ex
2685 5223 2858 5291 tribus
2911 5221 3067 5274 codd.
3109 5228 3163 5272 et
3199 5226 3304 5272 vet.
3344 5221 3431 5270 in-

1862 5290 2111 5358 terprete.
2152 5292 2289 5347 Male
2320 5293 2411 5347 alii
2447 5290 2877 5353 ἁνακύπτεσθαι,
2913 5304 3193 5358 emergere.

1956 5362 2047 5426 69)
2088 5362 2308 5417 Addidit
2335 5362 2676 5418 Jacobsonus
2709 5360 2816 5413 τῶν
2839 5376 2903 5414 ex
2941 5357 3064 5412 cod.
3098 5357 3268 5413 Vatic.

1936 5428 2050 5503 (70)
2090 5432 2420 5503 Polycarpus
2459 5431 2697 5503 episcopi
2749 5445 2855 5503 non
2901 5428 3033 5482 facit
3070 5430 3430 5503 mentionem,

1863 5499 2064 5571 quippe
2093 5499 2209 5569 qui,
2243 5499 2565 5571 verecundia
2618 5499 2937 5571 impeditus,
2971 5514 3097 5554 eum
3146 5500 3314 5554 nollet
3344 5515 3437 5555 co-

1864 5569 2091 5625 liortari.
2124 5570 2257 5625 Vide
2288 5570 2480 5629 Bothe,
2514 5570 2640 5635 Anf.
2675 5585 2726 5637 ῖο.
2758 5569 2861 5623 409
2887 5586 2969 5639 sq.

1932 5642 2045 5707 (7i)
2090 5641 2229 5711 Lege
2277 5640 2400 5701 τοὺς
2461 5640 3059 5711 ἀπξιπεπλανημὲνους,
3119 5640 3223 5697 nisi

1862 5710 2108 5783 πρόϐατα
2142 5708 2491 5782 iﬁtclligalur.
2527 5708 2643 5764 JUN.

3295 5639 3435 5698 forte
