3802 6210
418 256 547 311 1011

1610 260 1668 313 8.
1708 259 2089 315 ΡΟΕΥΟΑΚΙῚ
2123 259 2477 316 MARTYRIS

3528 269 3657 323 uti!

414 376 650 443 injuste;
680 376 837 446 longe
864 377 1180 433 recedentes
1198 376 1267 431 ab
1287 378 1434 432 omni
1463 379 1723 446 avaritia;
1752 397 1857 435 non
1877 382 1985 436 cito

2090 383 2305 435 ἁδίκου’
2346 382 2564 453 μακρὰν
2605 381 2757 445 ὄντες
2789 382 2967 452 πάσης
3013 383 3412 455 φιλαργυρίας’
3451 386 3526 454 μὴ
3571 402 3660 437 ταν

412 470 695 523 credentes
718 470 981 524 adversus
1008 469 1245 538 aliquem
1273 487 1288 534 ;
1319 486 1427 524 non
1456 472 1630 526 severi
1664 472 1891 527 nimium
1926 475 1981 528 in

409 559 636 627 judicio,
669 561 925 627 scientes,
956 576 1058 615 nos
1081 577 1273 616 omnes
1302 562 1575 617 debitores
1603 579 1724 619 esse
1753 567 1979 634 peccati.

420 651 478 704 Si
509 668 640 722 ergo
680 652 1041 721 deprecamur
1074 654 1387 719 Dominum,
1423 664 1484 709 ut
1523 656 1681 710 nobis
1720 657 1979 723 dimittat,

410 742 670 799 debemus
700 753 755 798 et
782 760 881 801 nos
912 746 1186 803 dimittere
1208 748 1282 812 ³ος
1313 763 1438 801 nam
1467 763 1653 803 coram
1680 748 1897 805 Domini
1928 759 1983 806 et

411 833 505 891 Dei
532 835 705 890 oculis
733 853 947 902 sumus,
975 847 1030 892 et
1066 856 1085 889 ι
1114 853 1308 895 omnes
1336 848 1463 894 ante
1512 840 1750 895 tribunal
1776 840 1980 897 Christi

409 940 584 996 stare,
629 940 684 988 et
717 948 1165 1003 unumquemque
1209 949 1309 1003 pro
1348 950 1407 991 se
1441 936 1709 992 rationem
1756 936 1980 991 reddere

408 1030 619 1089 oportet
642 1022 707 1075 ³¹.
742 1041 760 1074 ›
823 1022 914 1079 Sic
944 1023 1131 1093 itaque
1164 1025 1473 1079 serviamus
1521 1026 1598 1080 illi
1626 1041 1749 1080 cum
1786 1026 1980 1081 timore

406 1122 461 1169 et
493 1114 643 1169 omni
676 1115 1003 1180 reverentia,
1034 1117 1177 1171 sicut
1207 1118 1462 1186 praecepit
1489 1117 1623 1187 ipse,
1647 1127 1701 1172 et
1726 1116 1975 1187 apostoli,

406 1204 503 1274 qui
537 1206 695 1261 nobis
724 1204 1081 1277 Evangelium
1116 1209 1541 1272 annuntiarunt,
1590 1218 1645 1264 et
1680 1211 1975 1279 prophetat,

405 1294 500 1364 qui
562 1293 779 1350 Domini
844 1298 1021 1353 nostri
1098 1298 1391 1353 adventum
1452 1284 1973 1370 prazsignilicarunt;

405 1386 668 1453 studiose,
720 1390 864 1458 quod
905 1389 1110 1444 bonum
1156 1400 1260 1457 est,
1297 1400 1594 1455 sectantes,
1639 1391 1976 1446 abstinentes

403 1492 435 1536 a
479 1478 753 1535 scandalis
797 1491 851 1534 et
906 1496 934 1533 a
967 1479 1119 1535 falsis
1176 1479 1437 1535 fratribus
1474 1491 1529 1536 et
1573 1482 1643 1535 ab
1691 1483 1759 1536 iis
1787 1482 1880 1551 qui
1920 1482 1973 1537 in

405 1568 676 1641 hypocrisi
712 1585 909 1625 nomen
934 1571 1152 1627 Domini
1182 1573 1384 1639 ferunt,
1408 1575 1502 1642 qui
1534 1589 1703 1628 vanos
1727 1575 1976 1630 homines

404 1662 462 1723 in
493 1677 737 1723 errorem
773 1665 1060 1725 inducunt.

2085 474 2223 543 χὲως
2255 474 2600 538 πιστεύοντες
2646 475 2787 528 κατά
2818 492 2957 537 τινος
2978 493 2990 504 ·
3029 476 3104 545 μὴ
3136 476 3407 546 άπότομοι
3452 478 3510 528 ὲν
3542 479 3656 547 κρῖ-

2086 582 2188 629 σει,
2223 565 2419 629 εἰδότες
2463 569 2543 620 ὅτι
2576 568 2774 631 πάντες
2818 567 3088 636 ὀφειλέται
3136 570 3305 638 ἐσμὲν
3363 570 3654 641 ἁμαρτίας.

2084 658 2146 713 Ei
2177 654 2272 711 οὖν
2303 658 2537 730 δεόμεθα
2568 660 2661 713 τοῦ
2680 659 2884 730 Κυρίου
2905 699 2920 723 ,
2967 661 3055 715 ἵνα
3087 663 3220 731 ημῖν
3250 664 3365 731 άφῇ
3390 700 3404 723 ,
3451 662 3650 731 ὀφείλοο

2087 768 2185 825 μεν
2216 751 2310 805 καὶ
2343 753 2505 821 ἡμεῖς
2549 751 2802 819 ἀφιέναι*
2839 751 3099 809 ἀπέναντι
3130 752 3239 823 γὰρ
3285 752 3396 804 τῶν
3427 752 3521 805 τοῦ
3552 755 3656 806 Κυ-

2086 842 2201 912 ρίου
2248 841 2341 895 καὶ
2385 839 2522 893 Θεοῦ
2569 843 2736 911 ἐσμεν
2780 840 3095 911 ὀφθαλμῶν,
3142 842 3238 894 καὶ
3287 860 3307 892 ι
3332 841 3543 905 πάντας
3581 843 3657 895 δεῖ

2082 934 2427 1005 παραστῆναι
2470 932 2547 1003 τῷ
2593 931 2797 1003 βήματι
2842 932 2935 989 τοῦ
2968 932 3241 1003 Χριστοῦ,
3288 934 3387 985 καὶ
3430 934 3653 987 ἕκαστον
3696 998 3704 1007 ,

2082 1027 2221 1098 ὑπὲρ
2268 1026 2460 1079 ἑαυτοῦ
2503 1025 2659 1094 λόγον
2702 1023 2905 1081 δοῦναι.
2933 1044 2952 1077 ι
2999 1024 3184 1088 Οὓτως
3238 1021 3331 1078 οὖν
3363 1025 3653 1079 δουλεύσω-

2082 1136 2182 1188 μεν
2213 1117 2361 1187 αὐτῷ
2397 1117 2535 1187 μετὰ
2580 1116 2745 1185 φόϐου
2780 1116 2875 1169 καὶ
2907 1115 3089 1187 πάσης
3120 1116 3446 1180 εὐλαϐείας,
3480 1118 3650 1181 καθὼς

2078 1205 2240 1268 αὐτὸς
2272 1206 2605 1268 ἐνετείλατο,
2642 1205 2738 1263 καὶ
2768 1206 2814 1257 οἱ
2848 1196 3337 1277 εὐαγγελισάμενοι
3382 1209 3515 1277 ἡμῖν
3546 1207 3648 1275 (72)

2079 1295 2367 1357 ἀπόστολοι
2387 1337 2403 1360 ,
2437 1296 2533 1350 καὶ
2575 1298 2624 1351 oi
2657 1298 2968 1368 προφῆται,
3000 1300 3048 1354 oi
3082 1298 3532 1369 προκηρύξαντες
3561 1299 3650 1369 τὴν

2079 1389 2289 1442 ἔλευσιν
2329 1389 2423 1442 τοῦ
2456 1389 2661 1461 Κυρίου
2707 1388 2861 1460 ἡμῶν
2882 1408 2894 1420 ·
2932 1388 3171 1460 ζηλωταὶ
3214 1389 3347 1459 περὶ
3379 1390 3439 1442 τὸ
3472 1390 3645 1454 καλὸν,

2075 1483 2405 1559 ἀπεχόμενοι
2451 1480 2559 1534 τῶν
2606 1482 2914 1535 σκανδάλων
2972 1482 3067 1535 καὶ
3110 1482 3220 1535 τῶν
3275 1481 3646 1551 ψευδαδέλφων

2075 1574 2172 1628 καὶ
2215 1574 2324 1627 τῶν
2363 1577 2422 1626 ὲν
2462 1573 2744 1644 ὑποκρίσει
2791 1573 3064 1643 φερόντων
3109 1573 3169 1625 τὸ
3212 1572 3385 1643 ὄνομα
3418 1573 3531 1641 (75)
3561 1571 3645 1625 τοῦ

2075 1666 2305 1743 Κυρίου,
2336 1667 2532 1731 οἵτινες
2563 1664 2916 1719 suamnam
2948 1665 3139 1729 κενοὺς
3170 1664 3512 1738 ἀνθρώπους.

1143 1840 1251 1901 νιι.
1291 1842 1484 1915 Fugite
1516 1843 1741 1899 Docetas
1763 1884 1777 1908 ,
1813 1851 1863 1898 et
1895 1851 2218 1913 perseverate
2248 1844 2303 1897 in
2321 1841 2542 1912 jejunus
2575 1850 2625 1897 et
2650 1842 2909 1897 oratione.

477 2013 497 2046 ι
528 1996 714 2050 Omnis
764 1995 909 2049 enim
954 1996 1046 2066 qui
1098 2011 1206 2051 non
1255 1994 1543 2053 confessus
1598 1997 1761 2053 fuerit
1785 1996 1970 2053 Jesum

2151 2016 2169 2048 ι
2205 1997 2322 2060 Πᾶς
2365 1996 2494 2068 γὰρ,
2526 1996 2586 2060 δς
2625 1995 2692 2050 ἂν
2726 1996 2801 2067 μὴ
2846 1997 3115 2067 ὁμολογῇ,
3162 1995 3375 2067 Ἰησοῦν
3421 1994 3645 2066 Χριστὸν

398 2088 676 2142 Christum
725 2089 778 2142 in
811 2104 976 2144 carne
1014 2090 1262 2155 venisse,
1302 2089 1674 2145 Antichristus
1713 2099 1796 2145 est
1830 2092 1901 2156 ³¹;
1951 2108 1971 2143 ι

398 2188 454 2235 et
484 2180 578 2248 qui
612 2196 717 2235 non
750 2180 1037 2235 confessus
1084 2179 1249 2235 fuerit
1298 2182 1622 2252 martyrium
1670 2183 1875 2245 crucis,
1908 2198 1975 2237 ex

397 2272 618 2327 diabolo
658 2282 775 2340 est;
824 2284 878 2327 et
926 2274 1020 2342 qui
1050 2272 1278 2343 Eloquia
1319 2272 1533 2328 Domini
1583 2274 1650 2328 ad
1705 2274 1973 2329 desideria

398 2379 495 2418 sua
543 2365 863 2431 traduxerit,
916 2367 1219 2437 dixeritque
1262 2383 1364 2421 nec
1391 2366 1844 2421 resurrectionem
1877 2380 1977 2420 nec

394 2458 661 2528 judicium
710 2477 861 2525 esse,
900 2462 989 2515 hic
1027 2462 1422 2531 primogenitus
1451 2470 1535 2515 est
1565 2459 1800 2514 Satanas.
1851 2459 1975 2514 Ideo

398 2550 771 2620 relinquentes
817 2553 1109 2606 vanitatem
1160 2553 1456 2605 multorum
1488 2562 1541 2605 et
1564 2550 1731 2605 falsas
1766 2550 1971 2604 doctri-

397 2656 522 2706 nas,
569 2643 636 2697 ad
677 2644 932 2698 traditam
985 2646 1142 2700 nobis
1194 2644 1263 2698 ab
1316 2644 1471 2697 initio
1519 2643 1823 2697 doctrinam
1877 2657 1968 2696 re-

397 2745 677 2790 vertamur
705 2738 771 2803 ⁸³,
812 2756 829 2787 ι
854 2738 1144 2807 vigilantes
1177 2738 1229 2791 in
1265 2737 1604 2791 orationibus
1620 2737 1663 2768 ³⁸
1694 2754 1713 2787 ι
1763 2745 1817 2790 et
1843 2750 1969 2805 per-

400 2836 712 2882 severantes
754 2828 808 2881 in
839 2828 1090 2898 jejuniis,
1122 2830 1387 2897 precibus
1438 2837 1689 2898 rogantes
1723 2827 1966 2880 omnium

398 2928 810 2987 conspectorem
846 2919 1038 2983 Deum,
1080 2940 1097 2970 ι
1129 2936 1195 2974 ne
1229 2936 1327 2975 nos
1365 2920 1587 2975 inducat
1622 2921 1673 2973 in
1710 2918 1966 2973 tentatio-

398 3023 520 3063 nem
549 3009 615 3076 ³³,
658 3029 676 3062 ι
733 3013 876 3067 sicut
901 3013 1037 3068 dixit
1064 3013 1327 3069 Dominus
1358 3031 1372 3066 :
1429 3034 1447 3064 σ
1477 3012 1714 3082 Spiritus
1746 3011 1967 3081 quidem

395 3110 679 3180 promptus
707 3112 811 3171 est,
844 3119 975 3159 caro
1005 3115 1188 3165 autem
1219 3105 1435 3161 inllrma
1460 3105 1524 3157 ³⁸.
1554 3124 1571 3155 ι

2071 2089 2130 2139 ὲν
2164 2088 2329 2159 σαρκὶ
2361 2086 2706 2159 ἐληλυθέναι,
2752 2086 3119 2157 Ἀντίχριστός
3150 2090 3268 2140 ἐστι
3288 2104 3336 2137 ο»
3375 2085 3471 2139 καὶ
3499 2085 3556 2148 δς
3583 2084 3643 2138 ἂν

2076 2177 2149 2248 μὴ
2182 2179 2414 2249 ὁμολογῇ
2447 2178 2506 2231 τὸ
2540 2177 2841 2249 μαρτύριον
2871 2176 2964 2229 τοῦ
3011 2176 3246 2249 σταυροῦ
3266 2217 3283 2242 ,
3318 2179 3384 2230 ὲκ
3415 2176 3508 2228 τοῦ
3538 2175 3642 2228 δια-

2072 2273 2226 2325 ϐόλου
2275 2272 2421 2324 ἐστί’
2458 2271 2553 2325 καὶ
2582 2270 2641 2334 ὃς
2682 2270 2751 2323 ἂν
2796 2268 3058 2343 μεθοδεύῃ
3100 2270 3169 2323 τὰ
3198 2270 3373 2338 Δόγια
3416 2268 3511 2323 τοῦ
3542 2271 3642 2322 Κυ-

2074 2366 2190 2437 ρίου
2241 2366 2379 2435 πρὸς
2422 2363 2522 2427 τὰς
2574 2362 2709 2426 ιδίας
2760 2361 3089 2432 ἐπιθυμίας,
3138 2361 3233 2415 καὶ
3286 2361 3460 2434 λέγῃ,
3513 2363 3639 2431 μήτε

2070 2457 2364 2511 ἀνάστασιν
2399 2457 2533 2526 μήτε
2566 2455 2746 2527 κρίσιν
2778 2452 2939 2520 εἶναι,
2971 2451 3125 2520 οὗτος
3156 2454 3503 2526 πρωτότοκος
3533 2456 3638 2506 ἐστι

2073 2549 2165 2601 τοῦ
2198 2550 2429 2602 Σατανᾶ.
2489 2549 2580 2601 Διὸ
2610 2548 2997 2612 ἀπολείποντες
3030 2548 3141 2618 (74)
3175 2549 3274 2618 τὴν
3309 2548 3636 2618 ματαιότητα

2074 2638 2181 2691 τῶν
2213 2637 2421 2691 πολλῶν
2452 2637 2549 2690 καὶ
2579 2637 2678 2701 τάς
2707 2636 3214 2706 ψευδοδιδάσκαλίας
3248 2637 3388 2705 (75),
3434 2637 3526 2689 ἐπὶ
3555 2636 3637 2688 τὸν

2070 2730 2128 2797 ἐξ
2173 2729 2350 2801 ἀρχῆς
2394 2731 2526 2800 ἡμῖν
2578 2729 2949 2801 παραδοθέντα
2992 2729 3147 2799 λόγον
3206 2728 3634 2799 ἐπιστρέψωμεν,

2075 2840 2093 2872 ι
2119 2822 2375 2891 νήφοντες
2407 2820 2543 2891 πρὸς
2574 2819 2669 2882 τὰς
2702 2818 2865 2889 εὐχάς
2884 2859 2899 2881 ,
2926 2837 2944 2868 ι
2981 2818 3076 2871 καὶ
3108 2814 3636 2888 προσκαρτεροῦντες

2070 2911 2375 2982 νηστείαις,
2432 2911 2681 2981 δεήσεσιν
2741 2910 3047 2980 αἰτούμενοι
3104 2910 3194 2962 τὸν
3256 2907 3636 2976 παντεπόπτην

2070 3004 2223 3068 Θεὸν,
2292 3023 2311 3054 ι
2358 3003 2432 3074 μὴ
2492 3003 2821 3071 εἰσενεγκεῖν
2876 3003 3023 3071 ἡμᾶς
3082 3002 3163 3063 είς
3226 2998 3563 3070 πειρασμὸν,
3613 3015 3631 3046 ι

2072 3092 2255 3157 καθὼς
2287 3089 2440 3147 εἶπεν
2471 3095 2500 3145 ὁ
2522 3092 2724 3166 Κύριος
2744 3110 2756 3123 ·
2797 3111 2816 3144 ι
2839 3092 2912 3145 Τὸ
2952 3091 3049 3163 μὲν
3083 3090 3302 3161 πνεῦμα
3344 3088 3635 3161 πρόθυμον,

1992 3164 2036 3220 C
2069 3189 2102 3257 ἡ
2136 3186 2192 3239 δὲ
2225 3185 2361 3259 σάρξ
2394 3164 2642 3256 ἀσθενής.
2670 3204 2689 3237 ι

1423 3364 1557 3420 Vlll.
1589 3363 1925 3428 Perseverate
1952 3364 2005 3418 in
2034 3378 2123 3431 spe
2154 3372 2203 3414 et
2237 3361 2291 3415 in
2323 3361 2604 3431 patientia.

468 3520 841 3580 lndesiuenter
887 3539 1017 3595 ergo
1067 3537 1479 3593 perseveremus
1530 3520 1583 3574 in
1636 3535 1731 3590 spe
1779 3527 1966 3574 nostra

2174 3513 2558 3577 Ἀδιαλείπτως
2619 3508 2712 3567 οὖν
2773 3509 3277 3586 πφσκαρτερῶμεν
3339 3513 3407 3581 τῇ
3470 3509 3637 3569 ἐλπίδι

392 3627 445 3677 ct
480 3620 715 3690 pignore
725 3620 952 3690 justitiae
978 3631 1196 3684 nostra,
1219 3620 1367 3689 quod
1395 3630 1479 3673 est
1506 3619 1760 3673 Christus
1783 3616 1965 3683 Jesus,

2080 3606 2221 3680 ῇμῶν
2266 3607 2361 3659 καὶ
2513 3603 2792 3677 ἀρραϐῶνι
2835 3604 2932 3674 τῆς
2963 3601 3323 3672 Δδικαιοσύνης
3357 3603 3533 3671 ἡμῶν,
3578 3602 3636 3666 ὃς

398 3728 417 3760 ι
452 3710 545 3779 qui
598 3722 819 3781 peccata
854 3723 1041 3767 nostra
1078 3714 1132 3766 in
1167 3726 1394 3781 corpore
1427 3726 1527 3765 suo
1561 3726 1723 3779 super
1756 3712 1963 3780 lignum

2080 3716 2178 3751 LO'TL
2235 3699 2470 3769 Χριστὸς
2515 3697 2751 3768 Ἰησοῦς,
2820 3716 2837 3745 ι
2876 3695 2935 3758 ὃς
2994 3696 3296 3767 ἀνήνεγκεν
3356 3695 3515 3765 ἡμῶν
3544 3694 3636 3759 τὰς

391 3803 614 3877 pertulit
637 3804 704 3869 ³⁷,
743 3805 839 3873 qui
872 3813 1153 3873 peccatum
1199 3819 1306 3857 non
1352 3804 1513 3869 fecit,
1562 3818 1661 3857 nec
1712 3803 1963 3856 inventus

2080 3790 2333 3861 ιμαρτίας
2379 3789 2456 3859 τῷ
2503 3790 2617 3859 ίδίῳ
2662 3788 2872 3858 σώματι
2914 3788 3004 3841 ἐπὶ
3049 3787 3108 3840 τὸ
3141 3786 3316 3854 ξύλον,
3358 3786 3417 3850 ὃς
3462 3788 3636 3858 (ἁμαρ⁴

390 3903 477 3947 est
504 3896 663 3951 dolus
698 3896 753 3949 in
788 3912 882 3951 ore
911 3895 1035 3965 ejus
1066 3896 1144 3961 ³⁸;
1180 3916 1198 3947 ι
1254 3895 1347 3950 sed
1383 3905 1603 3965 propter
1649 3912 1771 3959 nos,
1806 3904 1866 3948 ut
1907 3894 1959 3947 in

2080 3880 2179 3933 τίαν
2209 3880 2310 3933 οὐκ
2340 3880 2612 3951 ἐποίησεν,
2645 3879 2765 3932 οὐδὲ
2806 3878 3003 3950 εὑρέθη
3037 3878 3187 3941 δόλος
3211 3880 3269 3932 ὲν
3300 3878 3379 3948 τῷ
3410 3878 3635 3948 στόματι

2062 3971 2308 4027 αὐτοῦ’»
2376 3971 2511 4025 ἀλλὰ
2566 3972 2634 4025 δι’
2690 3972 2856 4041 ἡμᾶς,
2921 3970 3007 4023 ἵνα
3059 3970 3313 4041 ζήσωμεν
3370 3970 3428 4021 ὲν
3471 3966 3631 4037 αὐτῷ,

2064 4062 2243 4117 πάντα
2291 4063 2552 4133 ὑπέμεινε
2584 4061 2717 4133 (76).
2770 4060 3021 4131 Μιμητα).
3064 4057 3158 4112 οὖν
3204 4058 3494 4129 γενώμεθα
3544 4058 3633 4127 τῆς

2064 4154 2343 4224 ὑπομονῆς
2374 4154 2538 4207 αὑτοῦ
2566 4170 2580 4185 ο
2633 4154 2729 4207 καὶ
2760 4153 2853 4205 ἐὰν
2896 4152 3195 4222 πάσχωμεν
3251 4151 3339 4203 διὰ
3369 4151 3432 4203 τὸ
3471 4151 3633 4219 ὄνομα

2063 4245 2249 4309 αὐτοῦ,
2298 4245 2607 4315 δοξάζωμεν
2640 4246 2751 4316 (77)
2784 4244 2965 4297 αὐτόν.
3011 4243 3212 4296 Τοῦτον
3243 4243 3353 4313 γὰρ
3386 4244 3519 4313 ἡμῖν
3549 4241 3634 4293 τὸν

2064 4337 2427 4410 ὑπογραμμὸν
2471 4336 2634 4407 ἔθηκε
2664 4336 2730 4389 δι’
2761 4336 2973 4399 ἑαυτοῦ,
3008 4335 3103 4389 καὶ
3135 4336 3295 4407 ἡμεῖς
3341 4333 3496 4386 τοῦτο
3526 4332 3630 4401 (78)

1990 4441 2034 4497 ι)
2063 4430 2487 4500 ἐπιστεύσαμεν.

391 3987 512 4054 ipso
540 3987 790 4046 vivamus
813 3988 879 4054 ³⁸,
913 3988 1097 4041 omnia
1130 3987 1411 4043 sustinuit.
1460 3988 1766 4041 imitatores
1796 3988 1959 4057 igitur

390 4079 565 4132 simus
613 4079 885 4147 patientia:
917 4080 1066 4148 ejus;
1113 4087 1168 4132 et
1208 4081 1251 4132 si
1288 4081 1557 4149 patiamur
1605 4090 1825 4148 propter
1856 4095 1957 4133 no-

389 4187 516 4227 men
563 4173 683 4241 ejus
704 4172 790 4239 δ’,
846 4172 1016 4242 gloria
1071 4174 1220 4226 illum
1275 4173 1595 4227 afﬁciamus.
1649 4171 1762 4227 Hoc
1811 4174 1955 4225 enim

388 4266 697 4333 exemplum
754 4266 910 4320 nobis
965 4265 1149 4335 posuit
1210 4266 1263 4319 in
1320 4280 1377 4320 se
1433 4264 1582 4335 ipso,
1629 4274 1683 4321 et
1746 4280 1846 4319 nos
1905 4265 1958 4318 id

386 4357 743 4421 credidimus.
916 4338 928 4349 ’

1291 4594 1379 4649 IX.
1417 4596 1722 4653 Exerceatis
1757 4601 2068 4669 patientiam
2101 4602 2343 4672 exemplo
2374 4601 2598 4673 lgnatii,
2625 4617 2731 4665 etc.

457 4748 609 4819 Rogo
655 4754 837 4821 itaque
886 4767 983 4807 vos
1025 4768 1234 4818 omnes,
1273 4762 1327 4806 ut
1362 4752 1630 4807 obediatis
1664 4755 1828 4809 verbo
1859 4755 1949 4824 ju-

456 4930 500 4961 ’°
533 4930 723 4984 Matth.
748 4947 822 4992 vl,
850 4932 933 4995 ιε,
972 4933 1055 4985 14.
1135 4932 1171 4962 ³¹
1211 4932 1368 4985 Rom.
1395 4948 1506 4995 xw,
1545 4932 1630 4993 10.
1664 4934 1750 4987 12.

384 5016 460 5065 vl,
486 5002 582 5066 1'5;
616 5017 763 5065 xu'l,
788 5004 876 5055 41.

384 5072 431 5103 ⁸⁸
457 5070 577 5127 Act.
602 5087 653 5135 ν,
686 5069 744 5125 41
774 5090 787 5137 ;
823 5074 840 5123 1
872 5071 1018 5125 Pclr.
1063 5089 1133 5137 Iv,
1176 5074 1255 5126 16.

454 5243 569 5325 (72)
610 5247 712 5301 Ms.

454 5317 719 5372 1751011³.
794 5337 882 5372 an.

452 5317 567 5384 (75)
604 5317 719 5370 Cir.
772 5316 882 5387 Ιῇζη.
933 5320 1003 5371 ad
1049 5318 1181 5388 Eph.
1236 5336 1284 5373 c.
1330 5318 1361 5369 7
1389 5336 1399 5369 :
1432 5318 1570 5386 δόλῳ
1615 5316 1840 5388 πονηρῷ
1895 5316 1953 5369 τὸ

380 5386 556 5459 δνομα
583 5388 919 5459 περιφέρειν.
953 5389 1069 5444 Jac.

454 5404 551 5509 λμα
583 5404 919 5459 περιφερειν.
953 5404 1069 5444 uc.

454 5460 470 5539 ς
511 5458 583 5539 4)·
608 5457 687 5539 Ita
714 5475 792 5539 ex.
812 5462 1184 5539 trihusﬁcodd.
1219 5460 1452 5515 restituit
1480 5458 1823 5539 Jacobsonns
1850 5471 1950 5539 pro

380 5527 527 5600 vulg.
561 5528 939 5600 ἀπολιπόντες.
991 5528 1325 5600 Polycarpus
1379 5530 1685 5600 respexisse
1732 5528 1949 5583 videtur

381 5595 561 5667 locum
596 5598 653 5649 S.
672 5598 987 5660 Clementis,
1020 5595 1107 5667 ep:
1145 5618 1159 5653 ι
1192 5595 1258 5653 αἱ(
1283 5600 1547 5661 Corium,
1578 5618 1624 5651 ς.
1663 5599 1714 5649 7.

453 5665 565 5737 (75)
606 5666 717 5737 Cir.
754 5684 913 5737 supra
948 5686 996 5721 (τ.
1027 5665 1079 5723 27.

455 5736 567 5806 (76)
606 5736 719 5791 Cir.
762 5736 873 5807 lgn.
926 5739 994 5794 ad
1024 5739 1203 5821 Ροίυε.
1259 5759 1305 5797 e.
1356 5743 1387 5794 5
1420 5761 1429 5795 :
1479 5743 1565 5797 τὸν
1598 5746 1737 5803 κατὰ
1774 5748 1943 5807 πάντα

1856 4934 1899 4965 ³⁸
1934 4933 2133 4988 lJoan.
2167 4948 2239 4995 Iv,
2276 4935 2332 4989 5.

970 5003 1013 5032 ³⁸
1048 5002 1232 5055 Matth.
1269 5020 1415 5063 xxvi.
1446 5005 1548 5067 ait;
1590 5004 1757 5059 Marc.
1798 5021 1909 5070 xlv,
1943 5005 2032 5060 58.
2111 5005 2154 5035 ³⁷
2188 5003 2377 5065 lPetr.
2405 5020 2464 5068 II,
2493 5006 2582 5061 24.

2131 4756 2243 4825 (79)
2277 4757 2583 4827 Παρακαλῶ
2612 4754 2703 4811 οὖν
2738 4756 2945 4820 πάντας
2999 4757 3142 4828 ὑμᾶς
3192 4756 3510 4827 πειθαρχεῖν
3556 4754 3625 4823 τῷ

2435 4936 2479 4966 ³³
2508 4934 2633 4991 Jlld.
2669 4936 2721 4989 5.
2799 4935 2886 4987 ³⁸1
2916 4935 3059 4988 Pelr.
3092 4950 3164 4991 Iv.
3193 4933 3245 4989 7.
3366 4934 3411 4965 ⁸⁸
3448 4930 3617 4985 Matth.

2690 5008 2734 5038 ³⁸
2762 5006 2923 5073 Ibid.,
2961 5006 3053 5065 (ὶῆ.
3151 5006 3195 5035 ³⁸
3222 5006 3243 5057 l
3273 5002 3434 5059 Joan.
3472 5020 3539 5065 ιν,
3570 5002 3616 5053 9.

2058 5251 2355 5328 xpdchv-Bt'
2574 5250 3010 5328 ὑπομείνανταοη
3065 5320 3096 5328 __
3238 5318 3257 5328 ,
3482 5317 3493 5328 .

2130 5322 2243 5390 (77)
2277 5322 2349 5376 lta
2377 5318 2718 5378 Jacobsonu's
2747 5338 2777 5376 e
2805 5324 2927 5376 cod.
2963 5318 3613 5375 Medieeu—Laurentiano.

2062 5386 2567 5476 V";'s.-;5?€é¢°rev~
2660 5462 2673 5476 .
2756 5462 2769 5474 .
2870 5463 2903 5476 _.
3020 5473 3028 5476 _
3212 5459 3237 5471 -
3432 5459 3483 5476 ..

2128 5456 2244 5529 (78)
2275 5456 2337 5517 LI
2364 5456 2559 5532 τούτῳ·
2596 5462 2698 5529 vel,
2726 5462 2771 5517 si
2806 5463 3105 5518 retineatur
3148 5459 3329 5525 τοῦτο,
3364 5456 3609 5516 subintel-

2055 5532 2157 5602 lige
2184 5532 2343 5587 εἶναι.
2376 5534 2569 5587 SIITH.

2126 5605 2238 5672 (79)
2282 5605 2455 5659 Totus
2485 5606 2573 5657 hic
2602 5602 2754 5657 locus
2786 5618 2961 5671 usque
2987 5603 3051 5655 ad
3103 5602 3411 5656 ἀναστάντα
3443 5607 3521 5655 est
3549 5593 3611 5653 ab

2056 5675 2291 5733 Eusebio
2330 5676 2614 5745 repetitus,
2657 5674 2798 5726 Hist.
2837 5673 2965 5729 θερί.
3004 5689 3086 5739 m,
3121 5674 3207 5727 36.
