3766 6336
442 267 579 321 “HS

1604 264 1659 316 S.
1701 263 2080 318 POLYCARPI
2122 262 2475 318 MARTYRlS

3529 269 3619 325 ιθιε

442 399 605 453 super
638 382 972 437 iracundiam
1013 391 1246 433 vestram
1283 378 1347 432 ⁸³.
1389 398 1406 428 ι
1440 378 1638 432 Beatus
1679 379 1772 447 qui
1829 380 2136 433 meminerit
2175 379 2317 449 (96);
2354 380 2498 449 quod
2527 396 2626 449 ego
2657 382 2820 435 credo
2854 396 2972 436 esse
3020 382 3073 434 in
3106 381 3288 436 vobis.
3331 381 3464 439 Deus
3499 400 3620 441 autem

443 488 496 531 et
527 475 686 530 Pater
715 476 925 529 Domini
958 474 1127 528 nostri
1164 473 1290 527 Jesu
1331 470 1557 535 Christi,
1593 480 1647 524 et
1677 473 1792 539 ipse
1829 473 2194 541 sempiternus
2223 472 2460 541 pontifex
2484 513 2498 536 ,
2538 472 2628 527 Dei
2664 473 2834 528 Filius
2861 472 3019 529 Jesus
3047 473 3327 541 Christus,
3348 476 3545 531 aediﬁcet
3566 497 3625 535 te;

445 571 498 623 in
530 570 631 624 ﬁde
649 582 700 625 et
729 570 977 631 veritate,
1007 578 1061 623 et
1090 568 1142 621 in
1169 568 1316 621 omni
1348 566 1786 631 mansuetudine,
1822 578 1874 621 et
1910 568 2029 621 sine
2062 567 2366 633 iracundia,
2398 577 2452 621 et
2487 569 2541 622 in
2573 570 2830 637 patientia
2863 578 2916 623 et
2946 570 3360 639 longanimitate
3386 580 3435 623 et
3458 571 3625 625 toleras

445 663 517 715 tia
545 670 600 715 et
628 664 905 727 castitate;
932 672 982 715 et
1012 663 1101 717 det
1135 662 1293 716 vobis
1317 670 1516 715 sortem
1540 670 1593 715 et
1615 672 1821 729 partem
1855 662 1996 715 inter
2022 672 2240 717 sanctos
2278 678 2437 726 suos,
2471 670 2524 715 et
2552 661 2709 715 nobis
2742 661 3023 716 vobiscum
3055 671 3108 715 et
3135 663 3397 717 omnibus
3436 664 3514 731 qui
3546 680 3627 719 sua

446 753 551 806 sub
578 754 736 813 cado.
770 752 860 821 qui
892 751 1149 806 credituri
1182 760 1310 805 sunt
1350 752 1402 804 in
1434 750 1719 805 Dominum
1755 762 2004 807 nostrum
2046 752 2231 805 Jesum
2260 752 2543 807 Christum
2581 764 2635 807 et
2664 754 2718 807 in
2751 754 2923 823 ipsius
2952 754 3193 817 Patrem,
3220 756 3323 824 qui
3357 773 3376 805 ‹
3409 758 3627 809 resuscita-

443 845 520 898 vit
550 859 673 897 eum
698 860 724 897 a
747 844 975 897 mortuis
1006 844 1075 897 ⁵ο.
1114 862 1130 891 ι
1163 840 1269 895 Pro
1288 844 1544 898 omnibus
1564 844 1769 898 sanctis
1794 854 1965 898 orate.
1989 843 2151 899 Orate
2174 846 2338 900 etiam
2361 861 2459 913 pro
2491 842 2710 914 regibus
2739 856 2791 900 et
2813 847 3174 916 potestatibus
3197 858 3256 901 et
3281 847 3629 916 principibus",

446 948 606 1006 atque
630 953 726 1006 pro
756 936 1211 1006 persequentibus
1241 948 1293 991 et
1315 937 1625 992 odientibus
1658 953 1757 993 vos
1788 937 1831 969 ⁵¹
1853 978 1868 1004 ,
1893 947 1947 992 et
1978 954 2077 1007 pro
2115 937 2353 993 inimicis
2384 940 2600 995 crucis:
2643 948 2703 993 ut
2734 938 2947 996 fructus
2981 949 3160 995 vester
3188 939 3504 995 manifestus
3525 942 3576 995 sit
3601 945 3631 993 in

445 1030 719 1091 omnibus,
754 1040 812 1084 ut
841 1031 959 1085 sitis
995 1033 1047 1084 in
1073 1032 1165 1085 illo
1196 1030 1441 1100 perfecti.

950 1186 1087 1239 Xlll.
1127 1185 1394 1256 Epistolas
1424 1196 1622 1240 vestras
1663 1187 2001 1241 Antiochenis
2034 1186 2267 1242 tradam.
2311 1186 2467 1242 Vobis
2500 1188 2752 1257 epistolas
2786 1186 2989 1260 lgnatii
3019 1189 3199 1244 mitto.

520 1344 829 1414 Scripsistis
875 1345 940 1397 ad
977 1358 1063 1398 nte
1107 1351 1160 1396 et
1188 1357 1287 1396 vos
1316 1351 1369 1396 et
1398 1339 1658 1411 lgnatius.
1701 1352 1781 1406 ut,
1814 1342 1860 1397 si
1893 1342 2018 1412 quis

2190 1344 2301 1415 ‘97)
2350 1344 2656 1416 Ἑγράψατέ
2699 1363 2787 1416 μοι
2821 1346 2915 1399 καὶ
2948 1348 3107 1417 ὑμεῖς
3138 1350 3233 1401 καὶ
3286 1349 3637 1417 17vé:w;(9$u

448 1434 589 1490 forte
614 1435 665 1506 [e
691 1433 948 1505 Smyrna]
981 1435 1033 1488 in
1061 1434 1275 1505 Syriam
1314 1434 1779 1502 prolieisceretur,
1814 1442 2025 1489 vestras

449 1544 665 1597 quoque
698 1527 905 1581 litteras
934 1541 1000 1581 eo
1022 1527 1284 1590 deferret;
1304 1527 1445 1596 quod
1479 1526 1698 1595 quidem
1723 1526 2024 1595 perﬁciam,

450 1617 495 1670 si
534 1625 752 1686 tempus
790 1628 1157 1685 opportunum
1189 1627 1383 1671 nactus
1424 1616 1612 1682 fuero;
1650 1617 1736 1671 vel
1768 1632 1867 1687 ego
1888 1616 2024 1685 ipse,

452 1709 534 1762 vel
565 1724 664 1779 per
706 1709 872 1762 alium
900 1709 1235 1778 quempiam,
1268 1726 1429 1779 quem
1453 1710 1685 1779 legatum
1716 1718 1770 1764 et
1798 1725 1897 1777 pro
1926 1724 2027 1763 vo-

450 1800 536 1855 bis
566 1802 794 1855 mittam.
839 1800 1111 1870 Epistolas
1150 1800 1373 1870 lgnatii,
1399 1818 1535 1872 quas
1558 1801 1624 1856 ad
1654 1817 1740 1855 me
1762 1801 1930 1867 misit,
1969 1809 2026 1856 et

451 1902 677 1948 cunctas
713 1894 846 1947 alias
875 1910 1011 1963 quas
1040 1895 1324 1956 habemus,
1357 1895 1422 1948 ad
1453 1910 1549 1949 vos
1586 1893 1858 1958 misimus,
1884 1893 2028 1948 sicut

452 1985 785 2052 mandastis;
816 2002 954 2056 quas
993 1988 1211 2057 quidem
1233 1987 1361 2041 huic
1399 1988 1641 2056 epistolae
1665 1987 2021 2057 subjecimus.

452 2077 530 2132 Ex
562 2079 644 2134 eis
690 2095 946 2150 magnum
991 2079 1226 2136 fructum
1279 2081 1558 2151 percipere
1611 2080 1766 2135 vobis
1820 2080 2022 2135 licebit.

450 2170 743 2226 Continent
795 2172 939 2227 enim
990 2173 1148 2228 ﬁdem
1196 2184 1249 2228 et
1309 2174 1627 2244 patientiam
1681 2182 1735 2227 et
1789 2172 2025 2227 aediﬁca-

451 2264 653 2319 tionem
685 2280 926 2332 omnem,
954 2266 1021 2320 ad
1042 2265 1333 2320 Dominum
1358 2276 1605 2321 nostrum
1642 2266 2023 2336 pertinentem.

2132 1435 2240 1498 ἵνα,
2274 1434 2369 1488 ἐὰν
2401 1453 2485 1499 τις
2518 1436 2826 1508 ἀπέρχηται
2859 1439 2938 1501 εἰς
2971 1438 3171 1509 Συρίαν
3192 1439 3337 1508 (99),
3362 1440 3451 1491 καὶ
3480 1440 3535 1490 τὰ
3560 1443 3639 1509 παρ’

2131 1526 2285 1597 ὑμῶν
2316 1528 2624 1600 ἀποκομίσῃ
2647 1528 2948 1600 γράμματα
2972 1546 2983 1558 ·
3016 1533 3151 1602 ὅπερ
3184 1533 3419 1602 ποιήσω,
3451 1533 3530 1605 ἐὰν
3547 1533 3641 1584 liba
3702 1526 3703 1583 l

2132 1621 2325 1692 καιρὸν
2359 1619 2596 1683 εὔθετον,
2637 1621 2745 1673 εἴτε
2793 1622 2923 1690 ἐγὼ,
2959 1624 3067 1676 εἴτε
3113 1624 3173 1676 ὃν
3208 1624 3417 1693 πέμψω
3456 1610 3628 1694 πρεσῇενὶ

2133 1730 2294 1765 σοντα
2343 1712 2434 1766 καὶ⁸
2480 1712 2606 1783 περὶ
2646 1712 2821 1784 ὑμῶν.
2865 1713 2974 1778 Τὰς
3020 1716 3314 1778 ἐπιστολὰς
3347 1715 3574 1782 Ἱγνατίω
3597 1718 3640 1779 gl:

2090 1854 2095 1861 .
2132 1807 2230 1871 τὰς
2274 1805 2618 1878 πεμφθείσας
2654 1808 2784 1877 ἡμῖν
2826 1807 2917 1860 ὑπ’
2972 1808 3159 1871 αὐτοῦ,
3211 1809 3315 1863 καὶ
3358 1809 3530 1870 ἄλλας,
3564 1810 3644 1869 ὅτις

2131 1898 2349 1968 εἴχομεν
2384 1899 2513 1970 παρ’
2545 1900 2697 1969 ἡμῖν,
2732 1897 3058 1969 ἐπέμψαμεν
3092 1900 3244 1969 ὑμῖν,
3290 1897 3468 1961 καθὼς
3511 1898 3643 1951 Eva-.25-

2130 1990 2325 2043 λασοε’
2358 1990 2561 2053 αἵτινες
2595 1990 3031 2062 ὑποτεταγμέναι
3054 1990 3161 2042 εἰσὶ
3196 1993 3266 2061 τῇ
3303 1989 3540 2058 ἐπιστολῇ
3566 1988 3645 2039 21:}-

2132 2099 2201 2156 τῃ
2217 2099 2230 2111 ο
2267 2083 2326 2147 ἐξ
2347 2076 2420 2135 ὧν
2456 2081 2665 2153 μεγάλα
2694 2081 3037 2154 ὠφεληθῆναι
3057 2080 3384 2154 δυνήσεσθε.
3406 2080 3644 2151 Περιέχῡκι

2130 2175 2240 2245 γὰρ
2274 2175 2453 2227 πίστιν
2488 2172 2582 2225 καὶ
2614 2174 2891 2244 ὑπομονὴν
2924 2173 3019 2226 καὶ
3056 2174 3242 2226 πᾶσαν
3274 2171 3557 2241 οἰκοδομὴν,
3588 2170 3645 2237 τῇ

2131 2266 2211 2328 εἰς
2230 2264 2320 2317 τὸν
2353 2264 2554 2336 Κύριον
2586 2262 2741 2335 ἡμῶν
2773 2265 3101 2335 ἀνήκουσαν.

527 2418 606 2488 (2)
634 2418 697 2474 Et
732 2419 798 2473 de
825 2420 945 2489 ipso
970 2419 1178 2491 lgnatio
1204 2421 1305 2491 (5),
1341 2430 1394 2475 et
1420 2421 1487 2476 de
1511 2422 1618 2485 his,
1652 2422 1745 2491 qui
1772 2436 1895 2475 cum
1939 2434 2006 2475 eo
2030 2428 2179 2483 sunt,
2210 2420 2356 2490 quod
2385 2420 2587 2475 certius
2614 2418 2967 2491 agnoveritis,
2997 2417 3334 2489 signiﬁcate.

1418 2574 1561 2629 XlV.
1597 2575 1917 2629 Commendo
1955 2575 2097 2629 vobis
2131 2574 2477 2629 Crescentem.
2522 2572 2721 2627 Valete.

530 2729 654 2785 Haec
677 2730 832 2786 vobis
860 2730 1054 2800 scripsi
1078 2745 1175 2800 per
1203 2730 1571 2793 Crescentem,
1596 2744 1758 2800 quem
1787 2730 1840 2783 in
1864 2738 2188 2799 praesentem
2212 2732 2289 2799 (4)
2320 2729 2465 2784 diem
2496 2728 2876 2783 commendari
2906 2728 3083 2792 vobis,
3108 2736 3163 2789 et
3198 2743 3355 2783 nunc
3376 2721 3644 2782 communia

457 2820 826 2877 Conversatus
861 2831 946 2878 est
977 2823 1122 2878 enim
1164 2824 1451 2879 nobiscum
1495 2823 1929 2893 inculpabiliter;
1974 2822 2138 2879 credo
2178 2824 2307 2892 quia
2350 2832 2405 2877 et
2442 2823 2727 2877 vobiscum
2772 2823 3048 2877 similiter.
3097 2821 3365 2877 Sororem
3396 2831 3550 2875 auten.
3568 2816 3644 2884 ejus

460 2914 733 2971 habebitis
769 2917 1228 2983 commendatam,
1254 2931 1377 2971 cum
1404 2915 1614 2972 venerit
1645 2915 1713 2970 ad
1741 2930 1858 2971 vos.
1900 2914 2209 2972 Incolumes
2235 2924 2408 2970 estote
2441 2915 2495 2968 in
2530 2913 2765 2970 Domino
2803 2913 2934 2969 Jesu
2955 2913 3199 2969 Christo.
3225 2912 3415 2968 Gratia
3445 2926 3549 2966 eam
3570 2924 3645 2962 ou-

461 3011 624 3066 uibus
646 3010 800 3066 vobis
832 3011 930 3082 (5).
958 3012 1154 3067 Amen.

1532 3439 2073 3546 ANTIQUA
2151 3434 2598 3531 VERSIO

1176 3654 1590 3716 EPISTOLIE
1650 3654 1711 3714 S.
1765 3652 2217 3714 POLYCARPI
2277 3651 2385 3712 AD
2419 3651 3004 3713 PHILIPPENSES.

600 3794 625 3823 ο

1235 3836 1568 3901 ((Σοτειειιῐυε,
1602 3830 1779 3887 Patres
1801 3831 2041 3899 apostolic:

2146 3833 2462 3884 LAmstelod.
2491 3831 2632 3892 1724,
2668 3839 2706 3881 ῐ.
2737 3833 2776 3893 Ι,
2802 3845 2853 3894 p.
2885 3831 3015 3895 190.)

470 4012 819 4085 I'olycarpus,
861 4024 909 4069 et
945 4015 1033 4084 qui
1071 4030 1192 4067 cum
1226 4030 1286 4067 eo
1324 4024 1448 4067 sunt
1494 4013 1816 4083 presbyteri,
1860 4010 2045 4065 Eccle-
2080 4012 2124 4071 Β
2154 4018 2347 4065 nostro
2388 4007 2515 4064 Jesu
2562 4008 2807 4074 Christo,
2862 4007 3171 4077 suscipiens
3222 4001 3493 4058 imitabilia
3536 3993 3645 4085 verba

537 4107 633 4160 sia:
664 4107 759 4158 Dei
787 4123 905 4175 quw
931 4115 1006 4159 est
1042 4105 1301 4174 Philippis
1326 4148 1342 4172 ,
1388 4104 1750 4159 misericordia
1794 4104 1968 4166 vobis,
1996 4112 2046 4155 et

541 4213 647 4256 ταας
670 4214 702 4249 a
738 4196 845 4249 Deo
875 4199 1246 4266 omnipotente,
1277 4207 1326 4250 et
1360 4196 1490 4251 Jesu
1523 4198 1736 4253 Christo
1773 4196 2047 4251 Saluatore

539 4299 719 4342 nostro
752 4288 1001 4345 abundet.

540 4384 579 4438 ι.
621 4383 1046 4454 Congratulatus
1076 4397 1197 4437 sum
1230 4382 1387 4437 vobis
1417 4380 1705 4453 magniﬁce
1737 4381 1790 4434 in
1818 4378 2049 4433 Domino

540 4544 585 4573 "
615 4541 813 4613 Ephes.
850 4558 925 4607 Iv,
955 4540 1046 4596 26.
1122 4540 1168 4572 ⁸ο
1197 4538 1317 4595 Gal.
1351 4555 1390 4603 ι,
1426 4538 1476 4593 l.
1553 4538 1595 4569 ⁵¹
1626 4538 1648 4589 I
1678 4535 1822 4590 Tim.
1849 4550 1909 4598 ιι,
1940 4534 1993 4587 2.

472 4698 604 4752 Mihi
650 4712 847 4753 sensus
883 4712 1006 4752 esse
1047 4695 1302 4749 videtur:
1355 4713 1373 4743 ι
1411 4691 1515 4746 Vos
1562 4691 1825 4745 librorum
1868 4703 2055 4742 sacro-

475 4785 594 4842 rum
629 4769 855 4842 scientia
884 4767 1135 4842 polletis,
1165 4780 1273 4842 qua
1304 4779 1405 4833 ego
1444 4763 1780 4842 adltucnnon
1818 4760 2051 4841 gaudeo.

477 4839 664 4907 igitur,
703 4846 762 4891 ut
796 4838 850 4891 in
884 4831 970 4890 liis
1004 4836 1156 4891 libris
1184 4831 1389 4889 dictum
1420 4842 1524 4899 est,
1554 4831 1722 4885 nolite
1746 4831 1821 4884 ita
1866 4831 2054 4894 irasci,

478 4908 804 4976 utpeccetis.
832 4927 849 4956 ι

550 4970 661 5049 (96)
691 4976 782 5031 Sc.
824 4996 842 5027 ι
874 4976 1367 5049 hujusScripturze
1392 4990 1563 5030 saera:
1594 4971 1855 5028 mandati.
1891 4991 1908 5023 ι
1944 4970 2051 5024 Alii

478 5050 664 5115 legunt
698 5066 712 5100 :
749 5066 767 5097 ε
799 5048 1110 5101 crediderit.
1141 5067 1158 5097 ι

554 5118 665 5188 (97)
692 5117 974 5188 Habentur
1010 5117 1124 5171 haec
1152 5117 1338 5171 Graeca
1378 5117 1526 5188 apud
1553 5115 1846 5188 Eusebium
1900 5112 2049 5188 Hist.

480 5184 746 5254 ecl-l.,'tu,
780 5185 867 5240 56.
892 5186 1009 5241 Cfr.
1046 5202 1209 5255 supra
1254 5203 1305 5239 c.
1344 5184 1429 5239 10.
1461 5187 1573 5240 Cir.
1622 5189 1690 5241 de
1728 5186 1828 5239 hoc
1870 5184 2048 5253 capite

486 5260 679 5320 ltotbe,
705 5261 852 5326 An].,
883 5273 937 5325 p.
973 5256 1099 5311 485.

556 5330 669 5397 (98)
705 5328 836 5382 Vide
865 5326 980 5396 lgu.
1007 5327 1075 5379 ad
1108 5326 1317 5396 Polya,
1350 5341 1409 5397 c.
1433 5326 1488 5381 8.

556 5330 647 5397 (98
705 5330 836 5382 Vide
866 5330 980 5396 lgu.
1007 5330 1075 5379 ad
1108 5330 1317 5396 Polyc.,
1350 5341 1400 5380 c.
1433 5330 1488 5381 8.

556 5330 731 5471 (99ll.
764 5414 813 5451 e.
842 5417 879 5471 _«
919 5397 1289 5471 Antiochiam.
1335 5396 1637 5471 rlgualius
1682 5395 2052 5471 (c._7)_Poly-

487 5465 654 5538 carpo
698 5467 1070 5531 mandaverat,
1108 5480 1166 5522 ut
1208 5469 1323 5536 ipse
1366 5465 1600 5538 legatum
1650 5470 1717 5523 ad
1755 5465 2053 5538 Ecclesiajm

488 5535 882 5593 Antiochenam
917 5538 1181 5600 mitteret,
1206 5535 1276 5592 ob
1309 5535 1498 5606 pacem
1540 5539 1870 5601 restitutam,
1901 5546 1954 5590 et
1978 5535 2053 5605 (c.

489 5612 544 5677 ὅ)
586 5609 715 5662 huic
752 5609 927 5676 legato
944 5608 1108 5662 simul
1145 5609 1402 5675 epistolas
1424 5609 1654 5663 aliarum
1691 5607 2057 5662 Ecclesiarum

491 5678 874 5743 gratulatorias
904 5678 1157 5732 traderet.
1178 5678 1376 5748 Paete;
1403 5680 1507 5733 hoc
1540 5679 1727 5748 lgnatii
1748 5677 2058 5731 mandatum

490 5748 862 5818 l’hilippenses
886 5763 1104 5818 qunque
1129 5749 1230 5819 ipsi
1256 5748 1610 5817 l‘olycarpum
1636 5749 1887 5819 precibus
1917 5748 2063 5803 adic-

2102 4533 2148 4564 ⁸³
2173 4530 2365 4587 Matth.
2390 4548 2447 4593 v,
2470 4530 2562 4589 44.

2148 4099 2461 4155 dilectionis
2492 4115 2658 4168 quam
2707 4098 3020 4154 ostendistis
3068 4098 3121 4150 in
3162 4096 3293 4160 illis,
3338 4095 3426 4164 qui
3453 4083 3647 4162 ιιηωίἒί

2150 4200 2300 4255 sunt,
2339 4192 2476 4247 viris
2505 4191 2732 4256 sanctis,
2774 4189 3054 4245 decorosis
3076 4189 3122 4220 ⁸³
3155 4188 3397 4243 vinculis
3438 4176 3647 4238 centrali.

2150 4300 2273 4354 quat
2302 4293 2433 4340 sunt
2474 4300 2692 4339 corona:
2718 4283 2903 4337 electa
2943 4280 3074 4341 Deo.
3111 4280 3260 4333 illius
3288 4280 3401 4333 veri
3430 4272 3570 4344 regni,
3589 4280 3647 4336 P8f

2152 4376 2444 4431 Dominum
2475 4386 2725 4431 nostrum
2753 4373 2940 4431 Jesum
2968 4372 3286 4439 Christum;
3314 4382 3373 4427 et
3400 4369 3509 4440 quia
3534 4360 3648 4419 timi'

2670 4529 2716 4561 ⁸³
2744 4527 2818 4583 al.
2855 4528 3091 4584 decoris.

2151 4695 2295 4748 rant,
2340 4693 2401 4739 ut
2441 4685 2685 4753 ipsorum
2731 4684 3017 4753 epistolam
3058 4698 3159 4737 suo
3188 4684 3370 4751 legato
3408 4668 3645 4736 traderem

2152 4756 2524 4814 Antiochenos
2555 4755 2955 4824 perferendam.
2978 4753 3070 4807 llis
3094 4756 3235 4808 votis
3255 4771 3317 4807 se
3338 4756 3644 4821 responsurum

2153 4844 2275 4885 esse
2303 4826 2635 4894 Polycarpus
2664 4826 2969 4895 pollicetur.

2228 4881 2304 4969 (ι)
2325 4881 2685 4969 Designantur
2710 4897 2831 4969 dua}
2858 4894 3048 4969 lgnatii
3067 4894 3373 4969 Epistulae;
3398 4907 3488 4947 una
3510 4886 3559 4940 ad
3580 4881 3644 4969 Et»

2155 4950 2668 5040 lyc‘arpumgaltera
2698 4966 2765 5020 ad
2798 4950 3193 5036 Polyearpis'eu
3216 4950 3563 5033 Smyruensem
3577 4950 3641 5003 Εεσ

2154 5036 2396 5096 etesiam.
2428 5036 2566 5090 Cor.

2226 5112 2304 5177 (2)
2330 5104 2453 5160 Haec
2488 5107 2686 5160 iterum
2723 5107 2867 5176 apud
2901 5107 3081 5162 solum
3110 5116 3356 5160 veterem
3384 5101 3642 5168 interpretem

2154 5187 2390 5235 exstant.

2232 5229 2684 5318 liti-'Polycarpus
2718 5247 2787 5302 de
2822 5256 2997 5301 morte
3038 5246 3225 5315 lgnatii
3257 5244 3372 5313 jam
3406 5239 3561 5318 certior

2081 5327 2122 5384 C
2158 5311 2418 5376 eluserat
2441 5311 2648 5388 (vide-0.
2672 5318 2758 5387 9);
2788 5320 2880 5388 sed
2912 5311 3380 5381 circumstantias,
3404 5314 3539 5372 dicta,
3559 5311 3639 5357 ῡίετν

2161 5402 2219 5447 ιιι
2247 5386 2476 5447 videtur.
2512 5386 2816 5457 ignorabat.
2838 5386 2954 5441 Jac.

2231 5442 2819 5531 (Miltadac’obsonus.
2871 5459 3036 5531 Vulg.
3065 5476 3087 5531 ι
3124 5452 3486 5531 iu_pr:ese_nti.
3514 5442 3636 5531 vivi:

2163 5518 2309 5588 tassé
2356 5530 2686 5599 Polycarpus
2710 5530 2930 5597 scripsit
2963 5518 3002 5581 εν
3014 5527 3101 5579 ἀεὶ
3138 5518 3302 5597 μέᾖρι
3327 5525 3421 5577 τοῦ
3444 5518 3635 5589 πφδ-τω.

2171 5624 2187 5656 ι
2226 5616 2459 5667 semper,
2494 5615 2665 5667 usque
2694 5600 2760 5651 ad
2791 5601 2929 5652 hanc
2951 5600 3115 5652 diem.
3154 5616 3172 5646 ι
3610 5648 3615 5667 ε

2237 5674 2312 5737 (5)
2346 5662 2422 5725 lta
2446 5662 2811 5725 lacu-bsouus.
2853 5668 3006 5738 Vulg.
3050 5690 3067 5721 ε
3106 5668 3158 5720 in
3184 5668 3359 5738 gratia
3396 5678 3498 5721 cum
3527 5662 3634 5710 υιιιιι·

2168 5746 2269 5802 bus
2311 5744 2525 5799 vestris.
2569 5760 2587 5792 ι
