3802 6210
110 230 219 293 ΙΟΙἹ

107 369 174 409 tas
199 351 313 408 lidei
343 357 542 406 vestra:
571 364 600 402 a
633 348 904 418 principio
947 365 1122 419 usque
1158 365 1307 404 nunc
1335 356 1649 419 permanet.
1685 355 1726 409 Α

104 459 147 503 et
171 444 445 500 frnctilicat
468 445 524 497 in
558 443 789 498 Domino
816 441 947 497 Jcsu
991 443 1231 509 Christo,
1262 442 1357 513 qui
1388 442 1651 497 sustinuit

106 553 185 608 pro
214 534 443 606 peccatis
493 534 703 588 nostris
743 550 917 603 usque
964 532 1032 587 ad
1087 543 1317 588 mortem
1363 550 1379 588 :
1420 551 1438 584 ι
1485 548 1649 602 quem

106 628 417 683 resuscitavit
474 626 642 691 Deus,
689 626 1000 682 dissolvens
1052 627 1272 681 dolores
1323 624 1521 680 inferni
1546 625 1593 656 “
1634 643 1648 678 :

105 738 240 791 quem
267 736 387 776 cum
434 735 545 774 non
578 719 858 783 videritis,
908 736 1054 774 nunc
1093 720 1350 789 diligitis;
1384 719 1438 771 in
1487 733 1649 787 quem

104 831 226 869 nunc
271 829 375 867 non
427 812 783 882 aspicientes,
838 813 1098 879 creditis;
1151 811 1437 866 credentes
1469 818 1650 864 autem

104 908 374 979 gaudebitis
403 909 607 975 gaudio
638 906 1016 972 inenarrabili,
1056 916 1109 960 et
1152 905 1458 975 glorificato
1480 904 1652 970 "uin

103 1000 227 1070 quod
255 1000 403 1054 multi
419 1001 739 1056 desiderant
767 998 1030 1065 introire;
1063 998 1302 1053 scientes
1326 998 1455 1069 quia
1486 1017 1502 1048 ι
1530 1013 1655 1065 gra-

105 1098 162 1149 tia
188 1094 308 1149 salvi
334 1092 460 1148 facti
491 1094 647 1155 estis,
682 1112 700 1144 ι
739 1107 850 1146 non
877 1108 943 1146 ex
975 1091 1233 1161 operibus
1256 1092 1323 1159 ⁸⁸⁵,
1361 1092 1453 1147 sed
1478 1091 1532 1145 in
1556 1106 1655 1144 vo-

103 1188 282 1240 luntate
312 1184 426 1251 Dei,
458 1200 556 1255 per
584 1183 769 1240 Iesum
800 1184 1108 1238 Christum.

160 1278 214 1333 ll.
250 1295 268 1332 ι
301 1277 535 1348 Propter
574 1278 721 1348 quod
773 1277 1039 1333 succincti
1090 1276 1306 1333 lumbos
1349 1285 1563 1332 vestros
1584 1276 1655 1342 ³⁷,

104 1370 272 1424 scrvite
298 1368 409 1424 Deo
432 1385 559 1424 cum
592 1368 872 1434 timore”,
912 1388 930 1420 ι
968 1376 1023 1422 et
1048 1369 1101 1421 in
1133 1368 1394 1433 veritate;
1428 1368 1658 1423 dimisso

105 1463 230 1516 inani
254 1462 572 1532 vaniloquio
598 1471 653 1516 et
687 1462 859 1515 multo
873 1462 920 1493 "
944 1477 1153 1515 errore.
1180 1480 1197 1512 ι
1222 1459 1441 1515 Credite
1454 1476 1585 1531 ergo
1603 1462 1656 1514 in

107 1553 233 1606 illum
275 1553 365 1623 qui
413 1552 769 1607 resuscitavit
820 1551 1116 1605 Dominum
1173 1562 1423 1606 nostrum
1469 1550 1656 1606 Jesum

104 1642 352 1696 Christum
399 1658 467 1696 ex
513 1643 786 1709 mortuis,
822 1650 875 1696 et
916 1642 1064 1696 dedit
1094 1641 1143 1694 ei
1188 1641 1414 1711 gloriam
1437 1641 1507 1703 °°,
1544 1660 1565 1695 ι
1606 1651 1662 1695 et

105 1735 258 1787 sedem
286 1736 337 1787 in
363 1735 589 1788 dextera
615 1750 715 1788 sua
744 1752 757 1787 :
783 1734 870 1788 cui
903 1733 1150 1801 subjecta
1183 1740 1312 1787 sunt
1340 1732 1527 1786 omnia
1549 1748 1661 1788 σω·
1695 1714 1736 1772 Β

104 1824 254 1888 lestia,
285 1833 337 1879 et
382 1826 666 1879 terrestria
690 1867 705 1889 ,
743 1834 795 1879 et
837 1824 1195 1879 subterranea
1219 1824 1263 1853 ⁶¹
1306 1841 1319 1877 :
1354 1823 1444 1877 cui
1481 1824 1662 1878 omnis

106 1917 300 1986 spiritus
343 1918 550 1984 servit;
596 1918 690 1986 qui
725 1926 988 1971 venturus
1021 1923 1104 1970 est
1130 1914 1378 1984 judicare
1410 1915 1565 1968 vivos
1607 1922 1663 1968 et

107 2017 362 2063 mortuos:
401 2009 563 2077 cujus
607 2008 930 2078 sanguinem
991 2008 1237 2076 requiret
1276 2006 1422 2061 Deus
1466 2007 1536 2060 ah
1579 2006 1661 2062 eis

105 2101 182 2169 qui
221 2118 318 2154 non
356 2101 714 2156 crediderunt
763 2100 817 2154 in
853 2115 1021 2154 eum:
1072 2099 1168 2170 qui
1211 2108 1265 2155 et
1312 2098 1663 2154 resuscitavit

103 2205 205 2243 eum
232 2207 259 2245 a
308 2192 544 2247 mortuis
597 2210 610 2245 :
650 2191 745 2261 qui
785 2199 839 2245 et
870 2206 974 2246 nos
1020 2191 1453 2247 resuscitaturus
1487 2201 1570 2247 est
1606 2191 1661 2245 in

103 2285 193 2338 vita
214 2286 275 2350 σε,
310 2286 353 2341 si
387 2285 691 2341 fecerimus
722 2286 1057 2339 voluntatem
1083 2285 1226 2355 ejus,
1257 2295 1311 2340 et
1345 2285 1664 2340 ambulave-

106 2374 251 2431 rimus
276 2378 325 2430 in
358 2378 639 2433 mandatis
682 2378 878 2447 ipsius,
920 2387 975 2433 et
1006 2378 1366 2434 dilexerimus
1391 2393 1517 2448 quae
1547 2378 1663 2448 ipse

105 2466 264 2523 dilexit
288 2488 300 2523 :
334 2470 677 2525 abstinentes
702 2486 805 2525 nos
833 2471 901 2525 ab
924 2472 1076 2526 omni
1106 2471 1400 2542 injustitia,
1427 2472 1532 2527 hoc
1555 2480 1660 2536 est,

106 2571 130 2610 a
166 2560 598 2630 concupiscentia
631 2601 647 2626 ,
698 2561 768 2615 ab
815 2562 1069 2626 avaritia,
1120 2577 1152 2616 a
1203 2562 1582 2629 detractione,
1631 2577 1664 2617 a

106 2645 221 2703 falso
271 2651 586 2706 testimonio
635 2670 649 2705 :
712 2671 730 2703 ι
786 2668 899 2706 non
969 2653 1258 2709 reddentes
1317 2654 1522 2709 malum
1566 2670 1664 2725 pro

105 2740 245 2807 malo,
275 2753 367 2797 aut
402 2744 665 2813 injuriam
701 2760 800 2814 pro
841 2745 1043 2815 injuria
1067 2746 1134 2812 “,
1176 2764 1194 2797 ι
1239 2756 1335 2801 aut
1374 2755 1665 2803 c0ntume-

108 2830 213 2886 liam
236 2849 329 2903 pro
363 2836 725 2899 contumelia,
761 2845 857 2890 aut
902 2837 1252 2892 maledictum
1288 2852 1386 2908 pro
1434 2838 1666 2892 maledi-

106 2931 194 2976 ctu.
216 2914 536 2982 Mementote
568 2929 714 2998 quod
748 2927 1015 2985 Dominus
1051 2930 1256 2985 docens
1288 2931 1424 2985 dixit
1453 2948 1466 2984 :
1508 2948 1526 2982 ι
1554 2927 1666 2983 No-

106 3014 180 3069 lite
203 3017 463 3090 judicare,
496 3037 569 3076 ne
592 3021 953 3091 judicemini;
981 3021 1264 3088 dimittite,
1288 3022 1666 3078 etdimittetur

106 3108 235 3164 vobis
272 3128 285 3165 :
319 3132 337 3164 ι
384 3113 754 3178 miseremini,
789 3122 844 3169 et
875 3113 1143 3171 Dominus
1173 3116 1527 3171 miserebitur
1571 3131 1664 3171 ve-

106 3199 207 3253 stri.
240 3218 256 3251 ι
290 3201 404 3268 Qua
440 3204 592 3257 enim
626 3220 885 3260 mensura
917 3207 1097 3261 mensi
1132 3205 1371 3274 fueritis,
1407 3208 1663 3263 remetie-

108 3299 179 3344 tur
203 3295 379 3349 eadem
414 3297 580 3351 vobis
603 3296 669 3351 “.
706 3316 725 3350 ι
764 3297 833 3352 Ει
862 3300 1011 3368 quod
1042 3298 1250 3355 dictum
1284 3308 1373 3356 est
1409 3318 1422 3354 :
1465 3320 1483 3352 ι
1513 3300 1667 3355 Beati

107 3397 338 3454 pauperes
375 3389 608 3458 spiritu,
644 3397 700 3445 et
744 3390 839 3460 qui
882 3391 1322 3460 persecutionem
1374 3393 1663 3462 patiuntur

106 3488 295 3546 propter
333 3480 614 3551 justitiam
655 3501 671 3538 :
706 3484 969 3555 quoniam
1009 3485 1257 3555 ipsorum
1296 3495 1383 3541 est
1427 3501 1659 3558 regnum

106 3573 332 3627 caelorum
360 3576 425 3630 ⁸⁸.
468 3594 488 3627 ι

163 3662 236 3718 lll.
278 3665 401 3724 Haec
438 3678 652 3737 autem,
685 3667 883 3725 fratres
919 3671 1047 3738 mei,
1083 3687 1192 3728 non
1235 3689 1267 3728 a
1306 3673 1521 3744 meipso
1556 3673 1665 3728 im-

105 3770 273 3823 perans
302 3762 366 3827 “,
418 3762 612 3818 scribo
664 3763 819 3818 vobis
853 3764 921 3819 de
964 3764 1214 3834 justitia;
1268 3766 1364 3821 sed
1396 3765 1661 3836 quoniam

105 3861 186 3901 vos
210 3855 562 3920 provocastis.
590 3852 825 3924 Propter
848 3856 996 3925 quod
1019 3870 1197 3926 neque
1223 3871 1348 3928 ego,
1383 3873 1562 3928 neque
1584 3857 1663 3913 si-

104 3940 227 3997 milis
267 3944 401 3999 alius
431 3946 568 4011 mei,
615 3947 817 4015 poterit
863 3948 1021 4017 sequi
1055 3949 1384 4019 sapientiam
1420 3949 1566 4005 beati
1607 3957 1663 4005 et

105 4032 295 4101 gloriosi
322 4037 514 4107 Pauli;
553 4041 647 4109 qui
681 4038 786 4094 fuit
816 4040 962 4108 apud
1000 4057 1120 4107 vos,
1167 4050 1225 4097 et
1252 4043 1407 4098 visus
1435 4052 1522 4099 est
1566 4057 1661 4099 se-

103 4127 311 4184 cundum
360 4133 560 4187 faciem
595 4133 725 4199 illis,
771 4135 864 4203 qui
900 4144 1033 4189 tunc
1062 4144 1242 4203 erant,
1290 4136 1611 4193 hominibus
1644 4156 1658 4191 :

104 4218 181 4284 qui
203 4220 378 4276 docuit
406 4223 720 4278 certissime
752 4233 917 4294 atque
955 4225 1273 4282 firmissime
1308 4229 1536 4283 verbum
1570 4244 1662 4284 ve-

105 4309 255 4368 ritatis
280 4332 293 4367 :
322 4317 415 4384 qui
454 4327 512 4372 et
559 4317 761 4372 absens
793 4319 1018 4389 scripsit
1052 4321 1209 4375 vobis
1239 4322 1541 4390 epistolas;
1589 4322 1658 4377 ad

105 4417 217 4492 quas
244 4407 629 4475 deflectamini,
664 4421 724 4464 ut
760 4412 982 4479 possitis
1010 4412 1268 4468 aedificari
1314 4414 1366 4467 in
1397 4414 1502 4468 fide
1536 4430 1659 4484 quae
1689 4438 1734 4492 ι)

104 4490 206 4548 data
244 4506 323 4552 est
359 4501 542 4564 vobis,
587 4516 711 4571 qua:
743 4512 827 4558 est
873 4512 1050 4557 mater
1080 4504 1329 4558 omnium
1380 4516 1659 4573 nostrum,

104 4585 434 4659 subsequente
469 4609 592 4663 spe,
626 4596 963 4665 prmcedente
988 4596 1302 4663 dilectione,
1344 4612 1469 4667 quae
1494 4607 1579 4652 est
1601 4598 1657 4653 in

105 4673 213 4745 Deo,
240 4692 292 4736 et
322 4684 374 4738 in
405 4686 654 4755 Christo,
683 4696 736 4742 et
761 4688 815 4741 in
840 4688 1115 4757 proximo.
1143 4687 1199 4741 Si
1230 4689 1377 4742 enim
1406 4689 1530 4759 quis
1560 4690 1659 4744 ho-

105 4786 205 4827 rum
235 4775 570 4835 intrinsecus
606 4779 850 4848 repletus
882 4778 1051 4834 fuerit
1094 4780 1370 4834 mandatis
1404 4780 1654 4847 justitiae,

103 4878 147 4917 et
190 4867 427 4926 habuerit
472 4870 863 4935 dilectionem,
916 4870 1078 4941 longe
1105 4880 1191 4925 est
1225 4870 1297 4924 ab
1327 4870 1477 4925 omni
1521 4886 1653 4941 pec-

103 4969 221 5013 CIUL

161 5049 240 5107 ιν.
290 5054 629 5126 Principium
693 5062 877 5109 autem
933 5054 1181 5109 omnium
1238 5053 1515 5109 malorum
1576 5062 1660 5109 est

104 5146 323 5202 avaritia.
373 5148 586 5204 Scitote
634 5162 786 5220 ergo,
842 5148 973 5219 quia
1028 5165 1048 5198 ι
1082 5147 1220 5201 nihil
1263 5146 1552 5202 intulimus
1599 5146 1654 5200 in

106 5232 228 5292 hunc
250 5242 533 5307 mundum,
558 5255 737 5310 neque
760 5238 979 5294 auferre
996 5254 1291 5304 possumus
1308 5239 1375 5292 ⁸⁷.
1411 5256 1430 5290 ›
1462 5240 1656 5293 Arme-

106 5339 208 5382 mur
232 5333 393 5389 armis
420 5332 683 5405 justitize;
715 5342 770 5388 et
810 5333 1108 5388 doceamus
1134 5332 1502 5402 nosmetipsos
1534 5330 1653 5401 pri-

161 5462 330 5537 '_‘_Act.
360 5483 421 5532 ιι,
444 5469 538 5523 24.
642 5468 730 5537 “Vl
762 5465 907 5522 Petr.
932 5483 971 5533 ι,
1006 5466 1058 5520 8.

105 5531 143 5601 ff
170 5533 184 5583 Ι
212 5532 344 5591 Petr.
373 5555 412 5601 ι,
442 5540 537 5593 21.

105 5596 333 5677 Matth.
367 5596 418 5673 ν,
447 5608 632 5676 5,10;
707 5596 851 5665 an:
872 5596 972 5673 ’νι,
1000 5596 1091 5661 90.
1171 5607 1218 5639 ⁸⁸⁸
1248 5607 1288 5677 f.

105 5666 232 5748 ξθ-αλ.
266 5666 461 5733 Ιιιιὶςέἰ
488 5666 797 5748 placemus.
874 5681 922 5711 “
948 5666 1191 5744 ἀγνοίας.
1248 5666 1314 5708 ’τ’
1351 5666 1547 5748 [Petr.
1579 5674 1728 5748 II,“

1170 228 1509 285 EPISTOLA
1541 228 1632 282 AD
1669 227 2180 287 PHILIPPENSES.

1154 5466 1201 5497 "
1232 5465 1431 5534 Ephes.
1459 5479 1523 5526 ιι,
1546 5462 1598 5523 8,
1619 5465 1672 5519 9.
1714 5463 1764 5534 7"
1799 5465 1820 5516 Ι
1854 5460 1999 5517 Petr.
2021 5462 2187 5534 71,15.

614 5538 658 5569 ⁶¹
687 5536 924 5609 Philipp.
952 5553 1019 5609 ιι,
1042 5538 1133 5592 l0.
1179 5533 1357 5609 jam.
1389 5537 1455 5588 ad
1483 5535 1561 5587 vel
1587 5535 1642 5586 in
1674 5533 1863 5609 vitam.

1346 5607 1666 5673 impetrans.
1744 5605 1787 5634 ⁸⁷
1818 5605 1837 5655 ι
1875 5601 2018 5656 Tim.
2070 5619 2145 5667 νι,
2177 5605 2231 5658 7.

1746 5716 1756 5727 .
1850 5675 1901 5705 ⁷³·
1930 5676 1947 5725 l
1975 5674 2183 5737 (ἔοι-Νι,
2213 5677 2246 5730 9
2301 5674 2407 5745 10.⁴
2466 5674 2513 5706 ⁷⁸
2544 5675 2587 5727 ll
2619 5674 2747 5731 Cor.
2771 5669 2896 5740 'vm,
2923 5673 3023 5741 21;
3059 5669 3223 5727 Rom.
3247 5687 3347 5735 xu,

3227 239 3371 295 1018

1759 364 1937 413 ηιυιιι,
1972 349 2257 402 ambulare
2300 348 2354 401 in
2387 349 2665 406 mandatis
2700 349 2962 419 Domini;
3015 365 3071 408 et
3103 360 3231 423 post
3263 355 3369 411 hoc

1752 441 1920 496 etiam
1955 441 2217 497 mulieres
2246 449 2483 507 vestras,
2526 441 2579 496 in
2610 442 2715 498 fide
2738 460 2863 513 quae
2894 445 3021 500 data
3053 457 3139 501 est
3169 446 3282 513 eis,
3314 458 3372 502 ct

1753 531 2071 596 dilectione,
2105 540 2160 585 et
2179 532 2469 597 castitate;
2499 545 2753 588 amantes
2778 549 2913 590 suos
2948 536 3103 591 viros
3130 536 3187 591 in
3214 538 3369 591 omni

1753 629 1984 683 veritate
2016 638 2069 682 et
2101 628 2408 694 charitate,
2438 628 2732 697 diligentes
2758 644 2956 685 omnes
2988 631 3280 701 aequaliter
3311 631 3369 685 in

1755 722 1909 775 Omni
1952 721 2317 785 continentia,
2359 730 2413 775 et
2442 723 2589 777 filios
2621 724 2845 778 erudire
2880 724 2938 778 in
2971 724 3267 794 disciplina
3311 732 3371 780 et

1756 813 1959 867 timore
1993 812 2108 867 Dei.
2152 810 2345 866 Vidnae
2367 827 2501 866 vero
2536 813 2752 883 pudicae
2780 815 2936 881 ,circa
2968 815 3129 871 fidem
3155 816 3253 871 Dei
3278 817 3370 871 in-

1756 904 2049 973 terpellent
2080 904 2427 958 incessanter
2458 919 2560 973 pro
2587 905 2889 962 omnibus:
2938 907 3266 977 elongantes
3303 922 3368 961 se

1757 996 1829 1050 ab
1858 996 2116 1051 omnibus
2145 996 2437 1052 diabolicis
2462 998 2507 1029 ⁵⁸
2540 988 3003 1063 detractionibus,
3038 1009 3092 1053 et
3119 999 3261 1055 falso
3284 1008 3368 1055 te-

1757 1087 2044 1153 stimonio,
2076 1096 2130 1142 et
2162 1090 2230 1143 ab
2259 1090 2410 1143 omni
2441 1090 2622 1158 malo;
2670 1098 3075 1161 cognoscentes
3108 1093 3353 1163 seipsas,

1757 1179 1890 1248 quia
1942 1188 2075 1234 sunt
2127 1181 2433 1235 sacrarium
2484 1181 2614 1248 Dei;
2662 1182 2927 1251 quoniam
2982 1184 3168 1237 omnia
3218 1183 3368 1241 Deus

1760 1271 2048 1342 prospicit,
2083 1278 2138 1326 et
2172 1273 2311 1327 nihil
2341 1289 2470 1328 eum
2510 1274 2676 1342 latet;
2713 1289 2892 1341 neque
2930 1275 3215 1346 cogitatio,
3260 1291 3365 1332 ne-

1760 1379 1869 1434 que
1895 1364 2260 1429 conscientia,
2291 1381 2472 1436 neque
2496 1366 2721 1436 aliquod
2754 1366 3001 1420 abditum
3035 1367 3241 1422 cordis.

1834 1455 1900 1511 V.
1937 1455 2184 1513 Scientes
2217 1473 2348 1529 ergo
2373 1460 2504 1529 quia
2540 1477 2559 1511 ε
2597 1458 2745 1513 Deus
2772 1474 2880 1513 non
2907 1459 3194 1513 deridetur
3222 1460 3301 1524 θ’,
3336 1478 3358 1512 ι

1762 1551 2027 1606 debemus
2060 1552 2224 1622 digne
2270 1553 2322 1605 in
2366 1552 2644 1607 mandatis
2679 1551 2824 1621 ejus,
2866 1560 2921 1606 et
2949 1552 3125 1622 gloria
3167 1552 3366 1606 ambuo

1766 1643 1900 1697 lare.
1935 1642 2200 1698 Similiter
2233 1645 2450 1699 diaconi
2486 1645 2854 1714 inculpabiles
2894 1644 3005 1699 sint
3036 1645 3091 1698 in
3127 1659 3367 1715 conspe-

1764 1742 1855 1789 ctu
1895 1734 2123 1803 justitize
2162 1737 2303 1807 ejus,
2354 1739 2501 1792 sicut
2546 1737 2642 1792 Dei
2685 1746 2740 1792 et
2770 1738 2979 1793 Christi
3021 1738 3287 1805 ministri,
3310 1746 3368 1794 et

1763 1843 1871 1882 non
1908 1828 2228 1895 hominum;
2258 1845 2366 1882 non
2403 1828 2814 1891 criminatores.
2869 1844 3050 1899 neque
3082 1831 3365 1885 detracto-

1764 1935 1874 1983 res,
1909 1934 2088 1988 neque
2135 1920 2320 1986 avari;
2357 1920 2452 1975 sed
2484 1921 2671 1974 omnia
2718 1922 3040 1988 tolerantes,
3076 1922 3132 1976 in
3182 1924 3367 1976 cinni-

1763 2013 1867 2067 bus
1899 2012 2318 2078 misericordes,
2348 2013 2641 2083 diligentes
2670 2014 2725 2066 in
2758 2013 3037 2077 omnibus,
3073 2014 3368 2068 ambulan-

1760 2114 1845 2161 tes
1878 2106 1933 2159 in
1964 2105 2192 2160 veritate
2222 2104 2464 2169 Domini,
2498 2104 2593 2174 qui
2623 2104 2803 2159 factus
2832 2115 2917 2159 est
2958 2105 3211 2160 minister
3242 2121 3365 2159 om-

1762 2197 1915 2251 nium
1944 2215 1958 2257 :
1990 2197 2077 2252 cui
2115 2197 2160 2253 si
2188 2196 2698 2265 complaceamus"
2735 2197 2788 2249 in
2830 2197 2936 2251 hoc
2964 2196 3192 2261 smculo,
3229 2211 3361 2266 per-

1764 2289 2033 2360 cipiemus
2059 2304 2122 2344 ea
2156 2305 2279 2360 quae
2317 2288 2502 2343 futura
2538 2297 2701 2357 sunt;
2735 2290 3041 2344 secundum
3076 2288 3228 2357 quod
3272 2302 3361 2343 re-

1763 2382 2022 2453 promisit
2060 2383 2393 2439 resuscitare
2428 2397 2531 2438 nos
2576 2398 2607 2436 a
2637 2383 2897 2448 mortuis,
2929 2392 2985 2438 et
3022 2383 3068 2439 si
3096 2383 3261 2453 digne
3291 2396 3361 2436 eo

1766 2476 2077 2531 conversati
2110 2475 2405 2542 fuerimus,
2439 2483 2493 2530 et
2524 2475 2569 2529 si
2596 2476 3022 2540 crediderimus,
3053 2489 3361 2543 conregna-

1766 2568 1949 2625 bimus
1981 2585 2106 2624 cum
2141 2584 2228 2623 eo.
2274 2567 2514 2623 Iuvenes
2563 2568 2821 2624 similiter
2854 2568 3215 2638 inculpabiles
3250 2567 3364 2622 sint

1768 2660 1823 2716 in
1872 2661 2165 2728 omnibus;
2211 2676 2429 2715 omnem
2461 2661 2832 2731 ignorantiam
2865 2661 2910 2691 ‘”
2956 2659 3359 2729 praevidentes,

1768 2751 2110 2808 refrenantes
2134 2768 2193 2807 se
2224 2753 2293 2805 ab
2324 2752 2475 2805 onmi
2518 2752 2689 2806 malo.
2725 2750 2938 2805 Bonum
2969 2759 3055 2805 est
3092 2749 3238 2803 enim
3263 2747 3364 2801 ab-

1769 2845 1944 2901 scindi
1976 2846 2043 2899 ab
2071 2846 2330 2900 omnibus
2357 2846 2822 2915 concupiscentiis
2850 2843 3060 2898 mundi.
3086 2842 3361 2910 Quoniam

1768 2938 1951 2993 omnis
1999 2937 2449 3007 concupiscentia
2504 2955 2523 2987 ί
2571 2937 2837 2992 adversus
2900 2936 3154 3006 spiritum
3216 2934 3363 2987 mili-

1770 3036 1850 3083 tat
1870 3028 1955 3094 7’;
1999 3048 2018 3079 ι
2056 3026 2186 3097 quia
2220 3045 2239 3078 ι
2276 3042 2453 3096 neque
2473 3026 2785 3091 fornicarii,
2819 3040 2996 3095 neque
3023 3024 3243 3086 molles,
3270 3037 3362 3078 ne-

1767 3131 1875 3187 que
1911 3116 2283 3171 masculorum
2317 3116 2737 3180 concubitores,
2783 3130 3012 3185 regnum
3056 3114 3151 3168 Dei
3186 3112 3364 3183 possi-

1766 3209 2055 3276 debunt",
2089 3227 2106 3259 ι
2158 3224 2336 3279 neque
2370 3209 2558 3265 illicita
2608 3208 2893 3263 facientes.
2934 3206 3162 3277 Propter
3208 3204 3358 3274 quod

1766 3302 2031 3357 abstineri
2072 3310 2293 3371 Oportet
2343 3302 2414 3356 ab
2446 3301 2707 3356 omnibus
2756 3300 2861 3355 his.
2900 3298 3143 3368 Subjecti
3184 3305 3361 3351 estote

1764 3394 2097 3465 presbyteris
2120 3401 2173 3447 et
2201 3393 2471 3459 diaconis,
2500 3392 2644 3447 sicut
2681 3391 2797 3445 Deo
2825 3401 2880 3446 et
2908 3390 3151 3444 Christo.
3179 3386 3360 3457 Virgi-

1766 3502 1886 3548 nes,
1919 3485 2275 3539 immaculata
2303 3495 2357 3539 et
2384 3493 2531 3540 casta
2562 3482 2900 3539 conscientia
2926 3481 3226 3535 ambulate.

1838 3575 1924 3631 Vl.
1966 3575 2272 3648 Presbyteri
2336 3576 2615 3646 simplices
2639 3576 2771 3642 sint,
2805 3574 2859 3627 in
2899 3573 3161 3628 omnibus
3190 3571 3359 3626 mise-

1762 3673 2034 3739 ricordes,
2061 3686 2255 3726 omnes
2279 3673 2349 3726 ab
2378 3685 2567 3725 errore
2595 3677 3002 3733 convertentes,
3036 3681 3228 3722 omnes
3266 3666 3355 3720 in-

1763 3765 1953 3822 ﬁrmos
2004 3765 2314 3831 visitantes,
2352 3764 2549 3818 viduas
2577 3771 2633 3817 et
2690 3760 2928 3832 pupillos
2973 3767 3028 3815 et
3087 3772 3357 3830 pauperes

1763 3871 1872 3911 non
1904 3855 2276 3926 negligentes;
2307 3853 2403 3908 sed
2431 3867 2650 3923 semper
2676 3870 2693 3901 ι
2722 3851 3071 3921 providentes
3099 3850 3241 3903 bona
3264 3864 3359 3903 co-

1762 3961 1882 3999 ram
1914 3944 2026 4000 Deo
2056 3954 2112 4000 et
2151 3944 2471 3999 hominibus
2494 3941 2564 3999 τδ.
2607 3964 2626 3997 ι
2668 3942 2953 3998 Abstinete
2979 3956 3080 3996 vos
3112 3940 3180 3995 ab
3204 3937 3356 3994 omni

1763 4037 2073 4102 iracundia,
2112 4053 2143 4091 a
2172 4037 2388 4107 judicio
2428 4036 2659 4106 injusto,
2689 4036 2850 4106 longe
2888 4035 2958 4089 ab
2990 4032 3141 4089 omni
3175 4031 3359 4087 avari.

1765 4132 1837 4185 tia
1870 4139 2047 4185 estote
2078 4147 2091 4183 :
2124 4146 2233 4185 non
2261 4131 2371 4185 cito
2401 4130 2765 4185 consentiatis
2790 4129 3059 4182 adversus
3091 4125 3354 4194 aliquem,

1762 4239 1831 4277 ne
1865 4222 2383 4293 prtcvaricemini'in
2422 4222 2666 4291 judicio;
2704 4223 2942 4276 scientes
2979 4218 3109 4288 quia
3145 4216 3357 4271 debito.

1764 4331 1852 4370 res
1879 4330 2073 4370 sumus
2104 4314 2333 4384 peccati.
2372 4312 2430 4368 Si
2471 4328 2605 4384 ergo
2637 4313 3004 4381 deprecamur
3031 4308 3351 4371 Dominum,

1764 4417 1824 4461 ut
1848 4408 2006 4462 nobis
2033 4407 2300 4473 dimittat;
2331 4406 2596 4460 debemus
2622 4404 2791 4458 etiam
2836 4418 2938 4457 nos
2980 4400 3260 4455 dimittere
3282 4398 3351 4454 ⁷⁵.

1762 4500 1905 4554 Ante
1928 4508 2283 4569 conspectum
2312 4498 2458 4552 enim
2486 4497 2774 4551 oculorum
2798 4493 3017 4548 Domini
3048 4506 3275 4557 sumus;
3299 4477 3355 4544 et

1768 4610 1787 4643 ‹
1820 4606 2013 4647 omnes
2059 4600 2276 4661 oportet
2323 4599 2506 4644 astare
2561 4597 2690 4645 ante
2734 4586 2979 4649 tribunal
3026 4585 3257 4649 Christi,
3298 4592 3350 4635 at

1762 4696 2212 4752 unumquemque
2262 4696 2361 4751 pro
2407 4696 2468 4735 se
2505 4679 2777 4734 rationem
2826 4674 3055 4733 reddere
3074 4676 3143 4731 ⁷⁸.
3195 4695 3214 4728 ι
3258 4673 3351 4729 Sic

1758 4788 1889 4844 ergo
1916 4774 2225 4829 serviamus
2249 4774 2300 4827 ei
2325 4788 2451 4826 cum
2482 4773 2706 4835 timore,
2732 4782 2789 4825 et
2823 4771 2972 4831 0mm
3004 4767 3347 4832 reverentia;

1759 4866 2060 4919 secundum
2083 4864 2231 4934 quod
2255 4863 2781 4934 evangelizavernnt
2806 4860 2964 4916 nobis
2988 4858 3224 4928 apostoli
3251 4855 3354 4909 Do-

1769 4956 1922 5020 mini,
1947 4964 2001 5010 et
2022 4956 2300 5026 propheta:
2324 4954 2792 5010 annuntiaverunt
2817 4951 3109 5006 adventum
3131 4945 3349 5003 Domini

1764 5046 1936 5099 nostri
1980 5044 2109 5101 Jesu
2135 5044 2345 5101 Christi
2387 5063 2401 5099 :
2448 5046 2690 5101 zelantes
2724 5044 2900 5109 bona;
2944 5040 3280 5095 abstinentes
3314 5052 3347 5092 a

1760 5138 2293 5208 scandalis,§etfalsis
2309 5138 2595 5204 fratribus,
2610 5149 2664 5193 et
2681 5139 2776 5207 qui
2794 5138 2848 5189 in
2869 5131 3199 5206 bypocrisim
3215 5146 3349 5200 por-

1760 5243 1881 5288 tant
1913 5250 2114 5290 nomen
2140 5233 2488 5305 Domini,qui
2517 5234 2775 5288 aberrare
2797 5229 3007 5284 faciunt
3030 5226 3223 5280 inanes
3244 5224 3349 5280 ho-

1759 5344 1955 5384 tntnes.

2315 5462 2361 5493 ⁵⁸
2380 5460 2525 5515 Psal.
2566 5477 2627 5523 ιι,
2664 5461 2752 5514 Η.
2876 5458 2921 5491 ³³
2949 5459 2990 5528 f.
3020 5457 3345 5515 multorum.

1941 5534 1986 5565 ”
2017 5533 2036 5586 Ι
2065 5532 2215 5586 Petr.
2240 5548 2322 5599 ιιι,
2353 5532 2406 5587 9.
2483 5531 2739 5585 “Matth.
2770 5545 2867 5596 vn,
2900 5530 2954 5596 i;
2990 5529 3218 5595 Luc.vr,
3252 5528 3345 5585 37.

1946 5619 2018 5656 m.
2070 5619 2145 5667 νι,
2177 5605 2231 5658 7.
2424 5603 2470 5637 ⁸⁸
2500 5602 2835 5671 διαϐολικῆς.
2941 5602 2984 5633 ⁸⁸
3016 5600 3138 5671 Gal.
3177 5615 3252 5664 VI,
3293 5600 3347 5655 7.

108 5733 161 5792 Π
212 5748 288 5817 7⁸⁷⁵
316 5733 608 5819 Μίιιιῒιίνι,
643 5750 731 5819 1‘2,
770 5750 851 5805 ll.
887 5811 889 5814 ι
930 5750 974 5781 ⁷⁵
1000 5733 1167 5803 ’Κοιιιί
1202 5765 1310 5815 xxv,
1346 5747 1431 5813 10,
1470 5747 1533 5801 12
1561 5733 1659 5802 αι’]

1799 5763 1851 5801 ι’.
1891 5762 1941 5811 v,
1977 5745 2060 5801 l0.
