3766 6318
516 227 655 284 “MO

1650 236 1707 291 S.
1742 234 2125 295 POLYCARPI
2168 241 2527 298 MARTYRIS

3571 252 3651 303 ηεξ

587 342 697 398 VII.
722 364 740 396 ι
763 344 953 400 Omnis
978 344 1124 402 enim
1151 346 1242 417 qui
1271 364 1379 403 non
1405 352 1696 409 conﬁtetur
1719 354 1904 412 Jesum
1926 356 2086 411 Chri.
2118 370 2159 422 Α
2191 370 2251 414 ut
2296 362 2614 419 ahstineatis
2661 364 2728 419 ab
2759 366 3006 435 avaritia,
3032 378 3084 422 et
3112 366 3235 421 sitis
3272 366 3400 422 casti
3426 380 3471 422 et
3495 386 3649 425 veram.

511 444 656 491 stum
685 436 738 490 in
772 452 937 491 carne
961 438 1209 503 venisse,
1243 442 1331 497 hic
1358 435 1736 502 Antichristus
1761 458 1846 503 est
1871 450 1947 513 7";
1982 468 2000 500 ι
2034 458 2089 503 et

510 528 607 597 qui
653 542 765 582 non
810 530 1101 584 conﬁtetur
1153 535 1476 604 martyrium
1521 539 1725 607 crucis,
1760 556 1828 596 ex
1871 542 2088 597 diabolo

510 628 625 684 est;
662 621 848 689 et-qui
878 624 1175 680 deviaverit
1223 626 1440 696 eloquia
1486 626 1701 684 Domini
1750 632 1818 687 ad
1868 634 2089 703 propria

510 710 799 780 desideria,
826 723 881 769 et
927 716 1128 773 dixerit
1173 734 1350 789 neque
1398 722 1880 789 resurrectionem,
1912 739 2090 792 neque

505 803 775 872 judicium
805 823 965 875 esse;
1004 809 1096 867 hic
1134 810 1533 881 primogenitus
1567 822 1651 867 est
1679 812 1917 869 Satanae.
1950 814 2089 868 Pro-

512 904 630 963 pter
658 897 802 966 quod
826 898 1196 969 relinquentes
1224 902 1521 956 vanitatem
1553 903 1877 967 multorum,
1901 913 1955 958 et
1987 903 2089 958 fal-

510 1001 603 1043 sas
646 987 945 1056 doctrinas,
980 992 1047 1047 ad
1090 992 1221 1047 illud
1265 993 1410 1061 quod
1451 993 1714 1049 traditum
1756 1004 1840 1049 est
1869 996 2026 1051 nobis
2057 1012 2087 1051 a

511 1078 783 1148 principio
812 1082 1036 1135 verbum
1069 1091 1429 1137 revertamur.
1468 1083 1648 1139 Sobrii
1680 1085 1856 1140 simus
1885 1086 1940 1139 in
1965 1101 2089 1141 ora-

511 1169 754 1225 tionibus
782 1171 849 1237 ⁷⁸,
897 1172 1103 1243 jejunia
1140 1174 1471 1241 tolerantes;
1503 1186 1556 1231 et
1594 1178 2089 1246 supplicationibus

511 1270 755 1329 petentes
786 1265 1030 1319 omnium
1056 1276 1459 1335 perspectorem
1492 1267 1807 1335 Dominum,
1839 1289 1857 1321 ι
1888 1286 1955 1326 ne
1986 1287 2088 1326 nos

513 1354 742 1411 inducat
779 1358 832 1411 in
871 1359 1225 1413 tentationem
1254 1360 1337 1426 79;
1372 1380 1390 1411 ι
1434 1344 1735 1416 secundum
1767 1364 1914 1432 quod
1950 1364 2089 1418 dixit

510 1446 812 1503 Dominus:
844 1468 861 1500 ι
896 1449 1133 1519 Spiritus
1154 1450 1372 1521 quidem
1400 1461 1684 1524 promptus
1707 1463 1811 1520 est,
1838 1469 1966 1509 caro
1990 1470 2089 1508 au-

512 1546 619 1593 tem
652 1539 867 1595 inﬁrma
897 1542 964 1595 ⁸⁰.
991 1560 1009 1594 ›

584 1630 717 1686 VIII.
756 1634 1131 1692 Indeﬁcienter
1173 1651 1302 1702 ergo
1342 1638 1637 1694 toleremus
1677 1648 1896 1709 propter
1936 1653 2084 1708 spem

509 1732 753 1780 nostram
794 1736 851 1782 et
897 1730 1095 1798 pignus
1127 1731 1368 1798 iustitiae,
1399 1730 1544 1801 quod
1595 1738 1680 1787 est
1727 1727 1887 1787 Jesus
1927 1729 2087 1785 Chri—
2120 1715 2164 1774 Β

509 1826 664 1887 stus;
694 1839 711 1872 ι
738 1822 830 1890 qui
865 1824 1088 1879 sustulit
1135 1835 1356 1894 peccata
1398 1835 1585 1880 nostra
1629 1825 1683 1878 in
1720 1840 1950 1893 corpore
1985 1840 2087 1880 suo

508 1928 674 1983 super
700 1915 939 1986 lignum;
964 1917 1056 1986 qui
1079 1928 1365 1987 peccatum
1391 1933 1499 1971 non
1528 1916 1678 1985 fecit,
1703 1932 1803 1972 nec
1833 1917 2086 1971 iuventus

506 2014 592 2061 est
638 2006 797 2061 dolus
839 2008 891 2061 in
937 2024 1031 2063 ore
1070 2009 1191 2079 ejus
1222 2012 1338 2077 ⁸¹,·ι
1369 2010 1460 2064 sed
1511 2019 1732 2078 propter
1763 2024 1866 2064 nos
1898 2009 2083 2064 omnia

505 2096 787 2162 sustinuit,
831 2106 891 2152 ut
921 2099 1167 2155 vivamus
1201 2101 1255 2155 in
1298 2100 1439 2170 ipso.
1472 2099 1780 2155 lmitatores
1808 2114 1939 2168 ergo
1966 2098 2085 2153 etii--

501 2188 718 2242 ciamur
759 2190 1062 2246 tolerantia:
1103 2193 1224 2261 ejus
1251 2211 1265 2247 :
1291 2203 1366 2257 et,
1408 2193 1453 2246 si
1492 2192 1640 2261 passi
1684 2191 1951 2247 fuerimus
1985 2207 2084 2261 pro

507 2281 725 2336 nomine
745 2282 886 2351 ejus,
917 2284 1284 2353 glorificamus
1313 2300 1462 2341 eum.
1486 2284 1602 2339 Hoc
1622 2285 1767 2339 enim
1806 2284 1965 2340 nobis
1996 2284 2083 2338 in-

502 2371 706 2426 dicium
738 2375 923 2442 posuit
947 2376 1012 2429 de
1043 2376 1254 2445 seipso;
1292 2386 1346 2431 et
1374 2392 1476 2431 nos
1504 2377 1608 2431 hoc
1640 2375 1995 2431 credidimus.

574 2462 665 2517 IX.
706 2464 858 2533 Rogo
884 2466 1049 2535 igitur
1080 2482 1178 2521 vos
1209 2481 1402 2521 omnes
1438 2466 1695 2538 insistere
1730 2466 1895 2519 verbo
1917 2466 2081 2535 justi-

504 2554 593 2608 tim
618 2564 672 2608 et
700 2556 1000 2624 patientiae,
1032 2574 1194 2627 quam
1223 2566 1278 2613 et
1311 2559 1522 2613 oculata
1553 2558 1657 2613 ﬁde
1686 2557 1901 2613 vidistis
1920 2600 1935 2624 ,
1973 2573 2081 2612 non

503 2646 681 2699 solum
710 2647 762 2701 in
787 2648 1119 2704 beatissimis
1142 2650 1248 2705 illis
1270 2650 1476 2720 lgnatio
1502 2659 1557 2705 et
1583 2650 1805 2705 Zosimo
1834 2659 1887 2705 et
1917 2650 2081 2715 Rufo,

502 2737 598 2790 sed
621 2746 674 2791 et
699 2738 750 2791 in
777 2740 899 2793 aliis
928 2742 1022 2810 qui
1048 2757 1113 2796 ex
1139 2742 1293 2797 vobis
1324 2751 1470 2807 sunt,
1491 2752 1545 2797 et
1575 2745 1627 2797 in
1655 2743 1774 2813 ipso
1807 2743 1996 2808 Paulo,
2029 2751 2084 2797 et

500 2828 714 2883 czeteris
737 2833 1000 2900 apostolis
1028 2853 1041 2888 :
1066 2835 1400 2891 conﬁdentes
1425 2837 1550 2906 quia
1582 2837 1636 2890 hi
1666 2852 1857 2892 omnes
1888 2852 1996 2891 non
2026 2837 2079 2892 in

499 2933 733 2974 vacuum
768 2934 1132 2980 cucurrerunt
1153 2927 1219 2991 ⁸²,
1247 2926 1341 2981 sed
1367 2928 1418 2981 in
1453 2927 1557 2983 ﬁde
1587 2936 1641 2982 et
1661 2928 1907 2998 justitia;
1933 2939 1986 2984 et
2012 2929 2080 2984 ad

500 3011 744 3067 debitum
799 3015 905 3070 sibi
950 3017 1129 3071 locum
1161 3034 1191 3072 a
1217 3018 1263 3049 ⁸³
1291 3018 1545 3083 Domino,
1577 3019 1665 3073 cui
1698 3028 1754 3073 ct
1801 3021 2075 3090 compassi

501 3117 650 3170 sunt,
687 3106 969 3175 abierunt;
1003 3111 1128 3179 quia
1160 3125 1270 3163 non
1305 3110 1410 3165 hoc
1441 3111 1701 3165 saeculum
1746 3112 2076 3179 dilexerunt,

499 3196 594 3250 sed
623 3213 747 3252 eum
779 3199 873 3267 qui
913 3215 1012 3269 pro
1050 3200 1183 3269 ipsis
1210 3211 1265 3256 et
1287 3217 1388 3273 pro
1429 3201 1588 3257 nobis
1616 3210 1866 3258 mortuus
1891 3211 1994 3270 est,
2025 3212 2080 3260 et

496 3302 530 3341 a
565 3288 672 3342 Deo
700 3291 1079 3345 resuscitatus.

570 3378 638 3433 X.
672 3379 727 3433 In
763 3381 847 3436 his
876 3398 1008 3452 ergo
1041 3392 1199 3447 state,
1231 3392 1286 3438 et
1310 3381 1526 3436 Domini
1572 3383 1855 3451 exemplar
1886 3385 2076 3453 sequi»-

498 3472 666 3540 mini;
718 3474 859 3528 ﬁrmi
914 3475 968 3528 in
1028 3476 1133 3529 fide
1172 3486 1227 3530 et
1280 3477 1668 3542 immutabiles,
1716 3476 2078 3532 fraternitatis

498 3574 792 3632 amatores,
841 3568 1129 3637 diligentes
1179 3568 1436 3635 invicem,
1486 3570 1541 3624 in
1595 3569 1818 3624 veritate
1857 3568 2074 3635 sociati,

499 3660 975 3713 mansuetudinem
1001 3659 1218 3715 Domini
1242 3662 1491 3716 alterutri
1526 3669 1845 3731 praestantes
1867 3660 1935 3725 ⁸⁵,
1961 3662 2079 3715 nul-

497 3748 609 3801 lum
649 3750 1028 3820 despicientes.
1066 3751 1205 3806 Cum
1255 3753 1484 3823 potestis
1533 3752 1878 3817 benefacere,
1909 3753 2076 3807 nolite

494 3840 752 3897 diﬂerre:
789 3844 919 3912 quia
967 3863 985 3894 ‹
1010 3845 1357 3915 eleemosyna
1402 3846 1470 3899 de
1512 3854 1685 3900 morte
1734 3844 2014 3899 liberat”.
2049 3863 2069 3897 ι

491 3926 699 3985 Omnes
740 3934 897 3987 vobis
941 3934 1172 3990 invicem
1214 3936 1446 4005 subjecti
1484 3944 1693 4000 estote;
1727 3961 1745 3988 ι
1777 3951 2076 3991 conversa-

495 4022 698 4076 tionem
752 4035 988 4079 vestram
1036 4028 1572 4097 irreprehensihilem
1618 4030 1878 4085 habentes
1924 4030 1970 4060 ⁸⁸
2019 4029 2072 4083 in

494 4113 747 4180 gentibus
769 4115 849 4181 ⁸⁷;
876 4135 895 4166 ι
936 4125 994 4170 ιιι
1032 4133 1099 4173 ex
1144 4120 1301 4174 bonis
1348 4121 1606 4191 operibus
1643 4120 1839 4175 vestris
1884 4128 1939 4174 et
1977 4136 2075 4175 vos

492 4204 707 4259 laudem
732 4207 1033 4277 accipiatis,
1058 4220 1110 4265 et
1138 4211 1403 4267 Dominus
1428 4214 1482 4266 in
1505 4214 1660 4269 vobis
1690 4230 1797 4267 non
1822 4212 2075 4283 blasphe-

493 4308 692 4353 metur.
729 4319 749 4352 ι
782 4300 873 4356 Va:
918 4316 1098 4359 autem
1130 4306 1228 4367 illi,
1261 4323 1356 4376 per
1394 4324 1557 4377 quem
1608 4324 1805 4365 nomen
1854 4306 2073 4362 Domini

490 4391 903 4463 blasphematur
927 4397 993 4451 ⁸⁸.
1020 4417 1037 4449 ι
1076 4399 1439 4455 Sobrietatem
1478 4415 1611 4470 ergo
1642 4400 1829 4455 docete
1855 4414 2041 4455 omnes

2181 4419 2350 4472 rimus
2403 4390 2622 4485 tempus
2661 4425 2922 4485 oppurtu-
2998 4415 3335 4487 παρ’ὑμῶν(

489 4483 544 4536 in
574 4500 681 4551 qua
705 4494 759 4540 et
788 4502 886 4542 vos
918 4490 1342 4545 conversamini.

559 4574 653 4629 Xl.
688 4575 863 4633 Nimis
891 4582 1248 4637 contristatus
1278 4598 1399 4637 sum
1423 4596 1523 4652 pro
1548 4579 1793 4649 Valente,
1825 4582 1917 4652 qui
1946 4596 2070 4651 pre-

488 4666 675 4738 sbyter
722 4669 901 4725 factus
949 4682 1035 4727 est
1077 4674 1375 4744 aliquando
1426 4674 1569 4743 apud
1620 4689 1751 4738 vos;
1797 4675 1943 4742 quod
1988 4674 2068 4729 sic

490 4760 704 4829 ignoret
726 4762 772 4817 is
803 4763 981 4818 locum
1032 4767 1125 4836 qui
1150 4768 1310 4822 datus
1337 4777 1423 4823 est
1441 4769 1511 4823 ei.
1542 4767 1736 4822 Moneo
1766 4767 1947 4836 itaque
1970 4784 2067 4825 vos

2196 473 2215 504 ι
2246 455 2525 510 Abstinete
2546 473 2643 512 vos
2667 459 2737 512 ab
2768 459 2916 513 omni
2946 460 3089 513 malo
3110 461 3174 512 ⁸³.
3200 477 3233 525 ι
3254 458 3357 524 Qui
3380 470 3528 513 autem
3552 464 3588 513 iu
3608 466 3652 515 ius

2188 562 2297 600 non
2334 558 2513 616 potest
2538 566 2596 604 se
2626 550 2947 619 gubernare,
2978 567 3089 620 quo
3121 551 3289 607 modo
3318 551 3403 606 alii
3440 559 3653 621 pronuntiat
3704 550 3705 561 ¹

2189 639 2326 694 hoc?
2354 639 2411 694 Si
2439 642 2564 711 quis
2589 658 2696 696 non
2727 644 3053 699 abstinuerit
3086 660 3144 699 se
3165 646 3239 698 ab
3268 645 3495 706 avaritia,
3513 647 3564 698 ab
3590 648 3653 699 iis

2187 730 2400 786 lolatria
2442 733 2885 803 coinquinabitur
2909 737 2976 800 9°,
3005 745 3059 789 et
3087 744 3353 805 tanquam
3399 736 3518 788 inter
3544 751 3654 805 gente
3704 802 3705 815 χ

2182 822 2537 892 judicabitur.
2588 825 2693 892 Qui
2736 837 2916 883 autem
2971 827 3228 893 ignorant
3258 828 3301 859 ⁹¹
3340 826 3566 895 judicium
3598 827 3654 877 be
3704 838 3705 857 ι

2189 912 2363 967 mini?
2397 935 2414 963 ε
2442 916 2522 970 An
2556 919 2853 983 nescimus,
2886 920 3014 988 quia
3044 919 3221 974 sancti
3254 919 3498 973 mundum
3520 919 3654 987 judia-
3704 894 3705 969 l

2189 1003 2455 1058 bunt”?i
2496 1006 2638 1062 sicut
2665 1007 2869 1064 Paulus
2900 1010 3079 1065 docet.
3126 1009 3243 1079 Ego
3274 1021 3445 1064 autem
3472 1012 3571 1063 nihil
3598 1014 3658 1063 et:
3704 996 3705 1001 “

2188 1098 2337 1152 sensi
2364 1098 2418 1152 in
2441 1100 2614 1167 vobis,
2640 1084 2723 1156 vel
2745 1102 2953 1168 audivi,
2982 1103 3036 1157 in
3060 1103 3264 1172 quibus
3290 1103 3525 1157 laboravit
3543 1102 3655 1155 inus

2189 1187 2426 1256 Paulus,
2458 1194 2551 1262 qui
2581 1194 2713 1249 estis
2766 1195 2821 1250 in
2861 1196 3129 1265 principio
3165 1195 3411 1265 epistola:
3435 1195 3534 1263 ejus
3550 1196 3597 1247 ".
3618 1194 3657 1246 [Ie

2188 1281 2344 1336 vobis
2385 1284 2586 1338 etenim
2621 1286 2888 1355 gloriatur
2931 1287 2987 1340 in
3029 1286 3291 1340 omnibus
3333 1284 3655 1354 Ecclesiis,qa2

2191 1369 2363 1425 Deum
2393 1374 2524 1428 solae
2564 1382 2692 1429 tunc
2733 1385 3132 1445 cognoverant;
3162 1390 3270 1428 nos
3300 1383 3470 1429 autem
3504 1375 3656 1428 nuncin

2190 1479 2519 1521 noveramus
2556 1465 2654 1534 (6).
2706 1465 2875 1519 Valde
2906 1481 3056 1539 ergo,
3084 1466 3308 1531 fratres,
3338 1469 3586 1523 contristor
3606 1486 3659 1537 pro

2190 1555 2283 1610 illo
2309 1566 2364 1610 et
2392 1572 2491 1626 pro
2518 1558 2750 1631 conjuge
2777 1563 2920 1633 ejus,
2952 1564 3151 1633 quibus
3177 1563 3272 1617 det
3296 1558 3534 1616 Dominus
3558 1564 3659 1629 pene

2191 1650 2413 1706 tentiam
2442 1670 2624 1709 veram
2659 1655 2726 1711 “.
2763 1655 2943 1711 Sobrii
2972 1672 3101 1726 ergo
3130 1664 3310 1711 estote
3338 1666 3390 1708 et
3416 1670 3503 1709 vos
3524 1656 3562 1707 in
3584 1655 3656 1713 δοες

2189 1752 2379 1798 etnon
2430 1745 2573 1800 sicut
2615 1746 2870 1802 inimicos
2912 1748 3048 1802 tales
3093 1748 3449 1811 existimetis,
3478 1747 3552 1800 sed
3580 1748 3657 1798 site:

2187 1836 2465 1904 passibilia
2496 1839 2743 1892 membra
2766 1847 2821 1893 et
2852 1841 3095 1895 errantia
3120 1856 3219 1895 eos
3248 1849 3505 1900 revocate,
3531 1847 3573 1891 ut
3592 1855 3659 1889 oar

2187 1928 2338 1982 nium
2382 1939 2622 1984 vestrum
2654 1946 2862 2005 corpus
2905 1932 3147 1989 salvetis.
3180 1933 3302 1988 Iloc
3337 1932 3475 1988 enim
3502 1942 3658 2001 agentes.

2186 2035 2286 2075 vos
2320 2021 2473 2092 ipsos
2495 2022 2794 2078 aadiﬁcatis.

2257 2132 2370 2187 XII.
2405 2137 2633 2189 Conﬁdo
2682 2136 2828 2190 enim
2859 2151 2959 2192 vos
2998 2138 3137 2192 bene
3173 2137 3496 2193 exercitatos
3528 2137 3658 2190 essria

2186 2223 2358 2279 sacris
2398 2224 2614 2291 litteris,
2649 2234 2705 2279 et
2737 2226 2868 2279 nihil
2912 2242 3010 2283 vos
3054 2228 3219 2292 latet;
3257 2230 3390 2282 mihi
3432 2237 3574 2281 autem
3599 2241 3659 2276 nm

2185 2321 2269 2367 est
2298 2329 2614 2368 concessum
2639 2315 2819 2369 modo.
2855 2313 2926 2369 Ut
2956 2315 3039 2370 bis
3064 2314 3369 2383 Scripturis
3398 2316 3566 2368 dictum
3586 2322 3657 2363 est:

2192 2425 2210 2457 ι
2240 2405 2569 2471 lrascimini,
2604 2414 2657 2460 et
2705 2406 2873 2460 nolite
2919 2422 3147 2475 peccare
3173 2409 3248 2462 ’⁸.
3277 2427 3297 2458 ι
3338 2407 3400 2461 Et
3421 2426 3434 2460 :
3459 2425 3476 2457 ι
3502 2403 3570 2457 Sol
3599 2418 3659 2453 ne:

2186 2498 2401 2552 occidat
2448 2514 2613 2567 super
2674 2498 3014 2553 iracundiam
3071 2510 3316 2554 vestram
3367 2501 3430 2552 “.
3474 2517 3490 2549 ι
3538 2496 3659 2547 Beatus

2184 2588 2279 2658 qui
2325 2588 2633 2644 meminerit
2658 2590 2726 2655 9",
2766 2592 2912 2659 quod
2960 2607 3062 2661 ego
3099 2591 3273 2646 credo
3325 2606 3441 2645 esse
3476 2590 3519 2642 in
3552 2587 3657 2638 vobis

2185 2679 2329 2735 Deus
2360 2690 2543 2734 autem
2565 2691 2617 2736 et
2648 2681 2807 2736 Pater
2837 2681 3049 2737 Domini
3082 2685 3260 2737 nostri
3290 2682 3417 2739 Jesu
3439 2679 3659 2741 Christim

2185 2772 2301 2842 ipse
2330 2776 2697 2843 sempiternus
2726 2772 2997 2839 Pontifex,
3026 2774 3121 2829 Dei
3156 2774 3358 2837 Filius,
3388 2772 3591 2828 Christus
3611 2766 3656 2818 ιβ

2183 2880 2297 2931 sus,
2330 2866 2558 2922 aadilicet
2579 2884 2675 2923 vos
2698 2870 2750 2923 in
2774 2868 2880 2924 ﬁde
2903 2878 2958 2923 et
2978 2868 3229 2933 veritate,
3256 2876 3314 2922 et
3345 2869 3396 2921 in
3424 2865 3546 2920 omni
3568 2876 3659 2915 mae

2184 2957 2496 3023 suetudine,
2526 2968 2580 3013 et
2605 2960 2723 3014 sine
2754 2959 3060 3027 iracundia,
3086 2970 3139 3014 et
3169 2961 3223 3014 in
3252 2944 3505 3030 patienti!
3526 2964 3567 3009 et
3588 2954 3659 3005 hu-

2104 3054 2147 3115 C
2180 3051 2497 3134 ganimitate
2534 3062 2590 3107 et
2636 3054 2927 3109 tolerantia
2956 3062 3010 3108 et
3047 3056 3335 3120 castitate;
3367 3062 3418 3107 et
3455 3052 3531 3105 det
3563 3045 3659 3099 rubii

2182 3153 2385 3198 sortem
2416 3154 2470 3199 et
2492 3155 2697 3213 partem
2729 3146 2870 3200 inter
2893 3156 3113 3201 sanctos
3138 3161 3296 3208 suos,
3323 3158 3376 3200 et
3395 3143 3531 3197 nobis
3547 3139 3660 3190 vobis

2180 3250 2328 3300 cum,
2359 3248 2415 3290 et
2446 3236 2705 3291 omnibus
2733 3238 2825 3307 qui
2866 3247 2995 3292 sunt
3034 3238 3137 3293 sub
3165 3238 3330 3301 ccelo,
3367 3235 3451 3306 qui
3484 3229 3659 3286 credin

2180 3334 2311 3380 sunt
2343 3327 2397 3379 in
2441 3326 2733 3381 Dominum
2774 3337 3025 3382 nostrum
3067 3326 3256 3382 Jesum
3307 3327 3551 3383 Christum
3578 3329 3612 3371 tl
3631 3322 3660 3366 1·

2182 3418 2355 3487 ipsius
2377 3417 2618 3484 Patrem,
2642 3439 2660 3470 ι
2686 3420 2780 3488 qui
2805 3420 3152 3475 resuscitavit
3180 3436 3310 3474 eum
3342 3436 3373 3474 a
3406 3412 3659 3472 mortuis-‘5.»

2180 3509 2288 3565 Pro
2333 3510 2821 3566 omnibus-sanctis
2864 3520 3039 3565 orate.
3073 3510 3241 3564 Orate
3274 3512 3434 3565 etiam
3468 3522 3546 3576 pro
3575 3501 3661 3567 τίὲν

2180 3603 2285 3657 bus
2332 3612 2387 3656 et
2433 3602 2794 3672 potestatibus
2833 3610 2888 3655 et
2936 3601 3279 3671 principibus
3323 3602 3404 3667 ”,
3443 3608 3570 3664 atque
3601 3601 3661 3670 pro

2176 3695 2630 3765 persequentibus
2666 3702 2721 3749 et
2758 3694 3070 3749 odientibus
3106 3710 3202 3749 vos
3236 3696 3280 3759 ί,
3306 3705 3360 3748 et
3384 3708 3471 3763 pro
3502 3682 3661 3742 inimicis

2177 3789 2388 3853 crucis;
2416 3798 2472 3841 ut
2500 3786 2711 3842 fructus
2740 3796 2920 3842 vester
2943 3787 3274 3843 manifestus
3304 3788 3375 3841 sit
3396 3786 3443 3838 in
3463 3777 3659 3835 omnibus.

2179 3891 2237 3938 ut
2261 3882 2380 3937 sitis
2415 3882 2471 3936 in
2503 3882 2597 3938 illo
2629 3881 2877 3952 perfecti.

2244 4063 2385 4118 xm.
2442 4062 2752 4143 scripsistis
2789 4065 2923 4143 mihi
3068 4064 3223 4143 Apud
3258 4050 3655 4143 gmnwlig

2176 4147 2229 4191 et
2252 4151 2366 4213 ⁸γοε
2402 4145 2456 4213 et
2491 4130 2753 4213 lgliatius,
2790 4145 2864 4213 ut_
2880 4136 2925 4189 si
2998 4130 3131 4190 eccl.
3154 4151 3234 4213 ιιι,

2175 4207 2299 4274 quis
2324 4206 2467 4258 vadit
2488 4196 2555 4259 ad
2579 4196 2814 4275 Syriam,
2833 4206 2926 4258 de-
3004 4224 3094 4277 μοι
3127 4196 3230 4277 ut
3267 4205 3419 4277 ὑμεῖς
3549 4196 3655 4277 ’ζτέ

2178 4265 2315 4331 ferat.
2350 4277 2558 4330 litteras
2594 4265 2764 4340 meas,
2790 4265 2927 4344 quas
2998 4265 3131 4339 εὶιος,
3166 4276 3250 4328 ἵνα
3287 4265 3380 4328 ἐὰν
3408 4286 3479 4332 τις
3500 4265 3657 4344 ἀέρχη-

2179 4349 2355 4402 fecero
2396 4346 2463 4400 ad
2505 4360 2622 4409 vos,
2650 4346 2694 4400 si
2727 4335 2928 4399 liahne—
3001 4335 3211 4407 me;
3267 4346 3340 4396 Συ
3381 4343 3474 4400 ίαν,
3515 4335 3584 4387 καὶ
3618 4346 3657 4377 =1

2179 4419 2350 4467 rimus
2403 4426 2617 4467 temous
2661 4425 2922 4467 onnortu-
2998 4362 3652 4467 arao‘ﬁumvtﬁicrphorusl.

3392 4423 3614 4479 icepuoru:
3632 4423 3652 4477 ξι

2995 4482 3117 4556 emi.
3156 4482 3242 4550 ιθ,
3277 4484 3448 4558 eam
3471 4482 3654 4558 ἀποκομέο

2997 4554 3078 4630 στι
3094 4554 3537 4630 γράμμσίτᾳῖτὶπερ
3557 4554 3653 4630 “fl:

2997 4622 3074 4680 σῶ
3107 4622 3332 4696 (lilii-3V
3371 4622 3500 4696 λάδέυ
3530 4624 3653 4696 ’3"???

2996 4688 3233 4763 εῠθέτὸν,
3258 4695 3370 4749 εἴτε
3391 4690 3503 4759 ἐγὼ,
3524 4688 3598 4738 εἶτε
3618 4691 3652 4763 0:»

2997 4768 3197 4838 πέμψω
3222 4760 3574 4837 apes-652360971
3596 4760 3649 4801 κλί

2178 4503 2329 4549 num,
2358 4487 2471 4541 sive
2496 4504 2615 4557 ego,
2652 4502 2745 4540 seu
2782 4489 2922 4555 lega-

2174 4569 2262 4613 tus
2292 4559 2683 4627 quemmisero
2711 4572 2809 4625 pro
2838 4572 2924 4610 vo-

2172 4629 2277 4682 bis.
2334 4627 2412 4695 (7)
2460 4626 2733 4695 Epistolas
2792 4642 2924 4681 sane

2172 4698 2388 4767 lgnatii,
2419 4715 2541 4766 qua:
2588 4699 2923 4761 transmissa:

2171 4778 2302 4825 sunt
2349 4768 2505 4823 vobis
2547 4771 2568 4801 ’
2610 4769 2679 4822 ab
2724 4784 2821 4834 eo,
2870 4776 2924 4822 et

557 4876 602 4907 ⁷⁷
632 4876 652 4928 Ι
682 4875 843 4949 Joan.
875 4895 950 4943 ιν,
988 4881 1042 4934 5.
1117 4881 1207 4933 ⁷⁸1
1248 4881 1389 4936 Petr.
1419 4900 1491 4946 tv,
1521 4882 1571 4937 7.
1650 4884 1695 4914 7°
1723 4881 1915 4936 Matth.
1953 4898 2027 4947 v1,

2227 4886 2272 4916 ⁸ο
2300 4883 2491 4939 Matth.
2519 4900 2669 4947 xxvu,
2699 4884 2789 4939 II.
2868 4885 2911 4915 δι
2940 4886 2960 4935 l
2995 4882 3139 4937 Petr.
3168 4898 3228 4949 ιι,
3250 4882 3346 4948 24,
3369 4881 3451 4935 22.
3513 4875 3547 4906 ⁸³
3574 4866 3646 4949 ΡΡῘ

488 4946 620 5021 lipp.
656 4962 717 5011 ιι,
758 4948 850 5021 l6.
921 4952 966 5021 ξ’
997 4952 1070 5005 αι.
1100 4966 1246 5005 cum.
1288 5020 1295 5021 ί
1357 4955 1401 4983 ⁸⁸
1426 4953 1500 5007 al.
1524 4962 1936 5021 praesentantes.

485 5089 531 5119 ”
561 5086 735 5160 l_Cor.
766 5090 926 5160 vn}.
1001 5086 1047 5123 ⁸⁷³
1070 5090 1284 5160 Philipp

487 5173 503 5211 ι
531 5197 546 5221 ,
581 5158 633 5212 1.
710 5159 800 5210 "1
826 5159 969 5215 Tim.
1003 5177 1064 5228 ιι,
1098 5161 1154 5215 2.
1217 5158 1247 5192 *ί
1274 5161 1463 5217 Matth.
1485 5179 1538 5227 v,
1568 5163 1659 5217 44.
1734 5165 1755 5196 ³
1777 5163 1818 5232 f.
1844 5163 2028 5218 nobis.

560 5270 638 5341 (6)
682 5270 747 5325 In
793 5273 1032 5326 omnibus
1073 5272 1353 5337 Ecclesiis,
1395 5289 1514 5343 qua:
1553 5272 1725 5327 Deum
1758 5274 1888 5328 solm
1936 5280 2062 5327 tunc

486 5352 869 5409 cognoverant;
902 5360 996 5398 nos
1026 5354 1200 5398 autem
1223 5342 1453 5397 nondum
1485 5361 1813 5398 noveramus.
1840 5342 1942 5399 Per
1966 5361 2060 5398 nos

488 5412 848 5484 Polycarpum
894 5415 1157 5484 intelligit
1198 5413 1470 5470 Usserius.
1525 5414 1639 5484 Ego
1677 5414 2058 5484 Smyrnenses.

490 5482 622 5551 Yide
650 5498 769 5551 cap.
796 5484 850 5539 3.
876 5483 1014 5539 Cor.
1035 5482 1232 5537 -ξ-Νυδ
1263 5494 1437 5538 autem
1467 5482 1699 5538 nondum
1730 5482 2060 5537 noveramus.

492 5549 827 5608 Vivisschis
874 5556 1056 5609 verbis
1092 5572 1151 5609 se
1189 5556 1402 5620 innuit,
1431 5572 1555 5609 cum
1590 5570 1721 5609 snas
1756 5554 1958 5607 Paulus
1993 5554 2062 5608 ad

492 5620 767 5677 Ecclesias
806 5625 1023 5693 scripsit
1067 5627 1358 5694 epistolas,
1396 5627 1520 5679 licet
1560 5626 1801 5679 nomlum
1840 5622 2063 5678 Christo

2028 4954 2073 4985 ⁸⁵
2107 4953 2243 5007 Tob.
2278 4971 2376 5017 xu,
2411 4955 2465 5010 9.

485 5017 532 5047 ⁸⁸
565 5019 670 5089 lsa.
709 5020 887 5083 LII,5;
920 5020 957 5072 Ι.
990 5023 1161 5089 Ignat.
1187 5020 1255 5072 ad
1282 5020 1449 5076 Trall.
1478 5017 1540 5077 8:
1599 5022 1643 5053 ⁸⁵³
1670 5024 1689 5074 l
1717 5022 1913 5078 Thess.
1942 5022 2103 5087 v,22.

1290 5132 1320 5164 ._
1338 5074 1420 5164 I.ﬂ_
1437 5074 1499 5123 ‘9‘
1520 5074 1597 5145 nl.
1621 5074 1883 5164 vestram.
1900 5074 2041 5164 ⁷ῗέἸῖ

2181 5074 2452 5163 ινξέῖῖδ
2480 5074 2679 5164 Εῇιιὲὲ.
2712 5074 2939 5160 ιὶζὲϐῗ
2978 5074 3121 5148 iiut.
3148 5074 3453 5149 eadem.
3502 5074 3547 5119 ³⁸
3567 5074 3643 5133 GI"

2571 4934 2615 4986 δέ
2635 4934 2727 5007 ἆιξ
2742 4934 3177 5008 considerantes.
3214 4934 3228 4949 ⁷
3270 4934 3367 5005 ⁸⁷’1
3394 4951 3513 5004 Petr.
3533 4957 3574 5001 ll.
3594 4934 3645 4986 θ’

2176 5026 2223 5057 ⁸ο
2249 5015 2448 5092 Ειιιιοε.
2485 5040 2536 5084 v,
2588 5024 2660 5089 5;
2711 5024 2827 5077 Col.
2858 5038 2939 5089 ιιι,
2976 5023 3029 5077 5.
3119 5024 3162 5055 ⁹¹
3195 5023 3271 5078 al.
3322 5023 3447 5090 Quis
3486 5015 3644 5092 i390?)

2168 5287 2342 5342 usque
2374 5271 2574 5327 Christi
2598 5272 2721 5335 169,
2749 5286 2859 5341 quo
2882 5272 3205 5342 martyrium
3233 5268 3567 5342 subiit,_vitam
3590 5259 3641 5311 ille

2168 5338 2511 5412 produxerit;
2548 5338 2844 5397 admodum
2879 5338 3180 5412 longaévum
3228 5344 3380 5412 illum
3424 5338 3553 5392 fuisse
3579 5346 3637 5412 mf

2168 5399 2322 5468 cesse
2355 5421 2458 5477 est,
2498 5399 2568 5467 de
2607 5429 2717 5483 quo
2757 5414 2811 5466 in
2859 5399 3185 5481 Praaloquio,
3223 5411 3571 5483 Smyrumgrum
3600 5399 3639 5450 (ιε

2168 5429 2322 5468 cesse
2355 5429 2458 5477 εει,
2502 5429 2568 5467 ae
2648 5429 2717 5466 uo
2757 5429 2811 5466 in
2860 5429 3185 5481 rrauoquto,
3223 5429 3571 5483 amyrumnrum

2168 5499 2394 5538 excessu
2428 5429 2877 5552 ipsiusllpistolze
2910 5486 3151 5553 praeﬁxo,
3178 5484 3429 5537 diximus.
3452 5476 3595 5533 Usssn.

2234 5554 2313 5623 (7)
2343 5553 2590 5616 Photius,
2633 5554 2915 5615 Biblioth.,
2950 5553 3072 5606 eod.
3119 5553 3242 5609 1'26.

2241 5612 2319 5693 (8)
2368 5625 2442 5679 Τὰ
2482 5612 2615 5693 σαφ’
2644 5623 2809 5691 ὑμῶν
2848 5612 3190 5693 dimouit?”
3228 5612 3635 5694 τνὰμματςιοὲᾖτὲ

500 5705 699 5747 nomen
745 5680 1003 5751 dedisset.
1056 5680 1117 5749 Α·
1145 5712 1254 5767 quo
1301 5680 1560 5768 tempore,
1590 5712 1716 5753 eum
1762 5695 1830 5753 ad
1866 5709 2041 5751 annun

2181 5680 2403 5765 τοίήίγω.
2440 5696 2546 5753 Pro
2559 5680 2749 5768 ’ὐμῶν,
2778 5696 2830 5751 in
2860 5680 3552 5767 Nicepl'ioro'ei'quibusdam
3569 5680 3633 5735 EH'
