3766 6320
533 263 670 318 1οιὶό

1690 262 1748 318 S.
1794 260 2183 319 POLYCARPI
2229 260 2592 317 MAliTYRlS

3594 269 3693 325 μ’]

531 380 624 448 qui
651 379 833 433 omnia
859 396 887 434 a
922 377 981 433 Β.
1015 381 1225 435 Joanne
1254 388 1397 442 acta.
1431 388 1691 451 tanquam
1715 380 1837 451 ejus
1861 380 2103 451 discipu-
2132 386 2179 443 Α
2206 382 2447 452 gravius,
2498 380 2847 444 accedamus,
2896 378 3042 449 quod
3081 377 3139 433 in
3189 352 3476 447 fragmento
3520 348 3697 439 saucii

533 472 638 537 lus,
668 472 751 526 vel
781 472 993 527 videbat
1034 474 1172 542 ipse,
1204 474 1286 527 vel
1317 490 1382 528 ex
1406 489 1472 529 eo
1494 474 1769 539 audiebat,
1808 474 1895 530 vel
1925 490 1989 529 ex
2014 489 2107 529 co-

532 564 755 619 mitibus
804 565 1139 629 addiscebat,
1188 566 1518 635 scripsisset,
1552 566 1766 636 legitur,
1811 568 1966 636 quasi
2007 566 2107 621 sci-

531 654 678 719 licet,
709 655 757 707 id
791 670 899 709 non
937 656 1157 711 aliunde
1183 673 1345 726 quam
1378 673 1444 711 ex
1471 657 1624 712 libris
1656 658 1849 723 sciret;
1886 657 1979 712 sed
2005 672 2105 726 po-

535 746 643 799 tius
695 747 1017 815 simpliciter
1065 756 1230 817 atque
1297 749 1547 803 absolute
1598 749 1829 803 dixisset
1888 749 2106 813 aldem

526 835 761 891 Joannes
794 839 847 891 in
874 839 1018 892 dolio
1059 840 1306 909 ferventis
1349 840 1470 903 olei,
1520 839 1721 895 Christi
1766 843 1973 895 nomine
2017 843 2108 896 de-

531 946 734 985 mersus
784 932 888 1001 fuit
940 947 959 986 :
1006 933 1150 1002 quod
1206 933 1367 1001 longe
1400 933 1664 1003 majorem
1708 934 1815 988 vim
1860 928 2105 1003 haberet,

527 1040 692 1093 quam
723 1025 866 1080 istud
896 1027 1110 1096 legitur.
1135 1026 1231 1083 Est
1252 1029 1397 1083 enim
1432 1029 1547 1084 han:
1570 1045 1675 1085 vox
1700 1030 1767 1085 de
1793 1029 1956 1085 rebus
1982 1040 2109 1087 ante

530 1124 717 1169 nostra
744 1125 983 1182 tempora
1012 1119 1318 1187 prteteritis,
1342 1135 1450 1173 non
1480 1135 1612 1175 vero
1642 1120 1710 1175 de
1755 1121 1823 1175 iis
1854 1136 1978 1190 quae
2009 1136 2108 1174 no-

529 1216 642 1261 stra
676 1210 958 1276 memoria,
1003 1212 1273 1281 nobisque
1303 1213 1611 1269 viventibus
1637 1221 1693 1268 et
1728 1212 1841 1268 fere
1871 1213 2105 1268 videnti-

530 1299 653 1363 bus,
685 1301 828 1355 circa
860 1303 1067 1357 amicos
1098 1313 1318 1358 nostros
1354 1311 1408 1358 et
1452 1306 1742 1375 magistros
1769 1305 2041 1360 accidunt.
2083 1324 2101 1355 ι

530 1388 656 1445 Haec
707 1390 1035 1449 Halloixius.
1086 1394 1151 1449 Et
1182 1405 1331 1450 recte
1361 1411 1513 1450 sane.
1558 1395 1694 1451 Hinc
1721 1397 1875 1451 locus
1910 1397 1998 1451 ille
2024 1398 2107 1451 vel

529 1496 593 1535 ex
630 1479 967 1537 Tertulliauo
995 1485 1134 1555 (l7),
1168 1486 1251 1540 vel
1294 1502 1360 1540 ex
1398 1485 1728 1559 Hieronymo
1762 1487 1853 1557 qui
1892 1488 1961 1541 ab
2007 1488 2109 1541 hoc

530 1575 798 1644 scriptore
844 1576 1105 1633 Africano
1142 1594 1263 1632 eam
1314 1581 1683 1635 narrationem
1719 1582 1931 1650 accepit
1971 1581 2107 1650 (18),

528 1656 744 1721 videtur
772 1668 1039 1737 adjectus.
1077 1669 1216 1736 Quid
1255 1688 1381 1725 vero
1419 1672 1463 1727 si
1504 1673 1807 1726 membrum
1842 1673 1994 1737 illud,
2041 1675 2110 1727 ab

530 1759 704 1814 aliena
744 1776 906 1815 manu
938 1778 1047 1817 orae
1076 1763 1281 1819 codicis
1304 1764 1475 1819 Grazci
1499 1780 1610 1834 quo
1632 1780 1767 1819 usus
1804 1774 1888 1820 est
1924 1763 2111 1819 Victor

529 1852 810 1919 additum,
867 1854 1134 1925 interpres
1173 1857 1369 1911 exinde
1427 1856 1573 1911 aliud
1624 1872 1793 1926 agens
1850 1859 1904 1911 iu
1954 1873 2110 1911 suam

530 1943 839 1997 versionem
874 1944 1155 2000 intulerit?
1186 1945 1325 2012 Quid
1368 1946 1411 2000 si
1460 1946 1738 2014 librarius,
1774 1947 2028 2001 Catenam
2080 1964 2112 2003 a

529 2032 752 2089 Victore
793 2033 986 2090 Latine
1049 2038 1317 2091 redditam
1374 2037 1723 2103 exscribens,
1767 2046 1931 2108 atque
1973 2038 2109 2093 idem

534 2127 841 2182 membrum
876 2130 1019 2200 quod
1055 2131 1250 2200 aliquis
1276 2132 1522 2186 eruditus
1561 2131 1790 2202 margini
1833 2132 2109 2202 adjcccrit,

531 2219 801 2287 pertinere
853 2220 919 2274 ad
977 2237 1138 2276 suum
1185 2231 1390 2276 textum
1445 2222 1789 2290 existimans,
1844 2222 1899 2290 ip
1950 2237 2111 2279 suum

530 2311 809 2380 exemplar
848 2312 1249 2381 conjiciendum
1286 2314 1533 2383 putarit?

602 2403 764 2459 Aliud
792 2405 1015 2473 insuper
1039 2422 1271 2461 censura
1304 2406 1599 2461 notandum
1627 2406 1681 2460 in
1722 2405 1808 2461 his
1835 2404 2112 2477 fragmen-

534 2495 606 2549 tis
650 2495 924 2552 detexisse
975 2498 1079 2553 sibi
1125 2497 1338 2552 videtur
1367 2496 1647 2561 Usscrius,
1678 2513 1983 2567 eorumque
2016 2513 2114 2552 au-

533 2596 736 2643 ctorem
790 2590 1143 2660 ἀκυρολογεῖν
1198 2589 1552 2660 pronuntiat,
1609 2590 1739 2643 dum
1803 2590 1856 2643 in
1920 2591 2113 2659 quinto

532 2678 812 2734 Christum
839 2682 1010 2734 crucis
1031 2680 1282 2735 vexillum
1301 2680 1658 2736 conscendisse
1682 2681 1893 2735 scribit.
1913 2700 1930 2731 ι
1956 2680 2112 2747 Nam,

534 2773 631 2833 ait,
663 2773 859 2842 gestari
882 2773 1101 2845 quidem
1134 2774 1389 2828 vexillum
1421 2774 1602 2830 crucis
1649 2788 1757 2828 non
1804 2773 1970 2829 semel
2014 2789 2115 2828 au-

533 2861 802 2926 divimus;
836 2863 928 2917 sed
957 2880 1294 2919 conscensum
1334 2880 1363 2919 a
1403 2864 1623 2920 Christo
1658 2865 1826 2920 fuisse
1856 2865 2109 2920 vexillum

536 2953 691 3020 illud,
750 2955 940 3009 nullibi
986 2956 1163 3013 adhuc
1210 2958 1539 3012 invenimus.
1585 2976 1603 3009 ι
1654 2956 1724 3011 At
1760 2957 1864 3013 hoc
1892 2959 2113 3013 demum

2207 480 2360 527 notat
2411 470 2794 526 Tillemontius
2832 470 2979 539 (l9);
3021 470 3115 526 ubi
3146 470 3316 524 fertur
3346 468 3554 526 Iacobus
3580 474 3699 528 lou-

2209 562 2294 617 nis
2321 561 2509 628 frater,
2540 563 2853 616 novissimus
2887 562 3153 633 martyrio
3183 562 3451 626 sublatus;
3472 564 3551 631 qui
3570 576 3695 618 tamen

2206 656 2410 721 primus
2441 654 2582 708 inter
2616 654 2893 724 apostolos
2944 668 3045 723 pro
3085 653 3310 708 Christo
3348 655 3695 724 sanguitetnfu-

2207 748 2355 804 disse
2405 748 2721 819 perhibetur
2752 766 2765 801 :
2842 756 2904 801 ut
2945 747 3174 817 proinde
3208 749 3467 803 sententia
3503 747 3719 823 ejus-ii}

2207 837 2509 908 Polycarpo
2555 852 2785 907 prorsus
2810 835 3035 905 indigna
3062 835 3330 889 videatur.
3356 832 3537 887 Verum
3559 850 3611 887 ne
3638 838 3699 888 ω

2206 931 2424 1000 quidem
2478 928 2711 998 objectio
2761 928 3040 999 negotium
3100 928 3274 980 ullum
3319 924 3560 980 faeeSsere
3596 924 3721 985 om?

2208 1022 2437 1091 peritur.
2461 1018 2673 1090 Agesis,
2729 1018 2814 1073 fac
2844 1019 3087 1087 demum,
3120 1019 3175 1071 in
3202 1034 3308 1073 suo
3334 1026 3474 1071 textu
3513 1018 3701 1085 ἐσχατετ

2208 1112 2405 1182 legisse
2447 1113 2835 1181 interpretem;
2892 1126 3056 1179 quam
3104 1110 3327 1179 quidem
3378 1124 3547 1163 vocem
3590 1113 3703 1162 obus

2208 1221 2371 1263 sensu
2435 1212 2714 1273 acceptam
2742 1243 2758 1269 ,
2818 1203 3161 1256 novissimum
3226 1200 3421 1254 Latine
3454 1200 3705 1254 reddenda:

2207 1298 2470 1353 duxerit:
2514 1312 2582 1349 an
2631 1295 2753 1349 ideo
2807 1295 2989 1349 statim
3030 1292 3237 1348 erroris
3287 1291 3569 1362 arguendos
3594 1292 3708 1361 frag»

2208 1400 2517 1446 mentorum
2562 1387 2788 1443 auctor?
2847 1386 2961 1441 lmo
2992 1401 3119 1440 vero
3162 1385 3254 1439 ille
3300 1384 3581 1438 rectissime
3620 1400 3707 1437 sm

2210 1484 2401 1553 pserit,
2427 1481 2688 1536 Iacobum
2705 1481 2968 1549 ἔσχατον
2991 1477 3252 1548 martyrio
3272 1486 3637 1545 consumptum.
3652 1492 3707 1527 a-

2210 1590 2317 1645 que
2348 1588 2455 1627 vox
2486 1572 2741 1627 vertenda
2784 1570 2948 1624 fuerit
2980 1572 3229 1639 primum,
3262 1584 3372 1623 non
3406 1579 3566 1622 autem
3596 1573 3705 1617 ωτέιν

2211 1666 2424 1718 simum.
2452 1662 2656 1717 Vadem
2679 1662 2824 1716 ultro
2853 1662 2939 1715 hic
2963 1676 3085 1715 sese
3106 1659 3240 1713 mihi
3265 1660 3429 1714 offert
3455 1657 3705 1727 Hesychius:

2216 1757 2523 1824 Ἕσχατον
2550 1762 2621 1795 Σ
2648 1751 2882 1823 πρῶτον.
2914 1750 3167 1805 Glossam
3216 1748 3595 1821 llesycbianatn
3632 1764 3707 1799 cat-

2212 1838 2528 1903 lirmaturus
2566 1845 2813 1899 eruditus
2860 1843 3194 1898 Abreschius
3224 1843 3280 1897 in
3328 1840 3548 1897 Hisce“.
3576 1839 3711 1894 Pinda-

2214 1955 2337 1995 rum
2354 1939 2559 1995 excitat
2585 1937 2667 1992 sie
2699 1936 3013 2007 loquentem
3039 1935 3151 2006 (20)
3181 1955 3195 1990 :

2599 2069 2920 2141 ἁμιλλᾶται
2951 2069 3087 2139 περὶ

2444 2163 2752 2234 Ἐσχάτων
2766 2161 2997 2217 ἀέθλων
3022 2166 3326 2231 κορυφᾱίςζ

2280 2296 2499 2359 Videsis
2539 2304 2885 2368 praestantem
2941 2293 3196 2366 Hesychii
3258 2293 3573 2359 editionem,
3620 2308 3641 2345 a
3673 2290 3713 2345 ei.

2214 2389 2425 2445 Joanne
2451 2387 2661 2443 Alberti
2708 2387 3030 2442 adornatam
3073 2386 3209 2455 (2|).
3246 2386 3327 2439 Ex
3359 2386 3558 2455 quibus
3592 2385 3717 2451 liquet.

2213 2480 2413 2534 borum
2442 2478 2873 2549 fragmentorum
2920 2477 3233 2533 auctoritati
3276 2492 3476 2547 parum
3524 2486 3604 2529 aut
3633 2478 3717 2527 nihil

2217 2572 2438 2629 officere
2465 2588 2587 2641 qua;
2613 2570 2978 2639 objiciuntur;
3004 2584 3179 2639 eaque
3215 2569 3440 2623 demum
3476 2576 3533 2620 ut
3557 2569 3642 2619 vim
3662 2566 3721 2617 ha-

2214 2665 2411 2720 berent
2462 2664 2726 2734 aliquam,
2775 2678 2806 2718 e
2853 2662 3044 2717 Graeco
3096 2660 3280 2731 potius
3319 2668 3477 2715 textu
3520 2673 3653 2729 quam
3682 2672 3718 2710 ex

2214 2757 2471 2814 versione
2498 2765 2681 2812 essent
2704 2754 3035 2811 deﬁnienda.

2290 2870 2560 2925 Cmterum
2606 2868 2653 2923 si
2712 2868 2841 2937 quid
2881 2866 3061 2921 adhuc
3121 2862 3559 2919 animadvertam
3605 2860 3719 2915 lieni.

2219 2959 2523 3031 putaveritn
2566 2958 2818 3027 equidem
2865 2957 3162 3026 fragmenta
3210 2955 3297 3008 illa
3329 2969 3458 3007 esse
3498 2952 3723 3017 Rat-ansis

537 3048 671 3100 tanti
702 3064 809 3102 non
840 3058 944 3113 est,
971 3059 1027 3104 ut
1057 3065 1117 3103 ea
1159 3050 1225 3104 de
1258 3066 1420 3105 causa
1454 3049 1755 3120 fragmenta
1786 3050 1874 3105 illa
1897 3050 2114 3120 penitus
2142 3078 2183 3134 ρ
2221 3068 2347 3106 num
2372 3060 2651 3122 excerpta,
2684 3059 2745 3105 ut
2770 3052 2877 3104 fert
2910 3048 3130 3119 quidem
3180 3046 3494 3115 inscriptio,
3523 3060 3637 3114 quas
3660 3040 3708 3092 i‘u

536 3138 830 3208 rejieienda
859 3142 985 3211 quis
1013 3141 1137 3212 jure
1161 3141 1402 3197 deliniat.
1429 3141 1644 3198 Nullam
1677 3151 1823 3199 certe
1854 3143 2117 3214 ἀκυρολο-

536 3229 662 3297 γίαν
707 3231 907 3286 ibidem
973 3234 1206 3288 advertit
1249 3236 1475 3290 Grotius
1514 3236 1601 3289 vir
1646 3250 1917 3293 summus.
1972 3236 2115 3305 Quid

538 3338 704 3393 porro
728 3324 774 3378 si
816 3324 1002 3381 Graece
1032 3328 1311 3396 scripserit
1334 3328 1586 3398 σημεῖον
1615 3327 1969 3401 Polycarpus,
1996 3347 2119 3383 cru-

538 3432 649 3469 cem
692 3418 1020 3489 intelligens,
1060 3429 1224 3491 atque
1258 3422 1385 3476 huic
1423 3424 1543 3478 voci
1575 3424 1801 3478 verbum
1828 3435 2120 3478 consenta-

541 3526 702 3564 neum
748 3513 988 3583 aptarit?
1031 3512 1123 3570 Sic
1168 3531 1301 3570 sane
1341 3516 1556 3571 locutus
1609 3526 1695 3571 est
1741 3516 2017 3571 Barnabas
2062 3516 2117 3570 in

542 3600 717 3673 Epist.
770 3620 890 3676 cap.
946 3607 1034 3662 12.
1088 3606 1180 3663 Sic
1233 3609 1362 3663 item
1416 3609 1658 3680 lgnatius
1706 3610 1762 3664 in
1822 3608 1993 3678 Epist.
2049 3609 2117 3663 ad

542 3695 764 3767 Smyrn.
807 3714 929 3768 cap.
978 3701 1044 3765 l,
1103 3701 1193 3755 ubi
1251 3699 1473 3771 phrasin
1544 3692 2120 3771 αἴρεινσὺσσημον

542 3798 774 3857 usurpat
824 3788 881 3845 S.
946 3789 1148 3861 Martyr
1203 3810 1216 3847 :
1277 3793 1623 3861 σύσσημον,
1684 3793 1929 3861 inquam,
1973 3791 2119 3861 quod

544 3877 813 3951 Hcsychio
860 3892 913 3938 et
963 3881 1146 3939 Suida:
1188 3897 1271 3939 est
1317 3884 1586 3954 σημεῖον.
1623 3884 1739 3940 lloc
1774 3886 1960 3954 itaque
2008 3882 2122 3937 foro

536 3981 692 4027 ‘lasse
742 3975 987 4031 imitatus
1026 3987 1249 4032 sanctus
1292 3975 1643 4048 Smyrnensis
1701 3976 1953 4042 antistes,
2004 3975 2122 4045 pari

546 4159 843 4214 reddiderit
870 4172 1026 4216 vetus
1058 4163 1348 4233 interpres.

2217 3148 2492 3219 lycarpus,
2518 3163 2549 3202 a
2586 3147 2701 3203 suis
2735 3148 3119 3214 interrogatus,
3149 3143 3262 3197 sive
3292 3140 3639 3210 praesentibus
3658 3138 3725 3189 sit:

2216 3240 2559 3304 absentibus,
2589 3240 2752 3294 edere
2783 3244 3179 3301 consueverat;
3206 3248 3441 3303 quasque
3483 3231 3671 3302 proinde
3690 3244 3727 3277 λε

2219 3333 2407 3403 aliquo
2453 3333 2538 3387 vel
2584 3331 2897 3386 auditorum
2952 3330 3035 3383 vel
3059 3342 3246 3382 eorum
3279 3326 3490 3395 quibus
3528 3324 3625 3391 ejus
3656 3336 3727 3385 rp:-

2220 3426 2373 3481 stolee
2401 3424 2865 3489 inscribebantur,
2907 3421 3160 3489 deinceps
3213 3425 3462 3485 excepta:
3502 3414 3669 3468 fuerint
3696 3426 3731 3459 ar.

2218 3518 2419 3572 litteris
2471 3516 2701 3571 tradita).
2748 3513 3029 3584 Siquidem
3072 3513 3263 3566 beatus
3301 3510 3396 3564 ille
3430 3510 3645 3563 antistes
3667 3502 3729 3569 pie

2221 3624 2452 3678 rumque
2472 3609 2655 3661 sedens
2680 3604 2990 3664 disserebat.
3025 3612 3177 3672 atque
3215 3603 3282 3653 ad
3323 3599 3577 3668 populat:
3600 3610 3733 3648 me

2223 3718 2312 3756 nes
2335 3701 2555 3753 habebat
2588 3717 2601 3754 :
2634 3697 3008 3768 Καθεζόμενος
3049 3693 3340 3760 διελέγετο,
3381 3690 3481 3743 καὶ
3514 3689 3597 3750 τᾶς
3617 3682 3733 3738 iri-.5.

2225 3796 2337 3861 ξεις
2369 3795 2606 3847 ἐποιεῖτο
2639 3791 2776 3862 πρὸς
2821 3789 2883 3842 τὸ
2918 3787 3143 3857 πλῆθος,
3184 3794 3243 3839 ιιι
3278 3799 3387 3838 nos
3451 3783 3627 3836 edocet
3669 3776 3717 3828 ire

2227 3903 2379 3943 meus
2418 3885 2691 3955 αὐτόπτης
2733 3881 2878 3951 (22);
2915 3882 3007 3950 qui
3038 3891 3092 3934 et
3123 3880 3299 3948 ipsum
3343 3877 3411 3929 ad
3444 3873 3677 3945 quosdam
3698 3882 3735 3916 ex

2224 3977 2487 4033 fratribus
2511 3976 2774 4045 epistolas
2797 3973 3101 4027 missitasse
3125 3969 3323 4023 ibidem
3348 3967 3538 4019 refert.
3564 3958 3735 4014 Acca”:

436 4137 457 4156 ⁸
545 4066 801 4133 loquendi
834 4069 1047 4123 ratione
1086 4085 1223 4125 usus
1252 4070 1437 4135 fuerit,
1468 4087 1630 4142 quam
1662 4071 1843 4125 minus
1879 4069 2126 4140 apposite
2224 4068 2529 4140 fragmenta
2581 4067 2669 4122 illa
2713 4065 2896 4121 saeculi
2922 4062 3203 4133 apostolici
3230 4058 3455 4129 genium
3486 4054 3735 4156 exprii'actc.

2229 4178 2460 4231 eamque
2499 4160 2905 4230 simplicitatem
2952 4170 3143 4226 sapere
3174 4162 3342 4223 quam
3387 4151 3609 4219 ipsamet
3636 4140 3735 4207 Pt‘i‘

621 4250 845 4318 Verum,
880 4254 966 4310 his
1009 4255 1216 4323 missis,
1258 4257 1327 4311 ad
1371 4256 1502 4312 illud
1553 4259 1760 4329 potius,
1804 4267 1857 4314 et
1904 4256 2123 4328 quidem
2161 4247 2203 4302 D
2231 4256 2378 4327 carpi
2408 4254 2651 4324 Epistola
2678 4253 2887 4324 spirare
2912 4248 3276 4320 dignoscitur.

621 4407 737 4483 (Π)
778 4411 1007 4483 Tertull.
1042 4412 1117 4467 De
1150 4410 1481 4483 Prwscript.,
1506 4430 1626 4483 cap.
1658 4413 1747 4467 56.

619 4481 733 4553 (id)
774 4482 996 4540 Hieron.
1029 4485 1148 4538 adv.
1183 4481 1387 4549 Joriu.,
1422 4485 1516 4540 lib.
1546 4481 1588 4550 ιζ
1613 4501 1731 4553 cap.
1763 4484 1853 4537 ‘26.
1978 4518 1985 4537 ι

622 4552 736 4625 till)
776 4553 989 4625 'l‘illem.
1023 4555 1180 4608 Mém.
1211 4556 1364 4616 eccl.,
1392 4564 1524 4610 toni.
1557 4555 1621 4623 ll,
1648 4552 1699 4625 μζ
1736 4553 1863 4621 655,
1896 4560 2009 4608 not.
2035 4553 2089 4608 4.

622 4622 735 4688 (20)
776 4622 933 4680 Pind.
962 4625 1119 4679 Nam.
1146 4627 1237 4681 od.
1266 4642 1321 4692 x,
1354 4626 1443 4682 59.

2304 4412 2418 4481 (Ἦ)
2454 4409 2843 4483 Hesych.edit.
3026 4414 3161 4483 tom.
3196 4401 3239 4461 l,
3271 4401 3394 4483 col;
3419 4400 3568 4483 H75,
3592 4390 3733 4483 [girl-

2452 4459 3143 4555 iiéiijéiitiffad’riuum,
3177 4459 3324 4543 apud
3351 4459 3570 4536 Euseb,
3596 4461 3653 4520 ﬂ.
3677 4459 3735 4521 Σ.

2229 4552 2325 4614 lib.
2353 4552 2404 4623 v,
2431 4569 2552 4624 cap.
2581 4552 2673 4608 20.
