3766 6322
1413 361 1841 419 FRAGMENTA

3086 363 3227 425 tow

1160 766 2030 882 FRAGMENTA

586 1061 629 1115 E
679 1060 1213 1117 RESPONSIONUM
1258 1058 1626 1117 CAPITULIS
1656 1058 1714 1114 S.
1749 1055 2171 1117 POLYCARPO
2200 1060 2591 1129 ASCRIPTIS,

545 1261 815 1325 Victoris
848 1260 1127 1340 episcopi
1154 1259 1446 1339 Capuani
1482 1260 1731 1323 Catena
1759 1263 1829 1323 in
1856 1281 1921 1325 ιγ
1941 1260 2374 1353 Evangelistas
2406 1266 2669 1330 inserta.

48 1668 337 1723 Matthaaus
389 1665 678 1723 Dominum
732 1668 939 1724 dixisse
991 1677 1224 1724 testatur
1277 1668 1335 1737 ³,
1402 1669 1547 1741 quod
1576 1669 2011 1741 Ainspiratione
2054 1671 2237 1727 divina
2270 1672 2637 1743 prophetavit,
2686 1672 2803 1743 ipse
2840 1687 2870 1728 a
2914 1672 3098 1746 Moyse
3134 1675 3239 1730 hoc

44 1776 183 1831 “sses
213 1760 407 1815 scribit
436 1762 608 1815 Adam
666 1761 907 1817 locutum
965 1760 1135 1816 fuisse
1190 1764 1291 1816 hoc
1346 1764 1549 1818 modo:
1658 1763 1864 1820 dixisse
1914 1764 2169 1820 refertur.
2212 1765 2356 1822 Deus
2399 1782 2529 1820 vero
2574 1766 2667 1836 qui
2699 1782 2794 1836 per
2824 1766 3237 1837 inspirationem

49 1851 154 1906 [loc
200 1868 350 1907 nunc
381 1868 443 1907 os
483 1868 549 1907 ex
584 1854 805 1908 ossibus
843 1854 1001 1919 meis,
1055 1864 1107 1909 et
1133 1870 1260 1909 caro
1292 1871 1357 1910 ex
1389 1871 1554 1911 carne
1658 1857 1899 1911 divinam
1950 1857 2005 1910 iu
2037 1858 2201 1912 corde
2244 1857 2414 1913 Adam
2461 1860 2562 1913 ista
2594 1861 2759 1915 verba
2795 1859 3085 1928 formavit,
3126 1861 3243 1931 ipse

43 1962 95 1999 ea
125 1963 137 1998 :
180 1954 403 2015 propter
438 1946 541 1999 hoc
568 1946 839 2015 relinquet
879 1946 1044 1999 homo
1087 1956 1293 2016 patrem
1344 1957 1397 2002 et
1437 1964 1556 2002 ma-
1660 1948 1822 2004 Pater
1857 1965 1888 2004 a
1935 1949 2168 2005 Domino
2188 1961 2333 2006 recte
2369 1952 2583 2007 locuttts
2612 1951 2782 2008 fuisse
2819 1954 3069 2008 refertur.
3102 1952 3236 2008 Nam

43 2052 114 2089 em
147 2036 203 2103 ⁸,
244 2055 264 2088 ι
305 2046 410 2091 etc.
467 2034 571 2091 Sed
618 2036 953 2092 concordant
982 2036 1199 2091 Domini
1230 2038 1394 2093 verba
1428 2055 1554 2094 cum
1660 2049 1714 2094 et
1758 2040 1931 2095 Adam
1972 2042 2113 2096 hanc
2163 2043 2499 2113 prophetiam
2533 2045 2796 2114 protulit;
2844 2055 2899 2101 et
2939 2044 3098 2101 Pater
3140 2045 3239 2117 qui

43 2130 145 2201 oysi
179 2129 567 2197 sermonibus;
616 2129 713 2200 qui
760 2130 933 2185 Adam
977 2130 1225 2200 praebens
1270 2131 1507 2188 ofﬁcium
1536 2172 1553 2199 ,
1662 2148 1787 2189 eum
1819 2135 2124 2206 inspiravit,
2156 2146 2301 2193 recte
2331 2137 2533 2194 dicitur
2558 2140 2869 2209 protulisse.

491 2465 644 2529 lusu,
682 2468 752 2522 ad
776 2467 885 2524 htec
908 2469 1066 2538 verba
1086 2468 1319 2525 Christi:
1353 2488 1372 2523 ι
1408 2470 1641 2527 Calicem
1680 2487 1851 2527 meum
1880 2472 2088 2541 bibetis,
2125 2494 2144 2527 ι
2172 2484 2277 2531 etc.
2317 2474 2535 2547 (Matth.
2561 2493 2653 2545 xx,
2684 2476 2802 2548 23.)

47 2614 137 2672 Per
168 2620 485 2691 hujusmodi
519 2631 707 2692 potum
732 2663 748 2689 ,
801 2624 1073 2693 signiﬁcat
1113 2625 1446 2696 passionem.
1496 2623 1563 2682 Et

42 2714 235 2767 Irohum
280 2715 505 2784 quidem
560 2716 922 2772 novissimum
990 2719 1252 2791 martyrio
1302 2735 1562 2774 consum-

42 2804 265 2872 tandum;
301 2804 526 2861 fratrem
563 2824 691 2863 vero
731 2810 851 2878 ejus
888 2808 1157 2864 Joannem
1200 2812 1560 2865 transiturum

42 2898 182 2964 osque
212 2899 510 2968 martyrio:
543 2901 794 2968 quamvis
825 2909 880 2954 et
908 2900 1226 2956 alllictiones
1275 2900 1562 2971 plurimas,

41 2988 236 3042 .exsilia
258 2990 607 3058 toleraverit;
628 2992 721 3047 sed
739 3001 1095 3062 prmparatam
1122 2992 1385 3072 martyrio
1409 3007 1565 3046 men-

40 3094 113 3143 :m,
145 3080 392 3136 Christus
426 3091 719 3154 martyrem
745 3083 1003 3153 judicavit
1036 3086 1080 3139 ⁸.
1113 3083 1249 3139 Nam
1283 3084 1563 3154 apostolus

40 3171 200 3239 ‘aulus,
233 3189 251 3224 ι
288 3170 547 3238 Quotidie
576 3172 798 3244 (inquit)
828 3173 1035 3229 morior
1059 3172 1107 3230 σε
1145 3190 1165 3225 ι
1195 3171 1326 3227 dum
1355 3164 1564 3243 impos.

1665 2628 1824 2685 sibile
1872 2629 1947 2684 sit
1973 2630 2217 2701 quotidie
2254 2632 2714 2688 mori‘hominem
2759 2647 2826 2688 ea
2870 2644 3084 2697 morte,
3134 2647 3242 2700 qua

1666 2724 1838 2779 semel
1866 2726 1974 2778 vita
2003 2725 2117 2781 hinc
2156 2725 2365 2781 linitur.
2406 2725 2510 2781 Sed
2534 2726 2794 2797 quoniam
2820 2742 2920 2797 pro
2950 2725 3246 2797 Evangelia

1667 2817 1735 2870 ad
1780 2827 2012 2872 mortem
2040 2817 2243 2888 jugiter
2276 2828 2395 2872 erat
2432 2826 2789 2888 praeparatus,
2824 2833 2885 2873 se
2925 2818 3067 2872 mori
3106 2833 3245 2888 quo—

1668 2908 1797 2964 tidie
1831 2911 1933 2964 sub
1982 2924 2045 2965 ea
2092 2909 2487 2979 significatione
2517 2920 2745 2967 testatus
2779 2919 2883 2965 est.
2922 2908 3145 2980 Legitur
3192 2918 3249 2965 e'.

1667 3004 1723 3057 in
1749 3000 1898 3057 dolio
1937 3002 2197 3058 ferventis
2232 3002 2359 3066 olei,
2403 3019 2503 3073 pro
2531 3003 2753 3059 nomine
2794 3000 3021 3070 Christi,
3051 3000 3247 3057 beatus

1664 3099 1904 3156 Joannes
1932 3099 2102 3156 fuisse
2130 3099 2436 3156 demersus.

1574 3351 1664 3407 Ill.

945 3514 1100 3581 In“,
1135 3511 1212 3567 De
1240 3511 1394 3566 initio
1424 3507 1701 3579 Evangelii
1730 3503 2017 3560 secundum
2051 3502 2315 3557 Marcum.

73 3671 472 3729 Rationahiliter
513 3671 859 3742 evangelista:
904 3668 1190 3741 principiis
1238 3665 1469 3721 diversis
1498 3680 1565 3718 u-
1599 3672 1641 3726 Β
1671 3661 1896 3730 incipit:
1947 3667 2005 3713 ut
2044 3657 2165 3728 ejus
2207 3656 2302 3709 lilii
2346 3652 2617 3708 miraculo
2657 3651 2994 3717 nativitatis,
3033 3659 3089 3706 et
3113 3649 3252 3706 tanti

40 3766 461 3836 untur;qnamvis
483 3780 587 3820 una
611 3765 911 3833 eademque
940 3759 1347 3833 evangelizandi
1372 3773 1562 3813 eorum

39 3858 241 3912 οτοὺειιιι-
265 3858 518 3913 intentio.
565 3856 872 3923 Matthteus,
917 3864 977 3911 ut
1017 3854 1260 3910 Hebrzeis
1288 3853 1562 3916 scribens,

40 3951 309 4021 analogia:
342 3951 551 4006 Christi
593 3951 842 4005 ordinem
875 3948 1087 4004 texuit:
1132 3956 1191 4000 ut
1219 3944 1563 4007 ostenderet,

40 4038 76 4090 ub
99 4055 153 4093 ea
181 4040 457 4097 Christum
491 4042 837 4097 descendisse
883 4039 1157 4111 progenie,
1206 4036 1272 4091 de
1299 4050 1405 4105 qua
1437 4049 1562 4089 eum

40 4131 321 4185 lascilurum
363 4132 603 4187 universi
644 4132 920 4201 propheta:
947 4130 1279 4184 cecinerant.
1326 4124 1564 4179 Joannes

39 4230 170 4273 .utem
197 4224 258 4276 ad
291 4222 564 4293 Ephesum
600 4221 950 4279 constitutus.
984 4219 1078 4289 qui
1111 4220 1279 4289 legem
1305 4226 1565 4285 tanquam

40 4326 73 4361 ex
102 4313 335 4379 gentibus
371 4314 715 4383 ignorabant,
754 4327 783 4365 a
811 4326 978 4365 causa
1002 4319 1207 4364 nostra:
1238 4308 1568 4377 redemptio-

41 4399 92 4453 εἰς
122 4400 388 4474 Evangelii
437 4404 672 4473 sumpsit
707 4402 1027 4457 exordium:
1057 4415 1179 4470 quae
1208 4414 1373 4453 causa
1404 4414 1468 4452 ex
1502 4412 1568 4451 eo

40 4505 237 4561 Ipparet,
267 4496 415 4566 quod
448 4495 643 4550 Filium
677 4510 839 4550 suum
872 4493 1014 4547 Deus
1045 4508 1144 4562 pro
1173 4500 1362 4546 nostra
1389 4491 1569 4544 salute

39 4583 167 4639 voluit
194 4586 486 4642 incarnari.
532 4585 710 4641 Lucas
737 4601 863 4639 vero
894 4598 925 4638 a
958 4582 1236 4637 Zachariae
1262 4579 1567 4637 sacerdotio

1565 4760 1657 4818 IV.

1672 3752 2049 3824 prmdicatoris
2092 3749 2267 3805 ofﬁcio
2293 3788 2307 3813 ,
2350 3748 2690 3803 divinitatem
2740 3746 2943 3801 Christi
3000 3746 3253 3816 gentilms

1668 3847 1988 3901 declararet.
2024 3842 2181 3898 Unde
2218 3853 2272 3898 et
2300 3841 2513 3897 Marcus
2547 3842 2770 3910 antiqua
2803 3839 3103 3910 prophetici
3136 3853 3254 3909 my-

1669 3940 1819 3995 sterii
1844 3937 2209 4008 competentia
2234 3936 2491 3991 adventui
2515 3934 2718 3990 Christi
2746 3934 3020 3998 declarat;
3053 3939 3112 3986 ut
3142 3946 3253 3986 non

1667 4047 1833 4093 nova,
1870 4031 1963 4086 sed
2007 4030 2312 4100 antiquitus
2340 4029 2551 4099 prolata
2598 4027 2718 4096 ejus
2752 4024 3073 4095 praedicatio
3120 4038 3253 4093 pro-

1671 4126 1915 4180 baretur.
1956 4124 2065 4178 Aut
2089 4138 2185 4193 per
2219 4123 2323 4177 hoc
2354 4121 2705 4191 evangelistis
2732 4136 2879 4175 curae
2912 4118 3037 4184 fuit,
3075 4132 3141 4172 eo
3173 4116 3253 4171 uti

1671 4217 1962 4287 prooemio,
2001 4216 2146 4286 quod
2176 4214 2558 4284 unusquisque
2583 4212 2868 4282 judicabat
2906 4209 3253 4265 auditoribus

1670 4317 1943 4378 expetere.
1978 4305 2122 4360 Nihil
2148 4321 2278 4376 ergo
2309 4306 2645 4360 contrarium
2683 4304 2975 4374 reperitur,
3005 4301 3095 4355 ubi
3128 4301 3255 4354 licet

1670 4399 1902 4455 diversis
1932 4400 2184 4469 scriptis,
2229 4398 2297 4453 ad
2335 4398 2585 4454 eamdem
2630 4406 2807 4452 tamen
2855 4395 3085 4465 patriam
3130 4409 3253 4463 pcr-

1669 4492 1907 4547 venitur.

280 4919 434 4988 lusu,
470 4921 525 4976 in
554 4921 693 4976 illud
720 4934 738 4974 :
764 4940 783 4974 ι
823 4920 953 4975 Noli
981 4936 1164 4975 vocare
1187 4920 1387 4974 amicos
1414 4928 1552 4985 tuos,
1584 4918 1674 4972 sed
1696 4934 1948 4989 pauperes
1977 4926 2027 4972 et
2050 4915 2268 4982 debiles,
2311 4934 2330 4969 ι
2363 4924 2467 4972 etc.
2507 4914 2658 4987 (Luc.
2692 4932 2802 4984 le,
2833 4915 2951 4987 12.)

87 5070 346 5145 Praecepit,
380 5092 489 5131 non
519 5076 749 5141 amicos,
780 5075 873 5131 sed
909 5073 1157 5129 infirmos
1189 5088 1441 5143 quosque
1468 5088 1567 5127 νο-
1594 5076 1639 5137 C
1670 5071 1898 5135 amicos,
1943 5071 2210 5136 arbitror,
2244 5070 2469 5142 intelligi
2507 5072 2613 5127 hoc
2654 5072 2775 5127 loco
2804 5072 3066 5126 debemus
3101 5070 3250 5131 illos.

40 5165 203 5220 candos
230 5169 293 5221 ad
324 5168 639 5238 prandium.
687 5165 842 5233 Quod
876 5167 921 5220 si
953 5165 1182 5220 claudus
1213 5174 1309 5219 aut
1345 5165 1572 5233 quilibet

40 5270 185 5310 eorum
229 5261 299 5314 sit
338 5261 587 5325 amicus,
633 5260 751 5313 sine
794 5258 963 5313 dubio
1010 5257 1136 5311 talis
1182 5271 1282 5326 pro
1330 5254 1571 5309 amicitia

39 5348 224 5405 minime
245 5362 327 5407 est
356 5353 666 5423 rogandus;
712 5351 853 5404 unde
886 5350 1001 5419 ipsa
1030 5349 1186 5418 quasi
1225 5348 1477 5402 videntur
1510 5360 1569 5401 se

39 5437 317 5511 impugnare
347 5443 621 5498 mandata.
664 5440 799 5495 Nam
831 5442 877 5495 si
910 5456 1018 5495 non
1049 5439 1231 5502 amici,
1263 5438 1357 5493 sed
1388 5438 1567 5492 claudi

40 5542 74 5581 tl
112 5538 225 5590 caeci
257 5549 381 5592 sunt
429 5535 739 5601 invitandi,
785 5534 1042 5604 ipsosque
1090 5547 1311 5602 quoque
1359 5531 1568 5585 amicos

39 5637 132 5679 esse
172 5631 459 5701 contingat,
500 5643 843 5700 nequaquam
894 5642 1088 5697 rogare
1123 5625 1406 5680 debemus.
1460 5621 1566 5678 Sed

93 5798 109 5827 ³
133 5801 310 5860 Matth.
336 5823 448 5874 xu,
482 5809 534 5862 5.
627 5810 648 5837 ⁵
672 5808 808 5861 Gen.
838 5820 896 5863 ιι.
921 5804 1013 5860 24.

1675 5178 1816 5232 quos
1847 5179 1947 5234 pro
1976 5165 2165 5218 mundi
2207 5164 2372 5234 hujus
2404 5174 2617 5220 terrena
2657 5164 3097 5219 consideratione
3126 5161 3252 5215 dili-

1675 5256 1878 5326 gimus,
1912 5272 2020 5309 non
2052 5271 2151 5325 pro
2181 5256 2380 5312 divina:
2404 5255 2882 5326 contemplationis
2912 5254 3131 5311 intuitu.
3185 5251 3251 5308 Hi

1677 5356 1807 5399 sunt
1833 5347 2001 5417 igitur
2033 5349 2193 5402 amici
2231 5348 2595 5418 relinquendi.
2642 5346 2905 5415 Denique,
2938 5346 3060 5400 ideo
3100 5345 3254 5400 debi-

1675 5437 1807 5493 lium
1834 5440 2081 5508 exempla
2106 5441 2411 5509 proposuit,
2440 5455 2579 5509 quos
2604 5454 2704 5509 pro
2728 5437 2930 5492 nullius
2958 5452 3253 5507 possumus

1675 5544 1927 5602 appetere
1950 5532 2275 5587 necessitate
2304 5531 2529 5602 negotii,
2565 5531 2671 5587 nisi
2705 5539 2915 5586 tantum
2940 5544 3039 5599 pro
3072 5528 3250 5585 fructu

1676 5623 2052 5679 retributionis
2085 5632 2321 5682 maternae.

1109 5805 1129 5836 ⁵
1160 5804 1281 5857 Art.
1312 5817 1413 5863 xu.
1438 5800 1492 5856 ‘2.
1571 5802 1591 5833 ⁸⁵
1619 5797 1638 5852 ι
1665 5800 1790 5858 Cor.
1830 5817 1916 5865 xv,
1953 5801 2044 5855 51.
