3802 6210
464 345 599 402 1051

1680 340 1719 393 S
1772 336 2226 394 POLYCARPUS
2265 334 2573 397 MARTYH.

3612 336 3733 390 1053

461 470 572 516 tem
601 477 790 517 eorum
820 468 874 515 et
915 460 1233 529 patientiam
1261 468 1315 514 et
1348 474 1478 530 erga
1520 459 1809 513 Dominum
1857 460 2008 513 cbari

2149 461 2237 512 καὶ
2280 460 2681 533 ὑπομονητικὸν
2715 461 2807 513 καὶ
2855 458 3239 528 φιλοδέσποτον
3277 458 3362 519 τίς
3398 457 3501 509 οὐκ
3529 457 3593 509 ἂν
3622 458 3733 509 θαυ-

464 560 630 604 tatem
666 568 771 603 non
797 551 1121 613 admiretur,
1151 550 1246 619 qui
1288 550 1518 619 ﬂagellis
1547 550 1683 603 adeo
1712 552 1955 613 lacerati,
1988 560 2047 602 ut

462 642 530 693 ad
566 642 786 696 intimas
828 658 1007 712 usque
1044 659 1210 696 venas
1241 652 1295 698 et
1335 644 1567 697 arterias
1608 644 1857 713 corporis
1896 652 2043 697 stru-

462 742 617 786 ctura
645 746 979 793 cerneretur,
1006 742 1185 786 tamen
1220 734 1633 799 sustinuerunt;
1666 734 1765 800 ita,
1792 744 1851 787 ut
1880 734 2046 787 etiam

461 829 702 875 astantes
733 822 1127 875 miserarentur
1154 832 1207 875 et
1268 822 1590 898 plangeret;
1612 864 1625 885 ,
1673 823 1775 892 ipsi
1820 837 1949 876 vero
1979 838 2047 876 eo

461 911 802 967 fortitudinis
834 912 1107 976 venirent,
1149 925 1207 966 ut
1242 928 1403 967 nemo
1430 913 1647 966 illorum
1684 928 1862 982 neque
1894 929 2044 966 mur-

460 1014 705 1059 inuraret
732 1021 911 1075 neque
935 1006 1352 1076 ingemisceret,
1382 1007 1643 1062 omnibus
1671 1010 2043 1070 ostendentes,

456 1096 602 1166 quod
632 1105 902 1167 martyres
924 1095 1128 1151 Christi
1173 1098 1306 1151 hora
1341 1098 1443 1151 ista
1475 1114 1582 1168 qua
1624 1101 2044 1169 torquebantur,

456 1196 609 1241 extra
656 1202 879 1241 carnem
925 1186 1149 1253 fuerint,
1193 1197 1288 1242 aut
1341 1188 1727 1258 potius,quod
1777 1187 2047 1243 Dominus

457 1276 724 1331 assistens
744 1292 868 1330 cum
902 1276 1036 1347 ipsis
1059 1285 1205 1331 esset
1228 1277 1575 1331 collocutus?
1597 1279 1775 1346 Atque
1797 1276 1865 1331 ad
1889 1278 2046 1333 Chri—

457 1367 525 1421 sti
558 1370 787 1437 gratiam
817 1369 1160 1423 attendentes
1195 1368 1475 1423 mundana
1512 1378 1783 1423 tormenta
1814 1385 2043 1439 sperne-

455 1460 609 1524 bant,
646 1461 813 1516 unius
853 1462 1005 1515 hora:
1051 1462 1230 1531 spatio
1262 1477 1321 1515 se
1365 1462 1434 1515 ab
1464 1470 1667 1516 aeterna
1700 1479 1862 1533 pugna
1904 1464 2048 1517 redi-

456 1562 687 1608 mentes.
715 1552 1081 1623 Frigidusque
1106 1555 1239 1623 ipsis
1257 1553 1541 1608 videbatur
1568 1555 1709 1626 ignis
1739 1555 2044 1610 crudelium

454 1647 796 1702 carnificum.
825 1646 942 1702 Prae
966 1648 1143 1702 oculis
1173 1648 1318 1702 enim
1357 1649 1631 1703 habebant
1671 1648 1853 1720 fugam
1898 1650 2046 1705 illius

458 1740 629 1809 ignis,
662 1740 756 1809 qui
807 1749 1045 1795 aeternus
1076 1750 1160 1795 est
1192 1751 1245 1795 et
1285 1758 1570 1811 nunquam
1622 1743 2043 1812 cxstinguetur,

2152 551 2373 620 μάσειεν
2390 568 2403 611 ;
2419 552 2468 603 οἳ
2490 551 2708 622 μάστιξι
2731 551 2827 621 μὲν
2845 547 3291 613 καταξανθέντες,
3308 548 3451 600 ὥστε
3469 547 3621 617 μέχρι
3638 547 3733 597 τῶν

2145 641 2256 695 ἔσω
2290 643 2504 711 φλεδῶν
2531 644 2623 695 καὶ
2655 642 2932 714 ἀρτηριῶν
2961 641 3056 711 τὴν
3084 640 3181 710 τῆς
3210 640 3417 711 σακρὸς
3442 638 3731 707 οἰκονομίαν

2147 732 2490 805 θεωρεῖσθαι,
2538 736 2870 804 ὑπέμειναν,
2923 732 2998 795 ὼς
3045 731 3141 785 καὶ
3198 731 3326 793 τοὺς
3376 728 3729 800 περιεστῶτας

2147 824 2317 878 ἐλεεῖν
2360 826 2456 879 καὶ
2488 824 2809 897 ὀδύρεσθαιο
2840 824 2966 886 τοὺς
3006 822 3064 875 δὲ
3098 820 3191 875 καὶ
3218 822 3301 884 εἰς
3344 819 3596 872 τοσοῦτον
3618 836 3727 886 γεν-

2147 915 2430 986 ναιότητος
2468 914 2674 978 ἐλθεῖν,
2718 914 2858 967 ὥστε
2896 916 3032 984 μήτε
3075 912 3275 984 γρύξαι
3321 913 3461 983 μήτε
3500 910 3727 975 στενάξαι

2147 1007 2267 1060 τινὰ
2317 1008 2521 1069 αὐτῶν,
2572 1006 3045 1077 ἐπιδεικνυμένους
3098 1006 3302 1059 ἅπασιν
3355 1005 3513 1074 ἡμῖν,
3565 1006 3639 1057 ὅτι
3678 1008 3727 1056 ὲν

2146 1099 2331 1170 ἐκείνῃ
2360 1103 2427 1171 τῇ
2460 1098 2581 1171 ὥρᾳ
2607 1096 3043 1168 βασανιζόμενοι,
3075 1098 3174 1167 τῆς
3193 1095 3408 1168 σαρκὸς
3438 1096 3725 1166 ἀπεδήμουν

2147 1192 2197 1242 οἱ
2234 1191 2511 1261 μάρτυρες
2543 1191 2635 1243 τοῦ
2660 1190 2919 1262 Χριστοῦ,
2954 1190 3153 1259 μᾶλλον
3174 1188 3251 1252 δέ,
3286 1189 3371 1240 ὃτι
3402 1188 3725 1257 παρεστὼςό

2147 1280 2351 1353 Κύριος
2380 1281 2576 1352 ὡμίλει
2616 1282 2833 1345 αὑτοῖς;
2868 1280 2976 1333 Καὶ
2999 1279 3362 1351 προσέχοντες
3387 1281 3455 1348 τῇ
3490 1278 3580 1330 τοῦ
3611 1280 3713 1348 Χρι-

2148 1373 2276 1425 στοῦ
2313 1372 2497 1445 χάριτι
2522 1373 2631 1427 τῶν
2652 1371 2933 1442 κοσμικῶν
2964 1371 3335 1442 κατεφρόνουν
3360 1370 3625 1440 βασάνων,
3652 1369 3724 1421 διὰ

2151 1466 2279 1536 μιᾶς
2310 1465 2461 1538 ὥρας
2492 1466 2590 1537 τὴν
2617 1464 2833 1519 αίὼνιον
2860 1463 3077 1517 κόλασιν
3117 1461 3590 1534 ἐξαγοραζόμενοι.
3631 1463 3722 1513 Καὶ

2146 1559 2208 1611 τὸ
2242 1559 2352 1631 πῦρ
2383 1556 2451 1631 ἦν
2471 1561 2655 1623 αὐτοῖς
2668 1559 2874 1631 ψυχρὸν
2906 1559 2966 1611 τὸ
2998 1559 3106 1612 τῶν
3133 1557 3361 1628 άπηνῶν
3385 1556 3721 1627 βασανιστῶν.

2148 1652 2263 1722 Πρὸ
2292 1652 2587 1724 ὀφθαλμῶν
2620 1653 2729 1724 γὰρ
2772 1649 2917 1723 εἶχον
2950 1656 3144 1722 φυγεῖν
3176 1651 3237 1705 τὸ
3269 1651 3492 1705 αἰώνιον
3524 1651 3613 1703 καὶ
3638 1670 3725 1721 μη-

2147 1744 2337 1798 δέποτε
2367 1745 2726 1817 σὸεννύμενον
2757 1745 2888 1817 πῦρ.
2906 1746 3001 1798 καὶ
3030 1747 3144 1807 τοῖς
3164 1744 3262 1814 τῆς
3297 1744 3529 1815 καρδίας
3551 1742 3725 1811 ὀφθαλ-

454 1840 509 1885 et
536 1832 711 1887 oculis
736 1832 921 1886 cordis
952 1834 1318 1901 respiciebant
1339 1834 1405 1888 ad
1428 1851 1493 1888 ea
1521 1835 1683 1900 bona,
1707 1850 1830 1903 qua:
1864 1849 2008 1888 reser

2153 1833 2273 1899 μοῖς
2305 1804 2603 1886 ἀνέϐλεπόν
2635 1833 2703 1887 τὰ
2733 1804 3042 1903 τηροῦμενα
3075 1804 3188 1895 τοῖς
3215 1804 3725 1902 ῦνπομείνασινάγα-

454 1933 655 1978 vautur
690 1924 1117 1991 sustinentibus,
1159 1944 1177 1977 ι
1210 1941 1332 1995 quae
1362 1942 1463 1981 nec
1506 1926 1659 1981 auris
1688 1925 1896 1980 audivit
1949 1942 2008 1980 ne

2150 1920 2239 1985 θὰ,
2282 1940 2300 1973 ι
2338 1922 2373 1977 ἃ
2417 1922 2542 1977 οὔτε
2583 1920 2675 1987 οῦς
2710 1926 2961 1995 ἤκουσεν,
2996 1924 3119 1977 οῦτε
3146 1924 3431 1995 ὀφθαλμὸς
3451 1921 3723 1987 εἷδεν,οὔτε

454 2016 651 2069 oculus
693 2014 866 2079 vidit,
903 2030 1004 2069 nec
1038 2016 1091 2069 in
1139 2032 1236 2071 cor
1284 2016 1526 2071 hominis
1580 2016 1996 2081 ascenderunt",
2022 2035 2041 2068 ι

453 2121 576 2175 qua
606 2122 737 2161 vero
766 2123 796 2161 a
836 2107 1071 2161 Domino
1107 2118 1411 2163 monstrata
1441 2118 1572 2163 sunt
1609 2108 1701 2172 iis,
1735 2117 1925 2178 utpote
1950 2110 2043 2176 qui

454 2213 562 2252 non
595 2198 847 2255 homines
879 2200 1140 2269 amplius,
1174 2201 1267 2255 sed
1283 2201 1397 2269 jam
1430 2200 1610 2271 angeli
1640 2208 1843 2257 essent.
1878 2199 2045 2254 Simi-

451 2288 578 2343 bter
607 2290 702 2359 qui
726 2291 793 2344 ad
834 2290 1041 2345 bestias
1066 2300 1225 2345 erant
1252 2291 1638 2357 condemnati,
1675 2306 1871 2362 graves
1911 2307 2039 2346 cru-

451 2380 629 2436 ciatus
663 2382 1044 2449 pertulerunt,
1096 2398 1263 2452 super
1309 2383 1551 2438 murices
1586 2383 1884 2453 prostrati,
1936 2398 2035 2437 va-

452 2473 661 2542 riisque
688 2473 814 2528 aliis
856 2475 1147 2530 tormentis
1172 2476 1511 2541 excruciati,
1546 2485 1638 2541 ut,
1677 2480 1724 2531 si
1773 2476 1891 2531 fieri
1932 2491 2036 2546 po-

454 2563 672 2628 tuisset,
700 2572 965 2634 tyrannus
994 2580 1091 2620 eos
1122 2565 1448 2622 assiduitate
1480 2566 1735 2638 supplicii
1767 2567 1834 2622 ad
1871 2582 2038 2638 nega-

453 2652 657 2709 tionem
681 2653 885 2709 Christi
908 2655 1245 2713 adduxisset.

2147 2014 2241 2067 ἐπὶ
2277 2016 2507 2087 καρδίαν
2546 2016 2836 2088 ἀνθρώπου
2871 2016 3061 2086 ἀνέόη,
3104 2035 3122 2067 ι
3157 2016 3391 2079 ἐκείνοις
3428 2016 3487 2068 δὲ
3532 2015 3723 2069 ὑπεδείο

2146 2126 2309 2163 κνυτο
2340 2110 2446 2162 ὑπὸ
2479 2110 2572 2163 τοῦ
2596 2110 2825 2181 Κυρίου,
2864 2110 3022 2181 οἵπερ
3059 2109 3257 2180 μηκέτι
3291 2098 3593 2179 ἄνθρωποι,
3624 2104 3724 2160 ἀλλ’

2145 2202 2247 2274 ἤδη
2274 2204 2497 2272 ἄγγελοι
2528 2198 2689 2274 ἦσαν.
2733 2203 2966 2274 Ὁμοίως
2994 2202 3049 2255 δὲ
3083 2202 3176 2255 καὶ
3215 2203 3297 2265 είς
3329 2200 3399 2254 τὰ
3432 2199 3595 2272 θηρία
3622 2216 3723 2271 κρι-

2144 2294 2330 2357 θέντες
2362 2294 2664 2365 ὑπέμειναν
2699 2293 2811 2365 (⁸55)
2842 2292 3023 2355 δεινὰς
3056 2292 3342 2354 κολάσεις,
3378 2292 3620 2361 κήρυκας
3641 2290 3721 2361 μὲν

2148 2386 2677 2459 ὑποστρωννύμενοι,
2712 2386 2807 2439 καὶ
2839 2384 3027 2447 ἄλλαις
3060 2382 3337 2445 ποικίλαις
3376 2380 3624 2450 βασάνοις
3640 2398 3716 2432 κο-

2143 2479 2527 2551 λαφιζόμενοι,
2580 2479 2687 2543 ἵνα,
2736 2480 2784 2531 εἰ
2831 2476 3081 2547 δυνηθείη
3127 2476 3157 2527 ὁ
3201 2474 3468 2545 τύραννος
3511 2474 3594 2526 διὰ
3638 2473 3718 2541 τῆς

2147 2572 2407 2643 ἐπιμόνου
2435 2572 2708 2634 κολάσεως
2730 2571 2810 2634 εἰς
2840 2570 3066 2641 ἄρνησιν
3098 2567 3296 2629 αὐτοὺς
3329 2566 3530 2637 τρέψῃ.

1254 2811 1349 2865 III.
1392 2806 1696 2865 Germanici
1730 2812 2056 2867 constantia.
2091 2812 2387 2883 Polycarpi
2416 2829 2559 2867 mors
2589 2810 2916 2881 postulatur.

522 2963 688 3019 Multa
732 2966 880 3020 enim
921 2966 1189 3022 adversus
1232 2966 1358 3023 illos
1379 2967 1635 3023 diabolus
1686 2967 2004 3022 machinatu

2212 2967 2393 3021 Πολλὰ
2459 2968 2567 3038 γὰρ
2626 2966 2938 3037 ἐμηχανᾶτο
2988 2965 3114 3020 κατ’
3165 2963 3351 3018 αὐτῶν
3394 2965 3423 3013 ὁ
3471 2961 3714 3025 διάϐολος.

448 3064 552 3113 est.
588 3055 694 3112 Sed
730 3059 903 3128 gratia
936 3059 1008 3113 sit
1042 3057 1194 3125 Deo;
1224 3075 1350 3113 nam
1379 3059 1654 3114 neminem
1683 3060 1786 3115 iste
1817 3060 2037 3116 vincere

449 3150 649 3219 potuit.
687 3148 1047 3219 Fgrtissimus
1072 3150 1218 3205 enim
1256 3150 1619 3207 Germanicus
1653 3168 1846 3208 eorum
1884 3153 2034 3208 timi-

447 3241 674 3296 ditatem
736 3243 1047 3299 constantia
1092 3260 1193 3299 sua
1233 3245 1648 3310 corroboravit;
1700 3246 1901 3316 quippe
1943 3247 2037 3315 qui

449 3333 735 3403 splendide
780 3350 905 3388 cum
944 3335 1137 3391 bestiis
1172 3337 1517 3407 pugnaverit.
1557 3336 1691 3391 Nam
1744 3355 1869 3392 cum
1914 3355 2039 3409 pro-

449 3426 645 3481 consul
670 3440 795 3480 eum
830 3426 1047 3483 flectere
1082 3428 1243 3482 vellet
1268 3428 1603 3498 diceretque,
1640 3439 1700 3484 ut
1731 3445 1887 3485 suam
1922 3431 2039 3500 ipse

450 3525 664 3571 atatem
697 3517 1077 3586 miseraretur,
1110 3519 1199 3573 ille
1219 3519 1448 3573 bestiam
1490 3521 1633 3574 ultro
1665 3521 1731 3574 ad
1772 3537 1832 3576 se
1866 3531 2040 3576 attra-

452 3610 536 3662 xit
570 3608 732 3677 eique
760 3609 870 3663 vim
899 3609 1105 3675 intulit,
1136 3609 1368 3679 cupiens
1387 3609 1631 3665 velocius
1662 3625 1726 3664 ex
1757 3611 1961 3681 iniusta
1989 3621 2043 3666 et

451 3700 641 3770 iniqua
685 3701 907 3755 illorum
954 3701 1239 3755 hominum
1263 3701 1374 3753 vita
1406 3700 1665 3771 effugere.
1701 3700 1911 3757 Exinde
1943 3718 2042 3756 au-

456 3800 565 3846 tem
599 3794 857 3847 universa
902 3793 1237 3858 multitudo,
1281 3792 1659 3847 fortitudinem
1708 3794 1781 3863 pii
1817 3809 1881 3848 ac
1915 3794 2043 3849 reli-

452 3881 592 3951 giosi
619 3882 1062 3936 Christianorum
1103 3882 1321 3952 generis
1353 3882 1656 3947 admirata,
1679 3884 2041 3940 exclamavit:

458 3988 477 4021 ι
504 3968 659 4025 Tolle
689 3971 921 4040 impios;
959 3969 1296 4041 Polycarpus
1334 3971 1643 4042 requiratur
1664 3975 1677 4027 ι
1699 3991 1719 4025 ι

2162 3057 2323 3111 Ἀλλὰ
2344 3056 2502 3131 χάρις
2529 3056 2604 3127 τῷ
2635 3056 2753 3127 Θεῷ
2772 3073 2785 3086 ⁵
2818 3056 2957 3110 κατὰ
2991 3055 3211 3108 πάντων
3237 3053 3348 3126 γὰρ
3378 3054 3479 3106 οῦκ
3502 3055 3714 3124 ἴσχυσεν.

2160 3150 2221 3201 ὐ
2251 3148 2363 3219 γάρ
2407 3148 2783 3216 γενναιότατος
2822 3146 3159 3219 Γερμανικὸς
3194 3145 3307 3215 (56)
3361 3143 3719 3216 ἐπεῤῥὼννυεν

2146 3238 2326 3293 αὐτῶν
2351 3238 2448 3309 τὴν
2479 3238 2681 3292 δειλίαν
2704 3238 2790 3293 διὰ
2824 3239 2920 3308 τῆς
2949 3240 3007 3290 ἐν
3038 3236 3189 3306 αὐτῷ
3228 3236 3532 3307 ὑπομονῆς·
3552 3236 3607 3300 ὃς
3638 3235 3717 3287 καὶ

2147 3333 2436 3403 ἐπισήμως
2481 3331 2938 3403 ἐθηριομάχησεν.
2982 3329 3317 3399 Βουλομένου
3352 3329 3465 3400 γάρ
3496 3327 3586 3381 τοῦ
3603 3327 3716 3381 ἀνθ·

2141 3423 2350 3476 υπάτου
2399 3422 2605 3476 πείθειν
2659 3422 2823 3477 αὑτὸν
2860 3421 2995 3493 (37),
3030 3421 3123 3474 καὶ
3162 3420 3419 3488 λέγοντος
3447 3419 3590 3489 (38),
3633 3417 3717 3487 τὴν

2149 3514 2364 3587 ἠλικίαν
2396 3514 2563 3569 αὐτοῦ
2610 3516 3017 3585 κατοικτεῖραι,
3050 3511 3230 3583 ἐαυτῷ
3277 3512 3627 3564 ἐπεσπάσατο
3665 3508 3716 3561 τὸ

2135 3605 2321 3675 θηρίον
2351 3604 2849 3677 προσϐιασάμενος,
2873 3605 3057 3674 τάχιον
3079 3601 3173 3655 τοῦ
3198 3600 3387 3654 ἀδίκου
3414 3600 3509 3655 καὶ
3530 3600 3713 3668 ἀνόμου

2139 3696 2256 3767 βίου
2288 3697 2473 3750 αὐτῶν
2498 3696 2884 3771 ἀπαλλαγῆναι
2918 3694 3263 3765 βουλόμενος.
3297 3692 3394 3745 Ἐκ
3426 3692 3612 3745 τούτου
3634 3686 3714 3742 οὖν

2137 3790 2247 3843 πᾶν
2278 3789 2339 3842 τὸ
2365 3789 2604 3860 πλῆθος,
2642 3780 2929 3859 θαυμάσαν
2970 3786 3083 3858 ('59)
3116 3786 3214 3854 τὴν
3245 3784 3604 3854 γενναιότητα
3633 3781 3711 3834 τοῦ

2138 3880 2423 3950 θεοφιλοῦς
2468 3881 2564 3936 καὶ
2628 3880 2915 3943 θεοσεϐοῦς
2959 3879 3151 3947 γένους
3193 3876 3303 3930 τῶν
3350 3875 3708 3947 Χριστιανῶν,

2135 3972 2471 4044 ἐπεϐόησεν·
2508 3993 2528 4027 ι
2566 3968 2700 4045 Αἶρε
2732 3974 2856 4038 τοὺς
2885 3972 3110 4036 ἀθέουςο
3146 3968 3419 4042 ζητείσθω
3451 3968 3711 4037 Πολύκαρο

2137 4082 2309 4128 πος.»

1758 4215 1850 4272 1V.
1888 4217 2119 4283 Quintus
2148 4231 2413 4289 apostolo.

524 4366 757 4434 Quidam
787 4383 951 4435 vero,
996 4370 1220 4425 nomine
1260 4369 1533 4439 Quintus,
1573 4372 1794 4427 natione
1818 4368 2000 4444 Phryx

2214 4370 2310 4440 Εἷς
2340 4376 2417 4441 δὲ,
2452 4376 2678 4447 ὀνόματι
2706 4377 2950 4439 Κόϊντος,
2976 4373 3142 4447 Φρὺξ,
3178 4374 3511 4445 προσφάτως
3538 4372 3701 4442 ἐληλυ-

448 4463 542 4532 qui
573 4477 745 4529 nuper
783 4476 850 4515 ex
886 4460 1122 4532 Phrygia
1171 4464 1496 4532 advenerat,
1528 4481 1652 4520 cum
1691 4465 1917 4521 vidisset
1943 4466 2035 4519 be-

450 4557 607 4621 stias,
641 4554 835 4609 timore
862 4558 1148 4625 perculsus
1174 4569 1275 4612 est.
1317 4557 1417 4612 Hic
1453 4570 1633 4612 autem
1670 4566 1809 4622 erat,
1842 4558 1937 4627 qui
1974 4573 2033 4612 se

450 4649 629 4717 ipsum
664 4658 716 4701 et
758 4648 897 4703 alios
941 4650 1209 4717 quosdam
1244 4651 1561 4720 impulerat,
1598 4658 1657 4702 ut
1702 4648 1845 4704 ultro
1876 4664 2032 4704 acce-

448 4741 661 4795 derent.
698 4739 839 4793 Huic
868 4744 1160 4809 proconsul
1198 4743 1383 4797 multis
1415 4742 1885 4797 obsecrationibus
1908 4756 2031 4810 per-

450 4821 631 4887 suasit
661 4831 849 4902 jurare
892 4847 959 4885 ac
1001 4835 1334 4889 sacriﬁcare.
1389 4833 1618 4903 Pr0pter
1672 4831 1775 4887 hoc
1827 4833 2027 4902 igitur,

447 4905 803 4985 fratres,‘non
827 4922 1115 4979 laudamus
1137 4941 1256 4988 eos,
1285 4927 1379 4996 qui
1404 4935 1594 4995 sponte
1616 4940 1737 4979 sese
1757 4925 1990 4980 offerunt
2010 4942 2025 4988 ;

447 5013 892 5084 quandoquidem
925 5025 1031 5065 non
1063 5014 1135 5067 ita
1173 5015 1334 5070 docet
1360 5014 1741 5085 Evangelium.

517 5170 539 5202 ⁷
571 5174 593 5227 l
622 5171 746 5227 Cor.
785 5189 846 5241 tt,
870 5174 925 5229 9.

519 5330 633 5400 (55)
671 5332 747 5383 Ita
784 5327 1128 5400 Jacobsonus
1153 5325 1370 5400 egeodd.
1405 5323 1638 5400 Yindob.
1662 5332 1718 5378 et
1741 5320 1918 5377 Paris.
1953 5319 2011 5375 In

448 5396 623 5454 Editis
646 5415 745 5470 pro
776 5401 1077 5470 ὑπέμειναν
1111 5398 1306 5470 legitur
1328 5396 1543 5470 χρόνον.

515 5414 620 5454 Ittts
646 5415 745 5470 pro
776 5414 1077 5470 υπεμειναν
1111 5414 1158 5451 te
1197 5414 1306 5450 ttttr
1369 5414 1543 5467 ρονον.

515 5470 629 5542 (56)
664 5470 796 5540 Ejus
818 5470 1144 5542 memoriam
1161 5414 1293 5522 gari.
1322 5414 1387 5521 ᾗ)
1411 5466 1728 5519 Latinorum
1750 5463 2026 5519 celebrant

451 5539 1100 5613 Martyrologia.USSI‘-R-
1202 5610 1234 5613 __
1334 5607 1354 5613 _
1454 5606 1556 5613 ____
1648 5606 1679 5613 ,,
1732 5604 1762 5613 Α
1863 5604 1877 5613 .
1952 5603 1982 5613 κ.

521 5604 630 5681 (57)
670 5604 879 5665 Nniuen
920 5610 1291 5679 proconsulis,
1334 5606 1489 5663 Lucii
1520 5606 1684 5661 Statii
1724 5604 2021 5670 Quadrati,

450 5680 1017 5753 Ιιιιιιρβἱιιῐιιιικὲι.Δ
1128 5750 1138 5753 ᾼ
1533 5747 1547 5753 _
1625 5746 1655 5753 κ
1733 5747 1743 5753 ,
1836 5743 1971 5753 .....

448 5820 461 5830 .
493 5750 633 5830 _(38)
675 5752 751 5806 Ita
795 5751 944 5807 dedit
989 5748 1337 5807 Jacobsonus
1369 5766 1401 5807 e
1447 5747 1571 5807 eod.
1621 5746 1796 5802 Paris.
1834 5744 2020 5798 Editi:

450 5822 643 5891 λέγειν.

2140 4468 2249 4531 θὼς
2289 4469 2402 4523 ἀπὸ
2460 4471 2558 4540 τῆς
2601 4470 2875 4537 Φρυγίας,
2913 4466 3037 4521 ἰδὼν
3081 4468 3149 4520 τὰ
3193 4466 3360 4537 θηρία
3405 4465 3697 4518 ἐδειλίασεν.

2139 4555 2309 4625 Οὗτος
2339 4561 2394 4614 δὲ
2425 4557 2493 4632 ἦν
2522 4565 2551 4615 ὁ
2583 4560 3064 4633 παραϐιασάμενος
3109 4559 3302 4611 ἑαυτόν
3346 4575 3406 4609 τε
3440 4556 3530 4609 καί
3568 4567 3697 4612 τινας

2138 4653 2458 4724 προσελθεῖν
2488 4654 2714 4715 ἑκόντας
2748 4651 2879 4721 (40),
2914 4650 3114 4703 Τοῦτον
3147 4651 3174 4701 ὁ
3200 4648 3527 4709 ἀνθύπατος,
3550 4641 3695 4696 πολλὰ

2136 4738 2533 4811 ἐκλιπαρήσας,
2557 4740 2775 4792 ἔπεισεν
2803 4740 2998 4810 ὀμόσαι
3024 4739 3119 4791 καὶ
3144 4738 3421 4789 ἐπιθύσαι.
3442 4736 3535 4788 Διὰ
3559 4730 3693 4785 τοῦτο

2133 4827 2249 4895 οὖν,
2273 4832 2513 4901 ἀδελφοὶ,
2537 4833 2637 4885 οὐκ
2668 4832 2997 4902 ἐπαινοῦμεν
3028 4831 3152 4893 τοὺς
3177 4829 3559 4899 προσδιδόντας
3588 4826 3691 4877 ἑαυο

2132 4921 2260 4985 τούς
2298 4923 2442 4994 (ιη-
2488 4924 2678 4995 ἐπειδὴ
2716 4924 2814 4994 οὐχ
2857 4923 3029 4986 οὕτως
3069 4921 3311 4975 διδάσκει
3367 4921 3427 4973 τὸ
3476 4914 3692 4985 Eadfri-

2132 5011 2245 5066 λιον
2273 5012 2405 5086 (42).

2193 5322 2308 5391 (59)
2348 5321 2425 5377 Ita
2456 5320 2571 5377 Jac.
2609 5335 2641 5378 e
2670 5320 2833 5377 codd.
2868 5318 3104 5375 Vindob.
3136 5326 3191 5372 et
3231 5314 3413 5370 Paris.
3460 5309 3681 5383 reposuit

2123 5408 2225 5463 pro
2263 5394 2409 5463 vulg.
2438 5393 2746 5463 θαυμάσας.

2196 5464 2309 5534 (40)
2351 5459 2391 5517 Ῐζ
2422 5480 2469 5517 e.
2503 5482 2520 5514 ι
2545 5459 2747 5534 ἐροηιο
2776 5477 2834 5515 se
2853 5459 3308 5534 persecutoribus
3344 5459 3609 5534 oll'errent.
3634 5472 3649 5503 ι

2196 5529 2308 5605 (Η)
2350 5534 2424 5605 Ita
2455 5529 2818 5589 Jacobsonus.
2844 5529 3028 5605 AEditi_:
3055 5531 3384 5605 προσιόντας
3414 5529 3631 5605 ἐαυτοίς.

2195 5590 2309 5675 (42)
2349 5604 2511 5659 lubet
2550 5605 2706 5675 enim
2745 5603 2927 5675 potius
2975 5590 3332 5675 Efaugelium
3358 5590 3379 5663 ξ
3408 5602 3581 5668 fugere
3623 5590 3676 5669 ac!

2123 5661 2593 5730 aliam'civitatem
2623 5661 2852 5743 (Matth.
2897 5688 2954 5737 χ,
2983 5670 3087 5739 2'5)
3114 5661 3251 5743 {ita
3278 5661 3492 5725 tamen'
3513 5678 3601 5743 Aut,
3638 5661 3675 5715 si

2123 5746 2310 5819 fugere
2344 5761 2453 5801 non
2488 5740 2669 5811 liceat,
2710 5759 2857 5799 mors
2887 5751 3203 5798 constanter
3230 5740 3464 5797 feratur.
3490 5740 3640 5793 titus.
