3802 6210
82 350 192 406 I055

733 346 947 402 EPIST.
982 345 1337 404 ECCLESIzE
1371 345 1620 400 SMYRN.
1661 349 1746 403 DE
1779 349 2143 407 MARTYRIO
2177 353 2234 408 S.
2280 353 2695 412 POLYCARPI.

3209 361 3348 416 ξοδ-ι

1257 467 1323 522 V.
1363 467 1649 538 Palu-carpi
1678 487 1912 525 secessus
1942 482 1991 526 et
2024 473 2178 527 visio.

141 595 192 647 Ὀ
221 593 277 647 δὲ
311 595 773 666 θαυμασιώτατος
800 594 1176 666 Πολύκαρπος,
1210 593 1270 647 τὺ
1305 593 1406 665 μὲν
1430 592 1646 666 πρῶτον

1823 594 2160 668 Polycarpus
2182 605 2389 660 autem.
2415 598 2502 652 vir
2541 599 2784 653 maxime
2815 600 3187 667 admirabilis,
3227 601 3344 671 pri-

77 687 289 751 ἀκούσας
321 688 427 741 οὑκ
479 688 758 761 ἐταράχθη
785 729 800 753 ,
849 687 963 742 ἀλλ’
1013 687 1264 742 ἐϐούλετο
1308 687 1451 741 κατὰ
1500 687 1655 741 πόλιν

79 783 266 853 μένειν·
303 781 353 833 οἱ
386 780 447 833 δὲ
481 779 704 844 πλείους
733 781 947 834 ἔπειθον
979 781 1141 836 αὑτὸν
1175 778 1505 846 ὑπεξελθεῖν.
1542 781 1653 834 Καὶ

77 871 352 944 ὑπεξῆλθεν
387 876 472 937 εἰς
505 874 769 946 ἀγρίδιον,
804 874 863 926 οὐ
901 874 1117 945 μακρὰν
1161 874 1365 944 ἀπέχον
1408 874 1518 928 ἀπὸ
1552 873 1651 944 τῆς

77 964 291 1028 πόλεως’
349 964 452 1018 καλ⁸
499 964 738 1035 διέτριϐε
783 965 889 1034 (45)
931 967 1047 1035 μετ’
1080 963 1297 1034 ὀλίγων,
1333 963 1504 1018 νύκτα
1557 964 1652 1019 καὶ

75 1057 266 1128 ἡμέραν
309 1057 468 1109 οὑδὲν
501 1057 690 1129 ἕτερον
737 1057 937 1121 ποιῶν,
972 1057 1005 1128 ἢ
1041 1057 1480 1129 προσευχόμενος
1523 1055 1651 1127 περὶ

77 1151 293 1213 πάντων,
331 1148 434 1201 καὶ
475 1150 586 1201 τῶν
620 1149 760 1202 κατὰ
792 1148 890 1219 τὴν
921 1149 1246 1220 οἰκουμένην
1278 1145 1644 1218 Ἑκκλησιῶνδ

73 1241 190 1310 ὅπερ
214 1234 280 1308 ἦν
316 1237 554 1309 σύνηθες
586 1236 754 1309 αὐτῷ.
780 1239 892 1291 Καὶ
924 1239 1364 1310 προσευχόμενος
1395 1239 1453 1290 ἐν
1478 1235 1649 1289 ὀπτα-

78 1331 151 1401 ςὶᾳ
191 1332 377 1400 γέγονε
415 1331 524 1403 πρὸ
555 1329 724 1402 τριῶν
754 1330 980 1402 ἡμερῶν
1012 1329 1104 1384 τοῦ
1143 1328 1518 1401 συλληφθῆναι
1550 1327 1650 1381 αύ-

73 1423 177 1476 τόνο
213 1424 309 1476 καὶ
343 1419 489 1476 εἶδεν
526 1422 964 1494 προσκεφάλαιον
990 1421 1156 1476 αὑτοῦ
1205 1422 1310 1476 ὑπὸ
1344 1419 1515 1493 πυρὸς
1548 1437 1651 1473 κα-

72 1515 433 1584 τακαιόμενον.
459 1513 573 1566 Καὶ
608 1514 868 1585 στραφεὶς
893 1511 1046 1567 εἶπεν
1075 1513 1212 1586 πρὸς
1244 1513 1370 1577 τοὺς
1395 1512 1653 1574 συνόντας

71 1607 202 1678 αὑτῷ
232 1608 630 1679 προφητικῶς’
669 1628 687 1660 ι
715 1611 807 1660 Δεῖ
841 1625 906 1680 με
939 1605 1120 1671 ζῶντα
1155 1607 1428 1678 καυθῆναι
1462 1604 1595 1676 (44).
1627 1622 1646 1655 ι

1757 702 1936 756 mum,
1969 706 2032 745 re
2069 690 2256 744 audita
2287 701 2397 744 non
2429 693 2702 758 turbatus,
2740 693 2797 746 in
2841 693 2977 748 urbe
3015 709 3346 764 permanere

1757 782 2010 849 volebat;
2054 783 2301 853 plerique
2335 791 2514 838 tamen
2552 785 2602 839 ei
2645 795 3059 855 persuaserunt,
3097 795 3156 841 u-t
3193 803 3345 842 sece-

1756 872 1932 927 deret.
1965 872 2032 927 Et
2082 873 2311 928 secessit
2335 872 2388 926 in
2415 873 2599 927 villam
2625 915 2640 940 ,
2689 891 2797 930 non
2831 876 3060 930 multum
3109 877 3181 931 ab
3208 878 3345 932 urbe

1754 965 2010 1021 d‘issitam
2039 979 2053 1032 ;
2087 965 2179 1020 ubi
2209 981 2334 1019 cum
2366 966 2555 1034 paucis
2582 967 2804 1033 mansit,
2829 969 2920 1022 diu
2954 978 3234 1038 noctuque
3265 971 3342 1023 nil

1754 1057 1901 1114 aliud
1935 1072 2125 1130 agens,
2152 1057 2259 1114 nisi
2295 1061 2653 1129 quodpraret
2696 1076 2796 1131 pro
2839 1063 3118 1118 universis
3158 1072 3212 1118 et
3239 1080 3340 1134 pro

1751 1151 2011 1205 omnibus
2054 1165 2151 1219 per
2193 1150 2381 1204 orbem
2416 1149 2706 1218 Ecclesiis;
2746 1153 2888 1221 quod
2942 1153 3045 1222 ipsi
3088 1163 3209 1208 erat
3248 1170 3341 1209 so-

1751 1240 1953 1296 lemne.
1984 1237 2052 1295 Et
2096 1253 2220 1296 cum
2251 1249 2464 1308 oraret,
2512 1243 2694 1297 triduo
2747 1255 3038 1315 antequam
3087 1261 3341 1316 compre-

1755 1333 2105 1400 henderetur,
2138 1334 2280 1389 visio
2308 1334 2356 1388 ei
2391 1334 2606 1405 obtigit,
2633 1335 2877 1405 viditque
2912 1338 3146 1392 cervical
3176 1354 3337 1393 suum

1755 1425 2015 1480 incendio
2044 1424 2413 1496 conﬂagrans.
2448 1424 2518 1480 Et
2547 1441 2847 1482 conversus
2877 1428 2943 1481 ad
2986 1429 3166 1485 socios
3207 1446 3337 1500 pro-

1757 1517 1973 1587 phetice
2004 1517 2176 1571 dixit:
2207 1535 2226 1567 ι
2251 1517 2479 1587 Oportet
2506 1534 2590 1573 me
2616 1519 2805 1574 vivum
2831 1520 3104 1576 comburi.
3135 1541 3154 1573 ι

865 1726 952 1782 VI.
994 1727 1326 1798 Polycarpus
1361 1744 1393 1782 a
1425 1725 1631 1782 servulo
1665 1722 1932 1792 proditur.
1969 1718 2208 1774 Herodes
2241 1720 2543 1777 irenarclta.

133 1843 234 1896 Καὶ
255 1844 634 1915 ἐπιμενόντων
666 1846 774 1898 τῶν
801 1843 1109 1917 ζητούντων
1131 1846 1316 1911 αὑτὸν,
1343 1844 1542 1917 μετέϐη
1571 1846 1649 1908 εἰς

72 1936 239 2006 ἕτερον
271 1937 523 2008 ἁγρίδιον
544 1954 558 1966 ·
595 1937 689 1990 καὶ
724 1937 925 2001 εύθέως
945 1937 1254 2009 ἐπέστησαν
1279 1938 1328 1989 οἱ
1361 1933 1650 2006 ζητοῦντες

70 2029 235 2083 αὑτόν.
271 2027 385 2080 Καὶ
423 2026 499 2098 μὴ
533 2028 820 2098 εὑρόντες,
857 2027 1209 2082 συνελάϐοντο
1242 2026 1504 2098 παιδάρια
1533 2023 1645 2088 δύο,

1826 1836 2163 1896 Instantibus
2212 1850 2393 1894 autem
2454 1839 2522 1895 iis
2580 1839 2675 1910 qui
2710 1842 3028 1910 quaerebant
3069 1857 3231 1909 eum,
3281 1843 3336 1898 in

1757 1933 1918 1987 aliam
1957 1933 2142 1986 villam
2180 1933 2470 2002 migravit;
2507 1939 2559 1988 et
2603 1934 2787 1989 statim
2824 1935 3052 1988 aderant
3081 1936 3335 2004 explora-

1757 2032 1925 2080 tores.
1952 2023 2200 2096 Cumque
2226 2025 2379 2079 illum
2406 2041 2513 2079 non
2538 2025 2890 2095 reperissent,
2917 2027 3056 2080 duos
3085 2027 3334 2082 servulos

71 2112 138 2170 ὧν
164 2118 220 2170 τὸ
264 2117 459 2188 ἕτερον
506 2116 930 2187 βασανιζόμενον
961 2116 1334 2187 ὡμολόγησεν.
1378 2112 1488 2168 Ἦν
1537 2113 1646 2186 γὰρ

1784 2114 2323 2184 omprebenderunt,
2353 2129 2588 2185 quorum
2622 2114 2779 2181 alter,
2816 2116 3101 2170 tormentis
3139 2115 3331 2169 subdi-

72 2209 156 2262 καὶ
182 2209 445 2263 ἀδύνατον
479 2208 666 2262 λαθεῖν
699 2209 862 2263 αὐτὸν
884 2249 899 2272 ,
933 2209 1058 2262 ἐπεὶ
1088 2208 1182 2262 καὶ
1223 2209 1273 2261 οἱ
1307 2206 1648 2278 προδιδόντες

70 2301 216 2355 αὑτὸν
244 2301 439 2355 οἰκεῖοι
474 2301 721 2372 ὑπῆρχον
758 2300 888 2370 (43).
925 2301 1036 2355 Καὶ
1080 2302 1109 2353 ὁ
1153 2300 1478 2372 εἰρήναρχος
1512 2296 1645 2368 (46),

70 2397 95 2446 ὁ
122 2394 208 2448 καὶ
239 2391 584 2464 κληρονόμος
607 2392 739 2461 (47),
774 2391 834 2444 τὸ
865 2391 998 2445 αὑτὸ
1030 2390 1204 2462 ὄνομα
1230 2389 1362 2460 (48),
1400 2389 1646 2463 Ἡρώδης

71 2489 463 2557 ἐπιλεγόμενος,
489 2483 749 2536 ἔσπευδεν
780 2485 862 2546 εἰς
892 2483 952 2536 τὸ
983 2482 1195 2535 στάδιον
1223 2483 1385 2535 αὑτὸν
1418 2485 1644 2551 εἰσαγα-

71 2584 206 2648 γεῖν·
257 2579 344 2631 ἴνα
399 2577 612 2638 ἐκεῖνος
649 2574 747 2644 μὲν
778 2573 868 2626 τὸν
903 2572 1034 2626 ἴδιον
1078 2572 1280 2644 κλῆρον
1323 2574 1602 2646 ἀπαρτίσῃ
1628 2613 1644 2637 ,

72 2669 290 2742 Χριστοῦ
324 2666 588 2729 κοινωνὸς
639 2665 959 2736 γενόμενος·
996 2666 1046 2718 οἱ
1078 2665 1134 2718 δὲ
1167 2664 1455 2738 προδόντες
1485 2665 1648 2720 αὑτὸν

71 2764 157 2835 τὴν
186 2760 349 2816 αὑτοῦ
373 2759 486 2831 (49‘
514 2756 608 2812 τοῦ
652 2755 822 2810 ’ἰούδα
854 2755 1140 2827 ὑπόσχοιεν
1181 2755 1473 2826 τιμωρίανῐ

1752 2215 1862 2273 tus,
1891 2204 2182 2260 confessus
2221 2214 2326 2261 est.
2365 2205 2707 2276 Impossibile
2755 2213 2939 2259 autem
2987 2215 3106 2260 erat
3162 2205 3333 2260 latere

1751 2294 1963 2364 ipsum,
1994 2310 2118 2350 cum
2140 2295 2450 2365 proditores
2481 2294 2768 2350 domestici
2797 2295 2920 2364 ejus
2948 2303 3152 2350 essent.
3184 2289 3334 2349 Iren-

1748 2386 1913 2441 archa
1939 2402 2090 2450 vero,
2139 2387 2226 2442 vel
2265 2387 2636 2448 cleronomus.
2659 2391 2805 2456 quod
2836 2386 2978 2441 idem
3003 2403 3204 2440 munus
3225 2395 3330 2454 est,

1755 2478 1978 2533 nomine
2017 2477 2284 2542 Herodes,
2329 2479 2384 2533 in
2436 2478 2674 2543 stadium
2715 2480 2868 2544 illum
2903 2479 3102 2534 ducere
3132 2494 3331 2549 prope—

1756 2572 1935 2638 rabat,
1960 2582 2020 2628 ut
2050 2573 2140 2628 hic
2162 2585 2366 2629 sortem
2391 2588 2548 2628 suam
2574 2573 2844 2642 impleret,
2867 2572 3075 2626 Christi
3103 2588 3334 2627 consors

1758 2662 1980 2729 factus;
2038 2664 2344 2734 proditores
2396 2675 2577 2721 autem
2621 2665 2741 2735 ejus
2785 2662 2939 2720 Judaa
2975 2680 3167 2735 ptenas
3198 2667 3334 2720 sub-

1758 2758 1916 2812 eant!

1032 2871 1144 2927 VII.
1184 2871 1518 2944 Polycarpus
1551 2891 1583 2928 α
1617 2873 2040 2944 persecutoribus
2074 2875 2342 2929 invenitur.

137 2992 385 3061 Ἔχοντες
409 2984 506 3042 οῦν
538 2988 598 3042 τὺ
630 2987 935 3060 παιδάριον,
961 2990 1027 3058 τῇ
1063 2988 1408 3057 παρασκευῇ,
1432 2986 1648 3038 δείπνου

73 3084 198 3156 ῶρα,
230 3083 458 3155 ἐξῆλθον
490 3082 786 3152 διωγμῖται
818 3081 913 3134 καὶ
948 3081 1135 3143 ἱππεῖς
1155 3120 1169 3143 ,
1207 3078 1346 3149 μετὰ
1389 3078 1496 3132 τῶν
1530 3095 1654 3132 συν-

73 3176 202 3246 ήθων
245 3177 431 3238 αὑτοῖς
475 3173 696 3237 ὅπλων,
745 3192 763 3224 ι
792 3172 866 3236 ὡς
899 3171 993 3225 ἐπὶ
1039 3170 1246 3244 λῃστὴν
1292 3171 1599 3242 τρέχοντες.
1627 3191 1645 3222 ι

74 3267 172 3319 Kal.
213 3267 306 3336 ὀψὲ
337 3267 438 3337 τῆς
484 3263 636 3336 ὧρας
669 3261 1088 3324 συνεπελθόντες
1126 3261 1273 3332 (50),
1309 3261 1516 3314 ἐκεῖνον
1552 3261 1651 3332 μὲν

74 3353 216 3430 εὗρον
235 3358 290 3412 ἕν
317 3375 425 3412 τινι
447 3355 708 3427 δωματίῳ
731 3354 1146 3425 κατακείμενον,
1172 3355 1228 3406 ἐν
1253 3352 1362 3424 (51)
1393 3352 1644 3426 ὑπερῴῳ·

74 3449 310 3503 κάκεῖθεν
342 3447 578 3517 ἠδύνατο
618 3446 697 3508 εἰς
743 3444 926 3516 ἕτερον
959 3443 1156 3515 χωρίον
1203 3443 1489 3507 ἀπελθεῖν,
1535 3443 1649 3498 ἀλλ’

71 3539 162 3593 οὑκ
191 3538 456 3610 ἐϐουλήθη
481 3578 496 3601 ,
549 3535 754 3590 εἰπών·
797 3554 814 3585 ι
860 3533 932 3586 Τὸ
981 3533 1194 3606 θέλημα
1245 3533 1337 3587 τοῦ
1370 3533 1504 3586 Θεοῦ
1538 3533 1648 3603 (52)

71 3632 295 3697 γενέσθω
311 3633 352 3683 ⁸.
388 3650 407 3682 ι
449 3628 716 3690 Ἀκούσας
748 3626 802 3680 δὲ
835 3627 1033 3690 αὑτοὺς
1067 3626 1346 3697 παρόντας
1382 3625 1520 3697 (55),
1556 3624 1650 3677 καὶ

73 3724 322 3788 καταϐὰς,
347 3722 600 3794 διελέχθη
633 3721 817 3783 αὐτοῖς
837 3736 849 3749 ⁸
885 3716 1276 3788 θαυμαζόντων
1309 3716 1416 3770 τῶν
1449 3717 1652 3790 παρόν-

72 3833 170 3870 των
211 3816 303 3888 τὴν
351 3814 573 3886 ἡλικίαν
605 3811 769 3867 αὑτοῦ
823 3811 920 3867 καὶ
974 3810 1034 3862 τὸ
1072 3809 1373 3872 εὐσταθὲς,
1425 3809 1521 3862 καὶ
1567 3810 1650 3861 ὅτι

72 3909 292 3980 τοσαύτῃ
315 3907 527 3977 σπουδῇ
559 3905 862 3975 ἐχρήσαντο
895 3901 988 3954 τοῦ
1016 3899 1388 3970 συλληφθῆναι
1411 3898 1648 3953 τοιοῦτον

71 3998 371 4068 πρεσϐύτην
402 3996 579 4068 ἄνδρα
782 3990 1000 4054 Εὐθέως
1030 3986 1122 4043 οὖν
1167 3990 1350 4053 αὐτοῖς
1397 3990 1648 4044 ἐκέλευσε

73 4094 433 4166 παρατεθῆναι
462 4093 660 4160 φαγεῖν
684 4087 777 4142 καὶ
805 4089 948 4140 πιεῖν
971 4088 1028 4139 ἐν
1061 4084 1248 4157 ἐκείνῃ
1271 4088 1335 4156 τῇ
1369 4084 1506 4156 ὥρᾳ,
1528 4085 1650 4140 ὅσον

70 4187 134 4239 ἂν
163 4187 454 4257 βούλωνται
473 4202 486 4214 °
522 4183 824 4254 ἐξῃτήσατο
855 4180 910 4233 δὲ
943 4179 1161 4241 αὐτοὺς,
1190 4179 1278 4230 ἵνα
1309 4177 1472 4230 δῶσιν
1503 4177 1650 4250 αὑτῷ

67 4276 210 4349 ὥραν
245 4279 378 4351 πρὸς
411 4277 471 4330 τὸ
508 4271 918 4347 προσεύξασθαι
950 4270 1141 4334 ἀδεῶς.
1179 4271 1300 4323 Τῶν
1332 4271 1388 4324 δὲ
1429 4273 1650 4343 ἐπιτρε-

69 4369 292 4437 ψάντων,
316 4369 539 4432 σταθεὶς
564 4365 931 4440 προσηύξατο,
958 4363 1172 4434 πλήρης
1194 4362 1269 4415 ὢν
1301 4364 1398 4434 τῆς
1430 4365 1651 4436 χάριτος

71 4463 159 4515 τοῦ
199 4463 360 4528 Θεοῦ,
395 4461 609 4523 οὕτως,
643 4458 785 4511 ὥστε
819 4457 912 4510 ἐπὶ
958 4455 1052 4508 δύο
1082 4454 1231 4526 ὧρας
1285 4453 1359 4525 μὴ
1391 4454 1650 4509 δύνασθαι

71 4558 354 4629 σιωπῆσαι,
384 4556 482 4610 καὶ
515 4554 913 4624 ἐκπλήττεσθαι
945 4553 1070 4616 τοὺς
1091 4552 1406 4616 ἀκούοντας,
1427 4551 1651 4616 πολλούς

68 4665 126 4699 τε
158 4651 432 4718 μετανοεῖν
455 4647 550 4700 ἐπὶ
583 4645 660 4715 τῷ
691 4643 1012 4716 ἐληλυθέναι
1038 4643 1132 4696 ἐπὶ
1162 4641 1402 4694 τοιοῦτον
1435 4641 1652 4714 θεοπρε-

67 4739 144 4810 πῆ
176 4742 512 4813 πρεσϐύτην.

136 4881 155 4913 ⁸
183 4881 369 4937 Matth.
396 4896 547 4945 xxvi,
577 4879 667 4934 55.
744 4881 764 4911 ⁰
788 4877 978 4932 Matth.
1003 4892 1079 4943 vt,
1115 4873 1212 4940 IO;
1239 4873 1358 4928 Act.
1386 4889 1498 4943 xxi,
1528 4876 1618 4929 14.

139 4996 244 5063 (45)
284 4995 359 5050 Ita
400 4995 750 5050 Jacobsonus
773 5013 803 5048 e
826 4996 950 5066 cod.
993 4993 1395 5066 Paris.__Editi.;
1432 4992 1636 5066 ἔτριϐε.
1674 5003 1720 5062 D

139 5061 241 5136 (44)
282 5066 358 5121 Ita
401 5066 748 5121 Jacohsunus
776 5081 806 5118 e
849 5065 1130 5121 codicibus
1164 5063 1421 5130 Vindob.,
1458 5061 1635 5120 Paris.

63 5147 123 5192 et
144 5135 359 5206 Barocc.
388 5137 566 5190 Editi:
595 5136 1032 5206 κατακαυθῆναι.

141 5208 244 5276 (45)
268 5205 377 5260 Ἦν
409 5209 522 5279 γαρ
548 5248 562 5261 .
587 5247 599 5259 .
624 5245 636 5258 .
662 5205 912 5279 ὑπῆρχον
938 5225 1005 5262 ex
1030 5205 1445 5276 interpolatoris
1475 5222 1644 5261 manu

61 5293 183 5332 eSse
211 5287 396 5333 censet
436 5277 828 5346 Dalrymplius.
854 5277 970 5332 Jac.

139 5349 242 5416 (l6)
283 5351 597 5404 Irenarcbae
638 5363 840 5402 munus
870 5357 1016 5409 erat,
1051 5346 1342 5402 seditiosos
1386 5347 1647 5402 homines

61 5427 118 5472 et
151 5421 292 5488 pacis
321 5421 555 5488 publica:
587 5419 899 5473 turbatores
928 5418 1410 5488 comprehendere.
1442 5417 1648 5472 VALES.

141 5491 623 5564 (summulam
649 5497 777 5564 sunt
804 5507 822 5538 ‹
850 5491 1267 5564 magistratus.)
1295 5496 1446 5542 sorte
1466 5490 1647 5543 electi.

61 5556 196 5615 Cor.
224 5559 352 5615 MIIII
380 5556 545 5616 'i'dem'
583 5556 1088 5629 magistratus'tum
1123 5559 1456 5629 εἰρήναρχος
1477 5601 1490 5626 ,
1525 5567 1644 5611 tum

62 5630 394 5704 κληρονόμος
418 5640 649 5686 vocatus
676 5599 851 5704 1Ibiése
886 5631 1119 5684 videtur.

143 5696 242 5776 (ἶὸ)
277 5696 510 5775 Ὄνὸμα,
543 5709 602 5755 ut
637 5701 860 5769 sepius,
909 5722 926 5752 ‹
956 5714 1192 5766 munus,
1243 5696 1508 5776 ollicium,
1549 5698 1652 5763 lto-

63 5787 240 5828 ΙἏΟΥ.)

145 5844 243 5917 (49)
282 5843 422 5915 Lege
453 5844 648 5915 αὐτὴν.
679 5839 800 5896 ιω.

375 5945 655 6005 ΡΑτιιοι.
701 5940 817 5999 lin.
854 5941 928 6000 V.

1826 2983 2101 3040 Habentes
2131 3001 2262 3054 ergo
2298 2986 2607 3054 puerulum,
2634 2984 2771 3041 feria
2801 2995 2974 3044 sexta.
3009 2989 3113 3043 sub
3140 2988 3332 3044 horam

1754 3094 1960 3147 cmnm,
1993 3079 2198 3150 egressi
2239 3088 2366 3134 sunt
2405 3088 2787 3148 persecutores
2835 3088 2889 3133 et
2937 3081 3153 3150 equites
3203 3097 3331 3135 cum

1753 3172 2034 3228 consuetis
2063 3172 2254 3232 armis.
2288 3189 2305 3220 ι
2333 3181 2594 3241 tanquam
2616 3170 2878 3226 adversus
2912 3173 3174 3226 latronem
3206 3188 3336 3243 pro-

1753 3264 2058 3319 ﬁciscentes
2081 3263 2165 3315 ⁸.»
2214 3261 2280 3316 Et
2331 3262 2436 3317 sub
2484 3261 2856 3332 vespertinum
2909 3270 3126 3333 tempus
3169 3267 3333 3320 adve-

1753 3356 1988 3418 nientes,
2027 3355 2178 3408 illum
2215 3354 2270 3408 in
2329 3354 2606 3424 superiori
2641 3350 2896 3409 cubiculo
2933 3370 3115 3425 parvae
3146 3358 3334 3427 cujus-

1754 3448 1879 3502 dam
1934 3447 2134 3502 domus
2179 3445 2616 3501 discumbentcm
2673 3446 3026 3514 invenerunt;
3082 3449 3225 3502 unde
3277 3450 3331 3502 in

1753 3538 1901 3593 aliud
1931 3537 2196 3608 praedium
2230 3536 2386 3591 abire
2440 3545 2689 3606 poterat,
2727 3537 2820 3592 sed
2854 3537 3064 3604 noluit,
3098 3538 3286 3593 dicetis
3314 3556 3327 3591 :

1760 3650 1777 3682 ι
1802 3629 1923 3684 Fiat
1963 3629 2218 3684 voluntas
2260 3627 2605 3684 Dei'aCum
2644 3643 2776 3683 vero
2815 3643 2910 3683 eos
2941 3638 3186 3685 astantes
3228 3647 3332 3684 au-

1751 3723 1921 3778 disset
1983 3736 2048 3776 ac
2103 3719 2518 3789 descendisset,
2567 3735 2691 3776 cum
2736 3721 2816 3776 eis
2865 3721 3171 3778 collocutus
3205 3732 3331 3788 cst,

1752 3812 2089 3868 mirantibus
2131 3812 2221 3877 iis,
2257 3812 2350 3879 qui
2394 3813 2644 3877 aderant,
2676 3821 2890 3868 aetatem
2933 3813 3053 3884 ejus
3100 3822 3154 3869 et
3198 3831 3333 3869 cnn—

1753 3906 2035 3969 stantiam,
2067 3903 2325 3974 quodque
2351 3903 2455 3972 ipsi
2511 3912 2660 3960 tanto
2690 3905 2872 3959 studio
2897 3905 2981 3960 usi
3013 3905 3218 3962 fuerint
3265 3908 3333 3962 ad

1753 3995 2069 4066 hujusmodi
2095 3997 2272 4049 virum
2299 4011 2482 4051 senem
2512 3997 3104 4066 comprehendendum.
3136 3997 3332 4054 Statim

1753 4105 1900 4144 nunc
1939 4090 2027 4144 illa
2073 4090 2206 4144 liora
2249 4089 2316 4144 iis
2349 4089 2532 4142 cibum
2583 4097 2637 4142 ct
2671 4099 2858 4160 potum
2900 4093 3095 4162 apponi
3146 4093 3333 4161 jussit,

1753 4193 2019 4252 quantum
2052 4183 2293 4250 vellent;
2337 4183 2489 4253 petiit
2517 4193 2696 4238 autem
2731 4185 2799 4238 ab
2842 4185 2972 4247 illis.
3010 4196 3066 4240 ut
3105 4186 3207 4254 ipsi
3242 4186 3338 4238 da-

1754 4286 1876 4330 rent
1911 4277 2060 4330 liora:
2099 4277 2335 4346 spatium
2377 4277 2444 4331 ad
2475 4277 2645 4330 libere
2694 4278 2985 4330 orandum.
3026 4277 3180 4343 Quod
3211 4292 3334 4330 cum

1755 4370 2188 4430 concessissent.
2224 4378 2376 4425 stans
2430 4370 2654 4434 orabat,
2715 4369 2909 4438 plenus
2969 4371 3146 4438 gratia
3200 4365 3334 4435 Dei;

1754 4461 1891 4514 adeo
1941 4472 2000 4515 ut
2035 4477 2130 4530 per
2155 4463 2294 4516 duas
2337 4461 2503 4515 horas
2545 4469 2725 4514 tacere
2759 4475 2864 4512 non
2895 4471 3101 4528 posset,
3140 4475 3202 4514 ac
3235 4459 3336 4512 ob-

1755 4560 2131 4620 stupescerent
2153 4553 2454 4611 auditores.
2481 4551 2790 4619 multosque
2810 4566 2998 4604 eorum
3024 4553 3331 4620 pmniteret,

1754 4645 1898 4711 quod
1936 4644 2200 4698 adversus
2232 4659 2451 4710 senem,
2489 4643 2601 4698 Deo
2631 4654 2915 4714 tantopere
2958 4655 3198 4714 gratum,
3239 4659 3333 4700 ve-

1755 4735 1984 4790 nissent.

1817 4995 1931 5066 (50)
1970 4995 2045 5049 Ita
2081 4991 2333 5066 Usserius
2360 5004 2416 5050 et
2457 4991 2732 5048 Smithius
2770 5007 2837 5066 ex
2878 4985 3102 5066 Eusebii
3130 4993 3146 5059 (
3170 4989 3240 5043 Η.
3273 4989 3335 5041 Ε.

1750 5063 1838 5134 IV,
1870 5063 1973 5136 l5)
2008 5067 2240 5120 lectione
2283 5065 2606 5129 ἐπελθόντες
2647 5063 3034 5134 corrigendum
3081 5075 3202 5115 esse
3242 5077 3339 5127 pn—

1753 5147 1887 5194 tant.
1922 5136 2061 5191 Editi
2092 5155 2106 5190 :
2143 5137 2593 5200 συναπελθόντες.

1825 5211 1940 5279 (51)
1983 5207 2430 5279 Praepositionem
2466 5208 2619 5279 ἐνίει)
2647 5205 2769 5259 aliis
2796 5201 3056 5257 omissam
3097 5204 3343 5270 reposuit

1747 5277 2158 5334 JaCobsonusc
2191 5277 2313 5332 cod.
2353 5278 2591 5332 Vindob.

1825 5351 1939 5421 (5‘2)
1981 5349 2057 5403 Ita
2102 5347 2451 5403 Jacobsonus
2496 5363 2526 5400 e
2558 5346 2735 5400 tribus
2775 5341 2981 5407 codd.;
3014 5339 3180 5411 Vulg.
3223 5344 3342 5394 Ku—

1787 5439 1890 5475 ιου.

1750 5438 1935 5561 ﬁciis)
1980 5489 2488 5561 ItaMJacobsonuse
2516 5487 2678 5541 codd.
2707 5483 2864 5538 Vind.
2889 5491 2941 5536 et
2969 5481 3150 5536 Paris.
3181 5481 3342 5553 Vulg.

1747 5558 1989 5625 ἀκούσας
2018 5558 2114 5614 οὖν
2151 5561 2276 5622 τοὺς
2311 5559 2629 5631 παρόνταςη
2698 5624 2731 5631 _
2808 5625 2818 5631 _
2913 5623 2952 5631 __

1823 5634 1937 5704 (54)
1972 5623 2050 5704 Ita
2082 5623 2435 5704 .Iacobsottu's
2473 5647 2502 5681 e
2530 5629 2654 5704 col.
2697 5623 3072 5704 ParisIthtlg.
3100 5627 3348 5704 ἰεύστα-

1750 5695 1861 5766 θὲς,
1891 5695 2035 5764 τίνὲς
2068 5703 2250 5771 ἔλεγον
2269 5717 2282 5729 ⁸
2335 5701 2402 5754 Ἠ
2435 5699 2690 5772 τοσαύτη-
2708 5695 2933 5772 σποέοδὴ,
2970 5697 3004 5766 ἡ
3033 5695 3132 5750 τοῦ
3156 5699 3350 5767 συλλη-

1749 5772 1952 5843 φθῆναι
1984 5768 2226 5826 τοιοῦτον
2258 5770 2577 5841 πρεσϐύτην
2601 5768 2769 5833 ἄνδρα
2800 5768 2903 5837 iw;

2955 5928 3034 5988 33

2551 5989 2598 6002 α’
