  <div class='ocr_page' id='page_1' title='image "/cluster/home/n/w/nwhite01/storage/ocr_20150623/5/hvd.32044019206598/525.png"; bbox 0 0 3766 6372; ppageno 0'>
   <div class='ocr_carea' id='block_1_1' title="bbox 538 374 2918 446">
    <p class='ocr_par' dir='ltr' id='par_1_1' title="bbox 538 374 2642 432">
     <span class='ocr_line' id='line_1_1' title="bbox 538 374 2642 432; baseline 0 -3"><span class='ocrx_word' id='word_1_1' title='bbox 538 377 678 432; x_wconf 68' lang='grc' dir='ltr'><strong>Ιιιδῦ</strong></span> <span class='ocrx_word' id='word_1_2' title='bbox 1231 391 1235 396; x_wconf 90' lang='grc'>·</span> <span class='ocrx_word' id='word_1_3' title='bbox 1733 377 1789 430; x_wconf 87' lang='lat' dir='ltr'><strong>S.</strong></span> <span class='ocrx_word' id='word_1_4' title='bbox 1836 374 2292 431; x_wconf 77' lang='lat' dir='ltr'><strong>POLYCARPUS</strong></span> <span class='ocrx_word' id='word_1_5' title='bbox 2329 375 2642 431; x_wconf 75' lang='lat' dir='ltr'><strong>MARTYR.</strong></span> 
     </span>
    </p>
   </div>
   <div class='ocr_carea' id='block_1_2' title="bbox 2231 374 3649 446">
    <p class='ocr_par' dir='ltr' id='par_1_2' title="bbox 2231 374 3649 446">
     <span class='ocr_line' id='line_1_2' title="bbox 2231 374 3649 446; baseline -0.001 -17"><span class='ocrx_word' id='word_1_6' title='bbox 2231 374 2292 429; x_wconf 79' lang='lat' dir='ltr'><strong>IS</strong></span> <span class='ocrx_word' id='word_1_7' title='bbox 2329 375 2642 431; x_wconf 66' lang='lat' dir='ltr'><strong>uanrvn.</strong></span> <span class='ocrx_word' id='word_1_8' title='bbox 3577 389 3649 446; x_wconf 64' lang='lat' dir='ltr'><strong>[eg</strong></span> 
     </span>
    </p>
   </div>
   <div class='ocr_carea' id='block_1_3' title="bbox 1631 496 2694 569">
    <p class='ocr_par' dir='ltr' id='par_1_3' title="bbox 1631 496 2694 569">
     <span class='ocr_line' id='line_1_3' title="bbox 1631 496 2694 569; baseline 0.001 -19"><span class='ocrx_word' id='word_1_9' title='bbox 1631 497 1758 551; x_wconf 74' lang='lat' dir='ltr'><strong>VIII.</strong></span> <span class='ocrx_word' id='word_1_10' title='bbox 1800 497 2127 569; x_wconf 77' lang='lat' dir='ltr'><strong>Polycarpus</strong></span> <span class='ocrx_word' id='word_1_11' title='bbox 2163 498 2217 550; x_wconf 84' lang='lat' dir='ltr'><strong>in</strong></span> <span class='ocrx_word' id='word_1_12' title='bbox 2248 496 2427 550; x_wconf 86' lang='lat' dir='ltr'><strong>urbem</strong></span> <span class='ocrx_word' id='word_1_13' title='bbox 2461 497 2694 551; x_wconf 80' lang='lat' dir='ltr'><strong>ducitur.</strong></span> 
     </span>
    </p>
   </div>
   <div class='ocr_carea' id='block_1_4' title="bbox 561 617 2918 710">
    <p class='ocr_par' dir='ltr' id='par_1_4' title="bbox 561 617 2918 710">
     <span class='ocr_line' id='line_1_4' title="bbox 561 617 2918 710; baseline 0 -40"><span class='ocrx_word' id='word_1_14' title='bbox 561 654 563 657; x_wconf 84' lang='lat'><strong><em>-</em></strong></span> <span class='ocrx_word' id='word_1_15' title='bbox 606 619 741 671; x_wconf 81' lang='lat' dir='ltr'><strong>Cum</strong></span> <span class='ocrx_word' id='word_1_16' title='bbox 771 627 949 672; x_wconf 84' lang='lat' dir='ltr'><strong>autem</strong></span> <span class='ocrx_word' id='word_1_17' title='bbox 979 617 1348 687; x_wconf 74' lang='lat' dir='ltr'><strong>precationem</strong></span> <span class='ocrx_word' id='word_1_18' title='bbox 1378 618 1628 681; x_wconf 82' lang='lat' dir='ltr'><strong>liniisset,</strong></span> <span class='ocrx_word' id='word_1_19' title='bbox 1663 619 1714 672; x_wconf 94' lang='lat' dir='ltr'><strong>in</strong></span> <span class='ocrx_word' id='word_1_20' title='bbox 1741 635 1848 690; x_wconf 90' lang='lat' dir='ltr'><strong>qua</strong></span> <span class='ocrx_word' id='word_1_21' title='bbox 1880 619 2111 673; x_wconf 87' lang='lat' dir='ltr'><strong>mentio—</strong></span> <span class='ocrx_word' id='word_1_22' title='bbox 2137 653 2180 710; x_wconf 63' lang='grc' dir='ltr'><strong>Α</strong></span> <span class='ocrx_word' id='word_1_23' title='bbox 2295 619 2380 681; x_wconf 84' lang='grc' dir='ltr'>Ὡς</span> <span class='ocrx_word' id='word_1_24' title='bbox 2425 618 2480 670; x_wconf 82' lang='grc' dir='ltr'>δὲ</span> <span class='ocrx_word' id='word_1_25' title='bbox 2525 619 2834 672; x_wconf 83' lang='grc' dir='ltr'>κατέπαυσε</span> <span class='ocrx_word' id='word_1_26' title='bbox 2884 635 2918 670; x_wconf 62' lang='grc' dir='ltr'>τι</span> 
     </span>
    </p>
   </div>
   <div class='ocr_carea' id='block_1_5' title="bbox 2231 617 3649 710">
    <p class='ocr_par' dir='ltr' id='par_1_5' title="bbox 2295 617 3649 691">
     <span class='ocr_line' id='line_1_5' title="bbox 2295 617 3649 691; baseline 0.005 -21"><span class='ocrx_word' id='word_1_27' title='bbox 2295 619 2380 681; x_wconf 83' lang='grc' dir='ltr'>Ὡς</span> <span class='ocrx_word' id='word_1_28' title='bbox 2425 618 2480 670; x_wconf 84' lang='grc' dir='ltr'>δὲ</span> <span class='ocrx_word' id='word_1_29' title='bbox 2525 619 2834 672; x_wconf 82' lang='grc' dir='ltr'>κατέπαυσε</span> <span class='ocrx_word' id='word_1_30' title='bbox 2884 617 2980 689; x_wconf 84' lang='grc' dir='ltr'>τὴν</span> <span class='ocrx_word' id='word_1_31' title='bbox 3026 618 3360 690; x_wconf 81' lang='grc' dir='ltr'>προσευχὴν,</span> <span class='ocrx_word' id='word_1_32' title='bbox 3401 625 3649 691; x_wconf 47' lang='grc' dir='ltr'>μνημονεύει</span> 
     </span>
    </p>
   </div>
   <div class='ocr_carea' id='block_1_6' title="bbox 535 707 2918 782">
    <p class='ocr_par' dir='ltr' id='par_1_6' title="bbox 535 707 2918 781">
     <span class='ocr_line' id='line_1_6' title="bbox 535 707 2918 781; baseline -0 -18"><span class='ocrx_word' id='word_1_33' title='bbox 535 727 656 765; x_wconf 90' lang='lat' dir='ltr'><strong>nem</strong></span> <span class='ocrx_word' id='word_1_34' title='bbox 686 709 890 765; x_wconf 89' lang='lat' dir='ltr'><strong>fecerat</strong></span> <span class='ocrx_word' id='word_1_35' title='bbox 913 711 1156 765; x_wconf 90' lang='lat' dir='ltr'><strong>omnium</strong></span> <span class='ocrx_word' id='word_1_36' title='bbox 1191 710 1284 780; x_wconf 91' lang='lat' dir='ltr'><strong>qui</strong></span> <span class='ocrx_word' id='word_1_37' title='bbox 1332 711 1627 781; x_wconf 85' lang='lat' dir='ltr'><strong>aliquando</strong></span> <span class='ocrx_word' id='word_1_38' title='bbox 1664 727 1790 766; x_wconf 90' lang='lat' dir='ltr'><strong>cum</strong></span> <span class='ocrx_word' id='word_1_39' title='bbox 1826 712 1945 780; x_wconf 91' lang='lat' dir='ltr'><strong>ipso</strong></span> <span class='ocrx_word' id='word_1_40' title='bbox 1984 725 2108 766; x_wconf 90' lang='lat' dir='ltr'><strong>con-</strong></span> <span class='ocrx_word' id='word_1_41' title='bbox 2140 707 2180 710; x_wconf 53' lang='lat'>“</span> <span class='ocrx_word' id='word_1_42' title='bbox 2211 708 2464 761; x_wconf 82' lang='grc' dir='ltr'>ἁπάντων</span> <span class='ocrx_word' id='word_1_43' title='bbox 2497 707 2592 762; x_wconf 74' lang='grc' dir='ltr'>καὶ</span> <span class='ocrx_word' id='word_1_44' title='bbox 2623 708 2729 761; x_wconf 87' lang='grc' dir='ltr'><strong>τῶν</strong></span> <span class='ocrx_word' id='word_1_45' title='bbox 2762 707 2918 762; x_wconf 87' lang='grc' dir='ltr'>πώπο</span> 
     </span>
    </p>
   </div>
   <div class='ocr_carea' id='block_1_7' title="bbox 2231 707 3648 782">
    <p class='ocr_par' dir='ltr' id='par_1_7' title="bbox 2231 707 3648 782">
     <span class='ocr_line' id='line_1_7' title="bbox 2231 707 3648 782; baseline 0.006 -23"><span class='ocrx_word' id='word_1_46' title='bbox 2231 708 2464 761; x_wconf 70' lang='grc' dir='ltr'>ιπάντων</span> <span class='ocrx_word' id='word_1_47' title='bbox 2497 707 2592 762; x_wconf 74' lang='grc' dir='ltr'>καὶ</span> <span class='ocrx_word' id='word_1_48' title='bbox 2623 708 2729 761; x_wconf 87' lang='grc' dir='ltr'><strong>τῶν</strong></span> <span class='ocrx_word' id='word_1_49' title='bbox 2762 707 2978 762; x_wconf 87' lang='grc' dir='ltr'>πώποτε</span> <span class='ocrx_word' id='word_1_50' title='bbox 3014 709 3125 780; x_wconf 78' lang='grc'><strong>(55)</strong></span> <span class='ocrx_word' id='word_1_51' title='bbox 3167 710 3536 782; x_wconf 73' lang='grc' dir='ltr'>συμϐεϐηκότων</span> <span class='ocrx_word' id='word_1_52' title='bbox 3557 715 3648 782; x_wconf 68' lang='grc' dir='ltr'>αὐτῷ.</span> 
     </span>
    </p>
   </div>
   <div class='ocr_carea' id='block_1_8' title="bbox 533 797 2918 871">
    <p class='ocr_par' dir='ltr' id='par_1_8' title="bbox 533 797 2918 871">
     <span class='ocr_line' id='line_1_8' title="bbox 533 797 2918 871; baseline 0.001 -20"><span class='ocrx_word' id='word_1_53' title='bbox 533 800 705 870; x_wconf 87' lang='lat' dir='ltr'><strong>gressi</strong></span> <span class='ocrx_word' id='word_1_54' title='bbox 754 799 1006 865; x_wconf 87' lang='lat' dir='ltr'><strong>fuerant,</strong></span> <span class='ocrx_word' id='word_1_55' title='bbox 1048 816 1340 870; x_wconf 87' lang='lat' dir='ltr'><strong>parvorum</strong></span> <span class='ocrx_word' id='word_1_56' title='bbox 1385 801 1604 869; x_wconf 78' lang='lat' dir='ltr'><strong>quidem</strong></span> <span class='ocrx_word' id='word_1_57' title='bbox 1666 812 1719 855; x_wconf 88' lang='lat' dir='ltr'><strong>et</strong></span> <span class='ocrx_word' id='word_1_58' title='bbox 1756 816 2103 866; x_wconf 75' lang='lat' dir='ltr'><strong>magnorum,</strong></span> <span class='ocrx_word' id='word_1_59' title='bbox 2214 797 2426 870; x_wconf 83' lang='grc' dir='ltr'>μικρῶν</span> <span class='ocrx_word' id='word_1_60' title='bbox 2453 817 2511 852; x_wconf 86' lang='grc' dir='ltr'><strong>τε</strong></span> <span class='ocrx_word' id='word_1_61' title='bbox 2546 800 2638 853; x_wconf 75' lang='grc' dir='ltr'><strong>καὶ</strong></span> <span class='ocrx_word' id='word_1_62' title='bbox 2673 801 2918 871; x_wconf 82' lang='grc' dir='ltr'>μεγάλων</span> 
     </span>
    </p>
   </div>
   <div class='ocr_carea' id='block_1_9' title="bbox 2231 797 3649 871">
    <p class='ocr_par' dir='ltr' id='par_1_9' title="bbox 2231 797 3649 871">
     <span class='ocr_line' id='line_1_9' title="bbox 2231 797 3649 871; baseline 0.004 -21"><span class='ocrx_word' id='word_1_63' title='bbox 2231 797 2426 870; x_wconf 76' lang='grc' dir='ltr'>ιικρῶν</span> <span class='ocrx_word' id='word_1_64' title='bbox 2453 817 2511 852; x_wconf 88' lang='grc' dir='ltr'><strong>τε</strong></span> <span class='ocrx_word' id='word_1_65' title='bbox 2546 800 2638 853; x_wconf 74' lang='grc' dir='ltr'><strong>καὶ</strong></span> <span class='ocrx_word' id='word_1_66' title='bbox 2673 801 2945 871; x_wconf 83' lang='grc' dir='ltr'><strong>μεγάλων,</strong></span> <span class='ocrx_word' id='word_1_67' title='bbox 2972 802 3197 866; x_wconf 76' lang='grc' dir='ltr'><strong>ἐνδόξων</strong></span> <span class='ocrx_word' id='word_1_68' title='bbox 3229 819 3287 856; x_wconf 85' lang='grc' dir='ltr'><strong>τε</strong></span> <span class='ocrx_word' id='word_1_69' title='bbox 3314 803 3400 856; x_wconf 68' lang='grc' dir='ltr'>καὶ</span> <span class='ocrx_word' id='word_1_70' title='bbox 3424 803 3585 870; x_wconf 58' lang='lat' dir='ltr'><strong>mm,</strong></span> <span class='ocrx_word' id='word_1_71' title='bbox 3606 815 3649 859; x_wconf 72' lang='lat' dir='ltr'><strong>ni</strong></span> 
     </span>
    </p>
   </div>
   <div class='ocr_carea' id='block_1_10' title="bbox 529 887 2918 964">
    <p class='ocr_par' dir='ltr' id='par_1_10' title="bbox 529 887 2916 963">
     <span class='ocr_line' id='line_1_10' title="bbox 529 887 2916 963; baseline -0.001 -17"><span class='ocrx_word' id='word_1_72' title='bbox 529 893 804 949; x_wconf 88' lang='lat' dir='ltr'><strong>clarorum</strong></span> <span class='ocrx_word' id='word_1_73' title='bbox 832 903 886 948; x_wconf 90' lang='lat' dir='ltr'><strong>et</strong></span> <span class='ocrx_word' id='word_1_74' title='bbox 910 894 1292 958; x_wconf 86' lang='lat' dir='ltr'><strong>obscurorum,</strong></span> <span class='ocrx_word' id='word_1_75' title='bbox 1325 895 1602 963; x_wconf 90' lang='lat' dir='ltr'><strong>totiusque</strong></span> <span class='ocrx_word' id='word_1_76' title='bbox 1630 909 1726 963; x_wconf 86' lang='lat' dir='ltr'><strong>per</strong></span> <span class='ocrx_word' id='word_1_77' title='bbox 1765 895 1954 948; x_wconf 89' lang='lat' dir='ltr'><strong>orbem</strong></span> <span class='ocrx_word' id='word_1_78' title='bbox 1995 901 2104 947; x_wconf 84' lang='lat' dir='ltr'><strong>ter-</strong></span> <span class='ocrx_word' id='word_1_79' title='bbox 2208 887 2427 957; x_wconf 81' lang='grc' dir='ltr'><strong>ἀπάσης</strong></span> <span class='ocrx_word' id='word_1_80' title='bbox 2458 889 2556 960; x_wconf 81' lang='grc' dir='ltr'><strong>τῆς</strong></span> <span class='ocrx_word' id='word_1_81' title='bbox 2588 890 2728 943; x_wconf 84' lang='grc' dir='ltr'>κατὰ</span> <span class='ocrx_word' id='word_1_82' title='bbox 2759 890 2856 961; x_wconf 83' lang='grc' dir='ltr'><strong>τὴν</strong></span> <span class='ocrx_word' id='word_1_83' title='bbox 2888 909 2916 944; x_wconf 95' lang='grc' dir='ltr'><strong>ο</strong></span> 
     </span>
    </p>
   </div>
   <div class='ocr_carea' id='block_1_11' title="bbox 2231 887 3650 964">
    <p class='ocr_par' dir='ltr' id='par_1_11' title="bbox 2231 888 3650 964">
     <span class='ocr_line' id='line_1_11' title="bbox 2231 888 3650 964; baseline 0.007 -26"><span class='ocrx_word' id='word_1_84' title='bbox 2231 888 2427 957; x_wconf 84' lang='grc' dir='ltr'>ιπάσης</span> <span class='ocrx_word' id='word_1_85' title='bbox 2458 889 2556 960; x_wconf 83' lang='grc' dir='ltr'>τῆς</span> <span class='ocrx_word' id='word_1_86' title='bbox 2588 890 2728 943; x_wconf 83' lang='grc' dir='ltr'>κατὰ</span> <span class='ocrx_word' id='word_1_87' title='bbox 2759 890 2856 961; x_wconf 82' lang='grc' dir='ltr'>τὴν</span> <span class='ocrx_word' id='word_1_88' title='bbox 2888 892 3213 964; x_wconf 69' lang='grc' dir='ltr'><strong>οἰκουμένην</strong></span> <span class='ocrx_word' id='word_1_89' title='bbox 3245 893 3502 962; x_wconf 78' lang='grc' dir='ltr'>καθολικῆς</span> <span class='ocrx_word' id='word_1_90' title='bbox 3521 896 3650 964; x_wconf 62' lang='grc' dir='ltr'>Ἕιαὶῃ-</span> 
     </span>
    </p>
   </div>
   <div class='ocr_carea' id='block_1_12' title="bbox 527 977 2918 1056">
    <p class='ocr_par' dir='ltr' id='par_1_12' title="bbox 527 977 2918 1056">
     <span class='ocr_line' id='line_1_12' title="bbox 527 977 2918 1056; baseline -0.002 -17"><span class='ocrx_word' id='word_1_91' title='bbox 527 1001 715 1039; x_wconf 87' lang='lat' dir='ltr'><strong>rarum</strong></span> <span class='ocrx_word' id='word_1_92' title='bbox 759 987 1040 1041; x_wconf 62' lang='lat' dir='ltr'><strong>catholicae</strong></span> <span class='ocrx_word' id='word_1_93' title='bbox 1090 985 1382 1048; x_wconf 81' lang='lat' dir='ltr'><strong>Ecclesiae;</strong></span> <span class='ocrx_word' id='word_1_94' title='bbox 1435 1002 1668 1056; x_wconf 88' lang='lat' dir='ltr'><strong>cumque</strong></span> <span class='ocrx_word' id='word_1_95' title='bbox 1711 987 1846 1042; x_wconf 88' lang='lat' dir='ltr'><strong>hora</strong></span> <span class='ocrx_word' id='word_1_96' title='bbox 1888 985 2105 1055; x_wconf 84' lang='lat' dir='ltr'><strong>prolici-</strong></span> <span class='ocrx_word' id='word_1_97' title='bbox 2209 977 2350 1041; x_wconf 74' lang='grc' dir='ltr'>σίας,</span> <span class='ocrx_word' id='word_1_98' title='bbox 2394 979 2494 1050; x_wconf 80' lang='grc' dir='ltr'><strong>τῆς</strong></span> <span class='ocrx_word' id='word_1_99' title='bbox 2523 979 2673 1053; x_wconf 80' lang='grc' dir='ltr'>ὧρας</span> <span class='ocrx_word' id='word_1_100' title='bbox 2705 982 2918 1035; x_wconf 78' lang='grc' dir='ltr'>ἐλθούστ</span> 
     </span>
    </p>
   </div>
   <div class='ocr_carea' id='block_1_13' title="bbox 2231 977 3652 1056">
    <p class='ocr_par' dir='ltr' id='par_1_13' title="bbox 2231 977 3652 1056">
     <span class='ocr_line' id='line_1_13' title="bbox 2231 977 3652 1056; baseline 0.006 -27"><span class='ocrx_word' id='word_1_101' title='bbox 2231 977 2350 1041; x_wconf 72' lang='grc' dir='ltr'>ῖίας,</span> <span class='ocrx_word' id='word_1_102' title='bbox 2394 979 2494 1050; x_wconf 81' lang='grc' dir='ltr'>τῆς</span> <span class='ocrx_word' id='word_1_103' title='bbox 2523 979 2673 1053; x_wconf 81' lang='grc' dir='ltr'>ὧρας</span> <span class='ocrx_word' id='word_1_104' title='bbox 2705 982 2966 1054; x_wconf 80' lang='grc' dir='ltr'><strong>ἐλθούσης</strong></span> <span class='ocrx_word' id='word_1_105' title='bbox 3013 984 3106 1036; x_wconf 82' lang='grc' dir='ltr'>τοῦ</span> <span class='ocrx_word' id='word_1_106' title='bbox 3144 982 3363 1048; x_wconf 78' lang='grc' dir='ltr'><strong>ἐξιέναι,</strong></span> <span class='ocrx_word' id='word_1_107' title='bbox 3399 987 3448 1038; x_wconf 85' lang='grc' dir='ltr'><strong>ἐν</strong></span> <span class='ocrx_word' id='word_1_108' title='bbox 3472 985 3550 1056; x_wconf 60' lang='lat' dir='ltr'><strong>(mp</strong></span> <span class='ocrx_word' id='word_1_109' title='bbox 3568 989 3652 1041; x_wconf 68' lang='grc' dir='ltr'>καίιέ-</span> 
     </span>
    </p>
   </div>
   <div class='ocr_carea' id='block_1_14' title="bbox 526 1069 2918 1147">
    <p class='ocr_par' dir='ltr' id='par_1_14' title="bbox 526 1069 2918 1147">
     <span class='ocr_line' id='line_1_14' title="bbox 526 1069 2918 1147; baseline 0.003 -15"><span class='ocrx_word' id='word_1_110' title='bbox 526 1077 713 1132; x_wconf 91' lang='lat' dir='ltr'><strong>scendi</strong></span> <span class='ocrx_word' id='word_1_111' title='bbox 755 1079 1011 1141; x_wconf 80' lang='lat' dir='ltr'><strong>venisset,</strong></span> <span class='ocrx_word' id='word_1_112' title='bbox 1056 1079 1213 1132; x_wconf 91' lang='lat' dir='ltr'><strong>asino</strong></span> <span class='ocrx_word' id='word_1_113' title='bbox 1245 1093 1369 1132; x_wconf 90' lang='lat' dir='ltr'><strong>eum</strong></span> <span class='ocrx_word' id='word_1_114' title='bbox 1417 1078 1779 1147; x_wconf 86' lang='lat' dir='ltr'><strong>imponentes,</strong></span> <span class='ocrx_word' id='word_1_115' title='bbox 1833 1077 1884 1132; x_wconf 87' lang='lat' dir='ltr'><strong>in</strong></span> <span class='ocrx_word' id='word_1_116' title='bbox 1915 1077 2102 1132; x_wconf 84' lang='lat' dir='ltr'><strong>urbem</strong></span> <span class='ocrx_word' id='word_1_117' title='bbox 2209 1086 2401 1134; x_wconf 87' lang='grc' dir='ltr'>σαντες</span> <span class='ocrx_word' id='word_1_118' title='bbox 2450 1073 2646 1138; x_wconf 74' lang='grc' dir='ltr'>αὑτὸν,</span> <span class='ocrx_word' id='word_1_119' title='bbox 2679 1069 2814 1144; x_wconf 83' lang='grc' dir='ltr'>ἦγον</span> <span class='ocrx_word' id='word_1_120' title='bbox 2844 1077 2918 1138; x_wconf 68' lang='grc' dir='ltr'><strong>εἷς</strong></span> 
     </span>
    </p>
   </div>
   <div class='ocr_carea' id='block_1_15' title="bbox 2231 1069 3649 1147">
    <p class='ocr_par' dir='ltr' id='par_1_15' title="bbox 2231 1069 3649 1146">
     <span class='ocr_line' id='line_1_15' title="bbox 2231 1069 3649 1146; baseline 0.007 -27"><span class='ocrx_word' id='word_1_121' title='bbox 2231 1087 2401 1134; x_wconf 69' lang='grc' dir='ltr'>παντες</span> <span class='ocrx_word' id='word_1_122' title='bbox 2450 1073 2612 1126; x_wconf 81' lang='grc' dir='ltr'>αὑτὸν</span> <span class='ocrx_word' id='word_1_123' title='bbox 2632 1114 2646 1138; x_wconf 97' lang='grc'><strong>,</strong></span> <span class='ocrx_word' id='word_1_124' title='bbox 2679 1069 2814 1144; x_wconf 83' lang='grc' dir='ltr'>ἦγον</span> <span class='ocrx_word' id='word_1_125' title='bbox 2844 1077 2923 1138; x_wconf 79' lang='grc' dir='ltr'><strong>εἰς</strong></span> <span class='ocrx_word' id='word_1_126' title='bbox 2955 1075 3050 1146; x_wconf 77' lang='grc' dir='ltr'>τὴν</span> <span class='ocrx_word' id='word_1_127' title='bbox 3084 1075 3272 1140; x_wconf 83' lang='grc' dir='ltr'>πόλιν,</span> <span class='ocrx_word' id='word_1_128' title='bbox 3321 1077 3456 1140; x_wconf 73' lang='grc' dir='ltr'>ὄντος</span> <span class='ocrx_word' id='word_1_129' title='bbox 3484 1077 3649 1130; x_wconf 58' lang='grc' dir='ltr'>Σαθεὰτξ.</span> 
     </span>
    </p>
   </div>
   <div class='ocr_carea' id='block_1_16' title="bbox 525 1162 2918 1242">
    <p class='ocr_par' dir='ltr' id='par_1_16' title="bbox 525 1162 2918 1242">
     <span class='ocr_line' id='line_1_16' title="bbox 525 1162 2918 1242; baseline 0 -19"><span class='ocrx_word' id='word_1_130' title='bbox 525 1172 799 1225; x_wconf 81' lang='lat' dir='ltr'><strong>duxerunt</strong></span> <span class='ocrx_word' id='word_1_131' title='bbox 824 1172 913 1226; x_wconf 91' lang='lat' dir='ltr'><strong>die</strong></span> <span class='ocrx_word' id='word_1_132' title='bbox 938 1172 1121 1242; x_wconf 80' lang='lat' dir='ltr'><strong>magni</strong></span> <span class='ocrx_word' id='word_1_133' title='bbox 1147 1168 1394 1224; x_wconf 88' lang='lat' dir='ltr'><strong>Sabbati.</strong></span> <span class='ocrx_word' id='word_1_134' title='bbox 1426 1169 1492 1223; x_wconf 88' lang='lat' dir='ltr'><strong>Et</strong></span> <span class='ocrx_word' id='word_1_135' title='bbox 1515 1170 1757 1225; x_wconf 88' lang='lat' dir='ltr'><strong>occurrit</strong></span> <span class='ocrx_word' id='word_1_136' title='bbox 1776 1172 1823 1225; x_wconf 92' lang='lat' dir='ltr'><strong>ei</strong></span> <span class='ocrx_word' id='word_1_137' title='bbox 1863 1167 2104 1227; x_wconf 83' lang='lat' dir='ltr'><strong>Herodes</strong></span> <span class='ocrx_word' id='word_1_138' title='bbox 2209 1162 2444 1232; x_wconf 82' lang='grc' dir='ltr'>μεγάλου</span> <span class='ocrx_word' id='word_1_139' title='bbox 2477 1163 2608 1236; x_wconf 76' lang='grc'><strong>(56).</strong></span> <span class='ocrx_word' id='word_1_140' title='bbox 2638 1166 2746 1219; x_wconf 79' lang='grc' dir='ltr'>Καὶ</span> <span class='ocrx_word' id='word_1_141' title='bbox 2780 1168 2918 1238; x_wconf 79' lang='grc' dir='ltr'>ὑπήν</span> 
     </span>
    </p>
   </div>
   <div class='ocr_carea' id='block_1_17' title="bbox 2231 1162 3652 1242">
    <p class='ocr_par' dir='ltr' id='par_1_17' title="bbox 2231 1162 3652 1242">
     <span class='ocr_line' id='line_1_17' title="bbox 2231 1162 3652 1242; baseline 0.004 -28"><span class='ocrx_word' id='word_1_142' title='bbox 2231 1162 2444 1230; x_wconf 84' lang='grc' dir='ltr'>ιεγάλου</span> <span class='ocrx_word' id='word_1_143' title='bbox 2477 1163 2608 1236; x_wconf 76' lang='grc'><strong>(56).</strong></span> <span class='ocrx_word' id='word_1_144' title='bbox 2638 1166 2746 1219; x_wconf 79' lang='grc' dir='ltr'>Καὶ</span> <span class='ocrx_word' id='word_1_145' title='bbox 2780 1168 2995 1238; x_wconf 78' lang='grc' dir='ltr'>ὑπήντα</span> <span class='ocrx_word' id='word_1_146' title='bbox 3028 1167 3176 1238; x_wconf 81' lang='grc' dir='ltr'>αὐτῷ</span> <span class='ocrx_word' id='word_1_147' title='bbox 3206 1170 3236 1221; x_wconf 99' lang='lat'><strong>6</strong></span> <span class='ocrx_word' id='word_1_148' title='bbox 3263 1170 3536 1242; x_wconf 78' lang='grc' dir='ltr'>εἰρήναρχος</span> <span class='ocrx_word' id='word_1_149' title='bbox 3558 1171 3652 1240; x_wconf 56' lang='grc' dir='ltr'>Ἦρξ-</span> 
     </span>
    </p>
   </div>
   <div class='ocr_carea' id='block_1_18' title="bbox 524 1257 2918 1334">
    <p class='ocr_par' dir='ltr' id='par_1_18' title="bbox 524 1257 2899 1334">
     <span class='ocr_line' id='line_1_18' title="bbox 524 1257 2899 1334; baseline 0 -15"><span class='ocrx_word' id='word_1_150' title='bbox 524 1267 834 1327; x_wconf 89' lang='lat' dir='ltr'><strong>irenarcha,</strong></span> <span class='ocrx_word' id='word_1_151' title='bbox 868 1280 932 1319; x_wconf 88' lang='lat' dir='ltr'><strong>ac</strong></span> <span class='ocrx_word' id='word_1_152' title='bbox 964 1273 1117 1333; x_wconf 91' lang='lat' dir='ltr'><strong>pater</strong></span> <span class='ocrx_word' id='word_1_153' title='bbox 1151 1263 1272 1332; x_wconf 84' lang='lat' dir='ltr'><strong>ejus</strong></span> <span class='ocrx_word' id='word_1_154' title='bbox 1298 1261 1537 1328; x_wconf 85' lang='lat' dir='ltr'><strong>Nicetas,</strong></span> <span class='ocrx_word' id='word_1_155' title='bbox 1562 1279 1726 1318; x_wconf 91' lang='lat' dir='ltr'><strong>curru</strong></span> <span class='ocrx_word' id='word_1_156' title='bbox 1750 1264 1912 1326; x_wconf 85' lang='lat' dir='ltr'><strong>vecti,</strong></span> <span class='ocrx_word' id='word_1_157' title='bbox 1932 1265 2022 1334; x_wconf 90' lang='lat' dir='ltr'><strong>qui</strong></span> <span class='ocrx_word' id='word_1_158' title='bbox 2051 1275 2103 1320; x_wconf 89' lang='lat' dir='ltr'><strong>et</strong></span> <span class='ocrx_word' id='word_1_159' title='bbox 2204 1257 2301 1326; x_wconf 82' lang='grc' dir='ltr'><strong>δης</strong></span> <span class='ocrx_word' id='word_1_160' title='bbox 2335 1258 2428 1311; x_wconf 58' lang='grc' dir='ltr'><strong>κοΐι</strong></span> <span class='ocrx_word' id='word_1_161' title='bbox 2460 1259 2488 1310; x_wconf 83' lang='grc' dir='ltr'>ὁ</span> <span class='ocrx_word' id='word_1_162' title='bbox 2522 1258 2702 1331; x_wconf 80' lang='grc' dir='ltr'>πατὴρ</span> <span class='ocrx_word' id='word_1_163' title='bbox 2735 1260 2899 1313; x_wconf 79' lang='grc' dir='ltr'>αὐτοῦ</span> 
     </span>
    </p>
   </div>
   <div class='ocr_carea' id='block_1_19' title="bbox 2231 1257 3650 1334">
    <p class='ocr_par' dir='ltr' id='par_1_19' title="bbox 2231 1258 3650 1334">
     <span class='ocr_line' id='line_1_19' title="bbox 2231 1258 3650 1334; baseline 0.004 -25"><span class='ocrx_word' id='word_1_164' title='bbox 2231 1264 2301 1326; x_wconf 68' lang='grc' dir='ltr'>ἕης</span> <span class='ocrx_word' id='word_1_165' title='bbox 2335 1258 2428 1311; x_wconf 71' lang='grc' dir='ltr'><strong>καὶ</strong></span> <span class='ocrx_word' id='word_1_166' title='bbox 2460 1259 2488 1310; x_wconf 90' lang='lat'><strong>6</strong></span> <span class='ocrx_word' id='word_1_167' title='bbox 2522 1258 2702 1331; x_wconf 79' lang='grc' dir='ltr'>πατὴρ</span> <span class='ocrx_word' id='word_1_168' title='bbox 2735 1260 2899 1313; x_wconf 79' lang='grc' dir='ltr'>αὐτοῦ</span> <span class='ocrx_word' id='word_1_169' title='bbox 2933 1262 3181 1332; x_wconf 77' lang='grc' dir='ltr'><strong>Νικήτης</strong></span> <span class='ocrx_word' id='word_1_170' title='bbox 3222 1262 3317 1314; x_wconf 70' lang='grc' dir='ltr'><strong>ἐπὶ</strong></span> <span class='ocrx_word' id='word_1_171' title='bbox 3348 1262 3402 1315; x_wconf 75' lang='grc' dir='ltr'>τὸ</span> <span class='ocrx_word' id='word_1_172' title='bbox 3425 1263 3650 1334; x_wconf 50' lang='lat' dir='ltr'><strong>butum.</strong></span> 
     </span>
    </p>
   </div>
   <div class='ocr_carea' id='block_1_20' title="bbox 522 1347 2918 1426">
    <p class='ocr_par' dir='ltr' id='par_1_20' title="bbox 522 1347 2918 1420">
     <span class='ocr_line' id='line_1_20' title="bbox 522 1347 2918 1420; baseline 0.002 -11"><span class='ocrx_word' id='word_1_173' title='bbox 522 1371 648 1409; x_wconf 92' lang='lat' dir='ltr'><strong>eum</strong></span> <span class='ocrx_word' id='word_1_174' title='bbox 685 1356 738 1409; x_wconf 88' lang='lat' dir='ltr'><strong>in</strong></span> <span class='ocrx_word' id='word_1_175' title='bbox 772 1370 1057 1410; x_wconf 84' lang='lat' dir='ltr'><strong>carrucam</strong></span> <span class='ocrx_word' id='word_1_176' title='bbox 1089 1370 1247 1410; x_wconf 89' lang='lat' dir='ltr'><strong>suam</strong></span> <span class='ocrx_word' id='word_1_177' title='bbox 1297 1353 1732 1417; x_wconf 88' lang='lat' dir='ltr'><strong>transtulerunt,</strong></span> <span class='ocrx_word' id='word_1_178' title='bbox 1770 1353 2103 1408; x_wconf 87' lang='lat' dir='ltr'><strong>assidentes-</strong></span> <span class='ocrx_word' id='word_1_179' title='bbox 2204 1347 2254 1400; x_wconf 81' lang='grc' dir='ltr'>οἳ</span> <span class='ocrx_word' id='word_1_180' title='bbox 2288 1351 2382 1402; x_wconf 75' lang='grc' dir='ltr'>καὶ</span> <span class='ocrx_word' id='word_1_181' title='bbox 2419 1349 2744 1420; x_wconf 82' lang='grc' dir='ltr'>μεταθέντες</span> <span class='ocrx_word' id='word_1_182' title='bbox 2778 1351 2918 1404; x_wconf 57' lang='grc' dir='ltr'>αὐτο</span> 
     </span>
    </p>
   </div>
   <div class='ocr_carea' id='block_1_21' title="bbox 2231 1347 3651 1426">
    <p class='ocr_par' dir='ltr' id='par_1_21' title="bbox 2231 1347 3651 1426">
     <span class='ocr_line' id='line_1_21' title="bbox 2231 1347 3651 1426; baseline 0.001 -25"><span class='ocrx_word' id='word_1_183' title='bbox 2231 1347 2254 1400; x_wconf 62' lang='grc' dir='ltr'>ιῖ</span> <span class='ocrx_word' id='word_1_184' title='bbox 2288 1351 2382 1402; x_wconf 77' lang='grc' dir='ltr'>καὶ</span> <span class='ocrx_word' id='word_1_185' title='bbox 2419 1349 2744 1420; x_wconf 81' lang='grc' dir='ltr'>μεταθέντες</span> <span class='ocrx_word' id='word_1_186' title='bbox 2778 1351 2939 1404; x_wconf 76' lang='grc' dir='ltr'>αὑτὸν</span> <span class='ocrx_word' id='word_1_187' title='bbox 2970 1353 3065 1404; x_wconf 74' lang='grc' dir='ltr'><strong>ἐπὶ</strong></span> <span class='ocrx_word' id='word_1_188' title='bbox 3097 1353 3194 1424; x_wconf 78' lang='grc' dir='ltr'><strong>τὴν</strong></span> <span class='ocrx_word' id='word_1_189' title='bbox 3229 1354 3507 1426; x_wconf 76' lang='grc' dir='ltr'>καροῦχαν,</span> <span class='ocrx_word' id='word_1_190' title='bbox 3532 1354 3651 1406; x_wconf 54' lang='grc' dir='ltr'>ἔταξε.</span> 
     </span>
    </p>
   </div>
   <div class='ocr_carea' id='block_1_22' title="bbox 522 1442 2918 1518">
    <p class='ocr_par' dir='ltr' id='par_1_22' title="bbox 522 1442 2918 1518">
     <span class='ocr_line' id='line_1_22' title="bbox 522 1442 2918 1518; baseline -0.002 -15"><span class='ocrx_word' id='word_1_191' title='bbox 522 1464 630 1518; x_wconf 89' lang='lat' dir='ltr'><strong>que</strong></span> <span class='ocrx_word' id='word_1_192' title='bbox 661 1450 1044 1514; x_wconf 86' lang='lat' dir='ltr'><strong>hortabantur,</strong></span> <span class='ocrx_word' id='word_1_193' title='bbox 1081 1449 1363 1502; x_wconf 88' lang='lat' dir='ltr'><strong>dicentes:</strong></span> <span class='ocrx_word' id='word_1_194' title='bbox 1401 1466 1418 1498; x_wconf 86' lang='grc' dir='ltr'><strong>ι</strong></span> <span class='ocrx_word' id='word_1_195' title='bbox 1469 1445 1608 1512; x_wconf 81' lang='lat' dir='ltr'><strong>Quid</strong></span> <span class='ocrx_word' id='word_1_196' title='bbox 1640 1445 1785 1500; x_wconf 87' lang='lat' dir='ltr'><strong>enim</strong></span> <span class='ocrx_word' id='word_1_197' title='bbox 1815 1447 1944 1501; x_wconf 91' lang='lat' dir='ltr'><strong>mali</strong></span> <span class='ocrx_word' id='word_1_198' title='bbox 1995 1456 2098 1516; x_wconf 90' lang='lat' dir='ltr'><strong>est,</strong></span> <span class='ocrx_word' id='word_1_199' title='bbox 2205 1442 2710 1513; x_wconf 77' lang='grc' dir='ltr'>παρακαθεζόμενοι</span> <span class='ocrx_word' id='word_1_200' title='bbox 2737 1443 2830 1496; x_wconf 72' lang='grc' dir='ltr'>καὶ</span> <span class='ocrx_word' id='word_1_201' title='bbox 2855 1442 2918 1496; x_wconf 79' lang='grc' dir='ltr'><strong>λέ</strong></span> 
     </span>
    </p>
   </div>
   <div class='ocr_carea' id='block_1_23' title="bbox 2231 1442 3653 1518">
    <p class='ocr_par' dir='ltr' id='par_1_23' title="bbox 2231 1442 3653 1518">
     <span class='ocr_line' id='line_1_23' title="bbox 2231 1442 3653 1518; baseline 0.001 -24"><span class='ocrx_word' id='word_1_202' title='bbox 2231 1442 2710 1513; x_wconf 63' lang='grc' dir='ltr'>παρακαθεζόμενος.</span> <span class='ocrx_word' id='word_1_203' title='bbox 2737 1443 2830 1496; x_wconf 72' lang='grc' dir='ltr'><strong>καὶ</strong></span> <span class='ocrx_word' id='word_1_204' title='bbox 2855 1442 3103 1511; x_wconf 83' lang='grc' dir='ltr'>λέγοντες</span> <span class='ocrx_word' id='word_1_205' title='bbox 3124 1463 3136 1475; x_wconf 75' lang='grc' dir='ltr'><strong><em>ο</em></strong></span> <span class='ocrx_word' id='word_1_206' title='bbox 3168 1466 3185 1496; x_wconf 82' lang='grc' dir='ltr'><strong>ι</strong></span> <span class='ocrx_word' id='word_1_207' title='bbox 3214 1446 3281 1498; x_wconf 85' lang='grc' dir='ltr'><strong>Τί</strong></span> <span class='ocrx_word' id='word_1_208' title='bbox 3306 1448 3406 1518; x_wconf 77' lang='grc' dir='ltr'>γὰρ</span> <span class='ocrx_word' id='word_1_209' title='bbox 3439 1449 3653 1500; x_wconf 56' lang='lat' dir='ltr'><strong>uicerim</strong></span> 
     </span>
    </p>
   </div>
   <div class='ocr_carea' id='block_1_24' title="bbox 521 1534 2918 1608">
    <p class='ocr_par' dir='ltr' id='par_1_24' title="bbox 521 1534 2918 1608">
     <span class='ocr_line' id='line_1_24' title="bbox 521 1534 2918 1608; baseline 0.001 -18"><span class='ocrx_word' id='word_1_210' title='bbox 521 1540 706 1599; x_wconf 79' lang='lat' dir='ltr'><strong>dicere</strong></span> <span class='ocrx_word' id='word_1_211' title='bbox 739 1558 757 1590; x_wconf 75' lang='grc' dir='ltr'><strong>ι</strong></span> <span class='ocrx_word' id='word_1_212' title='bbox 792 1539 1021 1594; x_wconf 89' lang='lat' dir='ltr'><strong>Domine</strong></span> <span class='ocrx_word' id='word_1_213' title='bbox 1068 1538 1276 1603; x_wconf 62' lang='lat' dir='ltr'><strong>Caesar,</strong></span> <span class='ocrx_word' id='word_1_214' title='bbox 1317 1556 1334 1588; x_wconf 76' lang='grc' dir='ltr'><strong>ι</strong></span> <span class='ocrx_word' id='word_1_215' title='bbox 1372 1545 1426 1591; x_wconf 91' lang='lat' dir='ltr'><strong>et</strong></span> <span class='ocrx_word' id='word_1_216' title='bbox 1459 1537 1785 1602; x_wconf 82' lang='lat' dir='ltr'><strong>sacrificare,</strong></span> <span class='ocrx_word' id='word_1_217' title='bbox 1826 1548 1989 1608; x_wconf 89' lang='lat' dir='ltr'><strong>atque</strong></span> <span class='ocrx_word' id='word_1_218' title='bbox 2024 1540 2100 1596; x_wconf 86' lang='lat' dir='ltr'><strong>ita</strong></span> <span class='ocrx_word' id='word_1_219' title='bbox 2205 1534 2414 1587; x_wconf 76' lang='grc' dir='ltr'>εἰπεῖν’</span> <span class='ocrx_word' id='word_1_220' title='bbox 2443 1535 2660 1602; x_wconf 79' lang='grc' dir='ltr'>Κύριος</span> <span class='ocrx_word' id='word_1_221' title='bbox 2711 1534 2820 1606; x_wconf 78' lang='grc'><strong>(58)</strong></span> <span class='ocrx_word' id='word_1_222' title='bbox 2865 1539 2918 1588; x_wconf 73' lang='grc' dir='ltr'><strong><em>Κ</em></strong></span> 
     </span>
    </p>
   </div>
   <div class='ocr_carea' id='block_1_25' title="bbox 2231 1534 3654 1608">
    <p class='ocr_par' dir='ltr' id='par_1_25' title="bbox 2231 1534 3654 1606">
     <span class='ocr_line' id='line_1_25' title="bbox 2231 1534 3654 1606; baseline 0.004 -22"><span class='ocrx_word' id='word_1_223' title='bbox 2231 1534 2414 1587; x_wconf 55' lang='grc' dir='ltr'>ηἰπείνο</span> <span class='ocrx_word' id='word_1_224' title='bbox 2443 1535 2660 1602; x_wconf 79' lang='grc' dir='ltr'>Κύριος</span> <span class='ocrx_word' id='word_1_225' title='bbox 2711 1534 2820 1606; x_wconf 80' lang='grc'><strong>(58)</strong></span> <span class='ocrx_word' id='word_1_226' title='bbox 2865 1535 3116 1603; x_wconf 73' lang='grc' dir='ltr'>Καῖσαρ,</span> <span class='ocrx_word' id='word_1_227' title='bbox 3159 1537 3256 1590; x_wconf 74' lang='grc' dir='ltr'><strong>καὶ</strong></span> <span class='ocrx_word' id='word_1_228' title='bbox 3302 1538 3654 1600; x_wconf 54' lang='grc' dir='ltr'>ἐπιθῦσαιηιιῖτι</span> 
     </span>
    </p>
   </div>
   <div class='ocr_carea' id='block_1_26' title="bbox 521 1623 2918 1701">
    <p class='ocr_par' dir='ltr' id='par_1_26' title="bbox 521 1623 2918 1701">
     <span class='ocr_line' id='line_1_26' title="bbox 521 1623 2918 1701; baseline 0 -14"><span class='ocrx_word' id='word_1_229' title='bbox 521 1633 734 1687; x_wconf 88' lang='lat' dir='ltr'><strong>salvum</strong></span> <span class='ocrx_word' id='word_1_230' title='bbox 776 1631 1040 1687; x_wconf 84' lang='lat' dir='ltr'><strong>evadere?</strong></span> <span class='ocrx_word' id='word_1_231' title='bbox 1081 1652 1098 1682; x_wconf 75' lang='grc' dir='ltr'><strong>ι</strong></span> <span class='ocrx_word' id='word_1_232' title='bbox 1138 1629 1231 1685; x_wconf 89' lang='lat' dir='ltr'><strong>Ille</strong></span> <span class='ocrx_word' id='word_1_233' title='bbox 1278 1639 1459 1684; x_wconf 88' lang='lat' dir='ltr'><strong>autem</strong></span> <span class='ocrx_word' id='word_1_234' title='bbox 1494 1630 1731 1700; x_wconf 89' lang='lat' dir='ltr'><strong>primum</strong></span> <span class='ocrx_word' id='word_1_235' title='bbox 1761 1631 1979 1701; x_wconf 89' lang='lat' dir='ltr'><strong>quidem</strong></span> <span class='ocrx_word' id='word_1_236' title='bbox 2019 1633 2100 1688; x_wconf 88' lang='lat' dir='ltr'><strong>eis</strong></span> <span class='ocrx_word' id='word_1_237' title='bbox 2202 1623 2412 1689; x_wconf 72' lang='grc' dir='ltr'>τούτοις</span> <span class='ocrx_word' id='word_1_238' title='bbox 2449 1625 2754 1691; x_wconf 81' lang='grc' dir='ltr'><strong>ἀκόλουθα,</strong></span> <span class='ocrx_word' id='word_1_239' title='bbox 2790 1627 2918 1680; x_wconf 70' lang='grc' dir='ltr'><strong>καὶ⁴</strong></span> 
     </span>
    </p>
   </div>
   <div class='ocr_carea' id='block_1_27' title="bbox 2231 1623 3653 1701">
    <p class='ocr_par' dir='ltr' id='par_1_27' title="bbox 2231 1623 3653 1698">
     <span class='ocr_line' id='line_1_27' title="bbox 2231 1623 3653 1698; baseline 0.006 -23"><span class='ocrx_word' id='word_1_240' title='bbox 2231 1623 2412 1689; x_wconf 48' lang='grc' dir='ltr'>ηούτοις</span> <span class='ocrx_word' id='word_1_241' title='bbox 2449 1625 2720 1680; x_wconf 81' lang='grc' dir='ltr'>ἀκόλουθα</span> <span class='ocrx_word' id='word_1_242' title='bbox 2739 1667 2754 1691; x_wconf 88' lang='grc'><strong>,</strong></span> <span class='ocrx_word' id='word_1_243' title='bbox 2790 1627 2884 1680; x_wconf 76' lang='lat' dir='ltr'><strong>xal</strong></span> <span class='ocrx_word' id='word_1_244' title='bbox 2915 1627 3311 1694; x_wconf 74' lang='grc' dir='ltr'>διασώζεσθαι;</span> <span class='ocrx_word' id='word_1_245' title='bbox 3341 1649 3358 1680; x_wconf 75' lang='grc' dir='ltr'><strong>ι</strong></span> <span class='ocrx_word' id='word_1_246' title='bbox 3403 1631 3453 1682; x_wconf 87' lang='lat'>&#39;0</span> <span class='ocrx_word' id='word_1_247' title='bbox 3476 1631 3519 1683; x_wconf 76' lang='grc' dir='ltr'>δὲ</span> <span class='ocrx_word' id='word_1_248' title='bbox 3544 1632 3586 1682; x_wconf 69' lang='grc' dir='ltr'>τὲ</span> <span class='ocrx_word' id='word_1_249' title='bbox 3607 1635 3653 1698; x_wconf 65' lang='grc' dir='ltr'>μὲν</span> 
     </span>
    </p>
   </div>
   <div class='ocr_carea' id='block_1_28' title="bbox 454 1717 2918 1793">
    <p class='ocr_par' dir='ltr' id='par_1_28' title="bbox 454 1717 2898 1793">
     <span class='ocr_line' id='line_1_28' title="bbox 454 1717 2898 1793; baseline -0.002 -15"><span class='ocrx_word' id='word_1_250' title='bbox 454 1737 465 1748; x_wconf 84' lang='grc'><em>’</em></span> <span class='ocrx_word' id='word_1_251' title='bbox 521 1741 630 1778; x_wconf 83' lang='grc' dir='ltr'>ηοιι</span> <span class='ocrx_word' id='word_1_252' title='bbox 659 1723 970 1793; x_wconf 88' lang='lat' dir='ltr'><strong>respondit;</strong></span> <span class='ocrx_word' id='word_1_253' title='bbox 999 1723 1088 1778; x_wconf 88' lang='lat' dir='ltr'><strong>sed</strong></span> <span class='ocrx_word' id='word_1_254' title='bbox 1114 1739 1238 1777; x_wconf 92' lang='lat' dir='ltr'><strong>cum</strong></span> <span class='ocrx_word' id='word_1_255' title='bbox 1272 1724 1559 1784; x_wconf 89' lang='lat' dir='ltr'><strong>instarent,</strong></span> <span class='ocrx_word' id='word_1_256' title='bbox 1583 1722 1718 1776; x_wconf 81' lang='lat' dir='ltr'><strong>dixit</strong></span> <span class='ocrx_word' id='word_1_257' title='bbox 1747 1741 1758 1776; x_wconf 95' lang='lat'>:</span> <span class='ocrx_word' id='word_1_258' title='bbox 1789 1742 1806 1774; x_wconf 85' lang='grc' dir='ltr'><strong>ι</strong></span> <span class='ocrx_word' id='word_1_259' title='bbox 1834 1721 2100 1779; x_wconf 81' lang='lat' dir='ltr'><strong>Facturus</strong></span> <span class='ocrx_word' id='word_1_260' title='bbox 2203 1717 2398 1789; x_wconf 83' lang='grc' dir='ltr'>πρῶτα</span> <span class='ocrx_word' id='word_1_261' title='bbox 2429 1719 2530 1770; x_wconf 85' lang='grc' dir='ltr'><strong>οὐκ</strong></span> <span class='ocrx_word' id='word_1_262' title='bbox 2562 1719 2898 1790; x_wconf 84' lang='grc' dir='ltr'>ἀπεκρίνατο</span> 
     </span>
    </p>
   </div>
   <div class='ocr_carea' id='block_1_29' title="bbox 2231 1717 3638 1793">
    <p class='ocr_par' dir='ltr' id='par_1_29' title="bbox 2231 1717 3638 1791">
     <span class='ocr_line' id='line_1_29' title="bbox 2231 1717 3638 1791; baseline 0.003 -23"><span class='ocrx_word' id='word_1_263' title='bbox 2231 1717 2398 1789; x_wconf 77' lang='grc' dir='ltr'>τρῶτα</span> <span class='ocrx_word' id='word_1_264' title='bbox 2429 1719 2530 1770; x_wconf 85' lang='grc' dir='ltr'><strong>οὐκ</strong></span> <span class='ocrx_word' id='word_1_265' title='bbox 2562 1719 2898 1790; x_wconf 85' lang='grc' dir='ltr'>ἀπεκρίνατο</span> <span class='ocrx_word' id='word_1_266' title='bbox 2941 1719 3125 1782; x_wconf 79' lang='grc' dir='ltr'>αὐτοῖς</span> <span class='ocrx_word' id='word_1_267' title='bbox 3144 1737 3156 1748; x_wconf 83' lang='lat'><strong><em>°</em></strong></span> <span class='ocrx_word' id='word_1_268' title='bbox 3195 1721 3527 1791; x_wconf 77' lang='grc' dir='ltr'>ἐπιμενόντων</span> <span class='ocrx_word' id='word_1_269' title='bbox 3553 1722 3638 1774; x_wconf 71' lang='grc' dir='ltr'><strong>δὲτᾷ</strong></span> 
     </span>
    </p>
   </div>
   <div class='ocr_carea' id='block_1_30' title="bbox 519 1808 2918 1883">
    <p class='ocr_par' dir='ltr' id='par_1_30' title="bbox 519 1808 2918 1882">
     <span class='ocr_line' id='line_1_30' title="bbox 519 1808 2918 1882; baseline 0 -17"><span class='ocrx_word' id='word_1_270' title='bbox 519 1828 628 1865; x_wconf 89' lang='lat' dir='ltr'><strong>non</strong></span> <span class='ocrx_word' id='word_1_271' title='bbox 657 1828 800 1877; x_wconf 87' lang='lat' dir='ltr'><strong>sum,</strong></span> <span class='ocrx_word' id='word_1_272' title='bbox 833 1813 978 1882; x_wconf 86' lang='lat' dir='ltr'><strong>quod</strong></span> <span class='ocrx_word' id='word_1_273' title='bbox 1000 1812 1240 1868; x_wconf 90' lang='lat' dir='ltr'><strong>suadetis</strong></span> <span class='ocrx_word' id='word_1_274' title='bbox 1266 1812 1422 1868; x_wconf 91' lang='lat' dir='ltr'><strong>mihi.</strong></span> <span class='ocrx_word' id='word_1_275' title='bbox 1465 1832 1482 1862; x_wconf 76' lang='grc' dir='ltr'><strong>ι</strong></span> <span class='ocrx_word' id='word_1_276' title='bbox 1521 1811 1658 1866; x_wconf 92' lang='lat' dir='ltr'><strong>Tum</strong></span> <span class='ocrx_word' id='word_1_277' title='bbox 1692 1813 1806 1878; x_wconf 88' lang='lat' dir='ltr'><strong>illi,</strong></span> <span class='ocrx_word' id='word_1_278' title='bbox 1849 1811 2098 1869; x_wconf 84' lang='lat' dir='ltr'><strong>frustrati</strong></span> <span class='ocrx_word' id='word_1_279' title='bbox 2201 1808 2330 1872; x_wconf 77' lang='grc' dir='ltr'>τῶν,</span> <span class='ocrx_word' id='word_1_280' title='bbox 2367 1809 2502 1881; x_wconf 80' lang='grc' dir='ltr'><strong>ἔφη·</strong></span> <span class='ocrx_word' id='word_1_281' title='bbox 2543 1831 2560 1861; x_wconf 74' lang='grc' dir='ltr'><strong>ι</strong></span> <span class='ocrx_word' id='word_1_282' title='bbox 2590 1812 2664 1863; x_wconf 84' lang='grc' dir='ltr'><strong>Οὐ</strong></span> <span class='ocrx_word' id='word_1_283' title='bbox 2693 1811 2871 1881; x_wconf 81' lang='grc' dir='ltr'>μέλλω</span> <span class='ocrx_word' id='word_1_284' title='bbox 2903 1829 2918 1863; x_wconf 74' lang='lat'>1</span> 
     </span>
    </p>
   </div>
   <div class='ocr_carea' id='block_1_31' title="bbox 2231 1808 3652 1883">
    <p class='ocr_par' dir='ltr' id='par_1_31' title="bbox 2231 1808 3652 1883">
     <span class='ocr_line' id='line_1_31' title="bbox 2231 1808 3652 1883; baseline 0.001 -23"><span class='ocrx_word' id='word_1_285' title='bbox 2231 1808 2330 1872; x_wconf 67' lang='lat' dir='ltr'><strong>(Iw,</strong></span> <span class='ocrx_word' id='word_1_286' title='bbox 2367 1809 2467 1881; x_wconf 80' lang='grc' dir='ltr'><strong>ἔφη</strong></span> <span class='ocrx_word' id='word_1_287' title='bbox 2491 1827 2502 1839; x_wconf 88' lang='grc'><strong>·</strong></span> <span class='ocrx_word' id='word_1_288' title='bbox 2543 1831 2560 1861; x_wconf 81' lang='grc' dir='ltr'><strong>ι</strong></span> <span class='ocrx_word' id='word_1_289' title='bbox 2590 1812 2664 1863; x_wconf 83' lang='grc' dir='ltr'><strong>Οὐ</strong></span> <span class='ocrx_word' id='word_1_290' title='bbox 2693 1811 2871 1881; x_wconf 80' lang='grc' dir='ltr'>μέλλω</span> <span class='ocrx_word' id='word_1_291' title='bbox 2903 1820 3098 1874; x_wconf 84' lang='grc' dir='ltr'>ποιεῖν,</span> <span class='ocrx_word' id='word_1_292' title='bbox 3127 1813 3155 1864; x_wconf 85' lang='grc' dir='ltr'>ὃ</span> <span class='ocrx_word' id='word_1_293' title='bbox 3191 1813 3546 1883; x_wconf 68' lang='grc' dir='ltr'>ωμῦουλεύετὲ</span> <span class='ocrx_word' id='word_1_294' title='bbox 3567 1831 3652 1882; x_wconf 56' lang='grc' dir='ltr'>μοι.»</span> 
     </span>
    </p>
   </div>
   <div class='ocr_carea' id='block_1_32' title="bbox 519 1902 2918 1975">
    <p class='ocr_par' dir='ltr' id='par_1_32' title="bbox 519 1902 2918 1974">
     <span class='ocr_line' id='line_1_32' title="bbox 519 1902 2918 1974; baseline 0 -17"><span class='ocrx_word' id='word_1_295' title='bbox 519 1918 615 1972; x_wconf 90' lang='lat' dir='ltr'><strong>spe</strong></span> <span class='ocrx_word' id='word_1_296' title='bbox 650 1902 899 1959; x_wconf 86' lang='lat' dir='ltr'><strong>ﬂectendi</strong></span> <span class='ocrx_word' id='word_1_297' title='bbox 937 1919 1063 1959; x_wconf 90' lang='lat' dir='ltr'><strong>eum</strong></span> <span class='ocrx_word' id='word_1_298' title='bbox 1084 1944 1099 1969; x_wconf 94' lang='lat'><strong>,</strong></span> <span class='ocrx_word' id='word_1_299' title='bbox 1123 1903 1518 1960; x_wconf 87' lang='lat' dir='ltr'><strong>contumeliosa</strong></span> <span class='ocrx_word' id='word_1_300' title='bbox 1558 1905 1607 1959; x_wconf 90' lang='lat' dir='ltr'><strong>ei</strong></span> <span class='ocrx_word' id='word_1_301' title='bbox 1634 1906 1796 1960; x_wconf 83' lang='lat' dir='ltr'><strong>verba</strong></span> <span class='ocrx_word' id='word_1_302' title='bbox 1820 1905 2094 1967; x_wconf 83' lang='lat' dir='ltr'><strong>dixerunt,</strong></span> <span class='ocrx_word' id='word_1_303' title='bbox 2203 1906 2266 1957; x_wconf 82' lang='grc' dir='ltr'><strong>Οἱ</strong></span> <span class='ocrx_word' id='word_1_304' title='bbox 2304 1903 2359 1956; x_wconf 80' lang='grc' dir='ltr'>δὲ</span> <span class='ocrx_word' id='word_1_305' title='bbox 2391 1903 2755 1974; x_wconf 81' lang='grc' dir='ltr'>ἀποτυχόντες</span> <span class='ocrx_word' id='word_1_306' title='bbox 2790 1905 2883 1958; x_wconf 81' lang='grc' dir='ltr'><strong>τοῦ</strong></span> <span class='ocrx_word' id='word_1_307' title='bbox 2914 1927 2918 1940; x_wconf 73' lang='grc' dir='ltr'><strong>ι</strong></span> 
     </span>
    </p>
   </div>
   <div class='ocr_carea' id='block_1_33' title="bbox 2231 1902 3656 1975">
    <p class='ocr_par' dir='ltr' id='par_1_33' title="bbox 2231 1903 3656 1975">
     <span class='ocr_line' id='line_1_33' title="bbox 2231 1903 3656 1975; baseline 0 -20"><span class='ocrx_word' id='word_1_308' title='bbox 2231 1906 2266 1956; x_wconf 75' lang='lat' dir='ltr'><strong>lt</strong></span> <span class='ocrx_word' id='word_1_309' title='bbox 2304 1903 2359 1956; x_wconf 81' lang='grc' dir='ltr'>δὲ</span> <span class='ocrx_word' id='word_1_310' title='bbox 2391 1903 2755 1974; x_wconf 81' lang='grc' dir='ltr'>ἀποτυχόντες</span> <span class='ocrx_word' id='word_1_311' title='bbox 2790 1905 2883 1958; x_wconf 80' lang='grc' dir='ltr'><strong>τοῦ</strong></span> <span class='ocrx_word' id='word_1_312' title='bbox 2914 1909 3099 1958; x_wconf 85' lang='grc' dir='ltr'>πεῖσαι</span> <span class='ocrx_word' id='word_1_313' title='bbox 3139 1906 3337 1967; x_wconf 80' lang='grc' dir='ltr'>αὐτὸν,</span> <span class='ocrx_word' id='word_1_314' title='bbox 3368 1905 3496 1957; x_wconf 82' lang='grc' dir='ltr'>δεινά</span> <span class='ocrx_word' id='word_1_315' title='bbox 3529 1905 3656 1975; x_wconf 56' lang='lat' dir='ltr'><strong>piam</strong></span> 
     </span>
    </p>
   </div>
   <div class='ocr_carea' id='block_1_34' title="bbox 516 1996 2918 2068">
    <p class='ocr_par' dir='ltr' id='par_1_34' title="bbox 516 1996 2888 2068">
     <span class='ocr_line' id='line_1_34' title="bbox 516 1996 2888 2068; baseline 0.001 -18"><span class='ocrx_word' id='word_1_316' title='bbox 516 2005 570 2050; x_wconf 89' lang='lat' dir='ltr'><strong>et</strong></span> <span class='ocrx_word' id='word_1_317' title='bbox 592 2012 716 2050; x_wconf 91' lang='lat' dir='ltr'><strong>cum</strong></span> <span class='ocrx_word' id='word_1_318' title='bbox 751 1997 1091 2052; x_wconf 89' lang='lat' dir='ltr'><strong>vehementia</strong></span> <span class='ocrx_word' id='word_1_319' title='bbox 1123 1996 1438 2066; x_wconf 87' lang='lat' dir='ltr'><strong>dejecerunt</strong></span> <span class='ocrx_word' id='word_1_320' title='bbox 1470 2011 1597 2052; x_wconf 91' lang='lat' dir='ltr'><strong>eum</strong></span> <span class='ocrx_word' id='word_1_321' title='bbox 1640 2012 1670 2052; x_wconf 89' lang='lat' dir='ltr'><strong>e</strong></span> <span class='ocrx_word' id='word_1_322' title='bbox 1733 2014 1921 2065; x_wconf 90' lang='lat' dir='ltr'><strong>curru,</strong></span> <span class='ocrx_word' id='word_1_323' title='bbox 1959 1998 2096 2052; x_wconf 89' lang='lat' dir='ltr'><strong>adeo</strong></span> <span class='ocrx_word' id='word_1_324' title='bbox 2127 2002 2170 2056; x_wconf 88' lang='lat' dir='ltr'><strong>B</strong></span> <span class='ocrx_word' id='word_1_325' title='bbox 2199 1997 2383 2065; x_wconf 76' lang='grc' dir='ltr'>ἔλεγον</span> <span class='ocrx_word' id='word_1_326' title='bbox 2416 1997 2583 2067; x_wconf 81' lang='grc' dir='ltr'>αὐτῷ,</span> <span class='ocrx_word' id='word_1_327' title='bbox 2619 1997 2714 2050; x_wconf 72' lang='grc' dir='ltr'>καὶ</span> <span class='ocrx_word' id='word_1_328' title='bbox 2750 1998 2888 2068; x_wconf 84' lang='grc' dir='ltr'>μετὰ</span> 
     </span>
    </p>
   </div>
   <div class='ocr_carea' id='block_1_35' title="bbox 2231 1996 3658 2068">
    <p class='ocr_par' dir='ltr' id='par_1_35' title="bbox 2231 1997 3658 2068">
     <span class='ocr_line' id='line_1_35' title="bbox 2231 1997 3658 2068; baseline -0.03 19"><span class='ocrx_word' id='word_1_329' title='bbox 2231 1997 2383 2065; x_wconf 66' lang='grc' dir='ltr'>λεγον</span> <span class='ocrx_word' id='word_1_330' title='bbox 2416 1997 2583 2067; x_wconf 66' lang='grc' dir='ltr'>αὐτῷ’</span> <span class='ocrx_word' id='word_1_331' title='bbox 2619 1997 2714 2050; x_wconf 52' lang='grc' dir='ltr'><strong>καὶ</strong></span> <span class='ocrx_word' id='word_1_332' title='bbox 2750 1998 2888 2068; x_wconf 80' lang='grc' dir='ltr'><strong>μετά</strong></span> <span class='ocrx_word' id='word_1_333' title='bbox 2923 1997 3159 2068; x_wconf 81' lang='grc' dir='ltr'>σπουδῆς</span> <span class='ocrx_word' id='word_1_334' title='bbox 3198 1998 3460 2068; x_wconf 78' lang='grc' dir='ltr'>καθῄρουν</span> <span class='ocrx_word' id='word_1_335' title='bbox 3478 1997 3658 2050; x_wconf 42' lang='grc' dir='ltr'>αήνὰει</span> 
     </span>
    </p>
   </div>
   <div class='ocr_carea' id='block_1_36' title="bbox 515 2083 2918 2158">
    <p class='ocr_par' dir='ltr' id='par_1_36' title="bbox 515 2083 2918 2158">
     <span class='ocr_line' id='line_1_36' title="bbox 515 2083 2918 2158; baseline 0.001 -20"><span class='ocrx_word' id='word_1_336' title='bbox 515 2096 574 2140; x_wconf 97' lang='grc' dir='ltr'><strong>ιιι</strong></span> <span class='ocrx_word' id='word_1_337' title='bbox 605 2101 634 2141; x_wconf 89' lang='lat' dir='ltr'><strong>e</strong></span> <span class='ocrx_word' id='word_1_338' title='bbox 663 2102 890 2142; x_wconf 90' lang='lat' dir='ltr'><strong>carruca</strong></span> <span class='ocrx_word' id='word_1_339' title='bbox 920 2086 1110 2142; x_wconf 79' lang='lat' dir='ltr'><strong>exiens</strong></span> <span class='ocrx_word' id='word_1_340' title='bbox 1141 2086 1331 2140; x_wconf 91' lang='lat' dir='ltr'><strong>tibiam</strong></span> <span class='ocrx_word' id='word_1_341' title='bbox 1357 2087 1704 2143; x_wconf 84' lang='lat' dir='ltr'><strong>distraheret.</strong></span> <span class='ocrx_word' id='word_1_342' title='bbox 1744 2087 1848 2143; x_wconf 90' lang='lat' dir='ltr'><strong>Sed</strong></span> <span class='ocrx_word' id='word_1_343' title='bbox 1886 2104 2092 2158; x_wconf 89' lang='lat' dir='ltr'><strong>nequa-</strong></span> <span class='ocrx_word' id='word_1_344' title='bbox 2199 2083 2292 2136; x_wconf 78' lang='grc' dir='ltr'>τοῦ</span> <span class='ocrx_word' id='word_1_345' title='bbox 2325 2086 2600 2156; x_wconf 84' lang='grc' dir='ltr'>ὀχήματος</span> <span class='ocrx_word' id='word_1_346' title='bbox 2629 2086 2762 2157; x_wconf 81' lang='grc'><strong>(59),</strong></span> <span class='ocrx_word' id='word_1_347' title='bbox 2797 2086 2872 2150; x_wconf 84' lang='grc' dir='ltr'>ὡς</span> <span class='ocrx_word' id='word_1_348' title='bbox 2906 2105 2918 2140; x_wconf 75' lang='grc' dir='ltr'><strong>ι</strong></span> 
     </span>
    </p>
   </div>
   <div class='ocr_carea' id='block_1_37' title="bbox 2231 2083 3656 2158">
    <p class='ocr_par' dir='ltr' id='par_1_37' title="bbox 2231 2083 3656 2157">
     <span class='ocr_line' id='line_1_37' title="bbox 2231 2083 3656 2157; baseline -0.001 -21"><span class='ocrx_word' id='word_1_349' title='bbox 2231 2083 2292 2136; x_wconf 79' lang='grc' dir='ltr'>οὗ</span> <span class='ocrx_word' id='word_1_350' title='bbox 2325 2086 2600 2156; x_wconf 84' lang='grc' dir='ltr'>ὀχήματος</span> <span class='ocrx_word' id='word_1_351' title='bbox 2629 2086 2762 2157; x_wconf 82' lang='grc'><strong>(59),</strong></span> <span class='ocrx_word' id='word_1_352' title='bbox 2797 2086 2872 2150; x_wconf 84' lang='grc' dir='ltr'>ὡς</span> <span class='ocrx_word' id='word_1_353' title='bbox 2906 2088 3000 2140; x_wconf 73' lang='grc' dir='ltr'><strong>καὶ</strong></span> <span class='ocrx_word' id='word_1_354' title='bbox 3033 2088 3292 2140; x_wconf 83' lang='grc' dir='ltr'>κατιόντα</span> <span class='ocrx_word' id='word_1_355' title='bbox 3321 2088 3423 2140; x_wconf 74' lang='grc' dir='ltr'><strong>ἀπὸ</strong></span> <span class='ocrx_word' id='word_1_356' title='bbox 3447 2088 3520 2156; x_wconf 76' lang='grc' dir='ltr'>τῆς</span> <span class='ocrx_word' id='word_1_357' title='bbox 3545 2089 3656 2154; x_wconf 63' lang='grc' dir='ltr'>χερεί-</span> 
     </span>
    </p>
   </div>
   <div class='ocr_carea' id='block_1_38' title="bbox 509 2177 2918 2248">
    <p class='ocr_par' dir='ltr' id='par_1_38' title="bbox 509 2177 2918 2248">
     <span class='ocr_line' id='line_1_38' title="bbox 509 2177 2918 2248; baseline -0 -17"><span class='ocrx_word' id='word_1_358' title='bbox 509 2194 678 2247; x_wconf 87' lang='lat' dir='ltr'><strong>quam</strong></span> <span class='ocrx_word' id='word_1_359' title='bbox 712 2186 1044 2244; x_wconf 88' lang='lat' dir='ltr'><strong>commotus,</strong></span> <span class='ocrx_word' id='word_1_360' title='bbox 1078 2185 1133 2232; x_wconf 93' lang='lat' dir='ltr'><strong>et</strong></span> <span class='ocrx_word' id='word_1_361' title='bbox 1162 2179 1320 2247; x_wconf 89' lang='lat' dir='ltr'><strong>quasi</strong></span> <span class='ocrx_word' id='word_1_362' title='bbox 1356 2177 1492 2230; x_wconf 89' lang='lat' dir='ltr'><strong>nihil</strong></span> <span class='ocrx_word' id='word_1_363' title='bbox 1529 2178 1659 2232; x_wconf 90' lang='lat' dir='ltr'><strong>mali</strong></span> <span class='ocrx_word' id='word_1_364' title='bbox 1693 2193 1888 2248; x_wconf 83' lang='lat' dir='ltr'><strong>passus</strong></span> <span class='ocrx_word' id='word_1_365' title='bbox 1925 2186 2088 2242; x_wconf 86' lang='lat' dir='ltr'><strong>esset,</strong></span> <span class='ocrx_word' id='word_1_366' title='bbox 2197 2192 2297 2245; x_wconf 88' lang='grc' dir='ltr'><strong>χας</strong></span> <span class='ocrx_word' id='word_1_367' title='bbox 2341 2177 2680 2247; x_wconf 81' lang='grc' dir='ltr'>ἀ-ποσυρῆναι</span> <span class='ocrx_word' id='word_1_368' title='bbox 2727 2177 2786 2230; x_wconf 86' lang='grc' dir='ltr'><strong>τὸ</strong></span> <span class='ocrx_word' id='word_1_369' title='bbox 2826 2179 2918 2230; x_wconf 85' lang='grc' dir='ltr'><strong>ἀντ</strong></span> 
     </span>
    </p>
   </div>
   <div class='ocr_carea' id='block_1_39' title="bbox 2231 2177 3658 2248">
    <p class='ocr_par' dir='ltr' id='par_1_39' title="bbox 2232 2177 3658 2248">
     <span class='ocr_line' id='line_1_39' title="bbox 2232 2177 3658 2248; baseline -0.001 -20"><span class='ocrx_word' id='word_1_370' title='bbox 2232 2192 2297 2238; x_wconf 82' lang='grc' dir='ltr'><strong>ας</strong></span> <span class='ocrx_word' id='word_1_371' title='bbox 2341 2177 2680 2247; x_wconf 79' lang='grc' dir='ltr'>ἀ-ποσυρῆναι</span> <span class='ocrx_word' id='word_1_372' title='bbox 2727 2177 2786 2230; x_wconf 86' lang='grc' dir='ltr'><strong>τὸ</strong></span> <span class='ocrx_word' id='word_1_373' title='bbox 2826 2179 3202 2248; x_wconf 76' lang='grc' dir='ltr'>ἀντικνήμιον.</span> <span class='ocrx_word' id='word_1_374' title='bbox 3253 2178 3363 2232; x_wconf 71' lang='grc' dir='ltr'><strong>Καὶ</strong></span> <span class='ocrx_word' id='word_1_375' title='bbox 3393 2178 3459 2248; x_wconf 74' lang='grc' dir='ltr'>μὴ</span> <span class='ocrx_word' id='word_1_376' title='bbox 3496 2180 3658 2246; x_wconf 51' lang='lat' dir='ltr'><strong>emta:-</strong></span> 
     </span>
    </p>
   </div>
   <div class='ocr_carea' id='block_1_40' title="bbox 511 2267 2918 2341">
    <p class='ocr_par' dir='ltr' id='par_1_40' title="bbox 511 2267 2918 2338">
     <span class='ocr_line' id='line_1_40' title="bbox 511 2267 2918 2338; baseline 0 -16"><span class='ocrx_word' id='word_1_377' title='bbox 511 2268 766 2322; x_wconf 80' lang='lat' dir='ltr'><strong>alacriter</strong></span> <span class='ocrx_word' id='word_1_378' title='bbox 800 2277 855 2323; x_wconf 88' lang='lat' dir='ltr'><strong>et</strong></span> <span class='ocrx_word' id='word_1_379' title='bbox 892 2283 1122 2338; x_wconf 81' lang='lat' dir='ltr'><strong>prepere</strong></span> <span class='ocrx_word' id='word_1_380' title='bbox 1157 2267 1439 2337; x_wconf 80' lang='lat' dir='ltr'><strong>pergebat,</strong></span> <span class='ocrx_word' id='word_1_381' title='bbox 1482 2268 1680 2323; x_wconf 87' lang='lat' dir='ltr'><strong>ductus</strong></span> <span class='ocrx_word' id='word_1_382' title='bbox 1721 2269 1787 2323; x_wconf 91' lang='lat' dir='ltr'><strong>ad</strong></span> <span class='ocrx_word' id='word_1_383' title='bbox 1827 2269 2087 2325; x_wconf 89' lang='lat' dir='ltr'><strong>stadium.</strong></span> <span class='ocrx_word' id='word_1_384' title='bbox 2197 2269 2351 2337; x_wconf 73' lang='grc' dir='ltr'>φεὶς,</span> <span class='ocrx_word' id='word_1_385' title='bbox 2386 2269 2462 2332; x_wconf 83' lang='grc' dir='ltr'>ὡς</span> <span class='ocrx_word' id='word_1_386' title='bbox 2491 2268 2644 2321; x_wconf 81' lang='grc' dir='ltr'>οὐδὲν</span> <span class='ocrx_word' id='word_1_387' title='bbox 2687 2269 2918 2323; x_wconf 80' lang='grc' dir='ltr'>πεπονθά</span> 
     </span>
    </p>
   </div>
   <div class='ocr_carea' id='block_1_41' title="bbox 2231 2267 3658 2341">
    <p class='ocr_par' dir='ltr' id='par_1_41' title="bbox 2231 2268 3658 2341">
     <span class='ocr_line' id='line_1_41' title="bbox 2231 2268 3658 2341; baseline 0.002 -21"><span class='ocrx_word' id='word_1_388' title='bbox 2231 2269 2318 2332; x_wconf 73' lang='grc' dir='ltr'>ιεἰς</span> <span class='ocrx_word' id='word_1_389' title='bbox 2337 2309 2351 2331; x_wconf 94' lang='grc'><strong>,</strong></span> <span class='ocrx_word' id='word_1_390' title='bbox 2386 2269 2462 2332; x_wconf 84' lang='grc' dir='ltr'>ὡς</span> <span class='ocrx_word' id='word_1_391' title='bbox 2491 2268 2644 2321; x_wconf 82' lang='grc' dir='ltr'>οὐδὲν</span> <span class='ocrx_word' id='word_1_392' title='bbox 2687 2269 2968 2333; x_wconf 86' lang='grc' dir='ltr'>πεπονθὼς</span> <span class='ocrx_word' id='word_1_393' title='bbox 2988 2309 3002 2332; x_wconf 95' lang='grc'><strong>,</strong></span> <span class='ocrx_word' id='word_1_394' title='bbox 3037 2270 3336 2341; x_wconf 80' lang='grc' dir='ltr'>προθύμως</span> <span class='ocrx_word' id='word_1_395' title='bbox 3380 2271 3498 2340; x_wconf 79' lang='grc' dir='ltr'>μετὰ</span> 
     </span>
    </p>
   </div>
   <div class='ocr_carea' id='block_1_42' title="bbox 511 2359 2918 2433">
    <p class='ocr_par' dir='ltr' id='par_1_42' title="bbox 511 2359 2918 2432">
     <span class='ocr_line' id='line_1_42' title="bbox 511 2359 2918 2432; baseline 0.003 -16"><span class='ocrx_word' id='word_1_396' title='bbox 511 2360 721 2416; x_wconf 84' lang='lat' dir='ltr'><strong>Tantus</strong></span> <span class='ocrx_word' id='word_1_397' title='bbox 756 2376 884 2416; x_wconf 89' lang='lat' dir='ltr'><strong>vero</strong></span> <span class='ocrx_word' id='word_1_398' title='bbox 912 2371 1028 2417; x_wconf 89' lang='lat' dir='ltr'><strong>erat</strong></span> <span class='ocrx_word' id='word_1_399' title='bbox 1058 2361 1115 2415; x_wconf 91' lang='lat' dir='ltr'><strong>in</strong></span> <span class='ocrx_word' id='word_1_400' title='bbox 1141 2359 1319 2416; x_wconf 89' lang='lat' dir='ltr'><strong>stadio</strong></span> <span class='ocrx_word' id='word_1_401' title='bbox 1351 2362 1639 2427; x_wconf 90' lang='lat' dir='ltr'><strong>tumultus,</strong></span> <span class='ocrx_word' id='word_1_402' title='bbox 1674 2371 1734 2416; x_wconf 89' lang='lat' dir='ltr'><strong>ut</strong></span> <span class='ocrx_word' id='word_1_403' title='bbox 1773 2378 1934 2418; x_wconf 91' lang='lat' dir='ltr'><strong>nemo</strong></span> <span class='ocrx_word' id='word_1_404' title='bbox 1958 2378 2086 2432; x_wconf 93' lang='lat' dir='ltr'><strong>pos-</strong></span> <span class='ocrx_word' id='word_1_405' title='bbox 2193 2359 2523 2429; x_wconf 76' lang='grc' dir='ltr'>ἐπορεύετο.</span> <span class='ocrx_word' id='word_1_406' title='bbox 2557 2361 2824 2430; x_wconf 85' lang='grc' dir='ltr'>ἀγόμενος</span> <span class='ocrx_word' id='word_1_407' title='bbox 2857 2362 2918 2423; x_wconf 72' lang='grc' dir='ltr'><strong>εἰς</strong></span> 
     </span>
    </p>
   </div>
   <div class='ocr_carea' id='block_1_43' title="bbox 2231 2359 3658 2433">
    <p class='ocr_par' dir='ltr' id='par_1_43' title="bbox 2231 2359 3658 2433">
     <span class='ocr_line' id='line_1_43' title="bbox 2231 2359 3658 2433; baseline -0.001 -21"><span class='ocrx_word' id='word_1_408' title='bbox 2231 2359 2523 2429; x_wconf 83' lang='grc' dir='ltr'>πορεύετο,</span> <span class='ocrx_word' id='word_1_409' title='bbox 2557 2361 2824 2430; x_wconf 87' lang='grc' dir='ltr'>ἀγόμενος</span> <span class='ocrx_word' id='word_1_410' title='bbox 2857 2362 2936 2424; x_wconf 88' lang='grc' dir='ltr'><strong>εἰς</strong></span> <span class='ocrx_word' id='word_1_411' title='bbox 2967 2360 3026 2414; x_wconf 79' lang='grc' dir='ltr'>τὸ</span> <span class='ocrx_word' id='word_1_412' title='bbox 3059 2362 3312 2428; x_wconf 79' lang='grc' dir='ltr'>στάδιον,</span> <span class='ocrx_word' id='word_1_413' title='bbox 3366 2361 3554 2433; x_wconf 70' lang='grc' dir='ltr'>θορύϐου</span> <span class='ocrx_word' id='word_1_414' title='bbox 3575 2360 3658 2428; x_wconf 67' lang='grc' dir='ltr'>τηλι-</span> 
     </span>
    </p>
   </div>
   <div class='ocr_carea' id='block_1_44' title="bbox 512 2451 2918 2526">
    <p class='ocr_par' dir='ltr' id='par_1_44' title="bbox 512 2451 2912 2522">
     <span class='ocr_line' id='line_1_44' title="bbox 512 2451 2912 2522; baseline 0 -16"><span class='ocrx_word' id='word_1_415' title='bbox 512 2461 592 2507; x_wconf 85' lang='lat' dir='ltr'><strong>set</strong></span> <span class='ocrx_word' id='word_1_416' title='bbox 619 2453 816 2506; x_wconf 87' lang='lat' dir='ltr'><strong>audiri.</strong></span> <span class='ocrx_word' id='word_1_417' title='bbox 2193 2452 2384 2504; x_wconf 84' lang='grc' dir='ltr'>κούτου</span> <span class='ocrx_word' id='word_1_418' title='bbox 2406 2451 2556 2515; x_wconf 72' lang='grc' dir='ltr'>ὄντος</span> <span class='ocrx_word' id='word_1_419' title='bbox 2589 2454 2646 2506; x_wconf 91' lang='grc' dir='ltr'><strong>ἐν</strong></span> <span class='ocrx_word' id='word_1_420' title='bbox 2671 2452 2748 2522; x_wconf 81' lang='grc' dir='ltr'>τῷ</span> <span class='ocrx_word' id='word_1_421' title='bbox 2781 2453 2912 2506; x_wconf 85' lang='grc' dir='ltr'>σταδ</span> 
     </span>
    </p>
   </div>
   <div class='ocr_carea' id='block_1_45' title="bbox 2231 2451 3658 2526">
    <p class='ocr_par' dir='ltr' id='par_1_45' title="bbox 2231 2451 3658 2526">
     <span class='ocr_line' id='line_1_45' title="bbox 2231 2451 3658 2526; baseline 0.001 -22"><span class='ocrx_word' id='word_1_422' title='bbox 2231 2452 2384 2504; x_wconf 84' lang='grc' dir='ltr'>ούτου</span> <span class='ocrx_word' id='word_1_423' title='bbox 2406 2451 2556 2515; x_wconf 72' lang='grc' dir='ltr'>ὄντος</span> <span class='ocrx_word' id='word_1_424' title='bbox 2589 2454 2646 2506; x_wconf 91' lang='grc' dir='ltr'><strong>ἐν</strong></span> <span class='ocrx_word' id='word_1_425' title='bbox 2671 2452 2748 2522; x_wconf 79' lang='grc' dir='ltr'>τῷ</span> <span class='ocrx_word' id='word_1_426' title='bbox 2781 2453 2999 2524; x_wconf 83' lang='grc' dir='ltr'>σταδίῳ,</span> <span class='ocrx_word' id='word_1_427' title='bbox 3020 2453 3094 2517; x_wconf 82' lang='grc' dir='ltr'>ὡς</span> <span class='ocrx_word' id='word_1_428' title='bbox 3130 2456 3266 2526; x_wconf 78' lang='grc' dir='ltr'>μηδὲ</span> <span class='ocrx_word' id='word_1_429' title='bbox 3306 2455 3658 2526; x_wconf 59' lang='grc' dir='ltr'>ἀκουσθῆναίτιδα</span> 
     </span>
    </p>
   </div>
   <div class='ocr_carea' id='block_1_46' title="bbox 2192 2543 2474 2598">
    <p class='ocr_par' dir='ltr' id='par_1_46' title="bbox 2192 2543 2474 2598">
     <span class='ocr_line' id='line_1_46' title="bbox 2192 2543 2474 2598; baseline 0 -3"><span class='ocrx_word' id='word_1_430' title='bbox 2192 2543 2474 2598; x_wconf 87' lang='grc' dir='ltr'>δύνασθαι.</span> 
     </span>
    </p>
   </div>
   <div class='ocr_carea' id='block_1_47' title="bbox 1356 2657 2918 2730">
    <p class='ocr_par' dir='ltr' id='par_1_47' title="bbox 1356 2657 2918 2730">
     <span class='ocr_line' id='line_1_47' title="bbox 1356 2657 2918 2730; baseline 0.004 -17"><span class='ocrx_word' id='word_1_431' title='bbox 1356 2657 1447 2714; x_wconf 83' lang='lat' dir='ltr'><strong>IX.</strong></span> <span class='ocrx_word' id='word_1_432' title='bbox 1488 2660 1816 2730; x_wconf 81' lang='lat' dir='ltr'><strong>Polycarpus</strong></span> <span class='ocrx_word' id='word_1_433' title='bbox 1847 2661 2060 2716; x_wconf 71' lang='lat' dir='ltr'><strong>(.‘In&#39;islo</strong></span> <span class='ocrx_word' id='word_1_434' title='bbox 2094 2663 2322 2717; x_wconf 82' lang='lat' dir='ltr'><strong>Domino</strong></span> <span class='ocrx_word' id='word_1_435' title='bbox 2356 2682 2450 2718; x_wconf 82' lang='lat' dir='ltr'><strong>suo</strong></span> <span class='ocrx_word' id='word_1_436' title='bbox 2487 2681 2589 2718; x_wconf 83' lang='lat' dir='ltr'><strong>non</strong></span> <span class='ocrx_word' id='word_1_437' title='bbox 2624 2664 2918 2720; x_wconf 82' lang='lat' dir='ltr'><strong>maledicit.</strong></span> 
     </span>
    </p>
   </div>
   <div class='ocr_carea' id='block_1_48' title="bbox 580 2779 2918 2858">
    <p class='ocr_par' dir='ltr' id='par_1_48' title="bbox 580 2783 2918 2858">
     <span class='ocr_line' id='line_1_48' title="bbox 580 2783 2918 2858; baseline 0 -20"><span class='ocrx_word' id='word_1_438' title='bbox 580 2785 882 2858; x_wconf 86' lang='lat' dir='ltr'><strong>Polycarpo</strong></span> <span class='ocrx_word' id='word_1_439' title='bbox 905 2784 1353 2851; x_wconf 87' lang='lat' dir='ltr'><strong>autem,intranti</strong></span> <span class='ocrx_word' id='word_1_440' title='bbox 1382 2784 1437 2837; x_wconf 87' lang='lat' dir='ltr'><strong>in</strong></span> <span class='ocrx_word' id='word_1_441' title='bbox 1470 2783 1728 2849; x_wconf 88' lang='lat' dir='ltr'><strong>stadium,</strong></span> <span class='ocrx_word' id='word_1_442' title='bbox 1748 2799 1855 2838; x_wconf 83' lang='lat' dir='ltr'><strong>vox</strong></span> <span class='ocrx_word' id='word_1_443' title='bbox 1885 2799 1915 2838; x_wconf 92' lang='lat' dir='ltr'><strong>e</strong></span> <span class='ocrx_word' id='word_1_444' title='bbox 1947 2785 2088 2840; x_wconf 60' lang='lat' dir='ltr'><strong>coalo</strong></span> <span class='ocrx_word' id='word_1_445' title='bbox 2264 2786 2353 2856; x_wconf 82' lang='grc' dir='ltr'>Τῷ</span> <span class='ocrx_word' id='word_1_446' title='bbox 2393 2786 2450 2838; x_wconf 86' lang='grc' dir='ltr'>δὲ</span> <span class='ocrx_word' id='word_1_447' title='bbox 2498 2785 2862 2857; x_wconf 87' lang='grc' dir='ltr'>Πολυκάρπῳ,</span> <span class='ocrx_word' id='word_1_448' title='bbox 2901 2802 2918 2838; x_wconf 92' lang='grc' dir='ltr'><strong>ε</strong></span> 
     </span>
    </p>
   </div>
   <div class='ocr_carea' id='block_1_49' title="bbox 2231 2779 3661 2858">
    <p class='ocr_par' dir='ltr' id='par_1_49' title="bbox 2264 2779 3661 2857">
     <span class='ocr_line' id='line_1_49' title="bbox 2264 2779 3661 2857; baseline -0.001 -20"><span class='ocrx_word' id='word_1_449' title='bbox 2264 2786 2353 2856; x_wconf 84' lang='grc' dir='ltr'>Τῷ</span> <span class='ocrx_word' id='word_1_450' title='bbox 2393 2786 2450 2838; x_wconf 87' lang='grc' dir='ltr'>δὲ</span> <span class='ocrx_word' id='word_1_451' title='bbox 2498 2785 2862 2857; x_wconf 85' lang='grc' dir='ltr'>Πολυκάρπῳ,</span> <span class='ocrx_word' id='word_1_452' title='bbox 2901 2786 3123 2839; x_wconf 79' lang='grc' dir='ltr'>εἰσιόντι</span> <span class='ocrx_word' id='word_1_453' title='bbox 3156 2786 3240 2849; x_wconf 83' lang='grc' dir='ltr'><strong>εἰς</strong></span> <span class='ocrx_word' id='word_1_454' title='bbox 3272 2786 3334 2839; x_wconf 82' lang='grc' dir='ltr'><strong>τὸ</strong></span> <span class='ocrx_word' id='word_1_455' title='bbox 3371 2785 3558 2842; x_wconf 77' lang='grc' dir='ltr'>στάδιον,</span> <span class='ocrx_word' id='word_1_456' title='bbox 3578 2779 3661 2848; x_wconf 46' lang='lat' dir='ltr'><strong>we.</strong></span> 
     </span>
    </p>
   </div>
   <div class='ocr_carea' id='block_1_50' title="bbox 507 2874 2918 2950">
    <p class='ocr_par' dir='ltr' id='par_1_50' title="bbox 507 2874 2918 2950">
     <span class='ocr_line' id='line_1_50' title="bbox 507 2874 2918 2950; baseline -0.002 -17"><span class='ocrx_word' id='word_1_457' title='bbox 507 2878 768 2949; x_wconf 87' lang='lat' dir='ltr'><strong>conligit:</strong></span> <span class='ocrx_word' id='word_1_458' title='bbox 809 2896 827 2928; x_wconf 82' lang='grc' dir='ltr'><strong>ι</strong></span> <span class='ocrx_word' id='word_1_459' title='bbox 860 2876 1040 2932; x_wconf 89' lang='lat' dir='ltr'><strong>Fortis</strong></span> <span class='ocrx_word' id='word_1_460' title='bbox 1062 2884 1180 2932; x_wconf 87' lang='lat' dir='ltr'><strong>esto</strong></span> <span class='ocrx_word' id='word_1_461' title='bbox 1208 2885 1262 2931; x_wconf 88' lang='lat' dir='ltr'><strong>et</strong></span> <span class='ocrx_word' id='word_1_462' title='bbox 1282 2875 1512 2930; x_wconf 87' lang='lat' dir='ltr'><strong>viriliter</strong></span> <span class='ocrx_word' id='word_1_463' title='bbox 1545 2890 1664 2946; x_wconf 84' lang='lat' dir='ltr'><strong>age,</strong></span> <span class='ocrx_word' id='word_1_464' title='bbox 1704 2874 2036 2947; x_wconf 84' lang='lat' dir='ltr'><strong>Polycarpe!</strong></span> <span class='ocrx_word' id='word_1_465' title='bbox 2063 2895 2082 2927; x_wconf 77' lang='grc' dir='ltr'><strong>ι</strong></span> <span class='ocrx_word' id='word_1_466' title='bbox 2193 2877 2252 2943; x_wconf 78' lang='grc' dir='ltr'><strong>ἐξ</strong></span> <span class='ocrx_word' id='word_1_467' title='bbox 2275 2879 2505 2950; x_wconf 79' lang='grc' dir='ltr'>οὐρανοῦ</span> <span class='ocrx_word' id='word_1_468' title='bbox 2538 2879 2773 2948; x_wconf 52' lang='grc' dir='ltr'>ἐγένετο</span> <span class='ocrx_word' id='word_1_469' title='bbox 2810 2898 2828 2931; x_wconf 82' lang='grc' dir='ltr'><strong>ι</strong></span> <span class='ocrx_word' id='word_1_470' title='bbox 2857 2881 2918 2932; x_wconf 69' lang='lat' dir='ltr'><strong>&quot;lc</strong></span> 
     </span>
    </p>
   </div>
   <div class='ocr_carea' id='block_1_51' title="bbox 2231 2874 3659 2950">
    <p class='ocr_par' dir='ltr' id='par_1_51' title="bbox 2231 2875 3659 2950">
     <span class='ocr_line' id='line_1_51' title="bbox 2231 2875 3659 2950; baseline -0.006 -18"><span class='ocrx_word' id='word_1_471' title='bbox 2231 2877 2252 2943; x_wconf 79' lang='grc' dir='ltr'><strong>ξ</strong></span> <span class='ocrx_word' id='word_1_472' title='bbox 2275 2879 2505 2950; x_wconf 80' lang='grc' dir='ltr'>ούρανοῦ</span> <span class='ocrx_word' id='word_1_473' title='bbox 2538 2879 2773 2948; x_wconf 74' lang='grc' dir='ltr'>ἐγένετο’</span> <span class='ocrx_word' id='word_1_474' title='bbox 2810 2898 2828 2931; x_wconf 78' lang='grc' dir='ltr'><strong>ι</strong></span> <span class='ocrx_word' id='word_1_475' title='bbox 2857 2881 3037 2948; x_wconf 87' lang='grc' dir='ltr'>Ἴσχυε</span> <span class='ocrx_word' id='word_1_476' title='bbox 3063 2879 3157 2932; x_wconf 73' lang='grc' dir='ltr'>καὶ</span> <span class='ocrx_word' id='word_1_477' title='bbox 3182 2879 3452 2950; x_wconf 77' lang='grc' dir='ltr'>ἀνδρίζου,</span> <span class='ocrx_word' id='word_1_478' title='bbox 3480 2875 3659 2941; x_wconf 62' lang='grc' dir='ltr'>Πολὺκιρ</span> 
     </span>
    </p>
   </div>
   <div class='ocr_carea' id='block_1_52' title="bbox 506 2954 2918 3042">
    <p class='ocr_par' dir='ltr' id='par_1_52' title="bbox 506 2954 2918 3042">
     <span class='ocr_line' id='line_1_52' title="bbox 506 2954 2918 3042; baseline 0 -18"><span class='ocrx_word' id='word_1_479' title='bbox 506 2970 574 3025; x_wconf 86' lang='lat' dir='ltr'><strong>Et</strong></span> <span class='ocrx_word' id='word_1_480' title='bbox 610 2986 735 3026; x_wconf 88' lang='lat' dir='ltr'><strong>eum</strong></span> <span class='ocrx_word' id='word_1_481' title='bbox 770 2969 1013 3040; x_wconf 90' lang='lat' dir='ltr'><strong>quidem,</strong></span> <span class='ocrx_word' id='word_1_482' title='bbox 1039 2969 1132 3039; x_wconf 89' lang='lat' dir='ltr'><strong>qui</strong></span> <span class='ocrx_word' id='word_1_483' title='bbox 1161 2983 1347 3023; x_wconf 87' lang='lat' dir='ltr'><strong>vocem</strong></span> <span class='ocrx_word' id='word_1_484' title='bbox 1369 2954 1571 3031; x_wconf 85' lang='lat' dir='ltr'><strong>emisit,</strong></span> <span class='ocrx_word' id='word_1_485' title='bbox 1610 2981 1771 3023; x_wconf 90' lang='lat' dir='ltr'><strong>nemo</strong></span> <span class='ocrx_word' id='word_1_486' title='bbox 1800 2968 1966 3035; x_wconf 88' lang='lat' dir='ltr'><strong>vidit;</strong></span> <span class='ocrx_word' id='word_1_487' title='bbox 1992 2984 2088 3023; x_wconf 86' lang='lat' dir='ltr'><strong>vo-</strong></span> <span class='ocrx_word' id='word_1_488' title='bbox 2194 2988 2281 3023; x_wconf 88' lang='grc' dir='ltr'><strong>πε.</strong></span> <span class='ocrx_word' id='word_1_489' title='bbox 2315 2990 2332 3021; x_wconf 77' lang='grc' dir='ltr'><strong>ι</strong></span> <span class='ocrx_word' id='word_1_490' title='bbox 2365 2971 2474 3024; x_wconf 80' lang='grc' dir='ltr'><strong>Καὶ</strong></span> <span class='ocrx_word' id='word_1_491' title='bbox 2496 2971 2588 3025; x_wconf 83' lang='grc' dir='ltr'><strong>τὸν</strong></span> <span class='ocrx_word' id='word_1_492' title='bbox 2618 2971 2716 3042; x_wconf 86' lang='grc' dir='ltr'>μὲν</span> <span class='ocrx_word' id='word_1_493' title='bbox 2737 2971 2918 3025; x_wconf 86' lang='grc' dir='ltr'>εἰπόντ</span> 
     </span>
    </p>
   </div>
   <div class='ocr_carea' id='block_1_53' title="bbox 2231 2954 3661 3042">
    <p class='ocr_par' dir='ltr' id='par_1_53' title="bbox 2231 2966 3661 3042">
     <span class='ocr_line' id='line_1_53' title="bbox 2231 2966 3661 3042; baseline 0.006 -21"><span class='ocrx_word' id='word_1_494' title='bbox 2231 2988 2281 3023; x_wconf 72' lang='grc' dir='ltr'><strong>ξε.</strong></span> <span class='ocrx_word' id='word_1_495' title='bbox 2315 2990 2332 3021; x_wconf 81' lang='grc' dir='ltr'><strong>ι</strong></span> <span class='ocrx_word' id='word_1_496' title='bbox 2365 2971 2474 3024; x_wconf 80' lang='grc' dir='ltr'>Καὶ</span> <span class='ocrx_word' id='word_1_497' title='bbox 2496 2971 2588 3025; x_wconf 84' lang='grc' dir='ltr'><strong>τὸν</strong></span> <span class='ocrx_word' id='word_1_498' title='bbox 2618 2971 2716 3042; x_wconf 86' lang='grc' dir='ltr'>μὲν</span> <span class='ocrx_word' id='word_1_499' title='bbox 2737 2971 2958 3025; x_wconf 86' lang='grc' dir='ltr'>εἰπόντα</span> <span class='ocrx_word' id='word_1_500' title='bbox 2979 2971 3153 3035; x_wconf 75' lang='grc' dir='ltr'>οὐδεὶς</span> <span class='ocrx_word' id='word_1_501' title='bbox 3183 2969 3345 3024; x_wconf 72' lang='grc' dir='ltr'>εἶδεν·</span> <span class='ocrx_word' id='word_1_502' title='bbox 3371 2971 3460 3040; x_wconf 78' lang='grc' dir='ltr'>τὴν</span> <span class='ocrx_word' id='word_1_503' title='bbox 3492 2969 3535 3020; x_wconf 76' lang='grc' dir='ltr'>δὲ</span> <span class='ocrx_word' id='word_1_504' title='bbox 3557 2966 3661 3034; x_wconf 45' lang='grc' dir='ltr'>τοαῄ</span> 
     </span>
    </p>
   </div>
   <div class='ocr_carea' id='block_1_54' title="bbox 505 3051 2918 3135">
    <p class='ocr_par' dir='ltr' id='par_1_54' title="bbox 505 3059 2918 3135">
     <span class='ocr_line' id='line_1_54' title="bbox 505 3059 2918 3135; baseline -0.002 -17"><span class='ocrx_word' id='word_1_505' title='bbox 505 3079 626 3118; x_wconf 90' lang='lat' dir='ltr'><strong>cem</strong></span> <span class='ocrx_word' id='word_1_506' title='bbox 664 3072 847 3117; x_wconf 91' lang='lat' dir='ltr'><strong>autem</strong></span> <span class='ocrx_word' id='word_1_507' title='bbox 889 3060 926 3114; x_wconf 92' lang='lat' dir='ltr'><strong>ii</strong></span> <span class='ocrx_word' id='word_1_508' title='bbox 972 3060 1302 3125; x_wconf 89' lang='lat' dir='ltr'><strong>audierunt,</strong></span> <span class='ocrx_word' id='word_1_509' title='bbox 1335 3059 1429 3130; x_wconf 91' lang='lat' dir='ltr'><strong>qui</strong></span> <span class='ocrx_word' id='word_1_510' title='bbox 1460 3075 1526 3114; x_wconf 81' lang='lat' dir='ltr'><strong>ex</strong></span> <span class='ocrx_word' id='word_1_511' title='bbox 1556 3061 1764 3115; x_wconf 89' lang='lat' dir='ltr'><strong>nostris</strong></span> <span class='ocrx_word' id='word_1_512' title='bbox 1789 3071 2084 3130; x_wconf 74' lang='lat' dir='ltr'><strong>praesentes</strong></span> <span class='ocrx_word' id='word_1_513' title='bbox 2191 3060 2299 3114; x_wconf 85' lang='grc' dir='ltr'><strong>τῶν</strong></span> <span class='ocrx_word' id='word_1_514' title='bbox 2321 3062 2606 3135; x_wconf 80' lang='grc' dir='ltr'>ἡμετέρων</span> <span class='ocrx_word' id='word_1_515' title='bbox 2629 3065 2678 3116; x_wconf 84' lang='grc' dir='ltr'><strong>οἰ</strong></span> <span class='ocrx_word' id='word_1_516' title='bbox 2704 3064 2918 3134; x_wconf 72' lang='grc' dir='ltr'>παρόντι</span> 
     </span>
    </p>
   </div>
   <div class='ocr_carea' id='block_1_55' title="bbox 2231 3051 3662 3135">
    <p class='ocr_par' dir='ltr' id='par_1_55' title="bbox 2231 3051 3662 3135">
     <span class='ocr_line' id='line_1_55' title="bbox 2231 3051 3662 3135; baseline 0.005 -22"><span class='ocrx_word' id='word_1_517' title='bbox 2231 3060 2299 3114; x_wconf 78' lang='grc' dir='ltr'>ὧν</span> <span class='ocrx_word' id='word_1_518' title='bbox 2321 3062 2606 3135; x_wconf 80' lang='grc' dir='ltr'>ἡμετέρων</span> <span class='ocrx_word' id='word_1_519' title='bbox 2629 3065 2678 3116; x_wconf 83' lang='grc' dir='ltr'><strong>οἰ</strong></span> <span class='ocrx_word' id='word_1_520' title='bbox 2704 3064 2970 3134; x_wconf 86' lang='grc' dir='ltr'>παρόντες</span> <span class='ocrx_word' id='word_1_521' title='bbox 2992 3063 3256 3133; x_wconf 78' lang='grc' dir='ltr'>ἥκουσαν.</span> <span class='ocrx_word' id='word_1_522' title='bbox 3270 3063 3379 3116; x_wconf 74' lang='grc' dir='ltr'>Καὶ</span> <span class='ocrx_word' id='word_1_523' title='bbox 3400 3059 3566 3131; x_wconf 74' lang='grc' dir='ltr'>[λοιπὸν</span> <span class='ocrx_word' id='word_1_524' title='bbox 3587 3051 3662 3124; x_wconf 58' lang='lat' dir='ltr'><strong>(Emi</strong></span> 
     </span>
    </p>
   </div>
   <div class='ocr_carea' id='block_1_56' title="bbox 504 3148 2918 3224">
    <p class='ocr_par' dir='ltr' id='par_1_56' title="bbox 504 3152 2918 3224">
     <span class='ocr_line' id='line_1_56' title="bbox 504 3152 2918 3224; baseline -0.002 -14"><span class='ocrx_word' id='word_1_525' title='bbox 504 3164 681 3210; x_wconf 89' lang='lat' dir='ltr'><strong>erant.</strong></span> <span class='ocrx_word' id='word_1_526' title='bbox 715 3155 984 3210; x_wconf 65' lang='lat' dir='ltr'><strong>Creterum</strong></span> <span class='ocrx_word' id='word_1_527' title='bbox 1009 3152 1322 3209; x_wconf 87' lang='lat' dir='ltr'><strong>introducto</strong></span> <span class='ocrx_word' id='word_1_528' title='bbox 1351 3153 1443 3207; x_wconf 90' lang='lat' dir='ltr'><strong>illo</strong></span> <span class='ocrx_word' id='word_1_529' title='bbox 1474 3168 1705 3223; x_wconf 84' lang='lat' dir='ltr'><strong>magnus</strong></span> <span class='ocrx_word' id='word_1_530' title='bbox 1729 3162 1847 3208; x_wconf 90' lang='lat' dir='ltr'><strong>erat</strong></span> <span class='ocrx_word' id='word_1_531' title='bbox 1881 3152 2086 3206; x_wconf 81' lang='lat' dir='ltr'><strong>tumul-</strong></span> <span class='ocrx_word' id='word_1_532' title='bbox 2192 3153 2918 3224; x_wconf 80' lang='grc' dir='ltr'>προσαχθέντοςαύτοῦ,θόρι</span> 
     </span>
    </p>
   </div>
   <div class='ocr_carea' id='block_1_57' title="bbox 2231 3148 3664 3224">
    <p class='ocr_par' dir='ltr' id='par_1_57' title="bbox 2231 3148 3664 3224">
     <span class='ocr_line' id='line_1_57' title="bbox 2231 3148 3664 3224; baseline -0.008 -42"><span class='ocrx_word' id='word_1_533' title='bbox 2231 3153 2434 3224; x_wconf 53' lang='grc' dir='ltr'>προσαχο</span> <span class='ocrx_word' id='word_1_534' title='bbox 2441 3153 2589 3218; x_wconf 81' lang='grc' dir='ltr'>ἐντος</span> <span class='ocrx_word' id='word_1_535' title='bbox 2600 3154 2785 3216; x_wconf 77' lang='grc' dir='ltr'>αὑτοῦ,</span> <span class='ocrx_word' id='word_1_536' title='bbox 2802 3152 3028 3224; x_wconf 78' lang='grc' dir='ltr'>θόρυϐος</span> <span class='ocrx_word' id='word_1_537' title='bbox 3041 3149 3109 3224; x_wconf 75' lang='grc' dir='ltr'>ἦν</span> <span class='ocrx_word' id='word_1_538' title='bbox 3129 3153 3308 3224; x_wconf 72' lang='grc' dir='ltr'>μέγας</span> <span class='ocrx_word' id='word_1_539' title='bbox 3318 3153 3614 3206; x_wconf 43' lang='grc' dir='ltr'><strong>ἀκουσάντω.</strong></span> <span class='ocrx_word' id='word_1_540' title='bbox 3622 3148 3664 3195; x_wconf 44' lang='grc' dir='ltr'><strong>εἷς</strong></span> 
     </span>
    </p>
   </div>
   <div class='ocr_carea' id='block_1_58' title="bbox 502 3240 2918 3320">
    <p class='ocr_par' dir='ltr' id='par_1_58' title="bbox 502 3243 2918 3320">
     <span class='ocr_line' id='line_1_58' title="bbox 502 3243 2918 3320; baseline 0 -22"><span class='ocrx_word' id='word_1_541' title='bbox 502 3255 593 3301; x_wconf 89' lang='lat' dir='ltr'><strong>tus</strong></span> <span class='ocrx_word' id='word_1_542' title='bbox 639 3262 864 3312; x_wconf 90' lang='lat' dir='ltr'><strong>eorum,</strong></span> <span class='ocrx_word' id='word_1_543' title='bbox 913 3245 1008 3316; x_wconf 90' lang='lat' dir='ltr'><strong>qui</strong></span> <span class='ocrx_word' id='word_1_544' title='bbox 1049 3243 1411 3316; x_wconf 89' lang='lat' dir='ltr'><strong>Polycarpum</strong></span> <span class='ocrx_word' id='word_1_545' title='bbox 1455 3245 1915 3314; x_wconf 86' lang='lat' dir='ltr'><strong>comprehensum</strong></span> <span class='ocrx_word' id='word_1_546' title='bbox 1960 3258 2082 3298; x_wconf 87' lang='lat' dir='ltr'><strong>esse</strong></span> <span class='ocrx_word' id='word_1_547' title='bbox 2187 3245 2553 3320; x_wconf 82' lang='grc' dir='ltr'>Πολύκαρπος</span> <span class='ocrx_word' id='word_1_548' title='bbox 2580 3247 2918 3317; x_wconf 81' lang='grc' dir='ltr'>συνείληπται</span> 
     </span>
    </p>
   </div>
   <div class='ocr_carea' id='block_1_59' title="bbox 2231 3240 3664 3320">
    <p class='ocr_par' dir='ltr' id='par_1_59' title="bbox 2231 3240 3664 3320">
     <span class='ocr_line' id='line_1_59' title="bbox 2231 3240 3664 3320; baseline -0.034 5"><span class='ocrx_word' id='word_1_549' title='bbox 2231 3245 2553 3320; x_wconf 60' lang='grc' dir='ltr'>ίθλύκαρπος</span> <span class='ocrx_word' id='word_1_550' title='bbox 2580 3247 2949 3317; x_wconf 82' lang='grc' dir='ltr'>συνείληπται.</span> <span class='ocrx_word' id='word_1_551' title='bbox 2973 3246 3172 3298; x_wconf 84' lang='grc' dir='ltr'>Λοιπὸν</span> <span class='ocrx_word' id='word_1_552' title='bbox 3200 3243 3548 3316; x_wconf 68' lang='grc' dir='ltr'>προσαχθέντα</span> <span class='ocrx_word' id='word_1_553' title='bbox 3573 3240 3664 3290; x_wconf 54' lang='grc' dir='ltr'>πται</span> 
     </span>
    </p>
   </div>
   <div class='ocr_carea' id='block_1_60' title="bbox 502 3326 2918 3411">
    <p class='ocr_par' dir='ltr' id='par_1_60' title="bbox 502 3333 2910 3411">
     <span class='ocr_line' id='line_1_60' title="bbox 502 3333 2910 3411; baseline -0.001 -20"><span class='ocrx_word' id='word_1_554' title='bbox 502 3338 817 3392; x_wconf 89' lang='lat' dir='ltr'><strong>audierunt.</strong></span> <span class='ocrx_word' id='word_1_555' title='bbox 866 3337 941 3392; x_wconf 91' lang='lat' dir='ltr'><strong>De</strong></span> <span class='ocrx_word' id='word_1_556' title='bbox 985 3346 1182 3394; x_wconf 73' lang='lat' dir='ltr'><strong>.czetero</strong></span> <span class='ocrx_word' id='word_1_557' title='bbox 1226 3337 1522 3392; x_wconf 88' lang='lat' dir='ltr'><strong>adductum</strong></span> <span class='ocrx_word' id='word_1_558' title='bbox 1561 3351 1686 3391; x_wconf 89' lang='lat' dir='ltr'><strong>eum</strong></span> <span class='ocrx_word' id='word_1_559' title='bbox 1731 3335 2080 3407; x_wconf 83' lang='lat' dir='ltr'><strong>interrogavit</strong></span> <span class='ocrx_word' id='word_1_560' title='bbox 2110 3333 2151 3389; x_wconf 88' lang='lat' dir='ltr'><strong><em>C</em></strong></span> <span class='ocrx_word' id='word_1_561' title='bbox 2185 3337 2439 3411; x_wconf 84' lang='grc' dir='ltr'>ἀνηρώτα</span> <span class='ocrx_word' id='word_1_562' title='bbox 2472 3341 2500 3392; x_wconf 85' lang='grc' dir='ltr'>ὁ</span> <span class='ocrx_word' id='word_1_563' title='bbox 2524 3338 2853 3404; x_wconf 82' lang='grc' dir='ltr'>ἀνθύπατος,</span> <span class='ocrx_word' id='word_1_564' title='bbox 2887 3355 2910 3389; x_wconf 91' lang='grc' dir='ltr'><strong>ε</strong></span> 
     </span>
    </p>
   </div>
   <div class='ocr_carea' id='block_1_61' title="bbox 2231 3326 3699 3411">
    <p class='ocr_par' dir='ltr' id='par_1_61' title="bbox 2231 3326 3699 3411">
     <span class='ocr_line' id='line_1_61' title="bbox 2231 3326 3699 3411; baseline -0.01 -18"><span class='ocrx_word' id='word_1_565' title='bbox 2231 3337 2439 3411; x_wconf 79' lang='grc' dir='ltr'>νηρώτα</span> <span class='ocrx_word' id='word_1_566' title='bbox 2472 3341 2500 3392; x_wconf 94' lang='lat'><strong>6</strong></span> <span class='ocrx_word' id='word_1_567' title='bbox 2524 3338 2853 3404; x_wconf 82' lang='grc' dir='ltr'>ἀνθύπατος,</span> <span class='ocrx_word' id='word_1_568' title='bbox 2887 3340 2934 3390; x_wconf 84' lang='grc' dir='ltr'><strong>εἰ</strong></span> <span class='ocrx_word' id='word_1_569' title='bbox 2963 3339 3125 3400; x_wconf 78' lang='grc' dir='ltr'>αὐτὸς</span> <span class='ocrx_word' id='word_1_570' title='bbox 3143 3337 3232 3406; x_wconf 76' lang='grc' dir='ltr'>εἴη</span> <span class='ocrx_word' id='word_1_571' title='bbox 3260 3337 3589 3407; x_wconf 75' lang='grc' dir='ltr'>Πολύχαρπος,</span> <span class='ocrx_word' id='word_1_572' title='bbox 3608 3326 3666 3380; x_wconf 65' lang='lat' dir='ltr'><strong>Tr}</strong></span> 
     </span>
    </p>
   </div>
   <div class='ocr_carea' id='block_1_62' title="bbox 501 3420 2918 3504">
    <p class='ocr_par' dir='ltr' id='par_1_62' title="bbox 501 3427 2918 3504">
     <span class='ocr_line' id='line_1_62' title="bbox 501 3427 2918 3504; baseline 0 -19"><span class='ocrx_word' id='word_1_573' title='bbox 501 3431 904 3501; x_wconf 90' lang='lat' dir='ltr'><strong>proconsul,an</strong></span> <span class='ocrx_word' id='word_1_574' title='bbox 929 3431 1044 3501; x_wconf 91' lang='lat' dir='ltr'><strong>ipse</strong></span> <span class='ocrx_word' id='word_1_575' title='bbox 1065 3438 1210 3486; x_wconf 90' lang='lat' dir='ltr'><strong>esset</strong></span> <span class='ocrx_word' id='word_1_576' title='bbox 1229 3427 1850 3500; x_wconf 88' lang='lat' dir='ltr'><strong>Polycarpus.Cumque</strong></span> <span class='ocrx_word' id='word_1_577' title='bbox 1878 3443 2086 3484; x_wconf 79' lang='lat' dir='ltr'><strong>annue-</strong></span> <span class='ocrx_word' id='word_1_578' title='bbox 2184 3432 2241 3485; x_wconf 81' lang='grc' dir='ltr'>δὲ</span> <span class='ocrx_word' id='word_1_579' title='bbox 2281 3432 2697 3504; x_wconf 82' lang='grc' dir='ltr'>ὁμολογοῦντος,</span> <span class='ocrx_word' id='word_1_580' title='bbox 2744 3432 2918 3487; x_wconf 75' lang='grc' dir='ltr'>ἔπειθε</span> 
     </span>
    </p>
   </div>
   <div class='ocr_carea' id='block_1_63' title="bbox 2231 3420 3667 3504">
    <p class='ocr_par' dir='ltr' id='par_1_63' title="bbox 2231 3420 3667 3504">
     <span class='ocr_line' id='line_1_63' title="bbox 2231 3420 3667 3504; baseline -0.014 -14"><span class='ocrx_word' id='word_1_581' title='bbox 2231 3449 2241 3485; x_wconf 80' lang='grc' dir='ltr'><strong>ε</strong></span> <span class='ocrx_word' id='word_1_582' title='bbox 2281 3432 2697 3504; x_wconf 82' lang='grc' dir='ltr'>ὁμολογοῦντος,</span> <span class='ocrx_word' id='word_1_583' title='bbox 2744 3432 2958 3487; x_wconf 75' lang='grc' dir='ltr'>ἔπειθεν</span> <span class='ocrx_word' id='word_1_584' title='bbox 2986 3432 3294 3504; x_wconf 82' lang='grc' dir='ltr'>ἀρνεῖσθαι,</span> <span class='ocrx_word' id='word_1_585' title='bbox 3326 3432 3503 3498; x_wconf 82' lang='grc' dir='ltr'>λέγων·</span> <span class='ocrx_word' id='word_1_586' title='bbox 3538 3445 3550 3476; x_wconf 86' lang='grc' dir='ltr'><strong>ι</strong></span> <span class='ocrx_word' id='word_1_587' title='bbox 3579 3420 3667 3475; x_wconf 72' lang='lat' dir='ltr'><strong>Aiié-</strong></span> 
     </span>
    </p>
   </div>
   <div class='ocr_carea' id='block_1_64' title="bbox 500 3518 2918 3598">
    <p class='ocr_par' dir='ltr' id='par_1_64' title="bbox 500 3518 2897 3598">
     <span class='ocr_line' id='line_1_64' title="bbox 500 3518 2897 3598; baseline 0.001 -21"><span class='ocrx_word' id='word_1_588' title='bbox 500 3532 606 3590; x_wconf 89' lang='lat' dir='ltr'><strong>rct,</strong></span> <span class='ocrx_word' id='word_1_589' title='bbox 645 3523 968 3578; x_wconf 89' lang='lat' dir='ltr'><strong>hortabatur</strong></span> <span class='ocrx_word' id='word_1_590' title='bbox 991 3522 1080 3577; x_wconf 88' lang='lat' dir='ltr'><strong>ille</strong></span> <span class='ocrx_word' id='word_1_591' title='bbox 1108 3532 1167 3577; x_wconf 89' lang='lat' dir='ltr'><strong>ut</strong></span> <span class='ocrx_word' id='word_1_592' title='bbox 1196 3532 1443 3593; x_wconf 81' lang='lat' dir='ltr'><strong>negaret,</strong></span> <span class='ocrx_word' id='word_1_593' title='bbox 1471 3521 1660 3576; x_wconf 89' lang='lat' dir='ltr'><strong>dicens</strong></span> <span class='ocrx_word' id='word_1_594' title='bbox 1694 3538 1706 3574; x_wconf 94' lang='lat'>:</span> <span class='ocrx_word' id='word_1_595' title='bbox 1754 3538 1771 3570; x_wconf 83' lang='grc' dir='ltr'><strong>ι</strong></span> <span class='ocrx_word' id='word_1_596' title='bbox 1814 3518 2081 3574; x_wconf 84' lang='lat' dir='ltr'><strong>Reverere</strong></span> <span class='ocrx_word' id='word_1_597' title='bbox 2187 3525 2342 3596; x_wconf 85' lang='grc' dir='ltr'>σθητί</span> <span class='ocrx_word' id='word_1_598' title='bbox 2388 3542 2482 3578; x_wconf 86' lang='grc' dir='ltr'><strong>σου</strong></span> <span class='ocrx_word' id='word_1_599' title='bbox 2519 3527 2619 3598; x_wconf 76' lang='grc' dir='ltr'>τὴν</span> <span class='ocrx_word' id='word_1_600' title='bbox 2660 3527 2897 3597; x_wconf 83' lang='grc' dir='ltr'>ἡλικίαν,</span> 
     </span>
    </p>
   </div>
   <div class='ocr_carea' id='block_1_65' title="bbox 2231 3518 3699 3598">
    <p class='ocr_par' dir='ltr' id='par_1_65' title="bbox 2231 3518 3699 3598">
     <span class='ocr_line' id='line_1_65' title="bbox 2231 3518 3699 3598; baseline -0.004 -20"><span class='ocrx_word' id='word_1_601' title='bbox 2231 3525 2342 3596; x_wconf 79' lang='grc' dir='ltr'>)ητί</span> <span class='ocrx_word' id='word_1_602' title='bbox 2388 3542 2482 3578; x_wconf 78' lang='grc' dir='ltr'><strong>σου</strong></span> <span class='ocrx_word' id='word_1_603' title='bbox 2519 3527 2619 3598; x_wconf 77' lang='grc' dir='ltr'>τὴν</span> <span class='ocrx_word' id='word_1_604' title='bbox 2660 3527 2897 3597; x_wconf 84' lang='grc' dir='ltr'>ἡλικίαν,</span> <span class='ocrx_word' id='word_1_605' title='bbox 2935 3546 2952 3577; x_wconf 78' lang='grc' dir='ltr'><strong>ι</strong></span> <span class='ocrx_word' id='word_1_606' title='bbox 2987 3527 3080 3580; x_wconf 76' lang='grc' dir='ltr'><strong>καὶ</strong></span> <span class='ocrx_word' id='word_1_607' title='bbox 3107 3527 3272 3598; x_wconf 77' lang='grc' dir='ltr'>ἕτερα</span> <span class='ocrx_word' id='word_1_608' title='bbox 3313 3526 3504 3585; x_wconf 75' lang='grc' dir='ltr'>τούτοις</span> <span class='ocrx_word' id='word_1_609' title='bbox 3528 3518 3668 3573; x_wconf 57' lang='grc' dir='ltr'>ἀιόὶῦν</span> 
     </span>
    </p>
   </div>
   <div class='ocr_carea' id='block_1_66' title="bbox 499 3610 2918 3694">
    <p class='ocr_par' dir='ltr' id='par_1_66' title="bbox 499 3611 2918 3689">
     <span class='ocr_line' id='line_1_66' title="bbox 499 3611 2918 3689; baseline -0.001 -22"><span class='ocrx_word' id='word_1_610' title='bbox 499 3623 715 3670; x_wconf 65' lang='lat' dir='ltr'><strong>aetatem</strong></span> <span class='ocrx_word' id='word_1_611' title='bbox 751 3627 935 3680; x_wconf 89' lang='lat' dir='ltr'><strong>tuam,</strong></span> <span class='ocrx_word' id='word_1_612' title='bbox 978 3634 994 3666; x_wconf 78' lang='grc' dir='ltr'><strong>ι</strong></span> <span class='ocrx_word' id='word_1_613' title='bbox 1029 3615 1244 3686; x_wconf 86' lang='lat' dir='ltr'><strong>aliaque</strong></span> <span class='ocrx_word' id='word_1_614' title='bbox 1280 3614 1366 3669; x_wconf 89' lang='lat' dir='ltr'><strong>his</strong></span> <span class='ocrx_word' id='word_1_615' title='bbox 1411 3622 1798 3677; x_wconf 90' lang='lat' dir='ltr'><strong>consentanea,</strong></span> <span class='ocrx_word' id='word_1_616' title='bbox 1838 3626 1962 3680; x_wconf 61' lang='lat' dir='ltr'><strong>quae</strong></span> <span class='ocrx_word' id='word_1_617' title='bbox 1991 3611 2080 3666; x_wconf 89' lang='lat' dir='ltr'><strong>isti</strong></span> <span class='ocrx_word' id='word_1_618' title='bbox 2184 3617 2271 3683; x_wconf 79' lang='grc' dir='ltr'><strong>θα,</strong></span> <span class='ocrx_word' id='word_1_619' title='bbox 2300 3620 2376 3689; x_wconf 76' lang='grc' dir='ltr'>ὡς</span> <span class='ocrx_word' id='word_1_620' title='bbox 2405 3619 2526 3683; x_wconf 60' lang='lat' dir='ltr'><strong>Eoo;</strong></span> <span class='ocrx_word' id='word_1_621' title='bbox 2561 3620 2744 3682; x_wconf 79' lang='grc' dir='ltr'>αὐτοῖς</span> <span class='ocrx_word' id='word_1_622' title='bbox 2765 3619 2918 3688; x_wconf 64' lang='grc' dir='ltr'>λέγει</span> 
     </span>
    </p>
   </div>
   <div class='ocr_carea' id='block_1_67' title="bbox 2231 3610 3699 3694">
    <p class='ocr_par' dir='ltr' id='par_1_67' title="bbox 2231 3610 3699 3694">
     <span class='ocr_line' id='line_1_67' title="bbox 2231 3610 3699 3694; baseline -0.01 -22"><span class='ocrx_word' id='word_1_623' title='bbox 2231 3638 2271 3683; x_wconf 79' lang='grc' dir='ltr'><strong>ι,</strong></span> <span class='ocrx_word' id='word_1_624' title='bbox 2300 3620 2376 3689; x_wconf 84' lang='grc' dir='ltr'>ὡς</span> <span class='ocrx_word' id='word_1_625' title='bbox 2405 3619 2526 3683; x_wconf 75' lang='grc' dir='ltr'>ἔθος</span> <span class='ocrx_word' id='word_1_626' title='bbox 2561 3620 2744 3682; x_wconf 83' lang='grc' dir='ltr'>αὐτοῖς</span> <span class='ocrx_word' id='word_1_627' title='bbox 2765 3619 2944 3688; x_wconf 79' lang='grc' dir='ltr'>λέγειν</span> <span class='ocrx_word' id='word_1_628' title='bbox 2967 3619 3094 3689; x_wconf 73' lang='grc'><strong>(61)’</strong></span> <span class='ocrx_word' id='word_1_629' title='bbox 3127 3639 3145 3670; x_wconf 78' lang='grc' dir='ltr'><strong>ι</strong></span> <span class='ocrx_word' id='word_1_630' title='bbox 3181 3621 3421 3690; x_wconf 80' lang='grc' dir='ltr'>Ὀμοσον</span> <span class='ocrx_word' id='word_1_631' title='bbox 3444 3615 3527 3684; x_wconf 71' lang='grc' dir='ltr'><strong>τὴν</strong></span> <span class='ocrx_word' id='word_1_632' title='bbox 3542 3610 3668 3663; x_wconf 65' lang='grc' dir='ltr'><strong>Κσέςπ-</strong></span> 
     </span>
    </p>
   </div>
   <div class='ocr_carea' id='block_1_68' title="bbox 496 3701 2918 3783">
    <p class='ocr_par' dir='ltr' id='par_1_68' title="bbox 496 3701 2918 3783">
     <span class='ocr_line' id='line_1_68' title="bbox 496 3701 2918 3783; baseline 0 -23"><span class='ocrx_word' id='word_1_633' title='bbox 496 3707 744 3776; x_wconf 85' lang='lat' dir='ltr'><strong>proferre</strong></span> <span class='ocrx_word' id='word_1_634' title='bbox 779 3708 992 3762; x_wconf 88' lang='lat' dir='ltr'><strong>solent:</strong></span> <span class='ocrx_word' id='word_1_635' title='bbox 1025 3727 1043 3757; x_wconf 81' lang='grc' dir='ltr'><strong>ι</strong></span> <span class='ocrx_word' id='word_1_636' title='bbox 1076 3705 1208 3761; x_wconf 81' lang='lat' dir='ltr'><strong>Jura</strong></span> <span class='ocrx_word' id='word_1_637' title='bbox 1239 3722 1337 3776; x_wconf 86' lang='lat' dir='ltr'><strong>per</strong></span> <span class='ocrx_word' id='word_1_638' title='bbox 1365 3705 1647 3760; x_wconf 79' lang='lat' dir='ltr'><strong>fortunam</strong></span> <span class='ocrx_word' id='word_1_639' title='bbox 1677 3701 1934 3771; x_wconf 72' lang='lat' dir='ltr'><strong>Caesaris,</strong></span> <span class='ocrx_word' id='word_1_640' title='bbox 1953 3703 2083 3758; x_wconf 89' lang='lat' dir='ltr'><strong>resi-</strong></span> <span class='ocrx_word' id='word_1_641' title='bbox 2184 3728 2276 3783; x_wconf 86' lang='grc' dir='ltr'><strong>ρος</strong></span> <span class='ocrx_word' id='word_1_642' title='bbox 2312 3712 2502 3783; x_wconf 88' lang='grc' dir='ltr'>τύχην,</span> <span class='ocrx_word' id='word_1_643' title='bbox 2533 3711 2884 3782; x_wconf 81' lang='grc' dir='ltr'>μετανόησον,</span> <span class='ocrx_word' id='word_1_644' title='bbox 2915 3732 2918 3760; x_wconf 74' lang='grc' dir='ltr'><strong>ι</strong></span> 
     </span>
    </p>
   </div>
   <div class='ocr_carea' id='block_1_69' title="bbox 2231 3701 3668 3783">
    <p class='ocr_par' dir='ltr' id='par_1_69' title="bbox 2231 3701 3668 3783">
     <span class='ocr_line' id='line_1_69' title="bbox 2231 3701 3668 3783; baseline -0.042 -20"><span class='ocrx_word' id='word_1_645' title='bbox 2231 3728 2276 3774; x_wconf 80' lang='grc' dir='ltr'>ις</span> <span class='ocrx_word' id='word_1_646' title='bbox 2312 3712 2502 3783; x_wconf 89' lang='grc' dir='ltr'>τύχην,</span> <span class='ocrx_word' id='word_1_647' title='bbox 2533 3711 2884 3782; x_wconf 78' lang='grc' dir='ltr'>μετανόησον,</span> <span class='ocrx_word' id='word_1_648' title='bbox 2915 3711 3054 3764; x_wconf 74' lang='grc' dir='ltr'>εεπέο</span> <span class='ocrx_word' id='word_1_649' title='bbox 3069 3705 3206 3777; x_wconf 65' lang='grc' dir='ltr'><strong>Αῖρε</strong></span> <span class='ocrx_word' id='word_1_650' title='bbox 3221 3705 3367 3772; x_wconf 68' lang='grc' dir='ltr'><em>τοὺς</em></span> <span class='ocrx_word' id='word_1_651' title='bbox 3379 3701 3668 3768; x_wconf 42' lang='grc' dir='ltr'><strong>ἀθέους(δῶ</strong></span> 
     </span>
    </p>
   </div>
   <div class='ocr_carea' id='block_1_70' title="bbox 496 3795 2918 3876">
    <p class='ocr_par' dir='ltr' id='par_1_70' title="bbox 496 3795 2918 3876">
     <span class='ocr_line' id='line_1_70' title="bbox 496 3795 2918 3876; baseline -0.003 -23"><span class='ocrx_word' id='word_1_652' title='bbox 496 3799 668 3870; x_wconf 87' lang='lat' dir='ltr'><strong>pisce,</strong></span> <span class='ocrx_word' id='word_1_653' title='bbox 696 3799 1017 3854; x_wconf 88' lang='lat' dir='ltr'><strong>conclama:</strong></span> <span class='ocrx_word' id='word_1_654' title='bbox 1072 3796 1216 3851; x_wconf 83' lang='lat' dir='ltr'><strong>Tolle</strong></span> <span class='ocrx_word' id='word_1_655' title='bbox 1247 3797 1457 3868; x_wconf 79' lang='lat' dir='ltr'><strong>impios.</strong></span> <span class='ocrx_word' id='word_1_656' title='bbox 1499 3815 1517 3849; x_wconf 83' lang='grc' dir='ltr'><strong>ι</strong></span> <span class='ocrx_word' id='word_1_657' title='bbox 1549 3795 1706 3851; x_wconf 87' lang='lat' dir='ltr'><strong>Tunc</strong></span> <span class='ocrx_word' id='word_1_658' title='bbox 1739 3795 2077 3867; x_wconf 88' lang='lat' dir='ltr'><strong>Polycarpns</strong></span> <span class='ocrx_word' id='word_1_659' title='bbox 2195 3805 2253 3857; x_wconf 81' lang='grc' dir='ltr'><strong>ὀ</strong></span> <span class='ocrx_word' id='word_1_660' title='bbox 2281 3804 2337 3857; x_wconf 71' lang='grc' dir='ltr'>δὲ</span> <span class='ocrx_word' id='word_1_661' title='bbox 2374 3804 2729 3876; x_wconf 78' lang='grc' dir='ltr'>Πολύχαρπος</span> <span class='ocrx_word' id='word_1_662' title='bbox 2763 3804 2918 3876; x_wconf 43' lang='grc' dir='ltr'>ὲμδρι</span> 
     </span>
    </p>
   </div>
   <div class='ocr_carea' id='block_1_71' title="bbox 2231 3795 3668 3876">
    <p class='ocr_par' dir='ltr' id='par_1_71' title="bbox 2231 3795 3668 3876">
     <span class='ocr_line' id='line_1_71' title="bbox 2231 3795 3668 3876; baseline -0.005 -19"><span class='ocrx_word' id='word_1_663' title='bbox 2231 3809 2253 3857; x_wconf 86' lang='grc'><strong>)</strong></span> <span class='ocrx_word' id='word_1_664' title='bbox 2281 3804 2337 3857; x_wconf 81' lang='grc' dir='ltr'><strong>δὲ</strong></span> <span class='ocrx_word' id='word_1_665' title='bbox 2374 3804 2729 3876; x_wconf 84' lang='grc' dir='ltr'>Πολύκαρπος</span> <span class='ocrx_word' id='word_1_666' title='bbox 2763 3803 3020 3876; x_wconf 76' lang='grc' dir='ltr'>ἐμϐριθεῖ</span> <span class='ocrx_word' id='word_1_667' title='bbox 3052 3803 3128 3873; x_wconf 81' lang='grc' dir='ltr'>τῷ</span> <span class='ocrx_word' id='word_1_668' title='bbox 3164 3801 3440 3873; x_wconf 82' lang='grc' dir='ltr'>προσώπῳ</span> <span class='ocrx_word' id='word_1_669' title='bbox 3464 3801 3528 3859; x_wconf 80' lang='grc' dir='ltr'><strong>εἰς</strong></span> <span class='ocrx_word' id='word_1_670' title='bbox 3559 3795 3668 3845; x_wconf 58' lang='lat' dir='ltr'><strong>ri???</strong></span> 
     </span>
    </p>
   </div>
   <div class='ocr_carea' id='block_1_72' title="bbox 495 3885 2918 3966">
    <p class='ocr_par' dir='ltr' id='par_1_72' title="bbox 495 3890 2918 3966">
     <span class='ocr_line' id='line_1_72' title="bbox 495 3890 2918 3966; baseline 0.001 -21"><span class='ocrx_word' id='word_1_671' title='bbox 495 3893 646 3960; x_wconf 81' lang='lat' dir='ltr'><strong>gravi</strong></span> <span class='ocrx_word' id='word_1_672' title='bbox 675 3906 739 3945; x_wconf 92' lang='lat' dir='ltr'><strong>ac</strong></span> <span class='ocrx_word' id='word_1_673' title='bbox 762 3906 954 3947; x_wconf 88' lang='lat' dir='ltr'><strong>severo</strong></span> <span class='ocrx_word' id='word_1_674' title='bbox 987 3891 1137 3945; x_wconf 85' lang='lat' dir='ltr'><strong>vultu</strong></span> <span class='ocrx_word' id='word_1_675' title='bbox 1167 3891 1384 3945; x_wconf 89' lang='lat' dir='ltr'><strong>turbam</strong></span> <span class='ocrx_word' id='word_1_676' title='bbox 1409 3905 1626 3945; x_wconf 89' lang='lat' dir='ltr'><strong>omnem</strong></span> <span class='ocrx_word' id='word_1_677' title='bbox 1661 3890 2074 3957; x_wconf 88' lang='lat' dir='ltr'><strong>sceleratorum,</strong></span> <span class='ocrx_word' id='word_1_678' title='bbox 2178 3895 2269 3949; x_wconf 86' lang='grc' dir='ltr'><strong>τὸν</strong></span> <span class='ocrx_word' id='word_1_679' title='bbox 2290 3895 2444 3966; x_wconf 77' lang='grc' dir='ltr'>ὄχλον</span> <span class='ocrx_word' id='word_1_680' title='bbox 2473 3896 2580 3948; x_wconf 84' lang='grc' dir='ltr'><strong>τῶν</strong></span> <span class='ocrx_word' id='word_1_681' title='bbox 2607 3898 2663 3948; x_wconf 87' lang='grc' dir='ltr'><strong>ἐν</strong></span> <span class='ocrx_word' id='word_1_682' title='bbox 2701 3894 2778 3964; x_wconf 82' lang='grc' dir='ltr'><strong>τῷ</strong></span> <span class='ocrx_word' id='word_1_683' title='bbox 2814 3912 2918 3948; x_wconf 83' lang='grc' dir='ltr'><strong>στα</strong></span> 
     </span>
    </p>
   </div>
   <div class='ocr_carea' id='block_1_73' title="bbox 2231 3885 3699 3966">
    <p class='ocr_par' dir='ltr' id='par_1_73' title="bbox 2231 3885 3699 3966">
     <span class='ocr_line' id='line_1_73' title="bbox 2231 3885 3699 3966; baseline -0.005 -18"><span class='ocrx_word' id='word_1_684' title='bbox 2231 3913 2269 3948; x_wconf 68' lang='grc' dir='ltr'><strong>ιν</strong></span> <span class='ocrx_word' id='word_1_685' title='bbox 2290 3895 2444 3966; x_wconf 77' lang='grc' dir='ltr'>ὄχλον</span> <span class='ocrx_word' id='word_1_686' title='bbox 2473 3896 2580 3948; x_wconf 84' lang='grc' dir='ltr'><strong>τῶν</strong></span> <span class='ocrx_word' id='word_1_687' title='bbox 2607 3898 2663 3948; x_wconf 86' lang='grc' dir='ltr'><strong>ἐν</strong></span> <span class='ocrx_word' id='word_1_688' title='bbox 2701 3894 2778 3964; x_wconf 82' lang='grc' dir='ltr'><strong>τῷ</strong></span> <span class='ocrx_word' id='word_1_689' title='bbox 2814 3895 3012 3965; x_wconf 79' lang='grc' dir='ltr'>σταδίῳ</span> <span class='ocrx_word' id='word_1_690' title='bbox 3028 3894 3248 3964; x_wconf 88' lang='grc' dir='ltr'>ἀνόμων</span> <span class='ocrx_word' id='word_1_691' title='bbox 3273 3892 3437 3946; x_wconf 80' lang='grc' dir='ltr'>ἐθνῶν</span> <span class='ocrx_word' id='word_1_692' title='bbox 3463 3886 3669 3960; x_wconf 58' lang='grc' dir='ltr'>ἐμϐλίεᾲιςι</span> 
     </span>
    </p>
   </div>
   <div class='ocr_carea' id='block_1_74' title="bbox 495 3977 2918 4058">
    <p class='ocr_par' dir='ltr' id='par_1_74' title="bbox 495 3982 2918 4058">
     <span class='ocr_line' id='line_1_74' title="bbox 495 3982 2918 4058; baseline 0.001 -22"><span class='ocrx_word' id='word_1_693' title='bbox 495 3983 588 4051; x_wconf 87' lang='lat' dir='ltr'><strong>qui</strong></span> <span class='ocrx_word' id='word_1_694' title='bbox 626 3983 681 4035; x_wconf 91' lang='lat' dir='ltr'><strong>in</strong></span> <span class='ocrx_word' id='word_1_695' title='bbox 714 3982 891 4037; x_wconf 86' lang='lat' dir='ltr'><strong>stadio</strong></span> <span class='ocrx_word' id='word_1_696' title='bbox 918 3993 1096 4050; x_wconf 89' lang='lat' dir='ltr'><strong>erant,</strong></span> <span class='ocrx_word' id='word_1_697' title='bbox 1116 3982 1396 4051; x_wconf 79' lang='lat' dir='ltr'><strong>gentilium</strong></span> <span class='ocrx_word' id='word_1_698' title='bbox 1425 3991 1716 4050; x_wconf 90' lang='lat' dir='ltr'><strong>contuens,</strong></span> <span class='ocrx_word' id='word_1_699' title='bbox 1742 3998 2077 4053; x_wconf 87' lang='lat' dir='ltr'><strong>manumque</strong></span> <span class='ocrx_word' id='word_1_700' title='bbox 2179 3989 2275 4042; x_wconf 73' lang='grc' dir='ltr'><strong>καὶ</strong></span> <span class='ocrx_word' id='word_1_701' title='bbox 2307 3989 2589 4052; x_wconf 81' lang='grc' dir='ltr'>ἐπισείσας</span> <span class='ocrx_word' id='word_1_702' title='bbox 2623 3989 2804 4051; x_wconf 82' lang='grc' dir='ltr'>αὐτοῖς</span> <span class='ocrx_word' id='word_1_703' title='bbox 2834 3989 2918 4058; x_wconf 70' lang='grc' dir='ltr'><strong>τὴι</strong></span> 
     </span>
    </p>
   </div>
   <div class='ocr_carea' id='block_1_75' title="bbox 2231 3977 3699 4058">
    <p class='ocr_par' dir='ltr' id='par_1_75' title="bbox 2231 3977 3699 4058">
     <span class='ocr_line' id='line_1_75' title="bbox 2231 3977 3699 4058; baseline -0.012 -16"><span class='ocrx_word' id='word_1_704' title='bbox 2231 3989 2275 4042; x_wconf 77' lang='lat' dir='ltr'><strong>tl.</strong></span> <span class='ocrx_word' id='word_1_705' title='bbox 2307 3989 2589 4052; x_wconf 82' lang='grc' dir='ltr'>ἐπισείσας</span> <span class='ocrx_word' id='word_1_706' title='bbox 2623 3989 2804 4051; x_wconf 82' lang='grc' dir='ltr'>αὐτοῖς</span> <span class='ocrx_word' id='word_1_707' title='bbox 2834 3989 2932 4058; x_wconf 82' lang='grc' dir='ltr'><strong>τὴν</strong></span> <span class='ocrx_word' id='word_1_708' title='bbox 2954 3989 3132 4058; x_wconf 84' lang='grc' dir='ltr'>χεῖρα,</span> <span class='ocrx_word' id='word_1_709' title='bbox 3164 3985 3424 4051; x_wconf 77' lang='grc' dir='ltr'>στενάξας</span> <span class='ocrx_word' id='word_1_710' title='bbox 3443 3981 3578 4034; x_wconf 78' lang='grc' dir='ltr'>τεκαὶ</span> <span class='ocrx_word' id='word_1_711' title='bbox 3593 3977 3670 4027; x_wconf 72' lang='grc' dir='ltr'>ἀνι·</span> <span class='ocrx_word' id='word_1_712' title='bbox 3698 3987 3699 4046; x_wconf 53' lang='grc' dir='ltr'><strong>ἢ</strong></span> 
     </span>
    </p>
   </div>
   <div class='ocr_carea' id='block_1_76' title="bbox 496 4067 2918 4151">
    <p class='ocr_par' dir='ltr' id='par_1_76' title="bbox 496 4071 2918 4151">
     <span class='ocr_line' id='line_1_76' title="bbox 496 4071 2918 4151; baseline 0.004 -28"><span class='ocrx_word' id='word_1_713' title='bbox 496 4071 553 4123; x_wconf 90' lang='lat' dir='ltr'><strong>in</strong></span> <span class='ocrx_word' id='word_1_714' title='bbox 586 4086 681 4126; x_wconf 89' lang='lat' dir='ltr'><strong>eos</strong></span> <span class='ocrx_word' id='word_1_715' title='bbox 705 4071 1010 4142; x_wconf 85' lang='lat' dir='ltr'><strong>porrigens,</strong></span> <span class='ocrx_word' id='word_1_716' title='bbox 1044 4071 1317 4140; x_wconf 91' lang='lat' dir='ltr'><strong>simulque</strong></span> <span class='ocrx_word' id='word_1_717' title='bbox 1349 4087 1572 4142; x_wconf 85' lang='lat' dir='ltr'><strong>gemens</strong></span> <span class='ocrx_word' id='word_1_718' title='bbox 1616 4088 1680 4127; x_wconf 89' lang='lat' dir='ltr'><strong>ac</strong></span> <span class='ocrx_word' id='word_1_719' title='bbox 1717 4073 1917 4127; x_wconf 75' lang='lat' dir='ltr'><strong>cmlum</strong></span> <span class='ocrx_word' id='word_1_720' title='bbox 1953 4089 2077 4129; x_wconf 87' lang='lat' dir='ltr'><strong>sus-</strong></span> <span class='ocrx_word' id='word_1_721' title='bbox 2178 4080 2381 4151; x_wconf 73' lang='grc' dir='ltr'>ϐλέψας</span> <span class='ocrx_word' id='word_1_722' title='bbox 2396 4083 2474 4144; x_wconf 82' lang='grc' dir='ltr'><strong>εἰς</strong></span> <span class='ocrx_word' id='word_1_723' title='bbox 2489 4081 2581 4133; x_wconf 83' lang='grc' dir='ltr'><strong>τὸν</strong></span> <span class='ocrx_word' id='word_1_724' title='bbox 2597 4079 2842 4150; x_wconf 78' lang='grc' dir='ltr'>οὐρανὸν,</span> <span class='ocrx_word' id='word_1_725' title='bbox 2875 4075 2918 4132; x_wconf 78' lang='grc' dir='ltr'>εἳ</span> 
     </span>
    </p>
   </div>
   <div class='ocr_carea' id='block_1_77' title="bbox 2231 4067 3668 4151">
    <p class='ocr_par' dir='ltr' id='par_1_77' title="bbox 2231 4067 3668 4151">
     <span class='ocr_line' id='line_1_77' title="bbox 2231 4067 3668 4151; baseline -0.013 -15"><span class='ocrx_word' id='word_1_726' title='bbox 2231 4081 2381 4151; x_wconf 69' lang='grc' dir='ltr'>ιέψας</span> <span class='ocrx_word' id='word_1_727' title='bbox 2396 4083 2474 4144; x_wconf 84' lang='grc' dir='ltr'><strong>εἰς</strong></span> <span class='ocrx_word' id='word_1_728' title='bbox 2489 4081 2581 4133; x_wconf 82' lang='grc' dir='ltr'><strong>τὸν</strong></span> <span class='ocrx_word' id='word_1_729' title='bbox 2597 4079 2842 4150; x_wconf 79' lang='grc' dir='ltr'>οὐρανὸν,</span> <span class='ocrx_word' id='word_1_730' title='bbox 2875 4075 3044 4132; x_wconf 77' lang='grc' dir='ltr'>εἶπεν·</span> <span class='ocrx_word' id='word_1_731' title='bbox 3059 4098 3077 4129; x_wconf 81' lang='grc' dir='ltr'><strong>ι</strong></span> <span class='ocrx_word' id='word_1_732' title='bbox 3096 4074 3229 4149; x_wconf 73' lang='grc' dir='ltr'>Αἶρε</span> <span class='ocrx_word' id='word_1_733' title='bbox 3253 4081 3378 4142; x_wconf 75' lang='grc' dir='ltr'>τοὺς</span> <span class='ocrx_word' id='word_1_734' title='bbox 3393 4067 3668 4136; x_wconf 53' lang='grc' dir='ltr'>ἁθὲσδςωῦὶι</span> 
     </span>
    </p>
   </div>
   <div class='ocr_carea' id='block_1_78' title="bbox 492 4159 2918 4243">
    <p class='ocr_par' dir='ltr' id='par_1_78' title="bbox 492 4162 2918 4243">
     <span class='ocr_line' id='line_1_78' title="bbox 492 4162 2918 4243; baseline 0.003 -28"><span class='ocrx_word' id='word_1_735' title='bbox 492 4162 704 4232; x_wconf 89' lang='lat' dir='ltr'><strong>piciens</strong></span> <span class='ocrx_word' id='word_1_736' title='bbox 738 4162 876 4217; x_wconf 84' lang='lat' dir='ltr'><strong>dixit</strong></span> <span class='ocrx_word' id='word_1_737' title='bbox 912 4183 924 4218; x_wconf 94' lang='lat'>:</span> <span class='ocrx_word' id='word_1_738' title='bbox 958 4184 975 4214; x_wconf 80' lang='grc' dir='ltr'><strong>ι</strong></span> <span class='ocrx_word' id='word_1_739' title='bbox 1018 4163 1172 4219; x_wconf 86' lang='lat' dir='ltr'><strong>Tolle</strong></span> <span class='ocrx_word' id='word_1_740' title='bbox 1202 4165 1419 4234; x_wconf 92' lang='lat' dir='ltr'><strong>impios.</strong></span> <span class='ocrx_word' id='word_1_741' title='bbox 1463 4184 1482 4215; x_wconf 78' lang='grc' dir='ltr'><strong>ι</strong></span> <span class='ocrx_word' id='word_1_742' title='bbox 1521 4163 1757 4235; x_wconf 85' lang='lat' dir='ltr'><strong>Urgente</strong></span> <span class='ocrx_word' id='word_1_743' title='bbox 1787 4181 1917 4220; x_wconf 90' lang='lat' dir='ltr'><strong>vero</strong></span> <span class='ocrx_word' id='word_1_744' title='bbox 1955 4181 2076 4236; x_wconf 89' lang='lat' dir='ltr'><strong>pro-</strong></span> <span class='ocrx_word' id='word_1_745' title='bbox 2190 4172 2542 4243; x_wconf 80' lang='grc' dir='ltr'>Ἐγκειμένου</span> <span class='ocrx_word' id='word_1_746' title='bbox 2575 4172 2632 4225; x_wconf 81' lang='grc' dir='ltr'><strong>δὲ</strong></span> <span class='ocrx_word' id='word_1_747' title='bbox 2665 4170 2761 4224; x_wconf 83' lang='grc' dir='ltr'>τοῦ</span> <span class='ocrx_word' id='word_1_748' title='bbox 2787 4171 2918 4224; x_wconf 61' lang='lat' dir='ltr'><strong>aveo</strong></span> 
     </span>
    </p>
   </div>
   <div class='ocr_carea' id='block_1_79' title="bbox 2231 4159 3699 4243">
    <p class='ocr_par' dir='ltr' id='par_1_79' title="bbox 2231 4159 3699 4243">
     <span class='ocr_line' id='line_1_79' title="bbox 2231 4159 3699 4243; baseline -0.007 -17"><span class='ocrx_word' id='word_1_749' title='bbox 2231 4172 2542 4243; x_wconf 71' lang='grc' dir='ltr'>Εγκειμένου</span> <span class='ocrx_word' id='word_1_750' title='bbox 2575 4172 2632 4225; x_wconf 84' lang='grc' dir='ltr'><strong>δὲ</strong></span> <span class='ocrx_word' id='word_1_751' title='bbox 2665 4170 2761 4224; x_wconf 82' lang='grc' dir='ltr'>τοῦ</span> <span class='ocrx_word' id='word_1_752' title='bbox 2787 4170 3092 4224; x_wconf 84' lang='grc' dir='ltr'>ἀνθυπάτου</span> <span class='ocrx_word' id='word_1_753' title='bbox 3127 4171 3222 4222; x_wconf 69' lang='grc' dir='ltr'>καὶ</span> <span class='ocrx_word' id='word_1_754' title='bbox 3254 4170 3507 4236; x_wconf 68' lang='grc' dir='ltr'>λέγοντος</span> <span class='ocrx_word' id='word_1_755' title='bbox 3534 4159 3669 4222; x_wconf 51' lang='grc' dir='ltr'>ι’θὲε</span> <span class='ocrx_word' id='word_1_756' title='bbox 3698 4233 3699 4238; x_wconf 15' lang='grc' dir='ltr'><strong>η</strong></span> 
     </span>
    </p>
   </div>
   <div class='ocr_carea' id='block_1_80' title="bbox 492 4249 2918 4336">
    <p class='ocr_par' dir='ltr' id='par_1_80' title="bbox 492 4254 2918 4329">
     <span class='ocr_line' id='line_1_80' title="bbox 492 4254 2918 4329; baseline 0.002 -19"><span class='ocrx_word' id='word_1_757' title='bbox 492 4255 721 4310; x_wconf 86' lang='lat' dir='ltr'><strong>consule</strong></span> <span class='ocrx_word' id='word_1_758' title='bbox 741 4263 902 4324; x_wconf 89' lang='lat' dir='ltr'><strong>atque</strong></span> <span class='ocrx_word' id='word_1_759' title='bbox 927 4257 1175 4310; x_wconf 86' lang='lat' dir='ltr'><strong>dicente:</strong></span> <span class='ocrx_word' id='word_1_760' title='bbox 1209 4274 1227 4306; x_wconf 84' lang='grc' dir='ltr'><strong>ι</strong></span> <span class='ocrx_word' id='word_1_761' title='bbox 1256 4254 1409 4323; x_wconf 87' lang='lat' dir='ltr'><strong>Jura,</strong></span> <span class='ocrx_word' id='word_1_762' title='bbox 1441 4266 1496 4311; x_wconf 93' lang='lat' dir='ltr'><strong>et</strong></span> <span class='ocrx_word' id='word_1_763' title='bbox 1539 4257 1755 4310; x_wconf 91' lang='lat' dir='ltr'><strong>dimitto</strong></span> <span class='ocrx_word' id='word_1_764' title='bbox 1785 4265 1837 4310; x_wconf 93' lang='lat' dir='ltr'><strong>te</strong></span> <span class='ocrx_word' id='word_1_765' title='bbox 1858 4299 1872 4323; x_wconf 91' lang='lat'><strong>,</strong></span> <span class='ocrx_word' id='word_1_766' title='bbox 1909 4258 2075 4312; x_wconf 84' lang='lat' dir='ltr'><strong>male-</strong></span> <span class='ocrx_word' id='word_1_767' title='bbox 2177 4285 2288 4329; x_wconf 80' lang='grc' dir='ltr'>σον,</span> <span class='ocrx_word' id='word_1_768' title='bbox 2315 4267 2406 4320; x_wconf 70' lang='grc' dir='ltr'>καὶ</span> <span class='ocrx_word' id='word_1_769' title='bbox 2429 4265 2649 4319; x_wconf 85' lang='grc' dir='ltr'>ἀπολύω</span> <span class='ocrx_word' id='word_1_770' title='bbox 2679 4282 2759 4327; x_wconf 88' lang='grc' dir='ltr'><strong>σε,</strong></span> <span class='ocrx_word' id='word_1_771' title='bbox 2786 4265 2918 4318; x_wconf 70' lang='grc' dir='ltr'>λοιδό</span> 
     </span>
    </p>
   </div>
   <div class='ocr_carea' id='block_1_81' title="bbox 2231 4249 3669 4336">
    <p class='ocr_par' dir='ltr' id='par_1_81' title="bbox 2231 4249 3669 4336">
     <span class='ocr_line' id='line_1_81' title="bbox 2231 4249 3669 4336; baseline -0.014 -17"><span class='ocrx_word' id='word_1_772' title='bbox 2231 4285 2288 4329; x_wconf 73' lang='grc' dir='ltr'><strong>ιν,</strong></span> <span class='ocrx_word' id='word_1_773' title='bbox 2315 4267 2406 4320; x_wconf 72' lang='grc' dir='ltr'>καὶ</span> <span class='ocrx_word' id='word_1_774' title='bbox 2429 4265 2649 4319; x_wconf 85' lang='grc' dir='ltr'>ἀπολύω</span> <span class='ocrx_word' id='word_1_775' title='bbox 2679 4282 2759 4327; x_wconf 88' lang='grc' dir='ltr'><strong>σε,</strong></span> <span class='ocrx_word' id='word_1_776' title='bbox 2786 4265 3100 4336; x_wconf 83' lang='grc' dir='ltr'>λοιδόρησον</span> <span class='ocrx_word' id='word_1_777' title='bbox 3141 4263 3233 4315; x_wconf 84' lang='grc' dir='ltr'><strong>τὸν</strong></span> <span class='ocrx_word' id='word_1_778' title='bbox 3267 4260 3504 4332; x_wconf 73' lang='grc' dir='ltr'>Χριστόνο</span> <span class='ocrx_word' id='word_1_779' title='bbox 3533 4274 3549 4304; x_wconf 76' lang='grc' dir='ltr'><strong>ι</strong></span> <span class='ocrx_word' id='word_1_780' title='bbox 3573 4249 3669 4303; x_wconf 63' lang='lat' dir='ltr'><strong>cllo-</strong></span> 
     </span>
    </p>
   </div>
   <div class='ocr_carea' id='block_1_82' title="bbox 491 4341 2918 4429">
    <p class='ocr_par' dir='ltr' id='par_1_82' title="bbox 491 4343 2915 4429">
     <span class='ocr_line' id='line_1_82' title="bbox 491 4343 2915 4429; baseline 0.004 -31"><span class='ocrx_word' id='word_1_781' title='bbox 491 4345 580 4399; x_wconf 91' lang='lat' dir='ltr'><strong>dic</strong></span> <span class='ocrx_word' id='word_1_782' title='bbox 618 4343 838 4401; x_wconf 91' lang='lat' dir='ltr'><strong>Christo</strong></span> <span class='ocrx_word' id='word_1_783' title='bbox 856 4347 888 4412; x_wconf 88' lang='lat'><strong>;‘</strong></span> <span class='ocrx_word' id='word_1_784' title='bbox 912 4366 930 4398; x_wconf 81' lang='grc' dir='ltr'><strong>ι</strong></span> <span class='ocrx_word' id='word_1_785' title='bbox 962 4345 1296 4418; x_wconf 82' lang='lat' dir='ltr'><strong>Polycarpus</strong></span> <span class='ocrx_word' id='word_1_786' title='bbox 1331 4347 1660 4417; x_wconf 84' lang='lat' dir='ltr'><strong>respondit:</strong></span> <span class='ocrx_word' id='word_1_787' title='bbox 1710 4365 1728 4396; x_wconf 78' lang='grc' dir='ltr'><strong>ι</strong></span> <span class='ocrx_word' id='word_1_788' title='bbox 1785 4344 2072 4419; x_wconf 85' lang='lat' dir='ltr'><strong>0ct0ginta</strong></span> <span class='ocrx_word' id='word_1_789' title='bbox 2175 4358 2452 4429; x_wconf 84' lang='grc' dir='ltr'>λύκαρπος</span> <span class='ocrx_word' id='word_1_790' title='bbox 2497 4356 2622 4427; x_wconf 64' lang='grc' dir='ltr'><strong>ἔφη’</strong></span> <span class='ocrx_word' id='word_1_791' title='bbox 2657 4376 2676 4406; x_wconf 75' lang='grc' dir='ltr'><strong>ι</strong></span> <span class='ocrx_word' id='word_1_792' title='bbox 2731 4355 2915 4426; x_wconf 80' lang='grc' dir='ltr'>Ὁγδοή</span> 
     </span>
    </p>
   </div>
   <div class='ocr_carea' id='block_1_83' title="bbox 2231 4341 3669 4429">
    <p class='ocr_par' dir='ltr' id='par_1_83' title="bbox 2231 4341 3669 4429">
     <span class='ocr_line' id='line_1_83' title="bbox 2231 4341 3669 4429; baseline -0.017 -7"><span class='ocrx_word' id='word_1_793' title='bbox 2231 4359 2452 4429; x_wconf 57' lang='grc' dir='ltr'>ικαρπος</span> <span class='ocrx_word' id='word_1_794' title='bbox 2497 4356 2622 4427; x_wconf 73' lang='grc' dir='ltr'><strong>ἔφη’</strong></span> <span class='ocrx_word' id='word_1_795' title='bbox 2657 4376 2676 4406; x_wconf 69' lang='grc' dir='ltr'>ί</span> <span class='ocrx_word' id='word_1_796' title='bbox 2731 4355 3084 4426; x_wconf 80' lang='grc' dir='ltr'>Ὁγδοήκοντα</span> <span class='ocrx_word' id='word_1_797' title='bbox 3134 4354 3232 4407; x_wconf 71' lang='grc' dir='ltr'>καὶ</span> <span class='ocrx_word' id='word_1_798' title='bbox 3272 4353 3332 4417; x_wconf 81' lang='grc' dir='ltr'><strong>ἐξ</strong></span> <span class='ocrx_word' id='word_1_799' title='bbox 3372 4352 3458 4421; x_wconf 77' lang='grc' dir='ltr'><strong>ἐτη</strong></span> <span class='ocrx_word' id='word_1_800' title='bbox 3491 4348 3575 4416; x_wconf 75' lang='grc' dir='ltr'>ἔχω</span> <span class='ocrx_word' id='word_1_801' title='bbox 3597 4341 3669 4392; x_wconf 63' lang='grc' dir='ltr'><strong>ὅταν·</strong></span> 
     </span>
    </p>
   </div>
   <div class='ocr_carea' id='block_1_84' title="bbox 489 4431 2918 4519">
    <p class='ocr_par' dir='ltr' id='par_1_84' title="bbox 489 4438 2918 4519">
     <span class='ocr_line' id='line_1_84' title="bbox 489 4438 2918 4519; baseline 0.002 -28"><span class='ocrx_word' id='word_1_802' title='bbox 489 4446 544 4491; x_wconf 87' lang='lat' dir='ltr'><strong>et</strong></span> <span class='ocrx_word' id='word_1_803' title='bbox 572 4451 666 4492; x_wconf 80' lang='lat' dir='ltr'><strong>sex</strong></span> <span class='ocrx_word' id='word_1_804' title='bbox 698 4438 825 4492; x_wconf 90' lang='lat' dir='ltr'><strong>anni</strong></span> <span class='ocrx_word' id='word_1_805' title='bbox 856 4449 1004 4502; x_wconf 89' lang='lat' dir='ltr'><strong>sunt,</strong></span> <span class='ocrx_word' id='word_1_806' title='bbox 1036 4454 1102 4494; x_wconf 80' lang='lat' dir='ltr'><strong>ex</strong></span> <span class='ocrx_word' id='word_1_807' title='bbox 1130 4453 1241 4509; x_wconf 89' lang='lat' dir='ltr'><strong>quo</strong></span> <span class='ocrx_word' id='word_1_808' title='bbox 1270 4441 1448 4495; x_wconf 85' lang='lat' dir='ltr'><strong>servio</strong></span> <span class='ocrx_word' id='word_1_809' title='bbox 1477 4439 1549 4504; x_wconf 90' lang='lat' dir='ltr'><strong>ei,</strong></span> <span class='ocrx_word' id='word_1_810' title='bbox 1569 4453 1669 4493; x_wconf 91' lang='lat' dir='ltr'><strong>nec</strong></span> <span class='ocrx_word' id='word_1_811' title='bbox 1695 4454 1782 4492; x_wconf 91' lang='lat' dir='ltr'><strong>me</strong></span> <span class='ocrx_word' id='word_1_812' title='bbox 1811 4440 1917 4493; x_wconf 90' lang='lat' dir='ltr'><strong>ulla</strong></span> <span class='ocrx_word' id='word_1_813' title='bbox 1949 4441 2073 4494; x_wconf 78' lang='lat' dir='ltr'><strong>alTe-</strong></span> <span class='ocrx_word' id='word_1_814' title='bbox 2173 4449 2344 4502; x_wconf 80' lang='grc' dir='ltr'>λεύων</span> <span class='ocrx_word' id='word_1_815' title='bbox 2380 4446 2548 4519; x_wconf 79' lang='grc' dir='ltr'>αὐτῷ,</span> <span class='ocrx_word' id='word_1_816' title='bbox 2580 4447 2672 4500; x_wconf 72' lang='grc' dir='ltr'><strong>καὶ</strong></span> <span class='ocrx_word' id='word_1_817' title='bbox 2709 4446 2861 4499; x_wconf 79' lang='grc' dir='ltr'>οὐδέν</span> <span class='ocrx_word' id='word_1_818' title='bbox 2897 4464 2918 4516; x_wconf 72' lang='grc' dir='ltr'><strong>ρ</strong></span> 
     </span>
    </p>
   </div>
   <div class='ocr_carea' id='block_1_85' title="bbox 2231 4431 3668 4519">
    <p class='ocr_par' dir='ltr' id='par_1_85' title="bbox 2237 4431 3668 4519">
     <span class='ocr_line' id='line_1_85' title="bbox 2237 4431 3668 4519; baseline -0.003 -17"><span class='ocrx_word' id='word_1_819' title='bbox 2237 4449 2344 4502; x_wconf 88' lang='grc' dir='ltr'><strong>ύων</strong></span> <span class='ocrx_word' id='word_1_820' title='bbox 2380 4446 2548 4519; x_wconf 80' lang='grc' dir='ltr'>αὐτῷ,</span> <span class='ocrx_word' id='word_1_821' title='bbox 2580 4447 2672 4500; x_wconf 72' lang='grc' dir='ltr'><strong>καὶ</strong></span> <span class='ocrx_word' id='word_1_822' title='bbox 2709 4446 2861 4499; x_wconf 79' lang='grc' dir='ltr'>οὐδέν</span> <span class='ocrx_word' id='word_1_823' title='bbox 2897 4463 2963 4516; x_wconf 89' lang='grc' dir='ltr'><strong>με</strong></span> <span class='ocrx_word' id='word_1_824' title='bbox 2995 4444 3276 4514; x_wconf 71' lang='grc' dir='ltr'>ἠδίκησεν·</span> <span class='ocrx_word' id='word_1_825' title='bbox 3310 4441 3402 4496; x_wconf 68' lang='grc' dir='ltr'><strong>καὶ</strong></span> <span class='ocrx_word' id='word_1_826' title='bbox 3431 4437 3532 4498; x_wconf 79' lang='grc' dir='ltr'><strong>πῶς</strong></span> <span class='ocrx_word' id='word_1_827' title='bbox 3564 4431 3668 4484; x_wconf 41' lang='grc' dir='ltr'><strong>δέκ’</strong></span> 
     </span>
    </p>
   </div>
   <div class='ocr_carea' id='block_1_86' title="bbox 489 4519 2918 4607">
    <p class='ocr_par' dir='ltr' id='par_1_86' title="bbox 489 4532 2918 4607">
     <span class='ocr_line' id='line_1_86' title="bbox 489 4532 2918 4607; baseline 0 -21"><span class='ocrx_word' id='word_1_828' title='bbox 489 4533 565 4586; x_wconf 93' lang='lat' dir='ltr'><strong>cit</strong></span> <span class='ocrx_word' id='word_1_829' title='bbox 605 4533 841 4604; x_wconf 86' lang='lat' dir='ltr'><strong>injuria;</strong></span> <span class='ocrx_word' id='word_1_830' title='bbox 906 4543 960 4590; x_wconf 91' lang='lat' dir='ltr'><strong>et</strong></span> <span class='ocrx_word' id='word_1_831' title='bbox 1006 4534 1284 4604; x_wconf 91' lang='lat' dir='ltr'><strong>quomodo</strong></span> <span class='ocrx_word' id='word_1_832' title='bbox 1335 4533 1540 4604; x_wconf 90' lang='lat' dir='ltr'><strong>possim</strong></span> <span class='ocrx_word' id='word_1_833' title='bbox 1583 4532 1908 4588; x_wconf 89' lang='lat' dir='ltr'><strong>maledicere</strong></span> <span class='ocrx_word' id='word_1_834' title='bbox 1957 4534 2068 4603; x_wconf 83' lang='lat' dir='ltr'><strong>regi</strong></span> <span class='ocrx_word' id='word_1_835' title='bbox 2177 4554 2274 4607; x_wconf 88' lang='grc' dir='ltr'><strong>μαι</strong></span> <span class='ocrx_word' id='word_1_836' title='bbox 2315 4535 2706 4607; x_wconf 81' lang='grc' dir='ltr'>βλασφημῆσαι</span> <span class='ocrx_word' id='word_1_837' title='bbox 2749 4535 2838 4588; x_wconf 87' lang='grc' dir='ltr'><strong>τὸν</strong></span> <span class='ocrx_word' id='word_1_838' title='bbox 2892 4535 2918 4604; x_wconf 83' lang='grc' dir='ltr'>β</span> 
     </span>
    </p>
   </div>
   <div class='ocr_carea' id='block_1_87' title="bbox 2231 4519 3670 4607">
    <p class='ocr_par' dir='ltr' id='par_1_87' title="bbox 2231 4519 3670 4607">
     <span class='ocr_line' id='line_1_87' title="bbox 2231 4519 3670 4607; baseline -0.017 -16"><span class='ocrx_word' id='word_1_839' title='bbox 2231 4554 2274 4588; x_wconf 77' lang='grc' dir='ltr'><strong>ιι</strong></span> <span class='ocrx_word' id='word_1_840' title='bbox 2315 4535 2706 4607; x_wconf 81' lang='grc' dir='ltr'>βλασφημῆσαι</span> <span class='ocrx_word' id='word_1_841' title='bbox 2749 4535 2838 4588; x_wconf 88' lang='grc' dir='ltr'><strong>τὸν</strong></span> <span class='ocrx_word' id='word_1_842' title='bbox 2892 4521 3115 4604; x_wconf 63' lang='grc' dir='ltr'>βασιλέα</span> <span class='ocrx_word' id='word_1_843' title='bbox 3179 4550 3317 4603; x_wconf 85' lang='grc' dir='ltr'>μου,</span> <span class='ocrx_word' id='word_1_844' title='bbox 3373 4532 3455 4584; x_wconf 83' lang='grc' dir='ltr'><strong>τὸν</strong></span> <span class='ocrx_word' id='word_1_845' title='bbox 3497 4519 3670 4578; x_wconf 58' lang='grc' dir='ltr'>σώσαντι</span> 
     </span>
    </p>
   </div>
   <div class='ocr_carea' id='block_1_88' title="bbox 485 4625 2352 4700">
    <p class='ocr_par' dir='ltr' id='par_1_88' title="bbox 485 4625 2352 4700">
     <span class='ocr_line' id='line_1_88' title="bbox 485 4625 2352 4700; baseline -0.001 -20"><span class='ocrx_word' id='word_1_846' title='bbox 485 4638 632 4693; x_wconf 83' lang='lat' dir='ltr'><strong>meo,</strong></span> <span class='ocrx_word' id='word_1_847' title='bbox 665 4627 757 4697; x_wconf 86' lang='lat' dir='ltr'><strong>qui</strong></span> <span class='ocrx_word' id='word_1_848' title='bbox 780 4627 990 4682; x_wconf 90' lang='lat' dir='ltr'><strong>salvum</strong></span> <span class='ocrx_word' id='word_1_849' title='bbox 1025 4643 1111 4682; x_wconf 91' lang='lat' dir='ltr'><strong>me</strong></span> <span class='ocrx_word' id='word_1_850' title='bbox 1143 4625 1308 4682; x_wconf 88' lang='lat' dir='ltr'><strong>fecit?</strong></span> <span class='ocrx_word' id='word_1_851' title='bbox 1331 4645 1349 4677; x_wconf 76' lang='grc' dir='ltr'><strong>ι</strong></span> <span class='ocrx_word' id='word_1_852' title='bbox 2177 4645 2282 4700; x_wconf 90' lang='grc' dir='ltr'><strong>με;</strong></span> <span class='ocrx_word' id='word_1_853' title='bbox 2335 4647 2352 4678; x_wconf 84' lang='grc'>›</span> 
     </span>
    </p>
   </div>
   <div class='ocr_carea' id='block_1_89' title="bbox 1101 4767 3138 4839">
    <p class='ocr_par' dir='ltr' id='par_1_89' title="bbox 1101 4767 3138 4839">
     <span class='ocr_line' id='line_1_89' title="bbox 1101 4767 3138 4839; baseline 0 -17"><span class='ocrx_word' id='word_1_854' title='bbox 1101 4768 1168 4822; x_wconf 81' lang='grc' dir='ltr'><strong>Χ.</strong></span> <span class='ocrx_word' id='word_1_855' title='bbox 1211 4767 1538 4839; x_wconf 77' lang='lat' dir='ltr'><strong>Polycarpus</strong></span> <span class='ocrx_word' id='word_1_856' title='bbox 1575 4785 1630 4823; x_wconf 76' lang='lat' dir='ltr'><strong>se</strong></span> <span class='ocrx_word' id='word_1_857' title='bbox 1665 4767 2030 4822; x_wconf 84' lang='lat' dir='ltr'><strong>Christianum</strong></span> <span class='ocrx_word' id='word_1_858' title='bbox 2069 4771 2370 4839; x_wconf 81' lang='lat' dir='ltr'><strong>proﬁtetur,</strong></span> <span class='ocrx_word' id='word_1_859' title='bbox 2404 4779 2455 4824; x_wconf 86' lang='lat' dir='ltr'><strong>et</strong></span> <span class='ocrx_word' id='word_1_860' title='bbox 2488 4770 2552 4823; x_wconf 89' lang='lat' dir='ltr'><strong>de</strong></span> <span class='ocrx_word' id='word_1_861' title='bbox 2584 4767 2796 4823; x_wconf 83' lang='lat' dir='ltr'><strong>Christo</strong></span> <span class='ocrx_word' id='word_1_862' title='bbox 2829 4768 2972 4838; x_wconf 85' lang='lat' dir='ltr'><strong>loqui</strong></span> <span class='ocrx_word' id='word_1_863' title='bbox 3007 4767 3138 4822; x_wconf 83' lang='lat' dir='ltr'><strong>vult.</strong></span> 
     </span>
    </p>
   </div>
   <div class='ocr_carea' id='block_1_90' title="bbox 557 4872 2918 4961">
    <p class='ocr_par' dir='ltr' id='par_1_90' title="bbox 557 4881 2899 4956">
     <span class='ocr_line' id='line_1_90' title="bbox 557 4881 2899 4956; baseline -0.002 -16"><span class='ocrx_word' id='word_1_864' title='bbox 557 4884 792 4954; x_wconf 86' lang='lat' dir='ltr'><strong>Urgente</strong></span> <span class='ocrx_word' id='word_1_865' title='bbox 830 4900 1022 4939; x_wconf 88' lang='lat' dir='ltr'><strong>rursus</strong></span> <span class='ocrx_word' id='word_1_866' title='bbox 1051 4885 1146 4940; x_wconf 93' lang='lat' dir='ltr'><strong>illo</strong></span> <span class='ocrx_word' id='word_1_867' title='bbox 1178 4895 1232 4940; x_wconf 90' lang='lat' dir='ltr'><strong>et</strong></span> <span class='ocrx_word' id='word_1_868' title='bbox 1258 4885 1478 4939; x_wconf 86' lang='lat' dir='ltr'><strong>dicente</strong></span> <span class='ocrx_word' id='word_1_869' title='bbox 1504 4903 1521 4939; x_wconf 90' lang='lat'><strong>:</strong></span> <span class='ocrx_word' id='word_1_870' title='bbox 1556 4905 1574 4936; x_wconf 88' lang='grc'><em>‹</em></span> <span class='ocrx_word' id='word_1_871' title='bbox 1609 4882 1741 4938; x_wconf 85' lang='lat' dir='ltr'><strong>Jura</strong></span> <span class='ocrx_word' id='word_1_872' title='bbox 1772 4899 1869 4954; x_wconf 90' lang='lat' dir='ltr'><strong>per</strong></span> <span class='ocrx_word' id='word_1_873' title='bbox 1890 4881 2067 4938; x_wconf 89' lang='lat' dir='ltr'><strong>fortu-</strong></span> <span class='ocrx_word' id='word_1_874' title='bbox 2259 4885 2637 4956; x_wconf 83' lang='grc' dir='ltr'>Ἐπιμένοντος</span> <span class='ocrx_word' id='word_1_875' title='bbox 2665 4883 2721 4942; x_wconf 75' lang='grc' dir='ltr'>δὲ</span> <span class='ocrx_word' id='word_1_876' title='bbox 2740 4882 2899 4937; x_wconf 82' lang='grc' dir='ltr'>πάλιν</span> 
     </span>
    </p>
   </div>
   <div class='ocr_carea' id='block_1_91' title="bbox 2231 4872 3668 4961">
    <p class='ocr_par' dir='ltr' id='par_1_91' title="bbox 2259 4872 3668 4961">
     <span class='ocr_line' id='line_1_91' title="bbox 2259 4872 3668 4961; baseline -0.006 -24"><span class='ocrx_word' id='word_1_877' title='bbox 2259 4885 2637 4956; x_wconf 79' lang='grc' dir='ltr'>Ἐπιμένοντος</span> <span class='ocrx_word' id='word_1_878' title='bbox 2665 4883 2721 4942; x_wconf 82' lang='grc' dir='ltr'><strong>δέ</strong></span> <span class='ocrx_word' id='word_1_879' title='bbox 2740 4882 2899 4937; x_wconf 86' lang='grc' dir='ltr'>πάλιν</span> <span class='ocrx_word' id='word_1_880' title='bbox 2933 4881 3095 4935; x_wconf 76' lang='grc' dir='ltr'>αὐτοῦ</span> <span class='ocrx_word' id='word_1_881' title='bbox 3131 4881 3226 4934; x_wconf 72' lang='grc' dir='ltr'>καὶ</span> <span class='ocrx_word' id='word_1_882' title='bbox 3249 4880 3502 4947; x_wconf 76' lang='grc' dir='ltr'>λέγοντος·</span> <span class='ocrx_word' id='word_1_883' title='bbox 3522 4892 3537 4922; x_wconf 75' lang='grc' dir='ltr'><strong>ι</strong></span> <span class='ocrx_word' id='word_1_884' title='bbox 3559 4872 3668 4961; x_wconf 51' lang='grc' dir='ltr'>Ὅμφ</span> 
     </span>
    </p>
   </div>
   <div class='ocr_carea' id='block_1_92' title="bbox 483 4963 2918 5045">
    <p class='ocr_par' dir='ltr' id='par_1_92' title="bbox 483 4970 2912 5045">
     <span class='ocr_line' id='line_1_92' title="bbox 483 4970 2912 5045; baseline -0.004 -14"><span class='ocrx_word' id='word_1_885' title='bbox 483 4993 611 5031; x_wconf 89' lang='lat' dir='ltr'><strong>nam</strong></span> <span class='ocrx_word' id='word_1_886' title='bbox 641 4976 898 5042; x_wconf 70' lang='lat' dir='ltr'><strong>Cazsaris,</strong></span> <span class='ocrx_word' id='word_1_887' title='bbox 932 4994 950 5027; x_wconf 81' lang='grc' dir='ltr'><strong>ι</strong></span> <span class='ocrx_word' id='word_1_888' title='bbox 981 4975 1265 5045; x_wconf 86' lang='lat' dir='ltr'><strong>respondit</strong></span> <span class='ocrx_word' id='word_1_889' title='bbox 1294 4995 1307 5029; x_wconf 88' lang='lat'><strong>:</strong></span> <span class='ocrx_word' id='word_1_890' title='bbox 1349 4995 1367 5026; x_wconf 86' lang='grc' dir='ltr'><strong>ι</strong></span> <span class='ocrx_word' id='word_1_891' title='bbox 1405 4974 1462 5028; x_wconf 91' lang='lat' dir='ltr'><strong>Si</strong></span> <span class='ocrx_word' id='word_1_892' title='bbox 1487 4991 1681 5029; x_wconf 88' lang='lat' dir='ltr'><strong>vanam</strong></span> <span class='ocrx_word' id='word_1_893' title='bbox 1715 4990 1781 5029; x_wconf 82' lang='lat' dir='ltr'><strong>ex</strong></span> <span class='ocrx_word' id='word_1_894' title='bbox 1819 4991 1886 5030; x_wconf 93' lang='lat' dir='ltr'><strong>eo</strong></span> <span class='ocrx_word' id='word_1_895' title='bbox 1915 4989 2064 5044; x_wconf 71' lang='lat' dir='ltr'><strong>quse-</strong></span> <span class='ocrx_word' id='word_1_896' title='bbox 2173 4992 2261 5027; x_wconf 88' lang='grc' dir='ltr'><strong>σον</strong></span> <span class='ocrx_word' id='word_1_897' title='bbox 2289 4973 2387 5045; x_wconf 81' lang='grc' dir='ltr'><strong>τὴν</strong></span> <span class='ocrx_word' id='word_1_898' title='bbox 2420 4974 2698 5043; x_wconf 82' lang='grc' dir='ltr'>Καίσαρος</span> <span class='ocrx_word' id='word_1_899' title='bbox 2721 4970 2912 5043; x_wconf 83' lang='grc' dir='ltr'>τύχην,</span> 
     </span>
    </p>
   </div>
   <div class='ocr_carea' id='block_1_93' title="bbox 2231 4963 3666 5045">
    <p class='ocr_par' dir='ltr' id='par_1_93' title="bbox 2231 4963 3666 5045">
     <span class='ocr_line' id='line_1_93' title="bbox 2231 4963 3666 5045; baseline -0.013 -18"><span class='ocrx_word' id='word_1_900' title='bbox 2231 4993 2261 5027; x_wconf 61' lang='grc' dir='ltr'>νν</span> <span class='ocrx_word' id='word_1_901' title='bbox 2289 4973 2387 5045; x_wconf 82' lang='grc' dir='ltr'><strong>τὴν</strong></span> <span class='ocrx_word' id='word_1_902' title='bbox 2420 4974 2698 5043; x_wconf 81' lang='grc' dir='ltr'>Καίσαρος</span> <span class='ocrx_word' id='word_1_903' title='bbox 2721 4970 2912 5043; x_wconf 82' lang='grc' dir='ltr'>τύχην,</span> <span class='ocrx_word' id='word_1_904' title='bbox 2959 4991 2977 5021; x_wconf 87' lang='grc'><strong>›</strong></span> <span class='ocrx_word' id='word_1_905' title='bbox 3008 4968 3359 5039; x_wconf 78' lang='grc' dir='ltr'>ἀπεκρίνατο·</span> <span class='ocrx_word' id='word_1_906' title='bbox 3390 4984 3407 5014; x_wconf 80' lang='grc' dir='ltr'><strong>ι</strong></span> <span class='ocrx_word' id='word_1_907' title='bbox 3438 4963 3491 5014; x_wconf 84' lang='lat' dir='ltr'><strong>Ei</strong></span> <span class='ocrx_word' id='word_1_908' title='bbox 3523 4966 3666 5010; x_wconf 57' lang='grc' dir='ltr'>κενοίια</span> 
     </span>
    </p>
   </div>
   <div class='ocr_carea' id='block_1_94' title="bbox 480 5048 2918 5138">
    <p class='ocr_par' dir='ltr' id='par_1_94' title="bbox 480 5061 2918 5138">
     <span class='ocr_line' id='line_1_94' title="bbox 480 5061 2918 5138; baseline -0.003 -16"><span class='ocrx_word' id='word_1_909' title='bbox 480 5069 558 5124; x_wconf 89' lang='lat' dir='ltr'><strong>ris</strong></span> <span class='ocrx_word' id='word_1_910' title='bbox 587 5069 838 5138; x_wconf 89' lang='lat' dir='ltr'><strong>gloriam,</strong></span> <span class='ocrx_word' id='word_1_911' title='bbox 871 5078 930 5122; x_wconf 92' lang='lat' dir='ltr'><strong>ut</strong></span> <span class='ocrx_word' id='word_1_912' title='bbox 956 5083 1056 5137; x_wconf 79' lang='lat' dir='ltr'><strong>ego</strong></span> <span class='ocrx_word' id='word_1_913' title='bbox 1077 5083 1174 5137; x_wconf 89' lang='lat' dir='ltr'><strong>per</strong></span> <span class='ocrx_word' id='word_1_914' title='bbox 1206 5067 1438 5122; x_wconf 70' lang='lat' dir='ltr'><strong>Caesaris</strong></span> <span class='ocrx_word' id='word_1_915' title='bbox 1467 5067 1763 5130; x_wconf 83' lang='lat' dir='ltr'><strong>fortunam,</strong></span> <span class='ocrx_word' id='word_1_916' title='bbox 1791 5076 1849 5121; x_wconf 91' lang='lat' dir='ltr'><strong>ut</strong></span> <span class='ocrx_word' id='word_1_917' title='bbox 1873 5076 1929 5120; x_wconf 91' lang='lat' dir='ltr'><strong>tu</strong></span> <span class='ocrx_word' id='word_1_918' title='bbox 1954 5065 2058 5128; x_wconf 89' lang='lat' dir='ltr'><strong>ais,</strong></span> <span class='ocrx_word' id='word_1_919' title='bbox 2171 5066 2299 5131; x_wconf 75' lang='grc' dir='ltr'>ξὲῖς,</span> <span class='ocrx_word' id='word_1_920' title='bbox 2330 5067 2417 5120; x_wconf 83' lang='grc' dir='ltr'>ἵνα</span> <span class='ocrx_word' id='word_1_921' title='bbox 2455 5065 2638 5136; x_wconf 85' lang='grc' dir='ltr'>ὀμόσω</span> <span class='ocrx_word' id='word_1_922' title='bbox 2679 5061 2777 5134; x_wconf 79' lang='grc' dir='ltr'><strong>τὴν</strong></span> <span class='ocrx_word' id='word_1_923' title='bbox 2814 5063 2918 5115; x_wconf 81' lang='lat' dir='ltr'><strong>Kal</strong></span> 
     </span>
    </p>
   </div>
   <div class='ocr_carea' id='block_1_95' title="bbox 2231 5048 3666 5138">
    <p class='ocr_par' dir='ltr' id='par_1_95' title="bbox 2231 5048 3666 5136">
     <span class='ocr_line' id='line_1_95' title="bbox 2231 5048 3666 5136; baseline -0.006 -17"><span class='ocrx_word' id='word_1_924' title='bbox 2231 5069 2299 5130; x_wconf 84' lang='grc' dir='ltr'><strong>ῖς,</strong></span> <span class='ocrx_word' id='word_1_925' title='bbox 2330 5067 2417 5120; x_wconf 83' lang='grc' dir='ltr'>ἵνα</span> <span class='ocrx_word' id='word_1_926' title='bbox 2455 5065 2638 5136; x_wconf 85' lang='grc' dir='ltr'>ὀμόσω</span> <span class='ocrx_word' id='word_1_927' title='bbox 2679 5061 2777 5134; x_wconf 80' lang='grc' dir='ltr'>τὴν</span> <span class='ocrx_word' id='word_1_928' title='bbox 2814 5063 3091 5132; x_wconf 81' lang='grc' dir='ltr'>Καίσαρος</span> <span class='ocrx_word' id='word_1_929' title='bbox 3119 5059 3309 5129; x_wconf 85' lang='grc' dir='ltr'>τύχην,</span> <span class='ocrx_word' id='word_1_930' title='bbox 3348 5057 3422 5118; x_wconf 77' lang='grc' dir='ltr'>ὡς</span> <span class='ocrx_word' id='word_1_931' title='bbox 3453 5055 3506 5104; x_wconf 75' lang='grc' dir='ltr'>σὺ</span> <span class='ocrx_word' id='word_1_932' title='bbox 3529 5048 3666 5111; x_wconf 43' lang='lat' dir='ltr'><strong>lit-’55&quot;</strong></span> 
     </span>
    </p>
   </div>
   <div class='ocr_carea' id='block_1_96' title="bbox 476 5139 2918 5237">
    <p class='ocr_par' dir='ltr' id='par_1_96' title="bbox 476 5156 2918 5237">
     <span class='ocr_line' id='line_1_96' title="bbox 476 5156 2918 5237; baseline -0.003 -24"><span class='ocrx_word' id='word_1_933' title='bbox 476 5161 693 5228; x_wconf 86' lang='lat' dir='ltr'><strong>jurem,</strong></span> <span class='ocrx_word' id='word_1_934' title='bbox 743 5159 970 5213; x_wconf 88' lang='lat' dir='ltr'><strong>simulas</strong></span> <span class='ocrx_word' id='word_1_935' title='bbox 1021 5166 1204 5212; x_wconf 90' lang='lat' dir='ltr'><strong>autem</strong></span> <span class='ocrx_word' id='word_1_936' title='bbox 1251 5157 1466 5212; x_wconf 86' lang='lat' dir='ltr'><strong>nescire</strong></span> <span class='ocrx_word' id='word_1_937' title='bbox 1515 5159 1641 5227; x_wconf 91' lang='lat' dir='ltr'><strong>quis</strong></span> <span class='ocrx_word' id='word_1_938' title='bbox 1675 5159 1816 5225; x_wconf 89' lang='lat' dir='ltr'><strong>sim;</strong></span> <span class='ocrx_word' id='word_1_939' title='bbox 1876 5158 2056 5228; x_wconf 90' lang='lat' dir='ltr'><strong>palam</strong></span> <span class='ocrx_word' id='word_1_940' title='bbox 2095 5217 2136 5237; x_wconf 49' lang='grc' dir='ltr'>ἢ</span> <span class='ocrx_word' id='word_1_941' title='bbox 2168 5161 2457 5231; x_wconf 84' lang='grc' dir='ltr'>προσποιεῖ</span> <span class='ocrx_word' id='word_1_942' title='bbox 2490 5157 2597 5228; x_wconf 65' lang='grc'><strong>(64)</strong></span> <span class='ocrx_word' id='word_1_943' title='bbox 2619 5156 2675 5209; x_wconf 84' lang='grc' dir='ltr'><strong>δὲ</strong></span> <span class='ocrx_word' id='word_1_944' title='bbox 2705 5157 2918 5224; x_wconf 84' lang='grc' dir='ltr'>ἀγνοεῖν</span> 
     </span>
    </p>
   </div>
   <div class='ocr_carea' id='block_1_97' title="bbox 2231 5139 3662 5237">
    <p class='ocr_par' dir='ltr' id='par_1_97' title="bbox 2231 5139 3662 5237">
     <span class='ocr_line' id='line_1_97' title="bbox 2231 5139 3662 5237; baseline -0.013 -25"><span class='ocrx_word' id='word_1_945' title='bbox 2231 5161 2457 5212; x_wconf 75' lang='grc' dir='ltr'>ιοσποιεῖ</span> <span class='ocrx_word' id='word_1_946' title='bbox 2490 5157 2597 5228; x_wconf 64' lang='grc'><strong>(64)</strong></span> <span class='ocrx_word' id='word_1_947' title='bbox 2619 5156 2675 5209; x_wconf 85' lang='grc' dir='ltr'><strong>δὲ</strong></span> <span class='ocrx_word' id='word_1_948' title='bbox 2705 5157 2919 5224; x_wconf 84' lang='grc' dir='ltr'>ἀγνοεῖν</span> <span class='ocrx_word' id='word_1_949' title='bbox 2953 5171 3041 5224; x_wconf 86' lang='grc' dir='ltr'><strong>με,</strong></span> <span class='ocrx_word' id='word_1_950' title='bbox 3073 5152 3158 5215; x_wconf 76' lang='grc' dir='ltr'><strong>τίς</strong></span> <span class='ocrx_word' id='word_1_951' title='bbox 3185 5154 3319 5220; x_wconf 84' lang='grc' dir='ltr'>εἰμι·</span> <span class='ocrx_word' id='word_1_952' title='bbox 3365 5146 3489 5219; x_wconf 73' lang='grc' dir='ltr'>μετὰ</span> 
     </span>
    </p>
   </div>
   <div class='ocr_carea' id='block_1_98' title="bbox 479 5217 2918 5318">
    <p class='ocr_par' dir='ltr' id='par_1_98' title="bbox 479 5217 2914 5318">
     <span class='ocr_line' id='line_1_98' title="bbox 479 5217 2914 5318; baseline -0.004 -13"><span class='ocrx_word' id='word_1_953' title='bbox 479 5217 606 5305; x_wconf 76' lang='lat' dir='ltr'><strong>audi</strong></span> <span class='ocrx_word' id='word_1_954' title='bbox 628 5267 641 5302; x_wconf 91' lang='lat'><strong>:</strong></span> <span class='ocrx_word' id='word_1_955' title='bbox 665 5251 1015 5306; x_wconf 85' lang='lat' dir='ltr'><strong>Christianus</strong></span> <span class='ocrx_word' id='word_1_956' title='bbox 1049 5266 1195 5307; x_wconf 90' lang='lat' dir='ltr'><strong>sum.</strong></span> <span class='ocrx_word' id='word_1_957' title='bbox 1238 5249 1292 5304; x_wconf 90' lang='lat' dir='ltr'><strong>Si</strong></span> <span class='ocrx_word' id='word_1_958' title='bbox 1320 5265 1450 5304; x_wconf 90' lang='lat' dir='ltr'><strong>vero</strong></span> <span class='ocrx_word' id='word_1_959' title='bbox 1487 5250 1816 5306; x_wconf 74' lang='lat' dir='ltr'><strong>Christiana:</strong></span> <span class='ocrx_word' id='word_1_960' title='bbox 1855 5217 2061 5305; x_wconf 81' lang='lat' dir='ltr'><strong>doctri-</strong></span> <span class='ocrx_word' id='word_1_961' title='bbox 2094 5217 2138 5271; x_wconf 71' lang='grc' dir='ltr'><strong>Β</strong></span> <span class='ocrx_word' id='word_1_962' title='bbox 2171 5217 2290 5312; x_wconf 73' lang='grc' dir='ltr'>σίας</span> <span class='ocrx_word' id='word_1_963' title='bbox 2318 5217 2508 5310; x_wconf 63' lang='grc' dir='ltr'>ἄκουε,</span> <span class='ocrx_word' id='word_1_964' title='bbox 2535 5245 2858 5318; x_wconf 87' lang='grc' dir='ltr'>Χριστιανός</span> <span class='ocrx_word' id='word_1_965' title='bbox 2890 5262 2914 5296; x_wconf 86' lang='grc' dir='ltr'><strong>ε</strong></span> 
     </span>
    </p>
   </div>
   <div class='ocr_carea' id='block_1_99' title="bbox 2231 5217 3663 5318">
    <p class='ocr_par' dir='ltr' id='par_1_99' title="bbox 2231 5217 3663 5318">
     <span class='ocr_line' id='line_1_99' title="bbox 2231 5217 3663 5318; baseline -0.015 -16"><span class='ocrx_word' id='word_1_966' title='bbox 2231 5267 2290 5312; x_wconf 82' lang='grc' dir='ltr'><strong>ας</strong></span> <span class='ocrx_word' id='word_1_967' title='bbox 2318 5217 2508 5310; x_wconf 64' lang='grc' dir='ltr'>ἄκουε,</span> <span class='ocrx_word' id='word_1_968' title='bbox 2535 5217 2858 5318; x_wconf 69' lang='grc' dir='ltr'>Χριστιανός</span> <span class='ocrx_word' id='word_1_969' title='bbox 2890 5217 3025 5314; x_wconf 81' lang='grc' dir='ltr'>εἰμι.</span> <span class='ocrx_word' id='word_1_970' title='bbox 3057 5244 3120 5295; x_wconf 81' lang='grc' dir='ltr'>Εἰ</span> <span class='ocrx_word' id='word_1_971' title='bbox 3151 5242 3207 5293; x_wconf 86' lang='grc' dir='ltr'><strong>δέ</strong></span> <span class='ocrx_word' id='word_1_972' title='bbox 3239 5217 3424 5310; x_wconf 78' lang='grc' dir='ltr'>μαθεῖν</span> <span class='ocrx_word' id='word_1_973' title='bbox 3445 5233 3584 5290; x_wconf 75' lang='grc' dir='ltr'>θέλεις</span> <span class='ocrx_word' id='word_1_974' title='bbox 3608 5227 3663 5274; x_wconf 55' lang='lat'><strong>71-&quot;</strong></span> 
     </span>
    </p>
   </div>
   <div class='ocr_carea' id='block_1_100' title="bbox 478 5328 2918 5416">
    <p class='ocr_par' dir='ltr' id='par_1_100' title="bbox 478 5337 2918 5416">
     <span class='ocr_line' id='line_1_100' title="bbox 478 5337 2918 5416; baseline -0.005 -17"><span class='ocrx_word' id='word_1_975' title='bbox 478 5360 564 5400; x_wconf 79' lang='lat' dir='ltr'><strong>me</strong></span> <span class='ocrx_word' id='word_1_976' title='bbox 585 5345 853 5400; x_wconf 85' lang='lat' dir='ltr'><strong>rationem</strong></span> <span class='ocrx_word' id='word_1_977' title='bbox 896 5347 980 5401; x_wconf 84' lang='lat' dir='ltr'><strong>vis</strong></span> <span class='ocrx_word' id='word_1_978' title='bbox 1003 5347 1236 5412; x_wconf 88' lang='lat' dir='ltr'><strong>discere,</strong></span> <span class='ocrx_word' id='word_1_979' title='bbox 1271 5346 1338 5401; x_wconf 89' lang='lat' dir='ltr'><strong>da</strong></span> <span class='ocrx_word' id='word_1_980' title='bbox 1364 5345 1472 5400; x_wconf 91' lang='lat' dir='ltr'><strong>diei</strong></span> <span class='ocrx_word' id='word_1_981' title='bbox 1500 5345 1733 5416; x_wconf 84' lang='lat' dir='ltr'><strong>spatium</strong></span> <span class='ocrx_word' id='word_1_982' title='bbox 1767 5353 1822 5398; x_wconf 92' lang='lat' dir='ltr'><strong>et</strong></span> <span class='ocrx_word' id='word_1_983' title='bbox 1851 5345 1998 5399; x_wconf 91' lang='lat' dir='ltr'><strong>audi.</strong></span> <span class='ocrx_word' id='word_1_984' title='bbox 2035 5362 2054 5394; x_wconf 75' lang='grc' dir='ltr'><strong>ι</strong></span> <span class='ocrx_word' id='word_1_985' title='bbox 2170 5341 2260 5395; x_wconf 82' lang='grc' dir='ltr'>τοῦ</span> <span class='ocrx_word' id='word_1_986' title='bbox 2292 5337 2718 5411; x_wconf 83' lang='grc' dir='ltr'>Χριστιανισμοῦ</span> <span class='ocrx_word' id='word_1_987' title='bbox 2747 5337 2918 5404; x_wconf 84' lang='grc' dir='ltr'>λόγον,</span> 
     </span>
    </p>
   </div>
   <div class='ocr_carea' id='block_1_101' title="bbox 2231 5328 3659 5416">
    <p class='ocr_par' dir='ltr' id='par_1_101' title="bbox 2232 5328 3659 5411">
     <span class='ocr_line' id='line_1_101' title="bbox 2232 5328 3659 5411; baseline -0.015 -17"><span class='ocrx_word' id='word_1_988' title='bbox 2232 5341 2260 5394; x_wconf 81' lang='grc' dir='ltr'>ὖ</span> <span class='ocrx_word' id='word_1_989' title='bbox 2292 5337 2718 5411; x_wconf 82' lang='grc' dir='ltr'>Χριστιανισμοῦ</span> <span class='ocrx_word' id='word_1_990' title='bbox 2747 5337 2920 5404; x_wconf 85' lang='grc' dir='ltr'>λόγον,</span> <span class='ocrx_word' id='word_1_991' title='bbox 2955 5335 3042 5397; x_wconf 85' lang='grc' dir='ltr'><strong>δὸς</strong></span> <span class='ocrx_word' id='word_1_992' title='bbox 3067 5334 3301 5405; x_wconf 78' lang='grc' dir='ltr'>ἡμέραν,</span> <span class='ocrx_word' id='word_1_993' title='bbox 3334 5330 3425 5382; x_wconf 75' lang='grc' dir='ltr'><strong>καὶ</strong></span> <span class='ocrx_word' id='word_1_994' title='bbox 3454 5328 3659 5381; x_wconf 52' lang='grc' dir='ltr'>ἄλουτοι·</span> 
     </span>
    </p>
   </div>
   <div class='ocr_carea' id='block_1_102' title="bbox 547 5460 3566 5538">
    <p class='ocr_par' dir='ltr' id='par_1_102' title="bbox 547 5460 3566 5538">
     <span class='ocr_line' id='line_1_102' title="bbox 547 5460 3566 5538; baseline -0.002 -20"><span class='ocrx_word' id='word_1_995' title='bbox 547 5462 1115 5538; x_wconf 61' lang='lat' dir='ltr'><strong>(§§)I_ta1a_c_ob_sonus</strong></span> <span class='ocrx_word' id='word_1_996' title='bbox 1137 5467 1358 5522; x_wconf 90' lang='lat' dir='ltr'><strong>etribus</strong></span> <span class='ocrx_word' id='word_1_997' title='bbox 1389 5464 1872 5535; x_wconf 84' lang='lat' dir='ltr'><strong>codicibus.Vulg.</strong></span> <span class='ocrx_word' id='word_1_998' title='bbox 1894 5465 2044 5520; x_wconf 88' lang='grc' dir='ltr'>ποτέ.</span> <span class='ocrx_word' id='word_1_999' title='bbox 2162 5463 2390 5538; x_wconf 70' lang='lat' dir='ltr'><strong>inclusit</strong></span> <span class='ocrx_word' id='word_1_1000' title='bbox 2409 5460 2773 5538; x_wconf 70' lang='lat' dir='ltr'><strong>Jacobsonus.</strong></span> <span class='ocrx_word' id='word_1_1001' title='bbox 2999 5526 3011 5538; x_wconf 84' lang='lat'><em>_</em></span> <span class='ocrx_word' id='word_1_1002' title='bbox 3074 5523 3133 5538; x_wconf 39' lang='grc' dir='ltr'><strong>υ,</strong></span> <span class='ocrx_word' id='word_1_1003' title='bbox 3199 5522 3209 5538; x_wconf 79' lang='lat'>_</span> <span class='ocrx_word' id='word_1_1004' title='bbox 3257 5524 3269 5538; x_wconf 77' lang='lat'>_</span> <span class='ocrx_word' id='word_1_1005' title='bbox 3345 5514 3566 5538; x_wconf 10' lang='lat' dir='ltr'><strong>mm,”</strong></span> 
     </span>
    </p>
   </div>
   <div class='ocr_carea' id='block_1_103' title="bbox 2231 5521 3658 5604">
    <p class='ocr_par' dir='ltr' id='par_1_103' title="bbox 2231 5521 3658 5604">
     <span class='ocr_line' id='line_1_103' title="bbox 2231 5521 3658 5604; baseline -0.009 -18"><span class='ocrx_word' id='word_1_1006' title='bbox 2231 5534 2343 5604; x_wconf 81' lang='grc'><strong>(61)</strong></span> <span class='ocrx_word' id='word_1_1007' title='bbox 2372 5531 2448 5604; x_wconf 70' lang='lat' dir='ltr'><strong>Ita</strong></span> <span class='ocrx_word' id='word_1_1008' title='bbox 2477 5529 2823 5604; x_wconf 70' lang='lat' dir='ltr'><strong>Jacobsonus</strong></span> <span class='ocrx_word' id='word_1_1009' title='bbox 2854 5543 2884 5580; x_wconf 91' lang='lat' dir='ltr'><strong>e</strong></span> <span class='ocrx_word' id='word_1_1010' title='bbox 2913 5526 3036 5580; x_wconf 88' lang='lat' dir='ltr'><strong>cod.</strong></span> <span class='ocrx_word' id='word_1_1011' title='bbox 3064 5521 3475 5604; x_wconf 47' lang='lat' dir='ltr'><strong>IVI‘l‘ltlt).lI..EtlIIl</strong></span> <span class='ocrx_word' id='word_1_1012' title='bbox 3494 5521 3658 5604; x_wconf 33' lang='grc' dir='ltr'><strong>εξέῆῒλεξζ</strong></span> 
     </span>
    </p>
   </div>
   <div class='ocr_carea' id='block_1_104' title="bbox 567 5533 2918 5606">
    <p class='ocr_par' dir='ltr' id='par_1_104' title="bbox 567 5533 2918 5606">
     <span class='ocr_line' id='line_1_104' title="bbox 567 5533 2918 5606; baseline -0.004 -16"><span class='ocrx_word' id='word_1_1013' title='bbox 567 5533 655 5606; x_wconf 65' lang='grc' dir='ltr'><strong>ξθ)</strong></span> <span class='ocrx_word' id='word_1_1014' title='bbox 686 5534 726 5606; x_wconf 74' lang='lat' dir='ltr'><strong>I.</strong></span> <span class='ocrx_word' id='word_1_1015' title='bbox 751 5551 801 5590; x_wconf 91' lang='lat' dir='ltr'><strong>e.</strong></span> <span class='ocrx_word' id='word_1_1016' title='bbox 835 5535 1027 5606; x_wconf 86' lang='lat' dir='ltr'><strong>Vigilia</strong></span> <span class='ocrx_word' id='word_1_1017' title='bbox 1057 5537 1361 5593; x_wconf 86' lang='lat' dir='ltr'><strong>Paschatis.</strong></span> <span class='ocrx_word' id='word_1_1018' title='bbox 1828 5533 1847 5535; x_wconf 63' lang='grc'>⁷</span> <span class='ocrx_word' id='word_1_1019' title='bbox 1875 5605 1889 5606; x_wconf 17' lang='grc' dir='ltr'><strong><em>ψ</em></strong></span> <span class='ocrx_word' id='word_1_1020' title='bbox 2231 5534 2343 5606; x_wconf 68' lang='grc'><strong>(61)</strong></span> <span class='ocrx_word' id='word_1_1021' title='bbox 2372 5533 2448 5606; x_wconf 74' lang='lat' dir='ltr'><strong>Ita</strong></span> <span class='ocrx_word' id='word_1_1022' title='bbox 2477 5533 2823 5606; x_wconf 72' lang='lat' dir='ltr'><strong>Jacobsonus</strong></span> <span class='ocrx_word' id='word_1_1023' title='bbox 2854 5543 2884 5580; x_wconf 91' lang='lat' dir='ltr'><strong>e</strong></span> <span class='ocrx_word' id='word_1_1024' title='bbox 2913 5549 2918 5574; x_wconf 68' lang='grc' dir='ltr'><strong>ε</strong></span> 
     </span>
    </p>
   </div>
   <div class='ocr_carea' id='block_1_105' title="bbox 2231 5533 3656 5606">
    <p class='ocr_par' dir='ltr' id='par_1_105' title="bbox 2231 5533 3656 5606">
     <span class='ocr_line' id='line_1_105' title="bbox 2231 5533 3656 5606; baseline -0.018 -17"><span class='ocrx_word' id='word_1_1025' title='bbox 2231 5534 2343 5606; x_wconf 69' lang='grc'><strong>(61)</strong></span> <span class='ocrx_word' id='word_1_1026' title='bbox 2372 5533 2448 5606; x_wconf 75' lang='lat' dir='ltr'><strong>Ita</strong></span> <span class='ocrx_word' id='word_1_1027' title='bbox 2477 5533 2823 5606; x_wconf 72' lang='lat' dir='ltr'><strong>Jacobsonus</strong></span> <span class='ocrx_word' id='word_1_1028' title='bbox 2854 5543 2884 5580; x_wconf 91' lang='lat' dir='ltr'><strong>e</strong></span> <span class='ocrx_word' id='word_1_1029' title='bbox 2913 5533 3036 5580; x_wconf 85' lang='lat' dir='ltr'><strong>cod.</strong></span> <span class='ocrx_word' id='word_1_1030' title='bbox 3064 5533 3106 5606; x_wconf 36' lang='lat' dir='ltr'><strong>.v</strong></span> <span class='ocrx_word' id='word_1_1031' title='bbox 3124 5533 3656 5606; x_wconf 25' lang='lat' dir='ltr'><strong>Illi-(Iollabattle-lii:</strong></span> 
     </span>
    </p>
   </div>
   <div class='ocr_carea' id='block_1_106' title="bbox 568 5586 2918 5678">
    <p class='ocr_par' dir='ltr' id='par_1_106' title="bbox 568 5586 2916 5678">
     <span class='ocr_line' id='line_1_106' title="bbox 568 5586 2916 5678; baseline -0.007 -13"><span class='ocrx_word' id='word_1_1032' title='bbox 1447 5622 1569 5663; x_wconf 90' lang='lat' dir='ltr'><strong>esse</strong></span> <span class='ocrx_word' id='word_1_1033' title='bbox 1601 5607 1836 5678; x_wconf 74' lang='lat' dir='ltr'><strong>videtur.</strong></span> <span class='ocrx_word' id='word_1_1034' title='bbox 1862 5605 1979 5678; x_wconf 69' lang='lat' dir='ltr'><strong>Jac.</strong></span> <span class='ocrx_word' id='word_1_1035' title='bbox 2160 5675 2169 5678; x_wconf 90' lang='lat'>_</span> <span class='ocrx_word' id='word_1_1036' title='bbox 2375 5601 2413 5654; x_wconf 93' lang='grc' dir='ltr'><strong>Ι.</strong></span> <span class='ocrx_word' id='word_1_1037' title='bbox 2444 5617 2494 5655; x_wconf 89' lang='lat' dir='ltr'><strong>e.</strong></span> <span class='ocrx_word' id='word_1_1038' title='bbox 2534 5619 2551 5650; x_wconf 84' lang='grc' dir='ltr'><strong>ι</strong></span> <span class='ocrx_word' id='word_1_1039' title='bbox 2587 5597 2706 5652; x_wconf 88' lang='lat' dir='ltr'><strong>Una</strong></span> <span class='ocrx_word' id='word_1_1040' title='bbox 2729 5613 2853 5653; x_wconf 90' lang='lat' dir='ltr'><strong>cum</strong></span> <span class='ocrx_word' id='word_1_1041' title='bbox 2883 5614 2916 5667; x_wconf 87' lang='lat' dir='ltr'><strong>p</strong></span> 
     </span>
    </p>
   </div>
   <div class='ocr_carea' id='block_1_107' title="bbox 2231 5586 3659 5678">
    <p class='ocr_par' dir='ltr' id='par_1_107' title="bbox 2231 5586 3659 5672">
     <span class='ocr_line' id='line_1_107' title="bbox 2231 5586 3659 5672; baseline -0.013 -16"><span class='ocrx_word' id='word_1_1042' title='bbox 2231 5586 2344 5672; x_wconf 72' lang='grc'><strong>(62)</strong></span> <span class='ocrx_word' id='word_1_1043' title='bbox 2375 5601 2413 5654; x_wconf 93' lang='grc' dir='ltr'><strong>Ι.</strong></span> <span class='ocrx_word' id='word_1_1044' title='bbox 2444 5617 2494 5655; x_wconf 89' lang='lat' dir='ltr'><strong>e.</strong></span> <span class='ocrx_word' id='word_1_1045' title='bbox 2534 5619 2551 5650; x_wconf 85' lang='grc' dir='ltr'><strong>ι</strong></span> <span class='ocrx_word' id='word_1_1046' title='bbox 2587 5597 2706 5652; x_wconf 88' lang='lat' dir='ltr'><strong>Una</strong></span> <span class='ocrx_word' id='word_1_1047' title='bbox 2729 5613 2853 5653; x_wconf 91' lang='lat' dir='ltr'><strong>cum</strong></span> <span class='ocrx_word' id='word_1_1048' title='bbox 2883 5597 3108 5667; x_wconf 83' lang='lat' dir='ltr'><strong>paganis</strong></span> <span class='ocrx_word' id='word_1_1049' title='bbox 3130 5586 3659 5648; x_wconf 60' lang='lat' dir='ltr'><strong>(1hristianoruutopk‘s</strong></span> 
     </span>
    </p>
   </div>
   <div class='ocr_carea' id='block_1_108' title="bbox 544 5673 2918 5750">
    <p class='ocr_par' dir='ltr' id='par_1_108' title="bbox 544 5673 2506 5750">
     <span class='ocr_line' id='line_1_108' title="bbox 544 5673 2506 5750; baseline -0.004 -20"><span class='ocrx_word' id='word_1_1050' title='bbox 544 5673 656 5747; x_wconf 75' lang='grc'><strong>(58)</strong></span> <span class='ocrx_word' id='word_1_1051' title='bbox 686 5676 916 5731; x_wconf 81' lang='lat' dir='ltr'><strong>Codices</strong></span> <span class='ocrx_word' id='word_1_1052' title='bbox 955 5673 1372 5732; x_wconf 44' lang='lat' dir='ltr'><strong>omnes—habent</strong></span> <span class='ocrx_word' id='word_1_1053' title='bbox 1399 5678 1622 5750; x_wconf 82' lang='grc' dir='ltr'>Κύριος.</span> <span class='ocrx_word' id='word_1_1054' title='bbox 1660 5677 1803 5732; x_wconf 81' lang='lat' dir='ltr'><strong>Editi</strong></span> <span class='ocrx_word' id='word_1_1055' title='bbox 1826 5696 1838 5731; x_wconf 90' lang='lat'><strong>:</strong></span> <span class='ocrx_word' id='word_1_1056' title='bbox 1859 5676 2049 5748; x_wconf 83' lang='grc' dir='ltr'>Κύριε.</span> <span class='ocrx_word' id='word_1_1057' title='bbox 2157 5675 2459 5750; x_wconf 50' lang='lat' dir='ltr'><strong>interitum.</strong></span> <span class='ocrx_word' id='word_1_1058' title='bbox 2489 5693 2506 5722; x_wconf 84' lang='grc' dir='ltr'><strong>ι</strong></span> 
     </span>
    </p>
   </div>
   <div class='ocr_carea' id='block_1_109' title="bbox 2231 5673 2506 5750">
    <p class='ocr_par' dir='ltr' id='par_1_109' title="bbox 2231 5675 2506 5750">
     <span class='ocr_line' id='line_1_109' title="bbox 2231 5675 2506 5750; baseline -0.022 -22"><span class='ocrx_word' id='word_1_1059' title='bbox 2231 5675 2459 5750; x_wconf 52' lang='lat' dir='ltr'><strong>.er_itu_m.</strong></span> <span class='ocrx_word' id='word_1_1060' title='bbox 2489 5693 2506 5722; x_wconf 82' lang='grc' dir='ltr'><strong>ι</strong></span> 
     </span>
    </p>
   </div>
   <div class='ocr_carea' id='block_1_110' title="bbox 476 5743 2918 5814">
    <p class='ocr_par' dir='ltr' id='par_1_110' title="bbox 476 5743 2918 5814">
     <span class='ocr_line' id='line_1_110' title="bbox 476 5743 2918 5814; baseline -0.004 -13"><span class='ocrx_word' id='word_1_1061' title='bbox 476 5748 588 5804; x_wconf 68' lang='lat' dir='ltr'><strong>Jac.</strong></span> <span class='ocrx_word' id='word_1_1062' title='bbox 638 5743 646 5747; x_wconf 67' lang='grc'>⁷</span> <span class='ocrx_word' id='word_1_1063' title='bbox 1491 5743 1502 5750; x_wconf 82' lang='grc'><em>”</em></span> <span class='ocrx_word' id='word_1_1064' title='bbox 1949 5743 1960 5748; x_wconf 75' lang='grc'>⁷</span> <span class='ocrx_word' id='word_1_1065' title='bbox 2231 5746 2345 5814; x_wconf 78' lang='grc'><strong>(65)</strong></span> <span class='ocrx_word' id='word_1_1066' title='bbox 2378 5743 2417 5797; x_wconf 93' lang='lat' dir='ltr'><strong>l.</strong></span> <span class='ocrx_word' id='word_1_1067' title='bbox 2446 5759 2514 5814; x_wconf 74' lang='lat' dir='ltr'><strong>e._</strong></span> <span class='ocrx_word' id='word_1_1068' title='bbox 2539 5761 2555 5792; x_wconf 85' lang='grc' dir='ltr'><strong>ι</strong></span> <span class='ocrx_word' id='word_1_1069' title='bbox 2597 5754 2843 5814; x_wconf 85' lang='lat' dir='ltr'><strong>paganos</strong></span> <span class='ocrx_word' id='word_1_1070' title='bbox 2874 5756 2918 5809; x_wconf 82' lang='lat' dir='ltr'><strong>pl</strong></span> 
     </span>
    </p>
   </div>
   <div class='ocr_carea' id='block_1_111' title="bbox 2231 5743 3331 5814">
    <p class='ocr_par' dir='ltr' id='par_1_111' title="bbox 2231 5743 3331 5814">
     <span class='ocr_line' id='line_1_111' title="bbox 2231 5743 3331 5814; baseline -0.012 -15"><span class='ocrx_word' id='word_1_1071' title='bbox 2231 5746 2345 5814; x_wconf 78' lang='lat'><strong>(65)</strong></span> <span class='ocrx_word' id='word_1_1072' title='bbox 2378 5743 2417 5797; x_wconf 93' lang='lat' dir='ltr'><strong>l.</strong></span> <span class='ocrx_word' id='word_1_1073' title='bbox 2446 5759 2514 5814; x_wconf 75' lang='lat' dir='ltr'><strong>e._</strong></span> <span class='ocrx_word' id='word_1_1074' title='bbox 2539 5761 2555 5792; x_wconf 85' lang='grc' dir='ltr'><strong>ι</strong></span> <span class='ocrx_word' id='word_1_1075' title='bbox 2597 5754 2843 5814; x_wconf 85' lang='lat' dir='ltr'><strong>paganos</strong></span> <span class='ocrx_word' id='word_1_1076' title='bbox 2874 5746 3274 5814; x_wconf 63' lang='lat' dir='ltr'><strong>persecutores.</strong></span> <span class='ocrx_word' id='word_1_1077' title='bbox 3313 5753 3331 5783; x_wconf 74' lang='grc' dir='ltr'><strong>ι</strong></span> 
     </span>
    </p>
   </div>
   <div class='ocr_carea' id='block_1_112' title="bbox 546 5785 2918 5889">
    <p class='ocr_par' dir='ltr' id='par_1_112' title="bbox 546 5785 2918 5889">
     <span class='ocr_line' id='line_1_112' title="bbox 546 5785 2918 5889; baseline -0.003 -17"><span class='ocrx_word' id='word_1_1078' title='bbox 546 5785 656 5889; x_wconf 51' lang='grc' dir='ltr'><strong>(θθ)</strong></span> <span class='ocrx_word' id='word_1_1079' title='bbox 692 5817 934 5889; x_wconf 59' lang='grc' dir='ltr'>ξᾼιτὺτού</span> <span class='ocrx_word' id='word_1_1080' title='bbox 951 5820 1223 5889; x_wconf 83' lang='grc' dir='ltr'>ὀχήματος</span> <span class='ocrx_word' id='word_1_1081' title='bbox 1251 5822 1517 5888; x_wconf 85' lang='lat' dir='ltr'><strong>glossema</strong></span> <span class='ocrx_word' id='word_1_1082' title='bbox 1541 5834 1662 5873; x_wconf 91' lang='lat' dir='ltr'><strong>esse</strong></span> <span class='ocrx_word' id='word_1_1083' title='bbox 1683 5819 1914 5874; x_wconf 88' lang='lat' dir='ltr'><strong>videtur.</strong></span> <span class='ocrx_word' id='word_1_1084' title='bbox 1933 5816 2052 5874; x_wconf 65' lang='lat' dir='ltr'><strong>Jac.</strong></span> <span class='ocrx_word' id='word_1_1085' title='bbox 2160 5885 2199 5889; x_wconf 90' lang='lat'><em>_</em></span> 
     </span>
    </p>
   </div>
   <div class='ocr_carea' id='block_1_113' title="bbox 2231 5785 3658 5889">
    <p class='ocr_par' dir='ltr' id='par_1_113' title="bbox 2231 5785 3658 5889">
     <span class='ocr_line' id='line_1_113' title="bbox 2231 5785 3658 5889; baseline -0.018 -19"><span class='ocrx_word' id='word_1_1086' title='bbox 2231 5785 2344 5889; x_wconf 65' lang='lat'><strong>26;;</strong></span> <span class='ocrx_word' id='word_1_1087' title='bbox 2378 5785 2842 5889; x_wconf 64' lang='lat' dir='ltr'><strong>ii.“3...:1:s;.;;sj</strong></span> <span class='ocrx_word' id='word_1_1088' title='bbox 2874 5785 3366 5864; x_wconf 47' lang='lat' dir='ltr'><strong>stantem...</strong></span> <span class='ocrx_word' id='word_1_1089' title='bbox 3405 5811 3455 5856; x_wconf 89' lang='lat' dir='ltr'><strong>et</strong></span> <span class='ocrx_word' id='word_1_1090' title='bbox 3487 5785 3658 5849; x_wconf 60' lang='grc' dir='ltr'><strong>γεω.</strong></span> 
     </span>
    </p>
   </div>
   <div class='ocr_carea' id='block_1_114' title="bbox 545 5880 2918 5959">
    <p class='ocr_par' dir='ltr' id='par_1_114' title="bbox 545 5880 2886 5959">
     <span class='ocr_line' id='line_1_114' title="bbox 545 5880 2886 5959; baseline -0.006 -10"><span class='ocrx_word' id='word_1_1091' title='bbox 545 5880 658 5959; x_wconf 80' lang='grc'><strong>(60)</strong></span> <span class='ocrx_word' id='word_1_1092' title='bbox 692 5885 896 5946; x_wconf 83' lang='lat' dir='ltr'><strong>Vocem</strong></span> <span class='ocrx_word' id='word_1_1093' title='bbox 919 5880 1126 5958; x_wconf 70' lang='grc' dir='ltr'>λοὶπύν,</span> <span class='ocrx_word' id='word_1_1094' title='bbox 1159 5880 1281 5958; x_wconf 69' lang='grc' dir='ltr'><strong>ι]υῶ</strong></span> <span class='ocrx_word' id='word_1_1095' title='bbox 1318 5891 1503 5945; x_wconf 79' lang='lat' dir='ltr'><strong>statim</strong></span> <span class='ocrx_word' id='word_1_1096' title='bbox 1539 5892 1803 5959; x_wconf 90' lang='lat' dir='ltr'><strong>recurrit,</strong></span> <span class='ocrx_word' id='word_1_1097' title='bbox 1838 5891 2051 5946; x_wconf 86' lang='lat' dir='ltr'><strong>uncinis</strong></span> <span class='ocrx_word' id='word_1_1098' title='bbox 2159 5880 2690 5957; x_wconf 75' lang='grc' dir='ltr'>Εύίιὶἐπροσποιεῖς,</span> <span class='ocrx_word' id='word_1_1099' title='bbox 2727 5880 2886 5935; x_wconf 82' lang='lat' dir='ltr'><strong>male.</strong></span> 
     </span>
    </p>
   </div>
   <div class='ocr_carea' id='block_1_115' title="bbox 2231 5880 2886 5959">
    <p class='ocr_par' dir='ltr' id='par_1_115' title="bbox 2231 5880 2886 5957">
     <span class='ocr_line' id='line_1_115' title="bbox 2231 5880 2886 5957; baseline -0.011 -16"><span class='ocrx_word' id='word_1_1100' title='bbox 2231 5880 2300 5941; x_wconf 76' lang='lat' dir='ltr'><strong>liti</strong></span> <span class='ocrx_word' id='word_1_1101' title='bbox 2321 5880 2335 5939; x_wconf 75' lang='grc' dir='ltr'><strong>ἑ</strong></span> <span class='ocrx_word' id='word_1_1102' title='bbox 2358 5885 2690 5957; x_wconf 82' lang='grc' dir='ltr'>προσποιεῖς,</span> <span class='ocrx_word' id='word_1_1103' title='bbox 2727 5880 2886 5935; x_wconf 82' lang='lat' dir='ltr'><strong>male.</strong></span> 
     </span>
    </p>
   </div>
  </div>
