3802 6210
159 341 272 397 1037
792 332 1012 390 EPIST.
1058 329 1421 388 ECCLESUE
1464 327 1721 385 SMYRN.
1761 327 1851 381 DE
1892 327 2255 383 MARTYRIO
2299 330 2354 384 S.
2410 326 2826 384 POLYCARPI.
3264 334 3407 389 1058

164 466 212 517 Ὀ
239 460 524 522 ἀνθύπατος
555 459 678 529 ἔφη·
709 477 727 509 ι
754 460 950 511 Πεῖσον
977 457 1067 511 τὸν
1109 457 1278 527 δῆμον
1315 455 1445 527 (65).
1490 475 1507 506 ι
1546 456 1604 507 Ὁ
1636 453 1692 508 δὲ

1850 452 2102 507 roconsul
2141 452 2313 507 dixit:
2348 470 2366 503 ι
2403 450 2684 506 Persuade
2729 451 2959 521 populo.
3004 468 3024 503 ι
3062 450 3405 524 Polycarpns

154 554 483 624 Πυλύκαρπος
524 547 694 603 εἶπεν·
728 571 746 601 ι
780 552 847 604 Σὲ
884 552 982 621 μὲν
1019 553 1113 604 καὶ
1153 551 1311 620 λόγου
1348 550 1574 619 ἠξίωσα·
1610 552 1695 604 δε-

1850 546 2085 615 :spondit
2129 565 2141 599 :
2195 565 2213 597 (
2267 544 2344 599 Te
2386 545 2606 615 quidem
2649 560 2906 600 sermone
2949 544 3181 615 dignum
3232 556 3401 615 puto;

152 645 415 715 διδάγμεθα
445 642 554 716 γὰρ
601 644 791 713 ἀρχαῖς
830 644 923 695 καὶ
969 641 1239 706 ἐξουσίαις
1285 642 1391 694 ὑπὸ
1430 642 1523 695 τοῦ
1557 642 1693 695 Θεοῦ

1850 642 1982 696 iocti
2014 642 2163 696 enim
2219 655 2446 705 sumus,
2486 640 2828 709 principibus
2860 648 2917 694 et
2965 640 3341 709 potestatibus
3370 658 3403 694 ιι

152 736 474 807 τεταγμέναις
509 734 672 805 τιμὴν
719 734 857 788 κατά
888 735 949 787 τὸ
991 735 1289 806 προσῆκον,
1318 735 1417 806 τὴν
1452 737 1525 808 μὴ
1564 735 1693 806 βλά-

152 843 361 881 πτουσαν
392 827 570 897 ἡμᾶς,
612 824 922 895 ἀπονέμειν·
962 825 1201 888 ἐκείνους
1226 826 1281 878 δὲ
1314 827 1413 897 οὐχ
1454 828 1692 897 ἠγοῦμαι

150 919 308 987 ἀξίους
348 918 439 971 τοῦ
466 916 849 985 ἀπολογεῖσθαι
871 918 1071 982 αὐτοῖς.
1116 937 1137 969 ι

1803 739 1914 793 Deo
1946 738 2234 802 ordinatis,
2260 746 2425 806 prout
2450 736 2627 802 decet,
2665 735 2930 789 honorem
2973 735 3133 790 nobis
3162 751 3274 790 non
3304 751 3402 790 no-

1802 844 2014 889 centcm
2056 830 2300 897 deferre;
2350 831 2472 885 illos
2508 843 2639 883 vero
2684 829 2941 899 indignos
2983 837 3151 898 puto,
3193 830 3398 899 quibus

1811 926 2074 981 rationem
2098 924 2319 979 reddam
2346 923 2409 975 ¹⁰.
2438 933 2458 966 ι

838 1038 930 1092 XI.
972 1039 1081 1093 Nec
1113 1039 1432 1104 bestiarum,
1471 1060 1562 1094 nec
1596 1046 1731 1114 ignis
1766 1049 1927 1101 mina:
1966 1046 2322 1115 Polycarpum
2352 1049 2660 1110 perterrent.

217 1158 269 1210 '0
298 1157 351 1210 δὲ
389 1155 696 1218 ἀνθύπατος
721 1156 855 1226 πρὸς
896 1156 1056 1209 αὑτὸν
1098 1152 1239 1209 εἶπε
1281 1177 1301 1208 ι
1351 1158 1523 1232 Θηρία
1567 1160 1697 1231 ἔχω,

148 1249 327 1311 τούτοις
364 1266 421 1301 σε
465 1246 800 1319 παραϐαλῶ,
837 1247 931 1300 ἐὰν
970 1248 1042 1318 μὴ
1076 1251 1432 1321 μετανοήσῃς.
1475 1270 1493 1302 ι
1539 1252 1598 1304 Ὀ
1643 1253 1699 1305 δὲ

148 1337 295 1394 εἶπεν
318 1359 336 1391 ι
359 1339 547 1403 Κάλει,
565 1338 900 1409 ἁμετάθετος
915 1339 1023 1411 γάρ
1043 1341 1176 1411 ἡμῖν
1202 1342 1235 1411 ἡ
1259 1341 1365 1393 ἀπὸ
1388 1341 1495 1394 τῶν
1516 1360 1700 1412 κρειτ-

146 1432 288 1485 τόνων
313 1432 401 1484 ἐπὶ
431 1431 500 1483 τά
531 1430 699 1501 χείρω
730 1431 1004 1501 μετάνοια⁸
1040 1433 1202 1485 καλὸν
1229 1433 1286 1487 δέ
1319 1436 1699 1505 μετατίθεσθαί

148 1541 204 1594 με
227 1524 325 1576 ἀπὸ
366 1522 472 1575 τῶν
525 1522 774 1593 χαλεπῶν
806 1523 897 1575 ἐπὶ⁹
947 1525 1015 1577 τὰ
1054 1524 1256 1578 δίκαια.
1294 1545 1311 1577 ι
1357 1528 1414 1580 '0
1444 1527 1501 1579 δὲ
1538 1529 1699 1583 πάλιν

146 1614 261 1683 πρὸς
280 1613 453 1665 αὐτόν⁸
486 1632 504 1663 ι
540 1613 680 1683 ΙΙυρί
712 1630 771 1665 σε
806 1612 942 1665 ποιῶ
974 1613 1371 1685 δαπανηθῆναι,
1395 1617 1441 1667 εἰ
1469 1617 1576 1669 τῶν
1602 1617 1698 1687 θη-

146 1708 257 1778 ρίων
282 1710 657 1778 καταφρονεῖς,
692 1707 785 1759 ἐὰν
824 1706 897 1777 μὴ
935 1709 1293 1780 μετανοήσῃς.
1327 1728 1344 1759 ι
1384 1710 1439 1762 Ὁ
1463 1709 1519 1762 δὲ
1540 1709 1703 1762 Πολύ-

145 1816 347 1870 καρπος·
387 1819 404 1850 ι
440 1799 563 1871 Πύρ
608 1799 849 1863 ἀπειλεῖς
905 1800 966 1851 τὸ
1014 1800 1151 1869 πρὸς
1189 1799 1337 1871 ὥραν
1392 1802 1699 1872 καιόμενον,

144 1893 220 1944 καὶ
254 1895 361 1963 μετ’
388 1892 569 1961 ὀλίγον
603 1892 981 1963 σϐεννύμενον·
1006 1895 1223 1961 ἀγνοεῖς
1248 1893 1357 1966 γὰρ
1385 1896 1446 1949 τὸ
1465 1897 1562 1966 τῆς
1582 1897 1704 1967 μελ-

142 1988 314 2060 λούσης
353 1989 590 2062 κρίσεως
631 1990 724 2044 καὶ
759 1991 976 2045 αἰωνίου
1008 1990 1283 2054 κολάσεως
1324 1994 1436 2055 τοῖς
1478 1975 1699 2046 ἀσεϐέσι

142 2083 448 2155 τηρούμενον
496 2084 631 2156 πῦρ.
679 2082 836 2138 Ἀλλά
876 2084 926 2136 τί
977 2083 1292 2155 βραδύνεις;
1321 2085 1479 2157 Φέρε,
1514 2086 1543 2139 ὃ
1576 2086 1701 2157 βού-

141 2174 226 2229 λει.
262 2195 279 2227 ι

1881 1165 1952 1219 At
1985 1163 2283 1234 proconsul
2322 1162 2389 1216 ad
2432 1162 2611 1230 ipsum
2642 1160 2781 1214 dixit
2814 1180 2826 1214 :
2861 1180 2880 1211 ‹
2933 1159 3144 1216 Bestias
3180 1160 3389 1226 habeo;

1810 1256 1895 1311 his
1941 1264 1991 1309 te
2033 1255 2325 1325 objiciam,
2358 1252 2463 1309 nisi
2520 1251 2881 1306 convertaris.
2926 1270 2944 1302 ι
2989 1250 3106 1321 Ipse
3138 1267 3270 1307 vero
3303 1268 3395 1308 re-

1810 1349 2062 1417 spondit:
2106 1367 2123 1398 ‹
2155 1347 2385 1400 Arcesse
2399 1358 2635 1408 eas,nos
2656 1343 2800 1397 enim
2830 1346 3033 1400 mutari
3062 1362 3174 1401 non
3199 1362 3396 1417 possu-

1809 1456 1933 1495 mus
1972 1441 2335 1495 conversione
2363 1455 2391 1491 a
2422 1438 2740 1492 melioribus
2762 1437 2829 1491 ad
2850 1436 3121 1492 deteriora
3144 1456 3159 1504 ;
3182 1439 3392 1494 bonum

1808 1539 1989 1585 autem
2022 1539 2127 1593 est,
2160 1546 2247 1583 me
2277 1545 2307 1582 a
2334 1528 2497 1582 malis
2536 1528 2603 1581 ad
2630 1528 2781 1594 justa
2825 1530 3084 1584 transire.
3121 1548 3139 1580 )
3176 1527 3391 1585 Rursus

1809 1624 1911 1675 iste
1939 1622 2006 1676 ad
2029 1621 2388 1692 Polycarpum
2416 1639 2428 1674 :
2467 1643 2484 1670 ι
2517 1619 2975 1689 Quandoquidem
3007 1621 3211 1677 bestias
3235 1638 3390 1691 sper-

1806 1716 1912 1781 nis,
1944 1714 2055 1784 igni
2099 1723 2150 1768 te
2194 1713 2404 1766 tradam
2442 1714 2901 1776 consumendum,
2930 1713 3035 1767 nisi
3064 1715 3392 1768 sententiam

1806 1816 2003 1861 mutes.
2046 1826 2063 1857 )
2089 1806 2189 1859 (Συί
2221 1806 2592 1875 Polycarpus:
2632 1824 2651 1855 ι
2687 1804 2870 1875 Ignem
2911 1806 3165 1871 minaris,
3192 1807 3285 1875 qui
3322 1808 3390 1860 ad

1804 1901 1952 1953 horae
1992 1898 2227 1967 spatium
2274 1897 2459 1961 ardet,
2502 1912 2565 1950 ac
2603 1896 2767 1964 paulo
2810 1906 2934 1965 post
2982 1898 3386 1967 exstinguitur;

1802 1991 2025 2061 ignoras
2054 1990 2198 2043 enim
2234 1987 2385 2040 illum
2419 1986 2588 2039 futuri
2616 1986 2808 2055 judicii
2854 1996 2909 2041 et
2952 1994 3171 2043 aeterna:
3212 2004 3390 2057 poena:

1803 2083 2006 2153 ignem,
2035 2081 2129 2150 qui
2160 2080 2343 2149 impiis
2371 2088 2702 2134 reservatur.
2724 2078 2925 2134 Verum
2958 2080 3087 2150 quid
3112 2081 3388 2137 moraris?

1800 2171 2012 2238 Profer,
2045 2172 2413 2242 quodcunque
2436 2170 2693 2225 volueris.
2731 2190 2748 2222 ι

1174 2294 1289 2350 XII.
1326 2294 1653 2365 Polycarpus
1688 2293 1758 2346 ad
1793 2306 1979 2361 rogum
2011 2290 2318 2342 damnatur.

196 2385 368 2440 Ταῦτα
411 2387 469 2441 δὲ
518 2387 615 2439 καὶ
662 2387 795 2441 ἄλλα
841 2389 1060 2442 πλείονα
1099 2388 1292 2457 λέγων,
1341 2390 1575 2463 θάρσους
1606 2391 1698 2443 καὶ

140 2478 290 2547 χαρᾶς
322 2478 715 2549 ἐνεπίμπλατο,
752 2479 844 2532 καὶ
874 2479 931 2533 τὸ
965 2479 1257 2551 πρόσωπον
1286 2480 1452 2534 αὐτοῦ
1478 2482 1700 2553 χάριτος

140 2570 432 2641 ἐπληροῦτο,
466 2572 615 2624 ὥστε
647 2572 705 2624 ού
746 2572 904 2643 μόνον
942 2573 1016 2645 μὴ
1049 2574 1369 2644 συμπεσεῖν,
1402 2572 1699 2645 ταραχθέν-

140 2682 195 2717 τα
214 2665 312 2736 (66)
345 2667 448 2719 ὑπὸ
479 2666 592 2719 τῶν
621 2665 933 2735 λεγομένων
965 2666 1102 2737 πρὸς
1121 2666 1304 2730 αὐτὸν,
1328 2665 1461 2719 ἀλλά
1488 2667 1701 2720 τούναν-

138 2754 234 2808 τίον
263 2758 347 2811 τὸν
378 2757 694 2812 ἀνθύπατον
730 2757 1012 2827 ἐκστῆναι,
1049 2757 1262 2827 πέμψαι
1295 2774 1353 2809 τε
1381 2758 1471 2810 τὸν
1507 2756 1699 2811 ἑαυτοῦ

139 2848 359 2918 κήρυκα,
403 2852 461 2903 ἐν
499 2849 656 2920 μέσῳ
687 2850 763 2920 τῷ
806 2849 1006 2921 σταδίῳ
1037 2848 1271 2921 κηρύξαι
1302 2851 1502 2921 τρίτονο
1539 2870 1556 2900 ι
1599 2852 1702 2903 Πο-

138 2936 389 3011 λύκαρπος
441 2941 801 3012 ὡμολόγησεν
855 2940 1047 2993 ἑαυτὸν
1092 2941 1416 3012 Χριστιανὸν
1473 2937 1632 2993 εἶναι.
1677 2961 1694 2993 ›

139 3029 314 3084 Τούτου
342 3030 629 3105 λεχθέντος
660 3032 764 3085 ὑπὸ
790 3033 885 3086 τοῦ
923 3033 1182 3104 κήρυκος,
1221 3032 1365 3086 ἅπαν
1405 3032 1464 3084 τὸ
1500 3032 1701 3100 πλῆθος

138 3116 281 3171 ἐθνῶν
313 3138 368 3173 τε
402 3121 495 3173 καὶ
532 3120 802 3173 Ἰουδαίων
834 3121 942 3174 τῶν
971 3122 1068 3192 τὴν
1105 3121 1359 3194 Σμύρναν
1384 3121 1700 3175 κατοικούν-

139 3224 246 3272 των,
284 3211 649 3282 ἀκατασχέτῳ
691 3211 845 3284 θυμῷ
879 3215 971 3267 κα).
1026 3214 1237 3285 μεγάλῃ
1288 3217 1436 3285 φωνῇ
1478 3212 1695 3266 ἐπεϐόα·

144 3318 157 3348 ι
193 3297 345 3366 Οὗτός
379 3305 530 3362 ἐστιν
555 3305 582 3355 ό
611 3302 710 3371 τῆς
733 3302 988 3366 ἀσεϐείας
1025 3302 1132 3374 (67)
1163 3303 1505 3366 διδάσκαλος,
1536 3306 1563 3357 ό
1596 3320 1701 3356 πα-

138 3392 223 3462 τὴρ
245 3393 346 3445 τῶν
366 3393 736 3467 Χριστιανῶν,
780 3394 809 3445 ό
844 3393 950 3447 τῶν
991 3394 1274 3465 ἡμετέρων
1323 3392 1460 3445 θεῶν
1507 3393 1700 3447 καθαι-

1872 2384 1998 2440 Hiec
2030 2402 2157 2440 vero
2187 2394 2352 2454 atque
2380 2387 2483 2439 alia
2511 2387 2667 2455 plura
2693 2402 2818 2441 cum
2846 2386 3074 2451 diceret,
3100 2387 3303 2445 ﬁducia
3330 2397 3387 2444 et

1802 2479 2001 2551 gaudio
2038 2479 2374 2548 replebalur,
2423 2478 2682 2549 illiusque
2724 2479 2908 2534 vultus
2954 2481 3150 2549 plenus
3196 2482 3387 2551 gratia:

1800 2581 1941 2639 erat,
1972 2572 2109 2625 adeo
2154 2580 2213 2625 ιιι
2255 2586 2362 2625 non
2397 2571 2575 2625 solum
2608 2586 2716 2624 non
2749 2571 3089 2637 concideret,
3123 2571 3243 2641 ipso
3292 2589 3390 2643 per

1800 2663 1946 2718 dicta
1991 2664 2352 2728 conturbato;
2402 2661 2497 2718 sed
2547 2670 2738 2717 contra
2789 2663 3088 2731 proconsul
3120 2672 3388 2733 stuperet,

1802 2771 2077 2825 suumque
2122 2754 2369 2809 mitteret
2421 2770 2727 2824 praeconem
2772 2764 2853 2808 ter
2889 2754 2946 2808 in
2996 2755 3179 2809 medio
3210 2755 3390 2810 stadio

1801 2847 2273 2918 proclamaturum
2306 2865 2318 2901 :
2357 2865 2375 2895 ι
2407 2845 2745 2917 Polycarpus
2773 2846 3061 2902 confessus
3088 2855 3192 2913 est,
3224 2847 3389 2901 Chri-

1804 2943 2044 2994 stianum
2067 2955 2126 2994 se
2150 2955 2293 2993 esse.
2332 2959 2350 2989 ι
2388 2938 2547 3005 Quod
2582 2938 2675 2992 ubi
2720 2939 3133 3008 pronuntiasset
3172 2954 3387 3008 praeco,

1803 3031 2060 3086 universa
2115 3031 2409 3084 multitudo
2458 3030 2743 3100 gentilium
2795 3046 2859 3084 ac
2910 3029 3246 3094 Judworum,
3293 3030 3388 3099 qui

1804 3121 2094 3193 Smyrnam
2129 3122 2471 3185 incolebant,
2503 3121 2766 3177 cifrenata
2806 3123 2885 3175 ira
2929 3130 2983 3175 et
3027 3137 3225 3192 magna
3254 3135 3390 3176 voce

1803 3213 2183 3267 conclamabat
2217 3232 2229 3267 :
2265 3233 2283 3264 ι
2326 3212 2424 3267 Hic
2454 3213 2751 3282 impietatis
2777 3222 2863 3269 est
2894 3222 3221 3283 praeceptor,
3237 3223 3392 3282 pater

1802 3302 2288 3369 Christianorum,
2344 3304 2576 3358 deorum
2626 3311 2947 3359 nostrorum
3001 3320 3244 3369 eversor,
3291 3306 3388 3375 qui

1804 3399 2006 3453 multos
2035 3399 2214 3467 docet,
2248 3416 2317 3453 ne
2349 3400 2681 3467 sacriticent,
2729 3414 2866 3454 neve
2894 3400 3041 3469 .deos
3081 3397 3330 3453 adorent.
3365 3417 3384 3450 ›

139 3482 294 3552 ρέτης,
323 3484 350 3536 ὁ
374 3484 608 3547 πολλοὺς
629 3483 894 3537 διδάσκων
924 3483 1008 3565 μὴ,
1028 3482 1195 3549 θύειν,
1228 3484 1359 3555 μηδέ
1377 3486 1700 3555 προσκυνεῖν

1858 3506 1936 3545 me
1979 3490 2221 3546 dicentes
2274 3492 2584 3546 clamabant
2636 3490 3012 3560 rogabantque
3077 3489 3425 3560 Philippum.

137 3577 229 3637 τοῖς
258 3575 414 3641 θεοῖς.
460 3597 480 3628 ι
523 3577 716 3631 Ταῦτα
757 3576 1008 3645 λέγοντες
1050 3577 1291 3631 ἐπεϐόων
1333 3578 1428 3631 καὶ
1474 3576 1700 3649 ἠρώτων

1855 3581 2151 3647 siarcham,
2190 3592 2251 3636 ut
2283 3581 2498 3636 leonem
2532 3582 2800 3636 adversus
2834 3578 3199 3650 Polycarpum
3230 3580 3390 3635 emit-

137 3666 210 3718 τὸν
238 3668 524 3740 Ἀσιάρχην
569 3666 676 3738 (68)
724 3666 1019 3730 Φίλιππον,
1063 3667 1374 3738 ἵνα,ἐπαφῇ
1416 3667 1494 3738 τῷ
1524 3666 1697 3720 Πολυ-

1850 3681 1961 3726 :ret.
1994 3674 2064 3726 At
2101 3671 2383 3742 Philippus
2428 3671 2484 3726 id
2524 3672 2630 3726 sibi
2662 3672 2828 3726 licere
2853 3672 3091 3742 negavit,
3139 3671 3268 3739 quia
3298 3671 3388 3724 lu-
3422 3720 3430 3729 .

140 3757 309 3829 κάρπῳ
345 3760 560 3814 λέοντα.
610 3761 668 3811 Ὀ
717 3759 773 3812 δὲ
821 3759 1084 3823 Φίλιππος
1126 3759 1251 3831 ἔφη,
1300 3758 1373 3830 μὴ
1409 3755 1548 3813 εἶναι
1580 3758 1700 3823 ἐξὸν

1850 3776 1933 3813 nm
1968 3761 2268 3815 bestiarum
2292 3761 2403 3831 jam
2440 3761 2787 3831 explevisset.
2821 3759 2978 3816 Tunc
3018 3761 3225 3832 placuit
3256 3762 3387 3828 illis,

137 3850 294 3921 αύτῷ,
330 3853 521 3924 ἐπειδὴ
560 3851 915 3923 πεπληρὼκει
956 3852 1064 3923 (69)
1110 3854 1177 3907 τὰ
1208 3852 1525 3922 κυνηγέσια.
1566 3852 1700 3904 Τότε

1850 3867 1915 3905 no
1938 3866 2210 3906 consensu
2236 3852 2496 3917 clamare,
2529 3861 2590 3907 ut
2611 3851 2947 3924 Polycarpus
2970 3855 3125 3908 vivus
3155 3854 3391 3909 combu-

138 3941 289 4007 ἔδοξεν
320 3947 502 4009 αὐτοῖς
538 3943 879 4016 ὁμοθυμαδὸν
908 3943 1218 4015 ἐπιϐοῆσαι,
1250 3943 1391 3997 ὥστε
1417 3944 1508 3999 τὸν
1542 3943 1705 3997 Πολύ-

136 4049 321 4106 καρπον
342 4037 522 4101 ζῶντα
557 4035 664 4107 (70)
693 4035 1125 4107 κατακαυθῆναι.
1166 4038 1315 4091 Ἔδει
1363 4035 1473 4107 γὰρ
1514 4035 1574 4088 τὸ
1605 4035 1703 4104 τῆς

136 4129 526 4201 φανερωθείσης
557 4129 650 4181 ἐπὶ
672 4128 767 4183 τοῦ
790 4129 1231 4199 προσκεφαλαίου
1261 4128 1529 4192 ὀπτασίας
1560 4127 1701 4199 πληο-
1731 4110 1741 4121 ⁸

138 4216 386 4290 ρωθῆναι,
420 4222 513 4274 ὅτε
558 4218 681 4273 ἰδὼν
722 4221 853 4273 αὐτὸ
909 4220 1198 4290 καιόμενον
1246 4220 1700 4291 προσευχόμενος,

134 4304 265 4363 εἶπεν
298 4312 659 4384 ἐπιστραφεὶς
705 4315 815 4375 τοῖς
861 4314 957 4365 σὺν
1000 4312 1151 4383 αὐτῷ
1186 4314 1398 4375 πιστοῖς
1434 4329 1702 4385 προφητι-

134 4396 246 4467 κῶς·
282 4424 300 4456 ι
324 4404 415 4457 Δεῖ
437 4422 507 4476 με
540 4401 721 4468 ζῶντα
741 4402 1171 4473 κατακαυθῆναι.
1204 4424 1220 4454 ι

1800 3950 2037 3996 reretur.
2084 3940 2319 3999 Necesse
2362 3945 2508 3999 enim
2543 3954 2684 4012 erat,
2718 3955 2777 3999 ut
2805 3946 2947 4001 visio
2980 3946 3072 4001 illa
3116 3947 3181 4001 de
3214 3947 3391 4002 cervi-

1804 4034 1909 4088 cali
1956 4034 2297 4103 impleretur,
2339 4053 2461 4106 qua:
2487 4038 2536 4092 ei
2586 4047 2810 4093 ostensa
2845 4037 3045 4105 fuerat,
3088 4054 3214 4093 cum
3248 4039 3391 4093 inter

1806 4127 2078 4183 orandum
2115 4128 2249 4184 illud
2275 4130 2475 4185 ardens
2498 4131 2727 4201 videret,
2754 4142 2807 4187 et
2831 4146 3131 4188 conversus
3163 4130 3232 4185 ad
3259 4130 3393 4185 tide-

1804 4221 1883 4277 les
1927 4231 2178 4279 astantes
2215 4224 2533 4294 prophetice
2582 4225 2830 4281 diceret:
2874 4245 2892 4276 ι
2937 4224 3162 4294 Oportet
3194 4240 3282 4280 me
3302 4225 3390 4279 vi—

1804 4329 1934 4368 vum
1963 4315 2235 4371 comburi.
2269 4335 2286 4365 ι

1402 4540 1539 4594 ΧΙΠ.
1578 4539 1754 4609 Rogus
1786 4545 2102 4596 exstruitur.

193 4665 368 4719 Ταῦτα
398 4661 497 4719 οὖν
536 4664 675 4734 μετὰ
707 4663 959 4716 τοσούτου
990 4664 1188 4733 τάχους
1237 4663 1445 4732 ἐγίνετο
1464 4704 1477 4725 ,
1512 4661 1704 4715 θᾶττον

132 4756 211 4810 τοῦ
234 4758 512 4829 λεχθῆναι,
544 4754 654 4809 τῶν
684 4756 855 4827 ὄχλων
892 4756 1231 4827 παραχρῆμα
1267 4757 1605 4823 συναγόντων
1640 4752 1704 4806 ἔκ

224 4899 263 4928 ¹⁰
293 4897 454 4953 Rom.
484 4912 611 4960 xm,
642 4898 693 4961 1,
722 4896 785 4963 7;
818 4896 923 4951 Tit.
963 4914 1048 4963 ιιι,
1077 4897 1128 4949 l.

1886 4664 2013 4720 Haec
2041 4680 2207 4734 porro
2231 4665 2396 4720 citius
2420 4672 2637 4734 peracta
2663 4669 2810 4726 sunt,
2834 4675 2997 4730 quam
3018 4659 3392 4729 pronuntiata;

1814 4767 2011 4814 cuncta
2040 4759 2197 4827 plebe
2224 4756 2514 4813 confestim
2540 4772 2605 4810 ex
2632 4755 2865 4811 ollicinis
2891 4768 2955 4808 ac
2997 4751 3212 4808 balneis
3248 4752 3393 4822 ligna

192 5017 296 5088 (65)
324 5021 361 5073 Ι.
392 5035 444 5073 e.
479 5037 497 5069 ι
538 5017 731 5072 audire
774 5025 824 5072 te
861 5018 1004 5083 volo,
1041 5018 1085 5071 si
1127 5033 1155 5071 a
1194 5020 1396 5088 populo
1439 5016 1700 5088 prolatio-
1731 5014 1778 5069 D
1804 5014 2084 5088 appellati.
2118 5007 2537 5088 Mmeryﬁfalde
2572 5020 2868 5085 onerosum
2913 5002 3400 5088 enrat_.hoc_sac‘er:

132 5089 527 5159 nem_supplicii
561 5088 767 5157 poteris
792 5089 1107 5157 impetrare.
1137 5109 1154 5138 ι
1198 5088 1453 5159 Neandro
1475 5104 1701 5157 procon-

132 5159 204 5230 sul
241 5156 511 5230 [gnatium
552 5156 787 5230 servare
835 5156 1074 5230 voluisse
1125 5160 1355 5214 videtur.
1410 5156 1547 5213 Vide
1581 5159 1701 5228 ejus

132 5226 415 5282 Historiam
448 5228 638 5283 eccles.
672 5245 710 5289 ι,
741 5243 796 5296 p.
827 5228 1093 5284 107—H0.

192 5300 296 5367 (66)
328 5300 404 5354 Ita
451 5299 800 5353 Jacobsonus
846 5315 876 5352 e
922 5300 1083 5354 codd.
1132 5300 1368 5355 Vindob.
1419 5308 1471 5352 et
1524 5298 1698 5353 Paris.

192 5370 292 5439 (67)
329 5370 438 5425 Pro
462 5370 721 5433 ἀσεϐείας
748 5370 1145 5424 restituendum
1166 5388 1285 5425 esse
1302 5370 1507 5432 Ἀσίας,
1526 5369 1700 5422 Ense-

130 5438 227 5503 hii,
271 5438 457 5495 Ruﬁni
504 5452 554 5494 et
611 5442 807 5510 veteris
861 5441 1177 5510 interpretis
1219 5440 1569 5496 consentiens
1614 5439 1703 5492 hic

130 5510 313 5565 evincit
350 5512 680 5565 auctoritas.
717 5509 913 5564 Usscn.

194 5580 299 5635 (68)
346 5583 632 5636 Asiarchae
668 5591 846 5643 erant,
892 5582 985 5650 qui
1019 5582 1178 5637 ludos
1220 5597 1408 5637 sacros
1445 5581 1500 5633 in
1534 5578 1703 5631 hono—

130 5664 230 5703 rem
259 5653 488 5705 deorum
525 5668 628 5720 pro
660 5652 834 5705 salute
859 5654 1150 5720 provincire
1174 5668 1286 5707 sua:
1308 5653 1462 5707 statis
1491 5659 1699 5720 tempo—

130 5721 267 5776 ribus
307 5719 701 5791 procurabant.
738 5719 892 5787 Quod
922 5738 1051 5775 vero
1082 5725 1425 5790 spectacula,
1467 5734 1590 5790 quae
1635 5719 1704 5772 ab

132 5791 225 5844 illis
264 5794 577 5862 dabantur,
626 5808 782 5845 sacra
828 5803 1018 5857 erant,
1065 5793 1190 5847 inde
1230 5793 1543 5850 sacerdotes
1577 5798 1708 5845 sunt

1801 5068 2052 5144 dbiium,
2093 5091 2258 5150 atque
2302 5080 2506 5132 idcirco
2550 5075 2773 5150 i_i_o_nnisi
2827 5072 3201 5150 opulentiores
3239 5070 3307 5122 ad
3333 5068 3399 5150 .id

1804 5137 2100 5224 gerendum
2145 5137 2507 5224 eligebantur.
2559 5145 2696 5200 Hinc
2722 5137 3013 5224 £5t,__quod
3058 5138 3258 5224 Strabo
3294 5137 3399 5224 ob-

1806 5211 2024 5287 servat,
2074 5211 2374 5275 Asiarvchas
2429 5219 2541 5290 fere
2585 5232 2659 5290 ex
2722 5212 3016 5290 Trallianis
3074 5211 3400 5290 desumptos

1805 5279 2318 5361 fuisse,'pr0p1erea
2365 5287 2668 5362 quodejus
2693 5286 2845 5362 urbis
2871 5283 3020 5362 cives
3048 5279 3402 5362 totiusnAsizn

1807 5349 2212 5433 Optilentissiini
2261 5349 2723 5433 esseitt._V.i_Lt-:s.
2772 5354 2915 5433 idem
2961 5352 3083 5433 iste
3113 5349 3402 5433 Philippus

1807 5419 1947 5488 infra
1979 5449 2028 5486 c.
2063 5434 2125 5485 2|
2162 5431 2457 5501 ἀρχιερεὺς
2490 5424 2827 5501 Τραλλιανός
2855 5423 3180 5501 appellatur.
3208 5419 3326 5473 ,1Αο.

1802 5530 1805 5535 ·
1878 5504 1990 5575 (69)
2018 5504 2090 5557 Ita
2111 5494 2351 5575 codices,
2373 5509 2510 5575 teste
2538 5494 2873 5575 Jacobsono.
2889 5494 3110 5575 (omisso
3128 5504 3403 5575 augm‘en-

1807 5588 1861 5631 to
1881 5556 2440 5643 ΧιιιιίείιιιιιῐιιρεξιΊέιξριί,
2473 5567 2621 5643 quod
2650 5565 2851 5643 saepius
2886 5563 3005 5617 ﬁeri
3041 5556 3273 5616 testatur
3290 5556 3383 5613 Wi

1805 5635 1907 5702 uer.
1933 5635 2202 5703 Graiith
2235 5642 2262 5713 §
2293 5642 2383 5713 1‘2,
2405 5657 2459 5693 n.
2486 5637 2539 5694 8.
2575 5654 2628 5713 ρ».
2655 5635 2967 5713 (ἱξ),.θι1..1ν;

1803 5747 1809 5762 ι
1880 5717 1993 5786 (70)
2024 5702 2261 5786 Ecodd.”
2292 5702 2450 5767 Vind.
2483 5718 2537 5763 et
2577 5702 2881 5763 Parisiensi
2938 5702 3284 5761 Jacobsonus
3317 5715 3412 5755 rev

1806 5788 1989 5858 posuit
2021 5785 2217 5851 ζῶντα.
