3802 6210
151 270 274 325 l0“
778 272 997 331 EPIST.
1042 276 1409 336 ECCLESIIE
1434 280 1686 338 SMYRN.
1731 285 1820 340 DE
1860 286 2231 344 MARTYBIO
2273 286 2341 345 S.‘
2375 290 2786 350 I’OLY‘CARPI.
3297 308 3438 366 1052

145 411 398 482 τοσαύτης
444 414 871 487 ἀντελαϐόμεθα,
914 418 989 483 ὡς
1036 419 1335 476 λιϐανωτοῦ
1382 424 1717 498 πνέοντος,ῆ

1832 405 2056 463 fornace
2107 410 2373 465 candens.
2422 403 2652 467 Tantam
2710 422 2896 470 autem
2928 431 3032 471 nos
3084 423 3437 490 percepimus

145 500 291 556 ἄλλου
318 503 464 568 τινὸς
487 505 596 561 τῶν
626 508 821 579 τιμίων
844 510 1153 582 ἀρωμάτων
1190 514 1323 587 (78).

1832 502 2159 559 suavitatem
2192 503 2403 572 odoris,
2451 523 2517 562 ac
2560 509 2604 562 si
2643 508 2773 564 thus
2807 518 2903 563 aut
2955 510 3107 565 aliud
3153 516 3435 581 quoddam

1834 596 2202 665 pretiosorum
2241 610 2548 655 aromatum
2573 602 2824 659 aluisset.

1186 738 1323 794 XVI.
1362 740 1687 811 Po!gcarpus
1722 741 1950 813 pugione
1986 740 2346 810 trans/igitur.

204 855 379 927 Πέρας
418 851 517 909 οὖν
564 855 762 921 ίδόντες
796 858 845 910 οἱ
880 856 1090 929 ἄνομοι,
1122 860 1184 911 οὐ
1216 860 1516 931 δυνάμενον
1547 860 1713 915 αὐτοῦ

143 948 196 1001 τὸ
242 946 399 1017 σῶμα
448 947 557 999 ὑπὸ
600 945 693 999 τοῦ
743 949 912 1019 πυρὸς
960 948 1381 1021 δαπανηθῆναι,
1427 953 1719 1007 ἐκέλευσαν

145 1038 499 1109 προσελθόντα
526 1038 677 1110 αὐτῷ
706 1041 1056 1114 κομφέκτορα
1084 1041 1193 1114 (79)
1232 1043 1550 1115 παραϐὗσαι
1578 1045 1718 1115 ξιφί-

140 1132 256 1186 διον.
294 1131 405 1185 Καὶ
440 1132 604 1185 τοῦτο
651 1135 997 1205 ποιήσαντος,
1040 1135 1231 1206 ἐξῆλθε
1266 1138 1567 1210 περιστερά
1610 1140 1717 1209 (80)

140 1226 223 1279 καὶ
251 1225 452 1297 πλῆθος
481 1227 736 1298 αἵματος,
779 1226 918 1281 ὥστε
978 1227 1314 1282 κατασϐέσαι
1356 1231 1418 1282 τὸ
1447 1229 1579 1301 πῦρ,
1626 1232 1720 1284 καὶ

139 1318 398 1389 Θαυμάσαι
448 1319 631 1372 πάντα
666 1319 757 1372 τὸν
793 1319 970 1390 ὄχλον,
1006 1322 1054 1374 εί
1098 1322 1333 1395 τοσαύτη
1365 1341 1449 1388 τις
1480 1325 1716 1397 διαφορὰ

139 1408 325 1478 μεταξὺ
364 1409 475 1461 τῶν
511 1411 759 1463 ἀπίστων
802 1411 894 1464 καὶ
923 1409 1031 1464 τῶν
1067 1412 1359 1467 ἐκλεκτῶν·
1406 1408 1481 1467 ὧν
1514 1410 1595 1480 εἷς
1622 1417 1716 1469 καὶ

136 1494 275 1564 οὗτος
296 1501 515 1570 γεγόνει
539 1501 650 1572 (81)
678 1505 706 1556 ό
728 1502 1175 1574 θαυμασιώτατος
1204 1506 1414 1578 μάρτυς
1445 1507 1717 1581 Πολύχαρ-

137 1609 243 1656 πος,
273 1595 328 1645 ἐν
355 1597 474 1658 τοῖς
508 1593 633 1647 καθ’
665 1596 814 1666 ἡμᾶς
844 1596 1059 1667 χρόνοις
1082 1597 1403 1663 διδάσκαλος
1428 1600 1713 1653 ἀποστολι-

135 1687 219 1749 xi;
258 1686 349 1740 καὶ
381 1688 732 1758 προφητικὸς
754 1688 1063 1759 γενόμενος,
1104 1688 1404 1755 ἐπίσκοπός
1430 1708 1491 1745 τε
1524 1693 1622 1765 τῆς
1656 1694 1713 1746 ἐν

134 1775 339 1849 Σμύρνῃ
381 1777 681 1849 καθολικῆς
724 1779 1073 1851 Ἐκκλησίας.
1119 1781 1234 1833 Πᾶν
1286 1781 1396 1853 γὰρ
1445 1782 1634 1853 ῥῆμα,
1685 1784 1713 1837 ὃ

134 1868 389 1940 ἐξαφῆκεν
414 1871 482 1922 ἐκ
510 1869 606 1923 τοῦ
638 1870 905 1941 στόματος
941 1871 1128 1936 αὑτοῦ,
1160 1872 1254 1924 καὶ
1294 1871 1579 1944 ἐτελειώθη
1618 1874 1714 1927 καὶ

134 1962 559 2034 τελειωθήσεται.
1058 1967 1061 1971 ’
1088 1968 1095 1975 ‘
1686 1968 1693 1973 ’
1734 1960 1781 2019 Β

1903 860 2143 915 Tandem
2197 859 2365 931 igitur
2413 871 2701 917 cernentes
2745 862 3002 932 improbi,
3050 882 3256 935 corpus
3300 870 3427 937 ejus

1828 954 1900 1009 ab
1936 955 2060 1025 igne
2086 969 2197 1008 non
2222 967 2383 1022 posse
2412 954 2687 1018 consumi,
2718 955 3009 1022 jusserunt
3037 958 3415 1015 coniectorem

1829 1046 2058 1117 propius
2126 1046 2387 1102 accedere
2454 1046 2803 1117 pugioneque
2863 1066 2992 1105 eum
3071 1054 3419 1125 transﬁgere.

1829 1137 1987 1205 Quod
2018 1154 2142 1194 cum
2178 1137 2267 1192 ille
2293 1137 2533 1203 iecisset,
2578 1140 2815 1196 evolavit
2844 1143 3100 1198 columba
3129 1155 3183 1200 et
3209 1146 3423 1204 ellluxit

1830 1239 1983 1285 tanta
2010 1231 2300 1300 sanguinis
2324 1231 2502 1300 copia,
2523 1240 2582 1285 ut
2604 1232 2785 1302 ignem
2816 1236 3213 1305 exstingueret,
3248 1249 3420 1309 utque

1828 1324 2083 1378 universa
2106 1324 2258 1394 plebs
2282 1324 2594 1390 miraretur,
2620 1334 2832 1380 tantum
2855 1342 2979 1381 esse
3003 1328 3303 1384 discrimen
3331 1336 3418 1385 iu-

1826 1423 1909 1469 ter
1938 1414 2183 1469 inﬁdeles
2212 1424 2267 1470 et
2291 1416 2529 1476 electos:
2559 1432 2798 1485 quorum
2833 1432 2977 1473 unus
3025 1419 3113 1473 hic
3156 1419 3262 1473 fuit
3294 1438 3415 1475 ma-

1825 1508 1972 1561 xime
2007 1508 2363 1563 admirandus
2402 1518 2611 1580 martyr
2660 1507 3020 1581 Polycarpus,
3059 1512 3154 1581 qui
3204 1516 3415 1569 nostris

1823 1597 2164 1667 temporibus
2217 1598 2552 1669 apostolicus
2599 1608 2653 1654 et
2689 1601 3046 1670 propheticus
3079 1603 3272 1658 doctor
3316 1620 3414 1659 ex—

1823 1692 1982 1757 stitit,
2013 1701 2178 1763 atque
2215 1692 2498 1748 catholica:
2520 1692 2783 1750 Ecclesiae
2812 1693 3168 1768 Smyrneusis
3196 1697 3413 1768 episco-

1823 1800 1944 1854 pus.
1972 1786 2141 1840 Omne
2167 1785 2312 1840 enim
2343 1786 2591 1851 verbum,
2647 1785 2794 1856 quod
2840 1802 2936 1843 ore
2959 1802 3062 1843 suo
3091 1790 3295 1855 emisit,
3317 1798 3413 1847 aut

1822 1878 2102 1949 impletum
2133 1887 2215 1933 est
2245 1888 2339 1932 aut
2380 1878 2711 1948 implebitur.

1010 2082 1174 2139 XVII.
1222 2083 1504 2155 I’olycarpi
1537 2102 1726 2156 corpus
1757 2084 2079 2141 Christianis
2114 2100 2217 2136 non
2253 2083 2508 2138 traditur.

1881 2235 1986 2290 Sed
2019 2248 2145 2291 cum
2183 2232 2417 2289 aemulus
2450 2232 2539 2286 ille
2579 2240 2636 2287 et
2663 2230 2883 2286 invidus
2907 2240 2963 2285 et
2992 2232 3190 2298 malus,
3214 2229 3399 2301 justo.

1810 2342 2043 2398 rumque
2082 2325 2268 2397 generi
2299 2324 2588 2390 adversus,
2627 2324 2841 2394 insigne
2876 2322 3024 2377 illius
3070 2324 3397 2394 martyrium

1808 2431 2075 2487 cerneret,
2115 2433 2406 2488 moresque
2438 2417 2506 2472 ab
2536 2418 2761 2472 ineunte
2782 2425 2939 2471 {etate
2964 2414 3397 2486 irreprehensos,

1809 2527 1861 2571 et
1884 2530 2007 2569 eum
2031 2527 2235 2569 corona
2258 2509 2687 2565 immortalitatis
2709 2518 3058 2574 coronatum,
3080 2494 3399 2577 praemium-

1812 2626 1919 2680 que
1951 2608 2070 2663 sine
2109 2604 2485 2662 controversia
2532 2610 2936 2671 reportantem;
2977 2616 3197 2671 operam
3225 2601 3393 2666 dedit,

1814 2717 1881 2756 ne
1902 2699 2147 2770 reliquiae
2174 2699 2293 2768 ejus
2322 2713 2350 2751 a
2382 2697 2539 2753 nobis
2562 2695 2930 2758 auferrentur,
2954 2695 3206 2763 quamvis
3239 2694 3394 2748 multi

1812 2793 1865 2847 id
1895 2792 2074 2847 facere
2102 2799 2157 2845 et
2179 2800 2369 2846 sancto
2396 2790 2542 2843 illius
2582 2802 2813 2856 corpore
2836 2786 3128 2855 participes
3155 2784 3268 2837 ﬁeri
3298 2801 3396 2838 cu-

1810 2888 2017 2950 perent.
2075 2877 2363 2949 Suggcssit
2410 2894 2539 2947 ergo
2576 2876 2830 2931 diabolus
2882 2874 3105 2939 Nicetze,
3162 2873 3396 2929 llerodis

135 2970 277 3023 αὑτοῦ
310 2974 548 3045 σαρκίῳ.
592 2972 858 3027 ’Υπέϐαλε
873 2972 1003 3043 γοῦν
1020 2974 1266 3045 Νικήτην
1281 2976 1373 3027 τὸν
1394 2973 1488 3027 τοῦ
1531 2972 1706 3044 Ἡρώ-

1824 2972 1973 3042 patri,
2018 2971 2173 3026 fratri
2216 2982 2395 3026 autem
2445 2971 2626 3033 Alces,
2673 2970 2823 3023 adire
2873 2969 3278 3038 proconsulem,
3323 2982 3393 3020 ne

133 3056 209 3111 δου
221 3061 444 3132 πατέρα,
461 3061 698 3131 ἀδελφὸν
727 3062 784 3115 δὲ
820 3062 1025 3133 Ἀλκης
1061 3063 1192 3134 (84),
1226 3065 1469 3134 ἐντυχεῖν
1501 3062 1576 3134 τῷ
1608 3063 1709 3135 ἄρ-

1824 3080 2011 3135 corpus
2034 3064 2182 3120 Ilius
2209 3064 2274 3119 ad
2306 3062 2682 3133 sepeliendum
2710 3060 2945 3115 traderet
2979 3080 2991 3114 :
3018 3079 3035 3109 ι
3062 3058 3158 3123 Ne,
3188 3060 3387 3129 inquit,

206 2229 258 2282 ὐ
283 2231 337 2283 δὲ
365 2231 661 2301 ἀντίζηὶος
691 2232 784 2285 καὶ
826 2232 1094 2304 βάσκανος
1124 2235 1217 2287 καὶ
1250 2235 1505 2307 πονηρὸς,
1552 2238 1581 2288 ό
1613 2238 1707 2289 ἀν-

133 2324 421 2393 τικείμενος
442 2323 525 2395 τῷ
556 2325 703 2392 γένει
727 2324 835 2379 τῶν
862 2326 1085 2380 δικαίων
1108 2328 1240 2397 (8⁸2),
1278 2327 1401 2382 ίδὼν
1424 2329 1485 2381 τό
1510 2346 1570 2381 τε
1608 2330 1705 2400 μέ-

133 2416 273 2481 γεθος
323 2415 495 2469 αὑτοῦ
555 2417 654 2487 τῆς
708 2417 1043 2489 μαρτυρίας,
1108 2421 1201 2471 καὶ
1260 2418 1359 2491 τὴν
1403 2421 1499 2475 ἀπ’
1531 2421 1707 2492 ἀρχῆς

133 2509 479 2579 ἀνεπίληπτον
526 2508 825 2572 πολιτείαν,
877 2510 1327 2581 ἐστεφανωμένον
1372 2527 1433 2564 τε
1476 2510 1557 2582 τῷ
1607 2510 1708 2580 τῆς

133 2602 420 2674 ἀφθαρσίας
446 2602 719 2674 στεφάνῳ,
747 2603 843 2657 καὶ
878 2602 1132 2677 βραϐεῖον
1147 2606 1542 2676 ἀναντίρρητον
1572 2605 1706 2658 ἀπε-

136 2696 469 2766 νηνεγμένον,
509 2695 896 2767 ἐπετήδευσεν,
944 2697 1019 2760 ὼς
1054 2697 1188 2768 μηδὲ
1219 2697 1280 2750 τὸ
1325 2697 1575 2767 λείψανον
1607 2698 1705 2750 αὑ-

133 2787 213 2840 τοῦ
242 2788 326 2857 ὑφ’
360 2788 522 2859 ήμῶν
555 2787 825 2858 ληφθῆναι
860 2788 993 2859 (85),
1029 2788 1233 2860 καίπερ
1278 2787 1490 2841 πολλῶν
1522 2788 1707 2841 ἐπιθυ-

137 2879 357 2948 μούντων
397 2880 563 2933 τοῦτο
596 2879 852 2951 ποιῆσαι,
902 2881 996 2933 καὶ
1042 2881 1371 2951 κοινωνῆσαι
1429 2879 1507 2950 τῷ
1563 2880 1705 2950 ἁγίῳ

134 3166 277 3217 χοντι,
308 3152 449 3207 ὥστε
502 3154 581 3227 μὴ
627 3154 809 3208 δοῦναι
842 3154 1007 3208 αὑτοῦ
1038 3155 1099 3208 τὸ
1133 3155 1290 3226 σῶμα
1323 3158 1490 3226 ταφῇ·
1533 3174 1551 3206 ι
1588 3154 1699 3226 Μὴ,

134 3246 296 3315 φησιν,
327 3248 571 3316 ἀφέντες
602 3247 694 3300 τὸν
726 3247 1163 3318 ἐσταυρωμένον,
1196 3246 1386 3301 τοῦτον
1431 3246 1702 3319 ἄρξωνται

136 3335 384 3397 σέϐεσθαι.
412 3359 431 3390 ι
453 3340 569 3393 Καὶ
596 3337 769 3392 ταῦτα
800 3334 973 3402 εἷπον,
995 3338 1404 3394 ὑποϐαλλόντων
1438 3340 1531 3393 καὶ
1562 3341 1703 3393 ἐνισ-

134 3430 344 3497 χυόντων
374 3432 488 3486 τῶν
536 3431 825 3497 Ἰουδαίων,
859 3434 907 3487 οἶ
940 3435 1035 3487 καὶ
1066 3435 1359 3505 ἐτήρησαν,
1398 3433 1701 3503 μελλόντων

133 3522 267 3591 ἡμῶν
297 3526 359 3577 ἐκ
390 3524 486 3579 τοῦ
524 3524 698 3597 πυρὸς
728 3525 1045 3595 λαμϐάνειν·
1082 3525 1422 3595 ἀγνοοῦντες,
1457 3525 1539 3577 ὃτι
1571 3523 1699 3577 οὔτε

132 3611 206 3664 τὸν
236 3615 462 3685 Χριστόν
497 3632 633 3668 ποτε
679 3616 1000 3669 καταλιπεῖν
1040 3614 1404 3687 δυνησόμεθα,
1438 3614 1528 3669 τὸν
1562 3615 1699 3687 ὑπὲρ

132 3702 211 3772 τῆς
248 3705 335 3758 τοῦ
382 3706 594 3770 παντὸς
637 3706 841 3778 κόσμου
896 3707 1002 3762 τῶν
1060 3706 1381 3779 σωζομένων
1428 3708 1700 3781 σωτηρίας

132 3789 346 3847 παθόντα
378 3793 644 3866 [ἄμωμον
678 3796 817 3867 ὑπὲρ
848 3797 1192 3870 ἁμαρτωλῶν
1226 3797 1384 3869 (85)],
1419 3796 1549 3851 οὔτε
1574 3798 1631 3852 Et
1644 3817 1699 3850 ε-

135 3880 209 3947 ρόν
250 3902 365 3939 τινα
411 3886 693 3940 σέϐεσθαι.
742 3888 940 3942 Τοῦτον
982 3890 1079 3960 μὲν
1110 3891 1240 3962 γὰρ,
1277 3889 1402 3943 Υίὺν
1446 3890 1573 3945 ὅντα
1603 3888 1699 3944 τοῦ

129 3966 265 4037 Θεοῦ,
299 3975 882 4046 προσκυνοῦμεν·τοὺς
912 3978 968 4031 δὲ
1004 3979 1307 4051 μάρτυρας,
1341 3978 1417 4041 ὡς
1451 3979 1698 4050 μαθητὰς

132 4062 210 4114 καὶ
254 4067 500 4139 μιμητάς
546 4069 640 4122 τοῦ
686 4071 915 4142 Κυρίου,
962 4071 1270 4143 ἀγαπῶμεν
1314 4071 1501 4138 ἀξίως,
1535 4072 1696 4126 ἓνεκα

130 4153 319 4223 εὐνοίας
350 4160 770 4233 ἀνυπερϐλήτου
804 4164 902 4234 τῆς
934 4165 1015 4226 εἰς
1046 4164 1138 4217 τὸν
1172 4164 1304 4217 ἴδιον
1338 4163 1565 4235 βασιλέα
1598 4164 1697 4218 καὶ

129 4244 440 4305 διδάσκαλον*
479 4246 561 4306 ὧν
592 4253 803 4320 γένοιτο
837 4255 933 4307 καὶ
964 4256 1112 4326 ἡμᾶς
1146 4255 1539 4325 ωγκοινωνούς
1585 4254 1696 4328 (86)

129 4352 178 4389 τε
206 4342 290 4394 καὶ
319 4343 690 4417 συμμαθητάς
719 4345 990 4415 γενέσθαι.

1806 3158 1995 3213 relicto
2017 3157 2299 3223 cruciﬁxo,
2320 3156 2467 3210 hunc
2495 3155 2677 3210 colere
2710 3153 3025 3222 incipiant.»
3065 3153 3242 3221 Atque
3273 3153 3388 3207 hazc

1806 3250 2078 3315 dicebant,
2108 3248 2530 3320 suggerentibus
2572 3256 2627 3303 et
2678 3247 3011 3301 instantibus
3032 3244 3259 3310 Iudaeis,
3289 3246 3389 3313 qui

1805 3357 2025 3412 quoque
2057 3342 2485 3397 observaverant
2520 3354 2641 3404 nos,
2676 3355 2742 3394 ex
2784 3339 2909 3408 igne
2945 3352 3070 3393 eum
3102 3347 3385 3392 extractu-

1805 3451 1933 3501 ros;
1987 3434 2184 3506 ignari,
2240 3432 2384 3504 quod
2431 3447 2533 3487 nec
2571 3430 2875 3494 Christum,
2921 3430 3014 3499 qui
3069 3445 3168 3499 pro
3209 3430 3386 3485 salute

1804 3529 2072 3593 omnium,
2104 3528 2199 3597 qui
2235 3528 2288 3581 in
2326 3535 2441 3581 toto
2470 3525 2677 3580 mundo
2715 3525 2851 3577 salvi
2884 3524 3033 3589 ﬁent,
3081 3538 3277 3591 passus
3302 3531 3387 3576 est

1806 3621 2140 3694 [incnlpatus
2171 3634 2269 3690 pro
2296 3615 2726 3687 peccatoribus],
2745 3630 2983 3685 unquam
3003 3616 3384 3684 derelinquere

1802 3714 2122 3785 poterimus,
2171 3726 2348 3782 neque
2389 3710 2558 3764 alium
2604 3724 2937 3778 quemquam
2984 3708 3183 3763 colere.
3225 3706 3383 3761 Illum

1801 3806 1971 3872 enim,
2002 3812 2189 3873 utpote
2222 3802 2420 3857 Filium
2451 3801 2544 3858 Dei
2581 3802 2917 3865 adoramus;
2956 3810 3228 3871 martyres
3249 3814 3382 3855 vero

1804 3906 2064 3967 tanquam
2114 3895 2333 3950 Domini
2385 3894 2688 3964 discipulus
2734 3904 2787 3950 et
2827 3895 3136 3949 imitatores
3186 3892 3383 3947 merito

1800 3988 2099 4061 diligimus,
2127 3997 2349 4059 propter
2390 3986 2607 4041 illorum
2650 3981 2904 4041 eximiam
2939 4001 3065 4055 erga
3099 3998 3277 4053 regem
3318 3998 3383 4037 ac

1802 4081 2123 4153 magistrum
2142 4094 2303 4135 suum
2346 4078 2774 4133 benevolentiam
2797 4096 2811 4141 ;
2839 4091 3074 4147 quorum
3100 4075 3304 4131 utinam
3330 4082 3385 4128 et

1802 4190 1907 4231 nos
1930 4174 2127 4229 ﬁamus
2154 4178 2439 4227 consortes
2466 4184 2531 4224 ac
2552 4169 2939 4240 condiscipuli.

188 4492 294 4577 (78)
332 4496 481 4555 lnter
515 4498 687 4577 ligna,
710 4516 741 4577 e
770 4502 979 4577 balneis
1003 4511 1057 4557 et
1077 4501 1309 4559 oﬁleinis
1330 4511 1692 4577 comportata,
1723 4512 1768 4568 Ι)
1798 4503 1890 4559 ubi
1924 4504 2172 4577 animam
2199 4517 2355 4557 suam
2390 4502 2587 4577 efﬂavit
2614 4501 2673 4555 Β.
2703 4500 3077 4571 Polycarpus;
3118 4500 3368 4577 ideoque,

131 4557 342 4644 fortasse
370 4557 639 4644 nonnulla
663 4557 834 4627 fuisse
861 4575 1090 4628 odorata
1114 4582 1167 4628 et
1188 4557 1696 4644 aromaticavsuspi;
1724 4557 1764 4568 ”
1797 4557 1938 4629 mori
1972 4557 2226 4630 Ecclesiae
2250 4573 2448 4644 veteris
2477 4557 2826 4644 obsecutum:
2855 4557 3041 4644 vocem
3066 4557 3372 4644 ’περιστερᾷ

130 4643 266 4687 catur
294 4637 668 4696 Jacobsonus.

190 4703 299 4786 (Z9)_
340 4710 732 4786 _Confectores,
779 4714 873 4786 qui
929 4714 1133 4786 bestias
1184 4713 1241 4786 in
1291 4716 1694 4786 amphitheatro

190 4729 293 4773 μυ)
344 4729 732 4779 υοηιοειοιρε,
819 4730 873 4767 ιιι
930 4729 1133 4770 nesuas
1184 4730 1241 4768 in
1291 4729 1691 4786 ampmtneatro

128 4775 508 4862 conﬁciebant;
544 4783 590 4862 si
630 4729 852 4852 quanﬂo
882 4784 1026 4862 enim
1059 4784 1248 4862 bestiae
1283 4784 1518 4841 efferata}
1548 4794 1691 4862 _stra-

129 4859 249 4927 gem“
265 4853 469 4920 populo
505 4853 869 4927 minarentur,
913 4856 948 4927 i_i
980 4856 1439 4920 immittebantur,
1470 4856 1565 4927 qui
1596 4872 1692 4912 eas

130 4918 438 4976 conﬁcerent
461 4932 517 4977 et
550 4918 880 4979 occiderent.
905 4924 1020 4980 Jac.

189 4986 401 5071 (Sin-pe
430 4994 561 5071 _hac
598 4995 849 5071 columba
892 5012 960 5050 ne
988 4996 1213 5071 verbum
1246 4997 1469 5066 quidem
1493 5000 1691 5071 legitur

129 5058 263 5136 apud
282 5060 608 5136 Eusebium,
632 5064 890 5119 Ruﬁnum
923 5074 976 5119 et
1002 5058 1405 5136 Nicephorum;
1451 5058 1575 5136 qut;
1607 5071 1688 5134 ﬁt,

130 5136 179 5180 ut
200 5126 326 5185 falsa
350 5150 379 5187 a
418 5126 615 5211 multis
639 5136 800 5211 lectio
823 5137 1074 5211 codicum
1103 5126 1174 5191 sit
1197 5126 1403 5211 putata.
1437 5126 1690 5211 Moynius

129 5211 220 5316 pro
246 5204 554 5275 περιστερά
583 5207 819 5276 c0njecit
851 5208 935 5259 ἐπ’
968 5204 1252 5280 ἀριστερᾷ,
1294 5228 1311 5260 ι
1349 5225 1379 5261 a
1404 5204 1685 5265 sinistra.»

153 5282 222 5316 DSI
271 5284 628 5316 annnam-runt
686 5278 996 5316 nnmnlnrpc
1046 5279 1146 5316 viri
1199 5280 1343 5316 .lnt-ti
1406 5278 1685 5316 Rnnhqtnc

151 5278 240 5350 P53.
271 5284 631 5350 accesserunt
666 5278 1019 5350 _complures'
1046 5278 1176 5350 vir[
1198 5280 1378 5350 docti:
1404 5278 1689 5335 Ruchams

131 5340 463 5421 shcribendum
482 5345 705 5421 _censuit
730 5340 869 5421 περι
893 5348 1109 5421 στέρνα.
1128 5347 1326 5421 Editur
1348 5348 1689 5405 Bibliotheca:

129 5405 407 5491 Bremensis
445 5417 518 5470 cl.
558 5432 646 5491 ιιι,
681 5433 734 5486 p.
774 5405 898 5479 4'29,
941 5405 1162 5491 coniicit
1189 5420 1319 5491 περὶ⁹
1347 5422 1574 5491 στέρνου
1605 5422 1689 5475 vel

130 5481 245 5557 1:89).
274 5486 531 5557 στέρνων.
562 5481 915 5543 Heumannus
958 5489 1011 5542 in
1043 5481 1240 5544 Exam.
1262 5481 1474 5557 Tabula}
1509 5493 1571 5544 de
1601 5508 1688 5545 co-

130 5547 290 5628 lumba
321 5572 347 5609 ε
370 5547 667 5627 'Polycarpi
696 5575 820 5628 rogo
850 5560 1085 5613 evolante
1106 5600 1120 5623 ,
1158 5547 1351 5615 statuit
1389 5562 1688 5618 monachos

132 5617 226 5703 llos
246 5617 651 5703 prodigiovnct'a
669 5617 852 5703 nostra
871 5617 1118 5684 auxisse.
1133 5631 1257 5685 Mihi
1276 5631 1499 5700 quidem
1529 5617 1688 5703 longe

130 5696 731 5774 verisimiliusvidetur,
763 5699 1014 5774 lectorem
1058 5696 1373 5772 quempiam
1411 5704 1465 5756 in
1500 5696 1687 5757 animo

134 5757 391 5834 habuisse,
427 5769 495 5824 ad
537 5784 692 5824 oram
718 5757 947 5826 'codicis
982 5757 1169 5826 notare
1206 5757 1388 5828 locum
1418 5774 1684 5844 epistolar,

1796 4645 2031 4714 margini
2071 4643 2414 4714 ascripsisse,
2458 4658 2565 4711 qua
2598 4643 2805 4696 scilicet
2850 4642 3203 4711 signiﬁcaret,
3252 4642 3370 4693 ani-

1796 4713 1941 4769 mam
1981 4714 2042 4769 B.
2072 4713 2340 4784 martyris
2358 4714 2452 4767 illo
2484 4714 2741 4784 temporis
2774 4721 3054 4784 momento
3082 4728 3111 4764 e
3138 4726 3370 4784 corpore

1794 4784 2101 4849 liberatam,
2137 4782 2240 4838 sub
2263 4782 2527 4837 columba:
2558 4783 2739 4852 specie
2770 4784 2835 4836 ad
2869 4782 3068 4837 cmlum
3098 4783 3366 4836 evolasse.

1792 4854 2184 4911 Columbarum
2226 4854 2374 4908 enim
2415 4854 2680 4921 imagines
2717 4856 2882 4908 etiam
2927 4853 3367 4921 Christianorum

1792 4926 2059 4994 sepulcris
2088 4926 2399 4993 frequenter
2423 4920 2719 4993 exsculptw
2750 4936 2897 4978 sunt.
2927 4920 3046 4994 Jac.

1862 4991 1977 5066 (81)
2019 4995 2096 5050 Ita
2126 4991 2478 5066 Jacobsonus
2512 4991 2884 5066 egendicibus.
2924 4991 3363 5061 Plusquamperl‘.

1791 5064 1909 5120 sine
1936 5064 2229 5133 augmento
2252 5079 2308 5119 ut
2332 5081 2384 5119 c.
2423 5064 2511 5117 12.
2549 5065 2707 5136 Vulg.
2732 5067 2977 5133 γέγονεν.

1862 5136 1974 5206 (82)
2013 5136 2173 5206 (Πικι
2204 5136 2399 5201 Clem.,
2423 5152 2472 5189 c.
2492 5136 2587 5206 751.

2016 5205 2239 5286 Italiae.
2273 5222 2303 5259 e
2335 5206 2459 5286 cod.
2490 5205 2663 5261 Paris.
2700 5205 2855 5286 Vulg.
2890 5205 3143 5286 ληφθείη.

1863 5278 1976 5350 (84)
2024 5297 2042 5329 ι
2083 5278 2276 5350 Alce_g
2313 5285 2503 5350 nutum
2553 5290 2639 5350 est
2661 5276 2936 5350 _niulieris
2978 5276 3364 5350 i_utcr_S_n|yr-

1793 5345 1940 5404 meos
1972 5363 2187 5403 nomen.
2206 5346 2320 5403 Cfr.
2349 5346 2516 5415 lgnat.
2552 5348 2622 5399 ad
2649 5345 2862 5415 Smyrn.
2890 5362 2940 5401 c.
2978 5346 3147 5411 l5,ud
3178 5348 3365 5416 Polyr.

1790 5437 1840 5477 c.
1872 5420 1926 5474 8.

1863 5490 1976 5557 (85)
2015 5487 2362 5544 Parenthesis
2395 5488 2497 5541 ista
2533 5504 2709 5556 neque
2743 5488 2795 5541 in
2825 5486 3059 5541 Eusebio
3110 5488 3363 5555 habetur,

1791 5576 1968 5631 neque
2001 5561 2052 5613 in
2078 5559 2308 5631 lluﬁno,
2333 5574 2511 5631 neque
2542 5561 2593 5611 in
2620 5567 2801 5631 vetere
2828 5566 3016 5631 nostro
3048 5559 3365 5631 interprete.

1793 5628 2403 5699 Usstzn.—-|uterpolata
2442 5629 2611 5684 fuisse
2643 5628 2856 5699 videtur
2884 5644 2913 5679 ιι
2953 5628 3179 5699 librario
3226 5646 3365 5699 qttu-

1792 5704 1960 5773 piam,
1991 5702 2083 5773 q_ui
2114 5702 2166 5773 in
2206 5697 2392 5755 animo
2418 5700 2647 5773 habebat
2673 5698 2862 5773 |_l_‘e_tr.
2898 5715 2983 5760 ιιι,
3016 5700 3099 5752 18.
3136 5697 3245 5773 με.

1863 5774 1977 5845 (86)
2016 5771 2089 5828 lla
2114 5772 2229 5828 Jac.
2261 5786 2308 5825 e.
2345 5771 2465 5827 cod.
2494 5770 2667 5825 l'aris.
2704 5768 2857 5841 Vulg.
2894 5770 3202 5833 κοινωνούς.
