3802 6210
409 140 541 192 ill-i7

1742 138 2067 192 EV’ARISTI
2094 136 2293 192 ΡΑΡᾸΞ

3544 126 3686 185 £018

1360 456 2117 615 EVARISTI
2214 455 2658 583 ΡΑΡᾹΞ

1404 628 1415 644 ’
1580 714 2313 828 EPISTOL/E
2392 695 2474 773 (η

1570 937 1773 998 (Mum.
1811 934 2015 996 ConciL,
2050 942 2089 987 t.
2117 937 2156 997 1,
2184 939 2280 988 col.
2300 937 2435 1001 625.)

875 1084 1210 1139 EPISTULA
1252 1084 1482 1138 PRIMA.

708 1195 773 1233 AD
811 1194 986 1233 OMNES
1021 1193 1305 1233 EPISCOPOS
1344 1193 1651 1232 AFRICANUS.

398 1273 471 1327 De
487 1273 669 1326 ordine
707 1273 1054 1324 diaconorum
1089 1282 1138 1324 et
1160 1270 1394 1340 legitimo
1418 1270 1663 1340 conjugio
1681 1312 1695 1333 ,
1730 1279 1885 1338 atque
1909 1267 1972 1321 de

461 1345 566 1412 ﬁde
592 1354 640 1397 et
665 1359 767 1396 non
794 1343 1147 1411 ‘injuriandis
1180 1343 1433 1411 episcopis
1466 1352 1558 1394 aut
1576 1340 1897 1397 lacerandis.

462 1455 841 1512 Dilectissimis
879 1455 1147 1511 fratribus
1183 1456 1457 1511 universis
1498 1454 1699 1510 Africa:
1730 1454 1971 1527 regionis

387 1548 677 1616 episcopis,
699 1546 1003 1601 Evaristus.

456 1638 881 1692 Consulentibus
918 1638 1098 1704 vobis,
1143 1635 1341 1693 fratres
1385 1638 1722 1706 charissimi,
1771 1641 1793 1671 ³
1838 1638 1969 1709 quid

387 1745 553 1799 super
589 1731 671 1784 liis
707 1747 828 1800 qua:
865 1731 916 1783 in
950 1731 1143 1785 vestris
1184 1732 1606 1786 continebantur
1641 1732 1861 1802 scriptis
1892 1732 1961 1785 vi-

386 1838 507 1876 sum
543 1823 702 1876 nobis
736 1833 897 1886 esset,
937 1823 1019 1876 vel
1050 1820 1181 1892 quid
1200 1823 1395 1877 docilis
1425 1824 1568 1877 ratio
1598 1824 1966 1893 persuaderet,

383 1923 479 1967 aut
512 1915 643 1984 quid
674 1932 702 1968 a
740 1914 911 1969 beatis
945 1916 1208 1984 apostolis
1249 1916 1413 1969 nobis
1448 1916 1709 1971 traditum
1744 1928 1836 1969 aut
1871 1932 1968 1970 cu-

383 2007 646 2059 stoditum
676 2019 1002 2070 remaneret,
1041 2017 1314 2078 aptantes,
1364 2019 1424 2062 ut
1445 2009 1731 2075 rctulistis,
1762 2010 1970 2064 nostris

386 2098 597 2151 institui
631 2100 651 2130 ³
682 2100 1049 2163 documentis,
1080 2100 1193 2156 luec
1212 2116 1339 2156 vero
1362 2102 1749 2157 rescribimus:
1780 2101 1965 2172 Siqui-

380 2190 503 2244 dem
527 2192 761 2269 “dilectio
784 2203 961 2247 vestra
985 2209 1234 2248 normam
1261 2205 1449 2249 secuta
1486 2196 1861 2264 prudentium,
1897 2195 1967 2249 ad

381 2268 564 2338 sedem
602 2287 957 2354 apostolicam
996 2286 1201 2341 referre
1224 2288 1436 2353 maluit,
1472 2286 1634 2357 quasi
1668 2287 1736 2341 ad
1779 2296 1962 2357 caput,

379 2377 509 2445 quid
530 2378 751 2432 deberet
774 2380 839 2433 de
866 2368 1037 2434 rebus
1061 2379 1245 2435 dubiis
1274 2381 1778 2450 custodire,potius
1794 2396 1959 2450 quam

379 2472 732 2539 usurpatione
757 2486 1104 2539 przesumere.

1164 2565 1206 2621 l.

609 2654 747 2720 Quot
781 2658 831 2710 in
862 2660 1073 2713 civitate
1101 2660 1314 2713 diaconi
1349 2676 1460 2713 esse
1496 2659 1739 2715 debeant.

450 2750 734 2821 ‘Diaconi,
767 2755 860 2824 qui
882 2756 1043 2827 quasi
1078 2757 1223 2810 oculi
1264 2756 1518 2811 videntur
1546 2772 1669 2812 esse
1692 2758 1958 2828 episcopi,

377 2844 430 2896 in
463 2862 793 2917 unaquaque
816 2851 1053 2913 civitate,
1075 2850 1232 2919 juxta
1253 2851 1629 2920 apostolorum
1662 2854 1959 2907 constituta

376 2947 581 3005 septem
641 2939 841 2994 debent
898 2958 1042 3005 esse,
1084 2944 1104 2974 ³
1137 2943 1231 3013 qui
1269 2942 1587 2998 custodiant
1634 2944 1958 3015 episcopum

374 3030 783 3098 praedicantem,
813 3050 882 3089 ne
915 3044 1009 3089 aut
1044 3036 1158 3105 ipse
1188 3037 1257 3091 ab
1292 3036 1712 3093 insidiatoribus
1735 3054 1960 3109 quoquo

375 3120 539 3176 modo
576 3124 884 3189 infestetur,
911 3137 1007 3181 aut
1038 3128 1265 3181 laedatur
1292 3144 1321 3181 a
1359 3129 1498 3195 suis,
1533 3138 1629 3183 aut
1662 3131 1831 3186 verba
1876 3130 1961 3185 di-

372 3214 520 3279 vina,
569 3216 908 3271 detrahendo
969 3229 1064 3272 aut
1124 3218 1458 3284 insidiando,
1511 3221 1828 3289 polluantur
1874 3224 1959 3277 vel

373 3304 771 3373 despiciantur,
803 3307 895 3363 sed
926 3309 1131 3361 veritas
1154 3309 1425 3377 spirituali
1450 3309 1691 3364 redoleat
1721 3311 1955 3379 fervore,

373 3403 427 3447 et
460 3409 562 3462 pax
592 3398 883 3465 praedicata
918 3398 1099 3465 labiis,
1138 3400 1308 3455 animi
1343 3416 1468 3456 cum
1503 3402 1784 3459 voluntate
1825 3420 1959 3461 con-

373 3488 575 3541 curdet.

889 3677 965 3730 De
987 3693 1149 3731 uxore
1173 3677 1434 3734 ducenda.

1908 1085 1915 1092 '
2000 1090 2052 1145 Α
2078 1099 2219 1137 uxor
2262 1085 2499 1153 legitime
2532 1087 2551 1117 ⁷
2585 1086 2701 1141 viro
2742 1088 3022 1158 jungatur.
3057 1088 3230 1143 Aliter
3275 1089 3424 1142 enim
3482 1088 3661 1160 legiti-

2077 1189 2227 1228 mum
2265 1177 2346 1242 (ut
2382 1190 2411 1227 a
2449 1176 2696 1244 patribus
2729 1177 3061 1246 accepimus,
3097 1184 3153 1230 et
3200 1193 3230 1229 a
3272 1176 3482 1231 sanctis
3531 1192 3661 1245 apo—

2076 1267 2252 1332 stolis,
2311 1283 2613 1337 eorumque
2668 1268 3083 1322 successoribus
3143 1269 3410 1322 traditum
3449 1270 3658 1323 inveni-

2078 1362 2243 1429 mus),
2282 1375 2388 1414 non
2418 1360 2489 1414 sit
2532 1358 2848 1429 coniugium
2880 1360 2922 1426 ⁸,
2960 1360 3063 1413 nisi
3104 1361 3173 1414 ab
3210 1361 3298 1415 bis
3326 1361 3409 1429 (2)
3440 1362 3535 1430 qui
3568 1378 3656 1417 su—

2074 1468 2170 1522 per
2204 1453 2377 1522 ipsam
2410 1450 2666 1505 feminam
2691 1450 3119 1506 dominationem
3142 1453 3406 1507 videnlur
3439 1454 3657 1520 habere,

2072 1555 2125 1598 et
2157 1561 2186 1599 a
2217 1544 2417 1615 quibus
2452 1543 2782 1609 custoditur,
2822 1560 2961 1598 uxor
2998 1554 3242 1614 petatur,
3279 1555 3335 1600 et
3368 1561 3396 1598 a
3424 1547 3659 1615 parenti-

2073 1636 2178 1692 bus
2216 1645 2310 1691 aut
2351 1635 2844 1706 propinquioribus
2896 1647 3211 1706 sponsetur,
3245 1646 3300 1691 et
3325 1636 3544 1708 legibus
3566 1639 3658 1693 du-

2072 1742 2217 1787 tetur
2245 1735 2287 1797 ⁹,
2314 1742 2367 1784 et
2400 1744 2500 1785 suo
2530 1741 2773 1799 tempore
2818 1731 3253 1796 sacerdotaliter,
3303 1741 3365 1785 ut
3401 1747 3523 1786 mos
3557 1741 3656 1799 est,

2072 1840 2197 1878 cum
2224 1824 2477 1892 precibus
2501 1833 2553 1878 et
2583 1823 2956 1877 oblationibus
2982 1839 3013 1877 a
3048 1823 3342 1878 sacerdote
3371 1826 3659 1879 benedica-

2072 1928 2183 1985 tur,
2216 1926 2270 1971 et
2303 1934 2333 1971 a
2359 1916 2772 1988 paranympliis,
2799 1925 2856 1970 ut
2880 1916 3226 1971 consuetudo
3261 1917 3448 1983 docet,
3484 1927 3661 1971 custo-

2071 2011 2187 2065 dita
2238 2021 2291 2065 et
2335 2010 2649 2065 consociata
2704 2025 2733 2063 a
2782 2010 3068 2079 proximis,
3110 2019 3364 2080 tempore
3411 2027 3657 2080 congruo

2071 2104 2237 2174 petita
2273 2104 2486 2174 legibus
2524 2102 2744 2157 doletur
2772 2102 2836 2166 ιο,
2872 2110 2926 2156 et
2960 2103 3284 2157 solemniter
3331 2104 3653 2171 accipiatur,

2069 2206 2124 2251 et
2166 2197 2332 2250 biduo
2369 2196 2451 2250 vel
2505 2195 2687 2250 triduo
2720 2194 3061 2249 orationibus
3093 2204 3313 2261 vacent,
3352 2205 3406 2249 et
3439 2196 3655 2250 castita-

2069 2300 2176 2345 tem
2208 2289 2543 2353 custodiant,
2567 2297 2625 2342 ut
2651 2289 2807 2343 bonae
2832 2288 3050 2343 soboles
3075 2298 3434 2358 generentur,
3467 2298 3521 2343 et
3555 2288 3654 2341 Do-

2070 2384 2221 2437 mino
2268 2384 2320 2435 in
2356 2381 2570 2436 actibus
2622 2381 2740 2436 suis
2784 2380 3053 2449 placeant.
3091 2382 3131 2411 “
3164 2379 3377 2435 Taliter
3409 2382 3555 2437 enim
3605 2391 3654 2434 et

2068 2475 2301 2530 Domino
2329 2474 2640 2544 placebunt,
2672 2482 2726 2528 et
2756 2473 2895 2527 ﬁlios
2921 2487 3031 2527 non
3062 2473 3308 2543 spurius,
3348 2474 3447 2528 sed
3483 2473 3651 2541 legiti-

2068 2584 2190 2623 mos
2214 2578 2377 2639 atque
2410 2567 2807 2622 liaareditabiles
2837 2566 3179 2638 generabunt
3204 2567 3269 2618 ¹².
3288 2564 3650 2635 Quapropter,

2067 2662 2163 2715 lilii
2195 2661 2513 2716 charissimi
2566 2667 2619 2715 et
2670 2659 2866 2714 merito
2913 2659 3178 2722 illustres,
3235 2657 3345 2712 fide
3382 2657 3649 2712 catholica

2066 2753 2422 2824 suffragante,
2451 2752 2522 2807 ita
2558 2738 2775 2821 peracta
2810 2752 3047 2821 legitima
3071 2750 3113 2781 ⁸³
3149 2750 3351 2805 scitote
3382 2765 3506 2804 esse
3525 2764 3651 2803 con-

2065 2848 2256 2902 nubia.
2292 2846 2463 2901 Aliter
2510 2830 2655 2899 vero.
2674 2854 3030 2913 praesumpta,
3077 2859 3186 2897 non
3222 2843 3513 2913 conjugia,
3561 2842 3648 2896 sed

2066 2950 2161 2995 aut
2190 2938 2481 3003 adulteria,
2517 2935 3025 3001 aut-contubernia,
3051 2943 3146 2989 aut
3172 2945 3390 3003 stupra,
3432 2934 3520 2988 vel
3545 2932 3649 2987 for-

2064 3032 2389 3093 nicationes,
2427 3028 2777 3099 potiusquam
2814 3027 3054 3097 legitima
3087 3025 3343 3095 coniugia
3377 3039 3503 3079 esse
3547 3040 3644 3076 non

2063 3125 2311 3180 dubitate
2343 3122 2407 3185 "',
2445 3121 2553 3176 nisi
2585 3120 2842 3174 voluntas
2865 3120 2907 3149 ¹¹⁵
2942 3117 3163 3188 propria
3218 3116 3523 3187 suﬂ'ragata
3562 3113 3644 3168 fu«

2061 3218 2167 3272 erit
2202 3216 2266 3275 “,
2301 3225 2359 3269 et
2383 3222 2507 3267 vota
2541 3210 2919 3267 succurrerint
2945 3210 3209 3279 legitima.
3256 3206 3394 3261 Nam
3442 3208 3648 3261 fructus

2061 3309 2283 3363 divinus
2321 3314 2425 3366 est,
2464 3312 2734 3375 praecepta
2770 3301 2954 3357 divina
2981 3301 3285 3355 custodire.
3324 3300 3399 3353 Ea
3433 3315 3646 3370 quoque

2060 3404 2341 3463 deserere,
2397 3397 2890 3468 praesumptionem
2926 3395 3065 3459 tieri,
3103 3394 3236 3448 nulli
3276 3393 3507 3448 dubium
3543 3400 3639 3446 est.

2060 3497 2171 3552 Cur
2194 3510 2325 3565 ergo
2356 3493 2638 3564 indignum
2662 3500 2765 3556 est,
2799 3490 3062 3544 unitatem
3105 3487 3373 3543 Ecclesiae
3403 3488 3641 3543 custodi-

2060 3590 2161 3643 re?
2200 3586 2460 3655 Idemque
2497 3600 2690 3639 omnes
2733 3584 2940 3654 pariter
2967 3590 3021 3636 et
3057 3580 3390 3645 sentiamus,
3425 3588 3481 3634 et
3513 3594 3626 3649 pro-

2060 3681 2401 3735 nuntiemus.
2437 3677 2494 3731 Si
2528 3678 2675 3732 enim
2712 3677 2868 3730 aliter
2896 3684 3229 3745 prznsumpta
3266 3671 3495 3736 fuerint,
3528 3687 3641 3741 pere

441 3772 461 3801 ⁶
498 3770 760 3825 Similiter
791 3771 1127 3826 custoditum
1163 3782 1218 3827 et
1261 3774 1523 3829 traditum
1570 3776 1859 3845 habemus,
1898 3793 1957 3837 ut
1983 3798 2025 3855 (ς
2059 3776 2196 3829 dunt
2221 3771 2586 3843 prolectoipsi
2609 3778 3049 3839 transgressores
3066 3766 3303 3834 seipsos,
3327 3765 3424 3834 qui
3449 3773 3642 3819 semct-

441 3887 454 3915 ¹
493 3883 549 3937 lu
578 3902 681 3968 rus.
715 3886 1275 3968 collectiolnils_lsi_dori
1307 3887 1626 3968 Parislsoc.
1660 3892 1787 3949 Jesu
1813 3897 1946 3953 desu

2063 3913 2186 3968 qua:
2211 3904 2553 3968 sequuntur;
2583 3886 2723 3968 etde
2757 3903 2882 3947 non,
2914 3893 3021 3965 etc.
3100 3886 3120 3914 ¹
3148 3882 3337 3968 [tn-noc.
3358 3897 3448 3963 ep.
3476 3880 3637 3968 ubi,

367 3954 458 4008 9-2.
578 3957 597 3986 ³
632 3956 847 4008 instrui.

366 4096 388 4125 ’
420 4095 595 4148 detur.
674 4094 717 4125 ¹⁰
748 4097 921 4149 detur.

368 4164 411 4195 “
449 4180 552 4217 ms.
613 4166 949 4220 dubitantur.

1006 4099 1044 4128 “
1076 4098 1164 4162 30,
1226 4111 1417 4167 quaest.
1465 4103 1530 4155 5:

611 3958 847 4039 ‘instrlui.
907 4027 917 4039 Ι
961 3958 1100 4039 “ﬁl-5,
1126 3959 1368 4013 distinct.
1394 3979 1431 4039 3‘
1457 3960 1702 4039 Qiaeoiii,
1732 3968 1822 4039 qui
1857 3971 2011 4039 quasi
2041 3958 2203 4039 oculi.

368 4036 565 4097 quiest.
590 4026 623 4079 5
652 4046 663 4078 :
700 4026 877 4097 .Llliter
900 4027 1199 4097 legitimum
1226 4046 1362 4095 non;
1392 4029 1457 4085 Et
1486 4031 1538 4084 in
1571 4026 1880 4091 Decr.'lvo.'
1900 4040 1992 4095 lib.
2022 4056 2096 4093 VI.

1242 4111 1417 4181 luiest.
1465 4103 1530 4155 5:
1586 4102 1791 4160 Taliter
1816 4109 1954 4181 legit.

2063 4114 2143 4164 Ita
2199 4112 2435 4171 peracta.
2544 4103 3097 4181 “'.ni.s.generautur.
3171 4102 3253 4181 "r1

1034 4170 1075 4199 ¹⁵
1102 4167 1181 4245 _l_t_a
1219 4164 1598 4245 libri__omnes
1639 4191 1769 4235 mss.
1810 4164 1954 4235 etucd

2072 4164 2209 4237 cum
2233 4174 2521 4245 Gratiano,
2554 4164 2814 4245 Magistro
2845 4175 3080 4245 scatent.
3106 4164 3333 4245 iv.,.dist.
3357 4164 3636 4245 2.8.“lvoue

2314 3964 2334 3994 ⁸
2367 3950 2611 4014 Neocaes.
2640 3960 2728 4022 Η,
2766 3974 2831 4010 ex
2861 3956 3111 4009 versione
3158 3952 3428 4021 Dionysii.
3507 3954 3527 3983 ⁸
3555 3950 3634 4015 50,

2177 4038 2195 4067 ⁷
2222 4050 2327 4089 ms.
2358 4032 2613 4100 legitimo.
2691 4027 2713 4057 ³
2737 4025 3021 4080 llincmar.
3048 4027 3109 4076 de
3131 4023 3361 4100 diaortio
3382 4022 3634 4100 [_.ot_linrii.

2544 4103 2585 4131 ¹²
2621 4112 2725 4151 ms.
2758 4106 3097 4167 generantur.
3171 4094 3628 4167 ”_‘nis._tegi_time.

366 4234 420 4311 in
459 4231 616 4287 Decr.
653 4244 706 4288 ct
738 4235 1040 4311 Parmam,
1065 4241 1316 4310 aliisque.
1348 4238 1458 4296 Nec
1485 4231 2097 4305 Contiocredimilsﬂad
2112 4231 2367 4305 edictum
2402 4231 2622 4295 Henrici
2646 4231 2716 4302 ll,
2749 4254 2868 4311 pagi.
2911 4236 2977 4288 l4
3013 4246 3068 4290 et
3103 4234 3256 4299 alibi,
3299 4235 3405 4303 legi
3443 4234 3634 4288 dicenti

362 4305 423 4358 in
449 4321 551 4359 suo
581 4321 685 4360 ms.
715 4309 927 4361 etiamsi
960 4305 1297 4367 υοίιιηιαεξ...
1332 4352 1345 4365 .
1386 4312 1463 4366 vel
1501 4326 1643 4380 vota,
1690 4329 1795 4374 etc.
1846 4319 2183 4376 ΗΑιιιιυιιιυε.

363 4492 400 4545 Π
438 4421 515 4544 Ω)
562 4419 944 4492 Supposititia:
981 4424 1185 4481 Contio
1221 4427 1457 4498 aliisque
1488 4432 1722 4488 eruditis
1757 4436 1949 4491 catho-

407 4510 434 4545 C
496 4536 508 4545 .

386 4508 508 4546 ICIS.

550 4563 723 4643 Aliter
759 4565 898 4643 enim
924 4564 1219 4643 legitimum
1262 4587 1367 4643 non
1397 4571 1459 4639 [it
1509 4574 1815 4643 conjugium
1848 4576 1950 4629 nisi

360 4632 424 4712 ab
453 4632 554 4686 his.
586 4632 703 4712 Qua
738 4637 950 4712 ratione
975 4632 1273 4712 'lSvaristus
1305 4632 1406 4695 hac
1437 4632 1693 4707 epistola"
1714 4660 1950 4712 sequen-

359 4703 508 4782 tibus
552 4703 756 4764 verbis,
793 4705 859 4757 ad
896 4705 1195 4782 legitimum
1233 4703 1646 4782 matrimonium
1696 4703 1944 4782 requirit,

357 4780 420 4824 ut
461 4787 663 4840 sponsa
698 4787 727 4823 a
768 4778 1156 4853 parauympbis
1192 4781 1256 4853 ad
1290 4783 1575 4837 ecclesiam
1627 4778 1949 4852 deducatur,

356 4857 500 4923 uxor
533 4858 658 4896 cum
696 4845 949 4909 precibus
982 4857 1036 4900 et
1069 4849 1441 4923 oblationibus
1476 4870 1505 4906 a
1541 4856 1822 4908 sacerdote
1856 4845 1949 4910 be;

356 4912 662 4993 pedicatur,
696 4923 750 4966 et
779 4924 835 4993 ut
861 4926 1043 4993 postea
1076 4918 1243 4975 biduo
1275 4932 1369 4974 aut
1401 4924 1582 4976 triduo
1615 4936 1806 4979 vacent
1827 4942 1950 4979 ora-

358 4985 517 5064 tioni,
542 4993 673 5047 etc.,
715 4985 906 5037 eadem
942 4988 1154 5042 ratione
1187 5007 1515 5064 cuitaétisum
1566 5006 1850 5061 parentum
1882 4996 1947 5049 ad

356 5053 655 5131 legitimum
713 5064 766 5109 et
813 5071 1001 5109 verum
1048 5062 1394 5131 iconnubium
1451 5053 1660 5131 exigit;
1719 5066 1945 5129 scilicet,

354 5124 501 5191 quod
535 5125 587 5176 in
625 5124 746 5177 foro
786 5136 1011 5181 externo
1045 5130 1252 5183 licitum
1300 5148 1363 5183 ac
1403 5124 1656 5185 validiui‘r
1689 5151 1809 5189 esse
1841 5124 1949 5189 non

352 5193 550 5273 debeat
590 5200 868 5273 praesumi,
898 5200 993 5273 sed
1040 5200 1223 5273 potius
1273 5216 1372 5269 pro
1421 5204 1688 5257 adulterio
1740 5205 1948 5269 haberi,

352 5268 461 5334 nisi
506 5279 633 5318 eum
675 5268 950 5334 praedictis
1002 5268 1410 5326 conditionibus
1458 5274 1529 5326 sit
1578 5268 1945 5330 contractum.

351 5332 492 5408 (_Jum
523 5332 693 5408 igitur
719 5337 852 5404 ipsis
881 5340 1150 5393 haereticis
1179 5344 1506 5397 testantibus
1533 5354 1741 5399 certum
1770 5348 1860 5408 sit,
1893 5348 1946 5399 in

352 5401 878 5484 ίόιύ,ιξὸ-ιιεοὶοειιιιὶιῃ2
912 5411 978 5461 ad
1008 5412 1292 5484 veritatem
1339 5422 1391 5466 et
1434 5418 1727 5469 essentiam
1762 5401 1951 5470 matri-

351 5477 524 5555 monii
549 5477 689 5529 duas
716 5479 1001 5555 praedictas
1024 5481 1369 5555 conditiones
1390 5502 1498 5539 non
1524 5487 1761 5555 requiri;
1783 5489 1945 5541 etiam

348 5552 561 5628 certum
592 5562 717 5605 esse
741 5547 895 5628 fateri
916 5549 1136 5628 debent,
1161 5554 1306 5619 quod
1323 5547 1627 5628 consensus
1659 5547 1946 5628 parentum

350 5613 418 5666 ad
454 5629 647 5675 verum
691 5613 1577 5682 matrimoniumcontrahendum
1615 5613 1724 5683 non
1768 5630 1836 5686 sit
1872 5629 1947 5686 ita

2288 4315 2330 4346 “
2362 4330 2467 4367 ms.
2511 4310 2908 4380 suﬂ'ragauerit.

2055 4432 2422 4495 necessarius,
2471 4427 2646 4497 'quasi
2699 4425 2818 4478 sine
2863 4424 2986 4487 hoc,
3037 4419 3455 4497 matrimonium
3506 4420 3633 4473 inter

2053 4507 2196 4559 duas
2248 4491 2523 4572 personas
2563 4496 2786 4572 habiles
2814 4502 3195 4572 contractum,
3248 4491 3303 4572 in
3352 4491 3474 4572 fore
3516 4507 3633 4544 con-

2055 4562 2299 4629 scientiae
2348 4570 2557 4624 nullum
2608 4568 2697 4620 sit.
2744 4564 3031 4618 Evaristus
3074 4563 3241 4631 igitur
3282 4562 3387 4615 hoc
3427 4562 3631 4615 decreto

2055 4645 2221 4714 liujus
2252 4640 2496 4714 epistola:
2528 4652 2637 4691 non
2668 4636 2842 4688 voluit
2875 4634 3186 4714 signiﬁcare
3213 4633 3502 4714 praedictas
3528 4647 3632 4714 om:

2056 4703 2154 4770 nes
2190 4703 2533 4768 conditiones
2572 4721 2692 4761 esse
2728 4704 3091 4766 necessarias,
3119 4704 3191 4755 ita
3223 4713 3301 4767 ut,
3346 4703 3394 4757 si
3429 4718 3533 4756 una
3558 4704 3630 4757 vel

2055 4772 2223 4839 altera
2249 4783 2413 4847 desit,
2446 4778 2661 4847 irritum
2691 4776 2761 4829 sit
2791 4774 3201 4847 matrimonium
3231 4792 3245 4835 ;
3282 4774 3485 4847 sedita
3515 4775 3629 4841 legi-

2054 4856 2250 4908 timum
2283 4844 2407 4906 esse
2452 4846 2791 4917 conjugium,
2826 4847 2869 4899 si
2917 4846 3007 4898 illa
3051 4844 3236 4917 omnia
3273 4845 3623 4917 adhibentur;

2054 4934 2246 4980 contra
2272 4932 2476 4981 autem,
2512 4914 2569 4973 si
2590 4917 2735 4970 nulla
2791 4932 2977 4971 earum
3013 4914 3257 4969 adhibita
3292 4915 3387 4981 sit,
3421 4927 3475 4969 et
3513 4931 3631 4969 con-

2049 4997 2262 5065 jugium
2296 4991 2509 5065 occulte
2554 4988 2967 5065 sine_t_estibus_,
3008 4996 3061 5065 et
3108 4986 3227 5064 sine
3276 4986 3366 5038 illa
3422 4985 3626 5065 celebri-

2054 5055 2163 5119 tate
2194 5063 2573 5124 contrahatur,
2604 5057 2908 5126 legitimum
2940 5055 3124 5109 haberi
3162 5071 3268 5107 non
3308 5057 3501 5124 possit,
3532 5072 3622 5109 non

2095 5136 2272 5189 uideni
2306 5135 2360 5187 in
2393 5129 2752 5192 conscientia,
2789 5128 2880 5180 sed
2906 5129 2958 5179 in
2994 5130 3110 5178 foro
3135 5135 3387 5191 externo,
3423 5137 3476 5181 ct
3502 5128 3623 5194 apud

2095 5152 2272 5189 niuem
2306 5152 2360 5187 In
2393 5152 2752 5192 consumtum,
2789 5152 2880 5180 seu
2908 5152 2958 5179 ιιι
2994 5152 3110 5178 ιυιυ
3135 5152 3387 5191 ςλιιτιιιυ,
3423 5152 3476 5181 ut
3502 5152 3622 5194 apuu

2053 5152 2378 5269 glcclesiam,
2403 5216 2526 5270 quae
2558 5201 2625 5253 de
2653 5200 2884 5252 occultis
2909 5214 3013 5250 non
3036 5196 3622 5270 judicat._Contracturi

2054 5277 2237 5345 itaque
2288 5268 2887 5345 matriinonnIni,_nou
2951 5283 3017 5321 ex
3078 5268 3407 5345 necessitate
3459 5282 3620 5321 saera-

2054 5337 2247 5413 menti,
2275 5346 2366 5399 sed
2403 5352 2614 5397 tantum
2642 5355 2707 5391 ex
2745 5339 3052 5413 honestate
3082 5345 3135 5389 et
3168 5337 3393 5404 pietate,
3420 5354 3522 5407 qua
3544 5355 3621 5407 per

2054 5409 2350 5486 legcm'Dei
2380 5412 2701 5484 parentibus
2732 5410 2849 5486 suis
2883 5409 3321 5486 obstringuntur,
3356 5421 3617 5486 parentiuu

2054 5476 2281 5543 suvnrum
2309 5476 2640 5541 consensum
2688 5482 2995 5549 requirant.
3048 5480 3131 5549 Ita
3168 5476 3530 5533 Bellarminus
3556 5478 3618 5533 De

2053 5569 2383 5613 sacramento
2413 5546 2895 5615 matrimoniiflib.
2923 5568 2962 5613 ι,
2993 5566 3041 5605 c.
3071 5546 3162 5612 20,
3190 5558 3243 5601 ct
3279 5550 3617 5604 communiter

2055 5646 2246 5687 omnes
2280 5625 2617 5693 scholastici,
2654 5622 2803 5678 hunc
2858 5623 3037 5679 locum
3089 5618 3325 5675 Evaristi
3374 5621 3613 5691 inter-pre:
