3802 6210
103 258 224 313 1M9
1510 247 1604 302 ΕΡ]

1875 249 1904 301 ἱ.
3237 248 3376 306 1030

100 377 231 444 ipsos
259 369 564 441 decipiunt.
591 367 718 424 Haec
739 367 956 425 cunctis
982 364 1322 423 "recitanda
1359 378 1457 434 per
1476 379 1672 420 omnes
1701 370 1744 426 Α
1774 378 1875 433 per
1906 364 2135 419 salutem
2175 374 2229 419 et
2273 378 2531 433 speciem,
2568 382 2587 416 ι
2628 362 2824 434 inquit,
2855 380 2874 413 ι
2910 363 3075 419 dilexi
3119 363 3288 434 illam,
3319 376 3376 425 et

100 464 358 520 Ecclesias
387 460 704 522 Africanas,
731 459 932 528 scripta
960 458 1196 527 dirigite,
1232 465 1285 510 et
1321 455 1443 509 istis
1463 468 1668 508 conne-
1768 472 1871 526 pro
1911 456 2032 511 luce
2077 457 2337 528 preposui
2383 458 2585 511 habere
2634 473 2781 521 eam,
2807 458 3072 527 quoniam
3105 458 3374 514 inexstin-

98 559 214 613 Clite
235 571 370 625 quas
412 552 778 624 adjunximus
824 551 1039 606 litteras
1081 548 1467 619 praefectorum
1505 546 1572 610 ’⁸,
1608 555 1669 600 ut
1769 548 1972 621 gnibile
2001 561 2083 603 est
2111 548 2293 602 lumen
2344 548 2462 619 ejus
2494 549 2561 602 ’⁸.
2599 567 2616 597 ι
2650 547 2799 602 Hanc
2846 562 2979 617 ergo
3024 547 3197 605 David
3238 565 3372 619 pro-

99 654 158 705 de
188 650 322 704 his"
344 662 469 717 quae
500 646 689 716 inique
712 644 1033 709 laudantur,
1056 642 1105 699 si
1138 642 1269 713 quid
1294 642 1404 696 tale
1443 640 1668 711 probari
1768 643 1934 713 pheta
1962 641 2139 695 lucem
2170 640 2514 706 desiderans,
2547 642 2749 696 anxius
2776 643 3099 711 proclamat,
3133 642 3323 698 dicens
3351 662 3365 697 :

100 743 299 812 poterit,
346 739 621 811 judicium
670 738 782 802 ﬁat,
817 746 873 794 et
913 736 1147 791 inhibita
1194 743 1577 798 coerceantur,
1614 742 1669 789 et
1775 751 1794 785 ‹
1829 731 2031 786 Emitte
2075 733 2251 787 lucem
2301 741 2450 787 tuam
2496 742 2549 787 et
2586 734 2868 787 veritatem
2914 741 3064 787 tuam
3096 734 3161 786 ’⁷.
3204 751 3223 784 ι
3259 734 3366 787 lte-

100 835 350 904 praaterita
378 831 527 886 mala
557 839 613 885 et
641 830 829 886 illicita
847 828 1128 899 conjugis,
1165 828 1211 883 si
1243 828 1546 883 doceantur
1571 825 1679 880 ad-‘
1768 841 1893 879 rum
1932 843 1944 879 :
1982 844 1999 876 ‹
2040 823 2099 878 In
2152 825 2358 879 lumine
2408 834 2501 878 tuo
2549 824 2854 880 videbimus
2903 825 3087 880 lumen
3152 826 3219 882 ’⁸.
3255 844 3273 878 ι
3308 826 3366 880 ln

99 924 455 992 inissa,digna
490 921 780 979 severitate
810 917 1202 987 corripiantur.
1221 914 1513 969 Decatlero
1535 926 1666 967 vero
1767 917 1940 989 hujus
1992 920 2156 989 igitur
2219 918 2440 972 luminis
2489 918 2736 973 claritate
2782 917 2956 973 Filius
3014 919 3256 988 seipsum
3307 919 3364 972 in

96 1025 375 1071 caveantur
406 1014 534 1068 talia
569 1028 666 1082 per
699 1025 891 1067 omnes
935 1009 1232 1072 Ecclesiae.
1282 1022 1352 1062 ne
1402 1004 1665 1061 Ecclesia:
1767 1019 1957 1066 monte
1982 1011 2157 1068 tribus
2183 1010 2463 1080 discipulis
2483 1011 2869 1080 prwostendit;
2898 1012 3014 1082 qui,
3046 1020 3190 1065 metu
3214 1028 3365 1066 mor-

96 1108 362 1169 sanctitas,
401 1119 499 1175 per
540 1111 786 1159 nostram
821 1100 1045 1170 fatigata
1096 1099 1504 1171 negligentiam,
1541 1110 1666 1167 ρει·-
1768 1104 1839 1158 tis
1870 1105 2168 1173 perterriti,
2193 1104 2565 1174 prostratique
2590 1104 2642 1157 in
2672 1102 2888 1172 faciem,
2914 1105 3016 1159 sibi
3041 1104 3163 1159 vitae
3196 1105 3360 1157 ﬁnem

95 1200 178 1253 dat
216 1197 495 1269 privilegia
529 1212 652 1269 qua:
683 1205 769 1251 est
808 1210 906 1265 per
938 1196 1094 1250 viros
1142 1192 1488 1248 venerabiles
1522 1204 1659 1247 con-
1766 1197 1961 1253 adesse
2015 1206 2306 1253 senserunt
2341 1199 2407 1250 ’9.
2456 1195 2606 1252 lianc
2644 1196 2915 1268 (inquam)
2977 1198 3150 1253 lueetn
3204 1198 3255 1249 in
3304 1212 3365 1251 se

94 1304 284 1347 secuta.
1746 1276 1942 1344 fuisse
1990 1289 2375 1343 demonstrans
2424 1286 2593 1342 Filius
2646 1289 3037 1357 proclamabat,
3073 1295 3147 1352 et,
3202 1298 3256 1341 ut
3307 1288 3362 1341 in

157 1385 224 1441 De
250 1386 333 1441 his
366 1399 524 1450 vero,
561 1384 769 1455 quibus
789 1384 859 1439 ab
883 1382 1298 1438 insidiatoribus
1335 1377 1662 1451 fatigamini,
1765 1382 1957 1437 eadem
2010 1382 2344 1449 incederent,
2374 1382 2673 1452 discipulos
2708 1382 3120 1452 praemonebat:
3165 1400 3184 1431 ι
3221 1380 3361 1433 Cum

94 1481 223 1534 unde
255 1488 306 1533 et
342 1494 449 1532 nos
503 1478 818 1541 consulere,
869 1485 924 1533 et
978 1492 1010 1531 a
1063 1476 1222 1531 nobis
1255 1474 1473 1531 edoceri
1522 1474 1664 1528 inter
1764 1475 1944 1530 lucem
1997 1475 2230 1539 habetis,
2273 1495 2291 1527 ι
2343 1476 2539 1546 inquit,
2580 1494 2598 1525 ‹
2643 1475 2920 1529 ambulate
2965 1474 3019 1526 in
3066 1473 3187 1527 luce
3230 1473 3291 1527 3°,
3337 1493 3356 1524 ι

93 1581 268 1625 (πείθω
312 1569 598 1634 voluistis,
663 1583 730 1623 eo
775 1567 920 1637 quod
964 1566 1076 1623 sint
1107 1565 1329 1635 quidam
1369 1565 1464 1635 qui
1515 1562 1665 1619 arbi-
1764 1566 1833 1621 Et
1861 1567 2059 1622 iterum
2093 1586 2105 1620 :
2144 1587 2161 1618 ι
2195 1566 2308 1638 Ego
2334 1584 2453 1622 sum
2488 1566 2577 1620 lux
2605 1565 2768 1636 hujus
2797 1566 2985 1618 mundi
3015 1583 3027 1618 :
3056 1565 3149 1633 qui
3178 1565 3362 1634 sequi-

92 1671 293 1718 trantur
328 1663 399 1718 de
431 1661 600 1715 Patre
637 1646 762 1714 solo
797 1658 1011 1715 dictum
1044 1673 1167 1714 esse
1202 1657 1303 1729 (3),
1341 1676 1359 1708 ι
1381 1656 1507 1726 quia
1543 1656 1663 1726 ipse
1693 1714 1735 1729 __
1764 1667 1856 1713 tur
1895 1675 1981 1713 me
2013 1676 2122 1713 non
2160 1660 2406 1713 ambulat
2430 1658 2483 1711 in
2518 1659 2776 1721 tenebris,
2805 1658 2897 1713 sed
2931 1657 3150 1711 habebit
3173 1657 3359 1710 lumen

90 1756 225 1809 solus
258 1755 420 1809 habet
446 1752 945 1816 immortalitatem,
971 1760 1027 1805 et
1050 1714 1227 1807 lucem
1258 1747 1468 1804 habitat
1502 1747 1655 1802 inac-
1689 1714 1737 1776 Β
1763 1751 1887 1805 vita:
1916 1760 2131 1806 aeterna:
2158 1751 2224 1804 ³³.
2261 1770 2278 1801 ι
2310 1750 2375 1804 Ει
2404 1750 2749 1820 Evangelisla
2778 1768 2790 1804 :
2826 1769 2843 1799 ι
2876 1748 3007 1803 Erat
3035 1751 3122 1802 lux
3204 1761 3354 1814 vera,

89 1846 379 1900 cessibilem
405 1845 483 1911 ²⁰;
520 1864 538 1897 ι
574 1844 652 1898 ita
681 1859 778 1899 eos
793 1841 1113 1913 apostolicis
1138 1841 1411 1911 percutite
1439 1838 1654 1906 ferulis,
1760 1843 1856 1910 ait,
1913 1856 2035 1910 quat
2088 1842 2361 1896 illuminat
2386 1858 2605 1895 omnem
2645 1842 2923 1895 hominem
2958 1842 3266 1895 venientem
3300 1840 3356 1893 in

88 1948 136 1990 et
164 1938 357 1992 divinis
390 1936 711 2006 redarguite
737 1934 1023 2005 prmceptis
1058 1934 1125 1987 ³¹.
1156 1931 1278 1988 Non
1320 1932 1473 1987 enim
1504 1932 1659 1987 solus
1763 1936 1908 1991 hunc
1940 1936 2290 1990 mundum".
2317 1955 2335 1987 ι
2356 1937 2413 1990 Si
2440 1938 2555 1992 haec
2584 1938 2839 2006 lux,qnae
2856 1937 3206 1992 credentibus
3230 1952 3355 2007 pro-

88 2027 234 2081 Pater
261 2029 380 2084 sine
406 2027 550 2083 Filio
585 2028 762 2083 lucem
788 2026 1224 2081 inaccessibilem
1259 2024 1655 2092 habitat;qnia
1758 2028 2018 2093 mittitur,
2072 2027 2125 2081 in
2182 2026 2321 2082 Filio
2373 2044 2496 2083 esse
2546 2030 2828 2098 probatur,
2879 2039 2933 2083 et
2985 2045 3108 2083 cum
3149 2038 3354 2083 aeterno

87 2124 170 2178 ubi
200 2122 360 2177 Pater
391 2131 502 2187 est,
557 2123 635 2176 ibi
682 2121 844 2175 etiam
890 2120 1089 2174 Filium
1130 2134 1253 2174 esse
1303 2118 1653 2173 indubitabili
1757 2132 1960 2175 aeterna
1992 2136 2114 2177 esse
2142 2121 2363 2181 dicitur.
2393 2120 2670 2191 quomodo
2700 2136 2730 2175 a
2765 2120 2922 2175 vobis
2961 2120 3029 2173 ab
3055 2119 3344 2173 inaccessi-

88 2215 179 2270 ftde
199 2216 531 2270 credendum
570 2225 675 2270 est.
711 2214 849 2270 Nam
892 2215 939 2270 si
969 2214 1122 2269 solus
1150 2211 1312 2266 Pater
1346 2211 1464 2266 sine
1487 2210 1650 2276 Filio,
1756 2212 1850 2267 bili
1903 2213 2024 2267 luce
2070 2211 2249 2267 Patris
2290 2212 2461 2268 Filius
2512 2212 2840 2282 separatur?
2880 2210 2935 2265 Si
2963 2213 3109 2267 enim
3156 2210 3348 2278 Filius,

85 2308 216 2373 quod
248 2308 435 2362 dicere
474 2306 633 2362 nefas
667 2316 786 2375 est,
828 2308 1005 2362 lucem
1052 2305 1265 2359 habitat
1298 2304 1655 2360 inaccessibi-
1764 2325 1782 2356 ι
1824 2306 1966 2361 Deus
2010 2323 2174 2361 verus
2220 2316 2275 2361 et
2310 2307 2420 2360 vita
2469 2315 2670 2367 aeterna
2701 2315 2791 2361 est
2814 2306 2880 2372 ³³,
2907 2320 2922 2351 ι
2946 2306 3062 2361 sine
3078 2305 3245 2359 dubio
3293 2305 3347 2358 in

85 2398 197 2463 lem,
220 2414 446 2453 necesse
475 2409 582 2463 est,
620 2408 681 2453 ut
712 2408 1117 2470 sequestratam
1139 2396 1302 2452 Pater
1334 2412 1366 2452 a
1395 2395 1535 2451 Filio
1557 2398 1663 2452 ha-
1758 2398 1860 2453 hac
1901 2399 2022 2453 luce
2070 2399 2235 2454 simul
2265 2414 2390 2454 cum
2422 2398 2584 2454 Patre
2634 2398 2879 2453 habitare
2908 2399 3213 2453 credendus
3244 2406 3351 2463 est,

85 2491 196 2544 beat
215 2491 579 2546 mansionem.
1757 2508 1921 2561 quant
1955 2492 2138 2546 nullus
2169 2492 2332 2546 modo
2362 2500 2638 2555 nostrum,
2673 2492 2735 2544 in-
2760 2492 2862 2546 hoc
2888 2491 3099 2545 mortali
3124 2504 3354 2559 corpora:

146 2583 289 2649 Quod
320 2587 365 2639 si
393 2585 469 2639 ita
502 2592 607 2650 est,
630 2599 863 2654 quonam
890 2584 1054 2639 modo
1081 2584 1223 2638 idem
1249 2582 1425 2638 Filius
1440 2582 1506 2636 ad
1525 2582 1657 2637 ὀρχη
1758 2584 2111 2647 constitutus,
2145 2592 2325 2653 potest
2375 2584 2720 2653 aliquatenus
2770 2584 3015 2637 contueri
3044 2601 3057 2649 ;
3096 2583 3189 2637 sed
3221 2582 3351 2636 dum

83 2685 241 2729 teram
264 2674 443 2730 Patris
467 2684 658 2731 astans
699 2693 729 2731 a
758 2677 921 2733 beato
947 2685 1186 2747 martyre
1218 2674 1495 2745 Stephano
1521 2674 1665 2732 dici—
1758 2676 2096 2742 apparuerit,
2132 2684 2262 2730 tunc
2309 2690 2436 2729 vere
2479 2676 2633 2729 illum
2680 2676 2882 2730 videbit
2928 2675 3088 2730 sicuti
3122 2684 3226 2741 est,
3256 2675 3349 2745 qui

85 2781 161 2818 μιιι·
199 2766 458 2834 conspici,
506 2767 552 2822 si
598 2767 760 2822 Pater
796 2768 1093 2823 secundum
1130 2780 1226 2822 eos
1266 2768 1419 2821 solus
1458 2765 1657 2820 dicitur
1756 2766 1878 2834 ejus
1930 2769 2314 2837 conspectibus
2366 2768 2530 2823 fuerit
2570 2769 2768 2837 dignus
2816 2769 3080 2833 coaptari.
3124 2767 3191 2821 Et
3241 2782 3352 2821 non

83 2856 286 2912 sedibus
321 2858 464 2913 lucis
498 2859 791 2914 contineri.
822 2859 980 2913 Absit
1018 2858 1123 2914 h'oc
1153 2874 1186 2913 ει
1222 2874 1385 2913 sensu
1415 2857 1661 2912 ﬁdelium.
1757 2856 1902 2911 sicut
1951 2856 2164 2928 Moyses
2196 2860 2487 2929 caeterique
2531 2862 2810 2929 prephetae
2862 2876 2956 2928 per
2982 2862 3271 2931 aenigmata
3298 2868 3353 2915 et

83 2948 303 3004 Christo
337 2950 392 3004 in
453 2950 663 3006 unitate
712 2951 836 3007 ﬁdei
878 2951 1310 3016 adhmrentium;
1368 2950 1652 3019 quoniam,
1758 2947 2010 3017 figuram,
2052 2950 2147 3003 sed
2184 2950 2356 3020 ipsam
2412 2953 2680 3005 veraciter
2727 2953 2780 3005 in
2839 2952 2998 3018 Filio,
3044 2952 3349 3007 secundum

84 3042 214 3096 sicut
237 3059 341 3097 non
374 3043 532 3099 obest
577 3043 739 3111 Filio,
789 3060 912 3099 cum
962 3045 1114 3100 solus
1152 3044 1353 3100 dicitur
1380 3042 1540 3097 Pater
1569 3043 1654 3098 lu-
1680 3063 1723 3124 ο
1756 3042 2099 3110 Apostolum,
2136 3044 2485 3099 contuebitur
2526 3045 2745 3099 deitatis
2780 3045 3096 3115 imaginem.
3131 3045 3268 3099 Nam
3296 3047 3351 3100 si

84 3149 183 3187 cem
217 3136 651 3191 inaccessibilem
705 3138 975 3205 habitare,
1027 3139 1099 3193 ita
1150 3154 1260 3192 non
1295 3139 1451 3193 obest
1478 3136 1648 3205 Patri,
1755 3131 1900 3187 hunc
1929 3134 2291 3204 eumdemque
2324 3138 2600 3206 prapbetae
2626 3141 2728 3192 sub
2765 3139 3099 3203 testimonio,
3143 3139 3343 3192 subse-

84 3241 192 3280 eum
226 3227 522 3297 Sapientia,
555 3245 678 3299 quae
710 3240 793 3286 est
832 3230 1025 3298 Filius,
1057 3231 1257 3286 dicitur
1293 3247 1486 3302 gyrum
1526 3231 1652 3286 οωιί
1752 3234 1952 3295 quente
1990 3242 2184 3282 sereno
2216 3229 2413 3283 mentis
2461 3230 2682 3294 intuitu,
2718 3231 3047 3300 investigare
3078 3231 3341 3297 volueris,

84 3320 184 3373 sola
212 3321 462 3376 circuire.
490 3320 654 3377 Pater
684 3323 888 3392 itaque,
918 3339 1040 3378 cum
1069 3324 1139 3378 sit
1168 3324 1460 3379 invisibilis
1490 3332 1543 3378 et
1568 3323 1651 3378 in-
1751 3318 1998 3373 invenies
2028 3316 2225 3372 Filium
2265 3336 2371 3372 non
2410 3335 2581 3387 posse.
2601 3322 2669 3376 ab
2702 3323 2804 3377 hac
2834 3323 2955 3377 luce
2984 3323 3161 3377 Patris
3193 3325 3345 3392 peni-

83 3412 282 3477 geuitus
330 3414 384 3466 in
446 3430 527 3479 se,
575 3416 631 3468 in
670 3413 809 3470 Filio
847 3415 1000 3471 visus
1052 3416 1285 3486 apostoli
1337 3416 1650 3471 testimonio
1753 3417 1841 3464 tus
1870 3410 2148 3478 separari;
2182 3412 2441 3480 quoniam
2473 3430 2599 3468 cum
2627 3415 2801 3469 solum
2836 3413 3036 3467 Filium
3059 3414 3259 3468 dixerit
3289 3415 3344 3469 in

82 3507 470 3574 comprobatur,
495 3516 553 3563 et
581 3509 635 3561 in
663 3507 820 3575 Filio,
846 3525 875 3563 a
902 3525 962 3564 se
990 3510 1424 3565 inenarrabiliter
1444 3510 1644 3579 genito,
1750 3509 1891 3554 lt-‘I‘l'a
1927 3516 2053 3556 Cum
2086 3501 2402 3557 hominibus
2438 3514 2847 3569 conversatur“,
2874 3504 3091 3560 Ρῖιῑνθηι
3124 3506 3193 3559 ab
3223 3506 3341 3572 illo.

81 3598 333 3654 mansisse
367 3614 433 3655 ac
472 3600 811 3671 requievisse
861 3610 1219 3667 monstratur,
1256 3601 1375 3670 ipso
1412 3600 1549 3655 Filio
1591 3601 1646 3655 in
1751 3609 1857 3647 non
1911 3602 1995 3648 est
2043 3595 2375 3650 credendum
2407 3596 2521 3651 ﬁeri
2564 3598 2821 3652 alienum.
2869 3617 2887 3649 α
2924 3597 2969 3629 ³⁵
3001 3596 3056 3650 Si
3094 3598 3344 3651 testimo-

80 3691 329 3759 propheta
372 3692 632 3762 loquente
670 3711 683 3747 :
726 3712 745 3744 ‹
788 3693 891 3760 Qui
923 3709 1010 3749 me
1042 3695 1247 3766 genuit,
1278 3693 1547 3764 requievit
1590 3694 1647 3747 in
1750 3687 1900 3740 nium
1953 3687 2099 3740 enim
2150 3688 2431 3742 hominum
2468 3692 2787 3759 accipimus,
2829 3690 3205 3745 testimonium
3242 3689 3340 3743 Dei

82 3781 411 3839 tabernaculo
440 3800 571 3839 meo
595 3786 661 3839 η,
694 3804 712 3835 ι
749 3784 814 3839 Er
864 3786 918 3840 in
966 3784 1257 3857 Evangelio
1292 3806 1305 3841 ε
1344 3804 1362 3837 ι
1393 3785 1556 3840 Pater
1590 3785 1644 3839 in
1749 3778 1926 3847 majus
1968 3788 2071 3834 est.
2100 3778 2369 3845 Quoniam
2408 3782 2511 3837 hoc
2550 3792 2634 3837 est
2669 3784 3040 3838 testimonium
3071 3782 3161 3836 Dei
3191 3782 3339 3851 quod

81 3885 153 3922 me
184 3885 425 3938 manens,
460 3872 593 3928 facit
620 3889 785 3943 Opera
809 3874 924 3930 haec
948 3876 1012 3929 ’³.
1048 3896 1066 3928 ι
1095 3875 1158 3930 Et
1192 3895 1205 3930 :
1237 3894 1256 3927 ‹
1286 3875 1457 3930 Deum
1482 3888 1645 3929 nemo
1750 3870 1926 3939 majus
1968 3882 2070 3937 est,
2105 3872 2234 3941 quia
2278 3874 2602 3929 testiﬁcatus
2628 3884 2728 3930 cst
2773 3876 2840 3930 de
2886 3875 3024 3930 Filio
3075 3890 3197 3930 suo.
3234 3873 3341 3941 Qui

80 3960 203 4016 vidit
244 3980 506 4034 unquam,
561 3967 668 4022 nisi
715 3968 1031 4038 unigenitus
1075 3968 1270 4035 Filius,
1315 3970 1409 4039 qui
1462 3977 1547 4023 est
1589 3968 1647 4021 in
1745 3966 1917 4021 credit
1972 3968 2027 4022 in
2076 3967 2275 4023 Filium
2330 3968 2461 4037 Dei,
2518 3970 2682 4025 habet
2718 3970 3090 4025 testimonium
3137 3969 3233 4024 Dei
3282 3970 3341 4023 in

79 4054 187 4106 sinu
222 4051 391 4112 Patris
417 4056 483 4111 “.
518 4076 539 4108 ›
575 4055 633 4111 Si
662 4058 806 4113 enim
858 4058 912 4112 in
953 4060 1075 4114 sinu
1109 4058 1287 4115 Patris
1324 4068 1443 4115 erat
1474 4058 1645 4113 Filius
1747 4074 1826 4115 se.
1859 4057 1963 4125 Qui
1994 4076 2106 4115 non
2138 4063 2313 4116 credit
2340 4062 2393 4116 in
2426 4062 2649 4130 Filium,
2684 4063 2999 4117 mendacem
3033 4063 3333 4127 faciteum,

78 4142 328 4211 abinitio,
362 4157 416 4202 et
442 4165 509 4203 ex
532 4150 697 4205 corde
735 4149 915 4207 Patris
944 4152 1170 4206 verbum
1195 4152 1402 4207 bonum
1428 4163 1648 4207 eructa-
1746 4152 1876 4221 quia
1918 4168 2029 4208 non
2072 4155 2249 4210 credit
2291 4155 2346 4208 in
2381 4156 2777 4221 testimonium,
2818 4156 2965 4226 quod
3015 4156 3343 4210 testiﬁcatus

81 4243 177 4291 tum
208 4248 309 4305 est,
342 4241 622 4309 quomodo
647 4256 756 4296 non
788 4243 842 4297 in
868 4243 1032 4297 corde
1061 4251 1291 4312 paterno
1315 4244 1642 4309 consistens,
1744 4253 1826 4301 est
1866 4243 2008 4302 Dens
2050 4248 2117 4301 de
2158 4247 2298 4302 Filio
2350 4265 2473 4304 suo.
2520 4247 2586 4302 Et
2641 4249 2747 4303 hoc
2797 4260 2883 4303 est
2938 4249 3336 4320 testimonium,

82 4324 233 4384 lucem
264 4347 389 4385 cum
424 4333 617 4388 eodem
654 4333 1084 4389 inaccessibilem
1108 4335 1386 4390 habitasse
1414 4337 1643 4391 creden-
1746 4336 2008 4404 quoniam
2056 4339 2222 4392 vitam
2250 4349 2509 4394 aeternam
2559 4340 2709 4394 dedit
2752 4339 2909 4393 nobis
2941 4338 3106 4404 Deus,
3138 4346 3192 4391 et
3223 4338 3343 4390 haec

78 4420 163 4475 dus
200 4426 320 4479 est?
344 4424 607 4496 Nunquid
638 4425 800 4482 Pater
831 4428 1038 4497 absque
1079 4428 1188 4482 ulla
1238 4429 1358 4483 luce
1401 4429 1458 4483 in
1504 4428 1644 4486 Filio
1679 4422 1719 4476 D
1750 4427 1856 4480 vita
1891 4438 1974 4483 est
2008 4432 2060 4484 in
2096 4429 2234 4485 Filio
2264 4431 2400 4500 ejus.
2440 4431 2543 4498 Qui
2590 4432 2752 4485 habet
2800 4430 3023 4496 Filium,
3065 4430 3225 4483 habet
3248 4429 3338 4482 vi»

78 4516 230 4579 potuit
259 4533 633 4587 commanere,
667 4529 761 4575 aut
784 4521 838 4574 in
870 4521 1218 4577 tabernaculo
1248 4520 1374 4575 Filii
1399 4522 1517 4577 sine
1547 4538 1643 4577 ea-
1750 4531 1895 4587 tam;
1926 4523 2027 4591 qui
2052 4538 2159 4577 non
2192 4524 2352 4578 habet
2380 4522 2576 4577 Filium
2613 4522 2728 4586 Dei,
2774 4538 2888 4575 non
2940 4522 3102 4575 habet
3144 4522 3332 4574 vitam.

76 4604 180 4661 dem
216 4612 390 4680 potuit
414 4612 801 4682 ,requiescere,
846 4629 971 4671 cum
1004 4613 1146 4669 idem
1179 4613 1350 4669 Filius
1383 4633 1401 4664 σ
1437 4615 1644 4668 candor
1750 4615 1873 4671 Haec
1904 4617 2086 4670 scribo
2114 4617 2291 4679 vobis,
2324 4625 2384 4669 ut
2422 4616 2633 4681 sciatis,
2666 4616 2925 4683 quoniam
2966 4614 3130 4668 vitam
3167 4613 3337 4667 habe-

77 4699 534 4769 sitwternrelucis,
553 4714 606 4759 et
621 4706 900 4774 speculum
921 4706 1039 4760 sine
1064 4707 1280 4762 macula
1303 4706 1632 4761 deitatis.”t
1748 4707 1817 4760 tis
1849 4717 2110 4761 aeternam
2137 4708 2229 4775 qui
2255 4706 2474 4761 creditis
2500 4707 2552 4759 in
2582 4706 2802 4760 nomine
2828 4705 2949 4758 Filii
2977 4704 3090 4759 Dei.
3120 4705 3186 4758 Et
3217 4705 3334 4759 haec

79 4788 310 4848 Salomon
343 4812 681 4865 superquam
720 4796 950 4851 salutem
984 4812 1139 4851 suam
1178 4796 1434 4851 dilexisse
1464 4812 1526 4851 se
1554 4796 1641 4851 di-
1745 4807 1827 4852 est
1850 4798 2048 4852 ﬁducia
2072 4814 2237 4867 quam
2266 4798 2531 4852 habemus
2554 4798 2620 4851 ad
2644 4812 2793 4859 eum,
2812 4799 2940 4866 quia
2967 4797 3336 4867 quodcunque

75 4881 150 4945 cit,
174 4885 225 4938 in
252 4886 410 4956 cujus
458 4886 640 4955 specie
665 4902 878 4956 semper
902 4887 1160 4943 delectari
1196 4887 1451 4959 gestivit?
1480 4906 1497 4939 ‹
1531 4885 1640 4942 Su-
1748 4890 2064 4959 petierimus
2109 4890 2414 4945 secundum
2456 4890 2790 4944 voluntatem
2837 4890 2978 4959 ejus,
3024 4890 3178 4943 audit
3209 4904 3328 4951 nos,

133 5042 167 5070 ¹⁷
210 5042 396 5121 Innoc.
422 5060 513 5114 ep.
556 5045 619 5098 12
647 5059 714 5099 aa
746 5046 1022 5121 Aurelium
1046 5046 1304 5121 Carthag.
1340 5063 1427 5116 ep.
1464 5049 1568 5104 sub
1600 5049 1759 5104 tinem
1784 5069 1797 5104 :
1827 5070 1844 5101 ι
1874 5049 2028 5105 Unde
2061 5052 2221 5121 plagii
2254 5052 2449 5121 merito
2481 5067 2681 5121 arguas
2712 5048 3067 5121 Mercatorem
3093 5091 3107 5113 ,
3138 5065 3332 5121 eumve

74 5123 213 5189 atque
244 5116 472 5189 delusus
500 5124 672 5189 est.)
756 5118 798 5149 ³⁸
831 5119 1201 5189 prophetarum
1252 5116 1305 5171 in
1350 5135 1441 5188 qq.
1473 5134 1556 5174 cc.

1846 5122 1983 5175 unde
2014 5116 2117 5175 his.
2154 5116 2240 5153 "°
2275 5122 2294 5175 Ι
2325 5120 2467 5176 Tim.
2502 5116 2576 5185 \t',
2625 5120 2710 5174 16.
2791 5121 2833 5150 ²¹
2881 5120 3047 5189 ltltac.
3082 5120 3146 5170 ad
3185 5135 3325 5171 vers.

74 5176 342 5261 Ηνξᾳτηϐϐ.
420 5184 672 5261 “_Eccli3
706 5257 735 5261 _
771 5176 1043 5261 Χέινξη.
1134 5176 1558 5261 Α²³“‹1‹ιδῃῖ.’χιν,
1610 5188 1700 5246 10.
1806 5192 1851 5223 ³⁵
1885 5191 2045 5245 Joan.
2096 5208 2133 5256 ι,
2185 5191 2273 5245 18.
2370 5192 2415 5223 ’⁸
2450 5176 2579 5261 δορί
2640 5207 2733 5251 \ll,
2785 5190 2872 5261 2a.
2946 5188 3180 5261 7"“lhid.,
3242 5190 3325 5261 lt).

73 5250 258 5325 fi’sal.
286 5272 424 5319 xui,
464 5257 516 5311 5.
584 5260 588 5264 “
626 5259 674 5289 ’⁸
705 5257 850 5312 Psal.
890 5250 1058 5325 xxxv,
1090 5259 1175 5314 10.
1257 5262 1300 5293 '9
1335 5250 1553 5315 Mattha

1824 5262 2021 5317 ’Joan.
2052 5250 2150 5323 xu,
2203 5263 2293 5316 35.
2370 5263 2412 5293 ³¹
2436 5250 2596 5316 Joan.
2624 5250 2740 5323 vni,
2776 5260 2858 5313 12.
2941 5260 2982 5290 ³³
3011 5250 3174 5312 Joan.
3206 5275 3244 5322 I,
3270 5260 3325 5313 9.

74 5319 314 5407 f’lJoan:
340 5326 516 5407 v,
597 5327 643 5358 ³⁸⁵
666 5326 944 5407 [lactentis
974 5319 1137 5407 verba
1165 5330 1440 5407 ipsissima
1472 5346 1614 5398 resp.
1651 5330 1841 5387 lthacii
1884 5334 1999 5407 sive
2036 5319 2219 5407 Idacii_
2246 5332 2395 5407 lllari
2445 5334 2708 5387 adversus
2732 5319 3119 5384 'Warimaduni
3170 5319 3326 5382 Attiu-

73 5405 202 5460 num,
225 5398 310 5451 cui
351 5398 660 5453 fabricator
699 5400 866 5469 hujus
904 5400 1151 5471 epistolae
1173 5402 1427 5456 laciniam
1461 5417 1561 5471 pro
1592 5418 1744 5458 more
1775 5405 1967 5458 auexit
1996 5420 2064 5457 ex
2089 5419 2175 5472 ep.
2203 5402 2401 5457 lJoan.
2427 5421 2479 5457 v.

72 5552 248 5631 lantur.
286 5551 575 5631 Sev_._an_.
615 5583 685 5593 —-
725 5553 803 5611 De
835 5556 941 5631 hoc
961 5557 1116 5631 loco,
1150 5560 1243 5631 qui
1287 5572 1431 5631 certe
1464 5561 1631 5615 lubri.
1743 5563 1856 5616 solo
1894 5562 2101 5616 dictum»
2137 5578 2270 5616 esse.
2316 5560 2626 5625 Basilidem,
2661 5559 3043 5631 Saturninum,
3080 5561 3327 5631 abusque

71 5630 159 5705 ftis
187 5633 299 5700 est,
336 5623 495 5705 .vidc,
524 5625 675 5679 decr.
722 5627 923 5682 concil.
960 5623 1109 5684 Trid.
1156 5623 1237 5682 De
1259 5629 1572 5701 reformatio;

1824 5650 1862 5687 IS
1895 5643 2195 5705 sectatores
2229 5633 2513 5705 intelligit;
2551 5623 2620 5684 de
2645 5631 2848 5705 quibus
2878 5623 3146 5705 Baronius
3179 5623 3325 5689 anno

72 5697 391 5774 ’ἠξξῖξηζρηίίς
474 5771 481 5774 _
671 5770 680 5774 _
710 5770 718 5774 _
930 5772 938 5774 Α
1062 5771 1070 5774 _
1318 5697 1328 5701 ⁷
1393 5773 1397 5774 ί
1491 5773 1500 5774 ί
1746 5697 1961 5761 Uomini
1998 5704 2137 5768 1'20,
2189 5719 2342 5757 nam.
2378 5697 2431 5767 5',
2466 5709 2521 5774 et
2553 5697 2945 5771 sequentibus,
2982 5705 3073 5757 ubi
3110 5704 3325 5774 impura

131 5758 199 5829 (δ)
236 5762 391 5829 Quod
438 5771 545 5822 sint
593 5770 808 5837 quidam
850 5772 940 5840 qui
990 5771 1319 5827 arbitrantur
1365 5773 1428 5827 de
1473 5773 1634 5829 Patre
1743 5758 1795 5831 et
1830 5758 2218 5833 scclestissiina
2252 5758 2440 5829 eorum
2475 5758 2727 5843 dogmata
2762 5758 3029 5830 recenset.
3068 5774 3142 5830 lo.
