3766 6322
532 307 663 363 1051

528 426 596 481 Et
645 426 852 482 scimus
895 422 1022 491 quia
1068 418 1221 475 audit
1267 432 1389 479 nos,
1438 409 1701 483 quidquid
1750 402 2105 476 petierimus,
2140 399 2183 456 A
2211 405 2375 491 Cflusa
2412 385 2725 491 coniungat.

528 520 736 574 scimus
759 516 1018 587 quoniam
1070 511 1335 566 habemus
1363 507 1650 578 petitiones
1685 517 1823 573 quas
1863 498 2105 569 postula-
2175 542 2179 544 ν

529 625 653 663 mus
677 608 744 661 ab
774 622 857 660 eo.
893 603 995 670 Qui
1042 604 1145 658 scit
1188 599 1409 654 fratrem
1461 611 1621 651 suum
1657 607 1885 665 peccare
1914 606 2107 660 pecea-

529 708 642 752 tum
669 714 777 752 non
812 696 877 749 ad
911 701 1164 756 mortem,
1198 699 1365 761 petat,
1406 696 1458 743 et
1499 687 1715 741 dabitur
1741 684 1789 738 ei
1832 684 1939 737 vita
1980 697 2105 752 pec-

528 788 669 843 cauti
702 802 809 842 non
856 786 922 841 ad
959 793 1210 839 mortem.
1258 780 1353 835 Est
1396 786 1676 849 peccaturo
1726 777 1793 831 ad
1838 783 2100 839 mortem;

528 896 634 934 non
676 895 775 950 pro
817 879 908 933 illo
953 878 1095 942 dico,
1130 885 1189 930 ut
1229 883 1382 943 roget
1422 873 1567 943 quis.
1624 872 1812 924 Umnis
1845 868 2106 937 iniquitas

525 980 809 1043 peccatum
840 978 944 1035 est,
970 978 1023 1022 et
1046 978 1129 1022 cst
1176 974 1457 1037 peccatum
1508 962 1575 1017 ad
1607 970 1858 1017 mortem.
1889 959 2106 1014 Scimus

524 1063 653 1133 quia
688 1063 867 1116 omnis
891 1060 982 1131 qui
1020 1070 1181 1114 natus
1222 1067 1307 1114 est
1351 1073 1413 1113 ex
1449 1057 1576 1120 Deo,
1612 1071 1722 1109 non
1771 1062 1979 1143 pecc'at,
2012 1052 2106 1107 sed

526 1155 804 1224 generatio
833 1154 928 1207 Dei
951 1159 1241 1207 conservat
1272 1165 1420 1214 eum,
1452 1158 1507 1204 et
1534 1148 1805 1217 malignus
1845 1162 1950 1200 non
1983 1155 2106 1199 tan-

526 1246 603 1317 git
631 1261 774 1303 eum.
819 1245 1036 1301 Scimus
1066 1246 1324 1315 quoniam
1370 1257 1436 1297 ex
1475 1242 1588 1297 Deo
1617 1256 1828 1306 sumus,
1856 1248 1909 1294 et
1944 1254 2108 1295 mun-

526 1338 630 1393 dus
666 1347 811 1393 totus
856 1338 912 1391 in
965 1337 1205 1407 maligno
1245 1335 1459 1405 positus
1485 1341 1587 1388 est.
1630 1331 1697 1386 Et
1735 1332 1940 1387 scimus
1969 1347 2109 1400 quo-

527 1432 675 1484 niam
708 1429 881 1483 Filius
908 1428 1001 1483 Dei
1032 1428 1179 1483 venit
1206 1436 1261 1481 et
1288 1426 1437 1482 dedit
1466 1425 1623 1480 nobis
1660 1440 1901 1490 sensum,
1932 1434 1990 1478 ut
2017 1439 2110 1479 co-

528 1537 861 1593 guoscamus
902 1537 1093 1575 verum
1143 1519 1336 1585 Deum,
1385 1529 1439 1573 et
1493 1519 1668 1576 simus
1701 1519 1752 1572 in
1797 1533 1925 1573 vero
1973 1516 2110 1573 Filio

524 1615 665 1684 ejus.
696 1613 797 1668 Hic
820 1622 903 1669 est
929 1628 1089 1667 verus
1126 1610 1271 1666 Deus
1304 1624 1359 1666 et
1386 1618 1495 1665 Vita
1526 1619 1749 1665 aeterna.
1783 1628 1800 1661 ι
1831 1609 1973 1675 Ηειξο,
2001 1607 2111 1663 fra-

528 1716 659 1774 tres,
709 1707 1018 1777 praedicate,
1050 1707 1166 1760 haec
1208 1706 1465 1761 omnibus
1508 1704 1774 1759 nuntiate.
1820 1702 1926 1758 Vos
1981 1718 2108 1757 vero

527 1799 760 1854 invicem
806 1798 1203 1863 exhortamini,
1250 1797 1477 1867 perfecti
1524 1803 1733 1861 estote,
1785 1810 2107 1864 semperque

527 1892 796 1962 gaudete;
831 1907 1017 1962 pacem
1043 1899 1224 1945 autem
1252 1889 1537 1945 sectamini
1566 1889 1619 1943 in
1648 1904 1859 1957 omnes,
1882 1897 1935 1943 et
1966 1887 2107 1942 Deus

525 1986 677 2056 pacis
726 1995 779 2039 et
829 1984 1134 2039 dilectionis
1165 1985 1267 2038 erit
1299 1983 1613 2046 vobiscum,
1663 1981 1775 2035 Deo
1824 1993 2006 2037 autem
2056 1990 2109 2036 et

524 2076 671 2132 Patri
704 2086 892 2131 nostro
920 2077 1091 2148 gloria
1120 2079 1173 2132 in
1209 2078 1407 2132 saicula
1434 2077 1780 2132 sazculorum.
1804 2075 1995 2128 Amen.

596 2170 729 2225 Data
760 2188 813 2225 ix
844 2170 1119 2225 Kalendas
1158 2170 1382 2240 Aprilis,
1415 2170 1639 2224 Valente
1669 2177 1721 2223 et
1752 2167 1943 2222 Vetere
1976 2165 2107 2221 viris

524 2258 847 2314 durissimis
869 2274 1018 2314 coss.
1044 2258 1110 2315 ³⁵.

1093 2392 1431 2448 EPISTOLA
1482 2392 1547 2448 ll.

525 2486 602 2542 De
628 2490 884 2557 episcopis
913 2489 1116 2556 ejectis,
1143 2499 1191 2542 et
1222 2488 1344 2542 aliis
1398 2487 1512 2539 loco
1557 2503 1737 2557 eorum
1784 2486 2105 2553 substitutis,

597 2556 704 2623 vel,
738 2556 983 2614 uthabet
1012 2576 1114 2613 ms.
1159 2558 1301 2613 Just.
1330 2578 1342 2611 :
1375 2558 1528 2623 Quod
1558 2556 1803 2611 Christus
1845 2557 1913 2609 sit
1952 2566 2109 2624 caput

594 2640 642 2683 et
674 2647 895 2698 sponsus
928 2628 1199 2693 Ecclesiae,
1228 2639 1276 2682 et
1304 2629 1598 2681 sacerdotes
1629 2630 1718 2698 qui
1749 2628 1861 2695 ejus
1900 2629 2006 2681 vice
2037 2628 2109 2681 le-

596 2702 803 2770 gatione
848 2700 1168 2769 funguntur,
1218 2700 1466 2770 similiter
1521 2700 1626 2753 sint
1671 2698 1923 2752 Ecclesiis
1952 2698 2060 2770 suis
2090 2711 2109 2748 :

594 2766 642 2824 et
674 2766 903 2840 qualiter
926 2766 1222 2825 sacerdotes
1258 2787 1382 2823 suas
1417 2769 1683 2825 Ecclesias
1725 2777 1772 2823 ct
1799 2784 1978 2823 eorum
2005 2766 2111 2821 Ec-

596 2842 772 2896 clesiae
800 2858 886 2895 eos
916 2842 1135 2895 debeant
1157 2841 1394 2911 diligere.

599 2955 905 3024 Evaristus,
944 2958 1099 3012 urbis
1127 2956 1315 3010 Roma:
1358 2956 1679 3025 episcopus,
1729 2957 1987 3012 omnibus
2014 2970 2110 3026 per

526 3046 822 3120 Egyptum
846 3050 1077 3105 Domino
1094 3049 1484 3120 conglutinatis
1503 3048 1763 3104 fratribus
1781 3049 1835 3103 in
1853 3047 2105 3115 Domino,

526 3143 783 3198 salutem.

600 3233 781 3290 Unum
808 3253 929 3304 nos,
955 3236 1173 3303 fratres,
1201 3240 1245 3272 ³⁸
1269 3238 1471 3295 sentire
1493 3247 1706 3309 oportet
1738 3247 1791 3292 et
1821 3254 2000 3309 agere,
2030 3248 2109 3303 ut,

527 3328 670 3384 sicut
712 3330 943 3399 legimus
971 3332 1036 3393 ³⁷.
1065 3333 1118 3386 in
1148 3333 1308 3387 nobis
1349 3348 1520 3387 unum
1570 3347 1666 3387 cor
1703 3341 1757 3386 et
1794 3348 1899 3386 una
1931 3331 2113 3386 anima

525 3436 648 3476 esse
679 3423 960 3491 probetur.
992 3423 1208 3480 Scimus
1250 3441 1509 3495 namque,
1538 3425 1682 3481 sicut
1710 3434 1764 3481 et
1798 3441 1827 3479 a
1864 3425 2113 3494 patribus

528 3515 859 3583 accepimus,
887 3515 1167 3572 Christum
1192 3532 1314 3574 esse
1357 3527 1541 3588 caput,
1578 3519 1736 3589 cujus
1779 3527 1833 3573 et
1870 3520 2115 3574 membra

528 3619 741 3661 sumus.
778 3606 896 3677 Ipse
942 3610 1087 3663 enim
1130 3617 1213 3665 est
1254 3625 1513 3680 sponsus,
1539 3620 1594 3664 et
1626 3611 1867 3666 Ecclesia
1892 3626 2112 3680 sponsa,

527 3697 685 3767 cujus
714 3699 809 3752 filii
845 3715 942 3755 nos
971 3716 1202 3756 sumus:
1231 3711 1286 3755 et
1316 3702 1436 3758 ideo
1479 3719 1650 3757 unum
1688 3702 1905 3757 Patrem
1950 3705 2117 3761 habe-

529 3804 652 3844 mus
688 3789 857 3845 Deum
894 3791 947 3845 in
982 3794 1156 3847 cmlis.
1212 3793 1538 3850 Sacerdotes
1584 3810 1714 3850 vero
1760 3796 1876 3849 vice
1909 3795 2114 3850 Christi

530 3879 801 3948 legatione
836 3882 880 3913 ³⁸
914 3882 1216 3952 funguntur
1250 3886 1305 3938 in
1341 3884 1605 3940 Ecclesia.
1644 3886 1708 3939 Et
1750 3887 1893 3941 sicut
1933 3887 1981 3941 ei
2016 3902 2115 3941 sua

529 3972 824 4041 conjuncta
859 3984 943 4030 est
976 3991 1198 4045 sponsa,
1228 3978 1280 4033 id
1305 3988 1388 4033 est
1420 3978 1661 4034 Ecclesia
1696 3981 1763 4047 θ’,
1793 3981 1873 4035 sic
1904 3981 2117 4050 episco-

533 4065 617 4132 pis
633 4065 943 4135 junguntur
964 4067 1241 4135 Ecclesiae,
1266 4072 1561 4141 unicuique
1593 4088 1689 4141 pro
1714 4074 1964 4142 portione
1994 4090 2114 4129 sua.

533 4154 601 4209 Et
632 4157 773 4212 sicut
802 4160 887 4213 vir
919 4175 1027 4214 non
1057 4162 1215 4217 debet
1247 4164 1518 4234 negligere
1549 4179 1776 4219 uxorem
1810 4180 1986 4229 suam,
2022 4164 2117 4220 sed

533 4247 756 4325 diligege
786 4258 838 4304 et
861 4261 1010 4305 caste
1032 4253 1309 4309 custodire
1337 4264 1392 4309 et
1422 4271 1608 4310 amare
1637 4265 1799 4326 atque
1822 4257 2118 4325 prudenter

534 4357 721 4413 regere
754 4362 767 4397 :
802 4344 881 4400 sic
924 4346 1216 4416 episcopus
1245 4357 1299 4402 et
1331 4350 1504 4404 multo
1546 4350 1718 4420 magis
1758 4350 2035 4405 custodire
2062 4359 2118 4405 et

533 4449 721 4490 amare
761 4444 926 4507 atque
960 4439 1254 4507 prudenter
1285 4456 1471 4511 regere
1504 4441 1661 4496 debet
1693 4441 2013 4496 Ecclesiam.
2052 4441 2117 4496 Et

2141 1759 2182 1817 Β
2210 1773 2397 1827 dicens
2432 1789 2446 1825 :
2487 1789 2505 1821 ι
2546 1768 2603 1823 Si
2626 1767 2751 1838 quis
2772 1766 2969 1821 viderit
2996 1763 3280 1818 mulierem
3309 1760 3372 1813 ad
3396 1754 3669 1821 concupisce.

1890 276 2094 337 EVARI

2212 272 2214 326 Ῐ
2252 268 2452 328 ΡΑΡᾸΞ
3584 256 3659 309 illi

2756 380 2821 435 Et
2859 380 3001 435 sicut
3031 377 3188 431 uxori
3224 389 3332 430 non
3362 372 3471 431 licet
3490 373 3659 427 diium

2207 482 2383 535 virum
2419 493 2601 542 suum,
2637 487 2697 529 ut
2729 473 2881 529 alteri
2930 487 3009 534 se.
3052 471 3270 524 vivente
3299 483 3381 529 eo,
3426 469 3658 520 matrimonio

2207 572 2397 634 societ,
2419 579 2513 624 aut
2529 584 2652 622 eum
2676 567 2958 626 adulteret,
2980 565 3103 617 licet
3129 560 3423 615 fornicatus
3441 558 3657 625 sitrirejas,

2209 664 2321 727 sed,
2353 662 2508 731 juxta
2550 658 2902 729 Apostolum',
2940 675 2957 706 ε
2997 662 3091 708 aut
3138 652 3259 706 viro
3302 666 3397 704 suo
3434 650 3659 703 recondis;

2207 756 2385 819 debet,
2441 762 2533 807 aut
2584 764 2802 805 manere
2853 748 3079 816 innupta
3105 746 3183 811 5‘;
3214 764 3233 795 ›
3268 745 3341 797 ita
3373 740 3577 796 Ecclesia
3606 758 3659 794 ut

2208 848 2334 903 licet
2368 847 2639 900 dimittere
2678 842 2995 911 episcopum
3048 853 3232 902 suum,
3267 844 3362 890 aut
3390 834 3452 888 ab
3483 849 3533 888 eo
3556 849 3595 886 se

2208 954 2431 1012 gregare
2478 947 2536 993 ut
2585 937 2835 998 alterum,
2868 933 3083 987 vivente
3125 944 3214 996 eo,
3258 927 3504 996 accipiat;
3535 924 3663 979 sedsit

2209 1034 2387 1104 ipsum
2419 1032 2636 1096 habeat,
2682 1038 2777 1084 aut
2824 1027 3053 1095 innupta
3084 1030 3322 1086 maneat,
3355 1020 3403 1074 id
3426 1030 3496 1073 est
3524 1019 3662 1071 altera

2207 1125 2545 1194 episcopum,
2565 1136 2666 1176 suo
2698 1120 2932 1180 vivente,
2962 1132 3069 1171 non
3098 1114 3348 1182 accipiat,
3370 1127 3435 1165 ne
3459 1110 3664 1164 fornicata

2208 1217 2295 1270 nis
2328 1225 2421 1270 aut
2465 1212 2715 1268 adulterii
2762 1211 2968 1265 crimen
3016 1208 3281 1262 incurrat.
3323 1202 3452 1256 Nam
3480 1202 3517 1255 si
3542 1201 3663 1253 addie-

2209 1318 2325 1362 rata
2359 1305 2541 1371 fuerit,
2570 1304 2621 1358 id
2649 1311 2733 1358 est
2763 1302 2807 1356 si
2843 1316 2902 1356 se
2934 1299 3087 1354 alteri
3120 1298 3374 1367 episcopo
3402 1291 3665 1362 junxeritza

2210 1416 2373 1471 super
2428 1415 2487 1455 se
2536 1398 2767 1452 alterum
2802 1396 3119 1463 episcopum
3175 1386 3469 1450 adduxerit,
3510 1394 3663 1437 autesse

2213 1494 2419 1558 fecerit,
2463 1490 2546 1545 vel
2577 1485 3001 1550 desideraverit;
3039 1498 3134 1552 per
3172 1480 3477 1535 acerrimam
3503 1476 3665 1544 penite?-

2211 1586 2340 1640 tiam
2371 1592 2465 1639 aut
2516 1597 2619 1638 suo
2674 1579 3059 1635 reconcilietur
3109 1574 3383 1645 episc0po,
3422 1580 3502 1624 aut
3534 1569 3666 1632 innuat

2209 1685 2545 1749 permaneat.
2569 1674 2725 1729 Unde
2751 1683 2807 1728 et
2835 1673 3101 1726 Dominus
3132 1669 3373 1738 loquitur
3394 1666 3446 1719 in
3467 1659 3666 1727 Evangelii.

2208 1865 2337 1919 dum
2364 1879 2507 1929 eam,
2536 1863 2649 1932 jam
2681 1859 2989 1914 mcechatus
3023 1866 3109 1912 est
3131 1869 3251 1909 eam
3280 1853 3333 1905 in
3357 1847 3505 1904 corde
3530 1844 3667 1899 sunt)

2209 1956 2254 1986 ⁸⁸
2271 1954 2601 2026 Episcopum
2632 1966 2765 2005 vero
2817 1956 3029 2019 oportet
3070 1954 3369 2015 opportune
3392 1949 3443 1993 et
3470 1939 3671 2005 importes:

2208 2055 2372 2115 atque
2406 2044 2525 2098 sine
2569 2040 2978 2095 intermissione
3029 2036 3326 2091 Ecclesiam
3371 2045 3511 2086 suam
3541 2029 3671 2081 docete.

2210 2151 2443 2206 eamque
2479 2132 2775 2205 prudenter
2808 2147 2999 2201 regere
3044 2138 3099 2184 et
3133 2141 3335 2191 amare,
3361 2133 3419 2177 ut
3464 2138 3489 2175 a
3519 2120 3617 2171 vitiis
3646 2132 3671 2167 δέ

2208 2228 2501 2292 abstineat,
2547 2235 2603 2282 et
2650 2225 2880 2282 salutem
2906 2221 3168 2291 consequi
3214 2218 3384 2289 possit
3407 2223 3618 2269 mteruam.
3642 2206 3673 2257 [ί

2211 2320 2301 2373 illa
2334 2334 2458 2373 cum
2491 2327 2642 2373 tanta
2669 2316 2975 2372 reverentia
3006 2314 3128 2383 ejus
3149 2311 3442 2366 doctrinam
3471 2305 3673 2359 deletas-

2209 2414 2391 2483 cipere
2411 2454 2425 2476 ,
2474 2426 2711 2481 eumque
2742 2424 2927 2465 amare
2958 2416 3013 2461 et
3041 2406 3285 2476 diligere,
3339 2410 3395 2455 ut
3426 2400 3602 2469 legatum
3624 2390 3673 2441 De:
3708 2384 3709 2437 ἒ

2209 2516 2264 2563 et
2310 2520 2617 2577 praeconem
2670 2503 2957 2568 veritatis;
3006 2500 3170 2570 quia,
3228 2505 3445 2552 testante
3491 2490 3709 2573 Ventilet

2217 2620 2236 2653 ί
2282 2599 2630 2668 Ωιιεθουηίιιιθ
2662 2596 2910 2667 ligaverit
2957 2609 3123 2663 super
3156 2600 3374 2652 terram,
3416 2592 3549 2642 erunt
3583 2582 3673 2647 lini:
3708 2576 3709 2631 ἡ

2210 2702 2265 2749 et
2300 2693 2355 2746 in
2401 2692 2542 2746 coelo
2570 2709 2582 2743 :
2611 2697 2663 2742 et
2709 2701 3052 2757 quaecunque
3085 2682 3310 2737 solverit
3356 2692 3502 2748 super
3539 2684 3675 2727 terrast.
3708 2668 3709 2725 ἶ

2211 2796 2372 2841 erunt
2396 2785 2573 2840 soluta
2607 2783 2738 2837 etin
2764 2781 2903 2836 coelo
2933 2780 2999 2832 ⁸⁵.
3045 2798 3063 2830 ι
3092 2776 3267 2830 Nimis
3288 2772 3499 2829 timenda
3530 2764 3675 2828 est“?
3708 2782 3709 2793 ‘

2215 2890 2345 2945 tres,
2371 2877 2484 2931 haec
2514 2875 2804 2937 sententia,
2835 2883 2885 2927 et
2912 2868 3319 2943 przevidendum
3344 2866 3497 2927 vobis,
3518 2856 3677 2915 neoiltfr
3708 2878 3709 2917 1

2211 2972 2352 3027 datis
2385 2986 2480 3025 eos
2512 2968 2606 3039 qui
2650 2976 2855 3023 tantam
2889 2982 2920 3019 a
2956 2964 3188 3019 Domino
3233 2961 3424 3016 habent
3445 2964 3675 3027 potestates.
3708 2960 3709 2963 ‘

2213 3060 2280 3114 Et
2311 3060 2433 3114 ideo
2477 3059 2660 3128 potius
2702 3055 3016 3118 obediendi,
3060 3051 3319 3123 diligendi
3354 3056 3404 3105 et
3443 3050 3709 3110 summopttti

2212 3152 2506 3209 venerandi
2549 3160 2698 3214 sunt,
2726 3164 2833 3204 non
2869 3148 3219 3211 detrahendi,
3246 3146 3342 3199 vel
3385 3136 3603 3196 lacerandi
3628 3142 3677 3185 az!
3708 3158 3709 3163 η

2215 3245 2489 3316 ejiciendi,
2526 3244 2618 3299 sed
2645 3242 2895 3314 portandi
2924 3248 2980 3296 et
3003 3238 3247 3301 amandi,
3281 3238 3392 3306 ipso
3430 3232 3595 3286 dicente
3620 3224 3679 3275 De-

2217 3340 2365 3395 mino
2396 3359 2407 3393 :
2444 3359 2462 3390 ι
2493 3338 2595 3405 Qui
2632 3354 2729 3392 vos
2768 3337 2941 3401 audit,
2975 3351 3064 3390 me
3097 3331 3251 3387 audit
3276 3350 3287 3385 :
3311 3339 3363 3385 et
3397 3327 3478 3397 qui
3501 3338 3575 3378 vos
3592 3332 3709 3385 δικ*

2217 3434 2317 3499 nit,
2347 3448 2432 3486 me
2452 3431 2661 3501 spernit
2684 3430 2750 3483 ⁸³.
2788 3448 2807 3481 ι
2836 3428 2961 3484 ldeo
2985 3428 3099 3481 haec
3124 3424 3281 3479 vobis
3303 3433 3355 3477 et
3380 3417 3585 3475 omnibus
3606 3411 3680 3463 tide-
3708 3446 3709 3449 η

2218 3529 2360 3582 libus
2386 3524 2704 3589 scribimus,
2740 3522 2957 3587 fratres,
2993 3530 3053 3575 ut
3085 3519 3154 3574 ab
3196 3518 3283 3571 bis
3313 3529 3405 3568 vos
3443 3506 3633 3565 caveatis,
3654 3514 3684 3551 tl

2217 3618 2449 3690 posteris
2483 3616 2677 3672 vestris
2710 3629 2819 3669 non
2853 3614 3079 3679 malum,
3111 3611 3204 3667 sed
3252 3610 3443 3664 bonum
3475 3595 3681 3690 exempluéi
3708 3644 3709 3655 χ

2218 3688 2569 3782 relinquatis;
2602 3708 2863 3779 quoniam
2894 3705 3092 3775 injuria
3126 3703 3483 3773 episc0porum
3514 3692 3563 3747 ad
3586 3688 3683 3742 Chr?

2219 3813 2362 3861 stum
2396 3803 2647 3874 pertinet,
2685 3801 2842 3871 cujus
2888 3800 3006 3853 vice
3051 3797 3368 3867 funguntur.
3408 3782 3684 3841 “Audivistin

2217 3898 2362 3953 enim
2391 3895 2657 3966 quosdam
2693 3910 2721 3946 a
2746 3893 2899 3947 vobis
2927 3890 3223 3945 infamatus
3250 3890 3313 3955 et!
3334 3885 3598 3941 dilaceratus
3617 3888 3682 3966 err

2218 4004 2435 4060 SCOPOS.
2467 4004 2531 4042 ac
2575 4003 2605 4041 e
2645 3987 2957 4042 civitatibus
2990 3981 3229 4052 propriis
3273 3979 3463 4050 pulsos,
3491 3970 3583 4042 quia
3605 3963 3679 4060 aliis

2219 4058 2461 4151 episcopi
2494 4077 2755 4133 constitui
2788 4092 2895 4130 non
2944 4082 3198 4144 possunt,
3244 4072 3346 4126 nisi
3387 4071 3434 4124 in
3472 4058 3683 4121 civitatile

2219 4188 2326 4227 non
2356 4172 2632 4237 minimis;
2668 4179 2721 4225 et
2751 4168 2889 4223 alios
2919 4167 2973 4220 in
3008 4166 3109 4229 eis,
3145 4165 3279 4234 ipsis
3312 4159 3580 4217 viventibus.
3602 4164 3682 4203 ςῡθ·

2220 4264 2458 4319 stitutos.
2492 4264 2617 4319 Ideo
2659 4264 2771 4317 haec
2803 4261 2955 4315 vobis
2989 4258 3304 4320 scribimus,
3357 4264 3410 4309 ut
3443 4248 3583 4307 sciatis
3621 4242 3683 4293 δεῖ

2221 4355 2335 4409 ﬁeri
2367 4370 2471 4410 non
2506 4355 2693 4417 licere,
2738 4353 2829 4407 sed
2861 4350 3116 4421 proprios
3150 4346 3408 4409 revocari,
3446 4353 3492 4397 et
3530 4341 3682 4403 intch'

2222 4448 2359 4501 rime
2386 4446 2598 4501 restitui
2628 4444 2843 4499 debere.
2896 4441 3022 4495 lllos
3064 4456 3195 4494 vero
3233 4438 3323 4509 qui
3364 4430 3597 4491 adulterina
3621 4422 3682 4473 ltr-

531 4528 682 4582 Velul
716 4546 873 4597 υἱον,
909 4547 1031 4601 (Illi8
1065 4533 1167 4587 θυι)
1218 4548 1385 4589 manu
1417 4543 1499 4589 εει
1531 4534 1654 4600 Viti,
1705 4534 1926 4589 Obedil‘e
1959 4535 2116 4590 debet
2154 4522 2193 4576 ί)
2219 4540 2386 4594 ditate
2417 4553 2648 4608 sponsas
2681 4551 2831 4597 suas,
2857 4542 3070 4605 quaS'et
3104 4546 3307 4587 uxores
3335 4541 3517 4586 comm,
3543 4514 3681 4589 pref!“

534 4619 653 4674 viro
677 4636 802 4685 suo,
827 4637 1064 4693 eumque
1086 4624 1311 4696 diligere
1334 4635 1389 4680 et
1411 4640 1617 4693 amare,
1643 4626 1717 4680 ita
1745 4626 1927 4695 potius
1949 4626 2113 4697 etiam

536 4708 779 4766 Ecclesia
812 4715 1069 4785 episcopo
1105 4731 1206 4770 suo
1241 4717 1295 4770 in
1329 4718 1587 4772 omnibus
1614 4718 1856 4783 obedire,
1883 4733 2117 4787 eumque

535 4801 759 4872 diligere
786 4812 841 4857 et
868 4821 1053 4861 amare
1085 4819 1143 4861 ut
1175 4809 1413 4863 animam
1442 4825 1597 4863 suam
1620 4810 1799 4875 debet,
1823 4811 1950 4879 quia
1986 4810 2115 4864 illud

538 4892 598 4946 ﬁt
629 4896 938 4961 carnaliter,
975 4899 1120 4954 istud
1154 4902 1527 4970 spiritualiter.
1556 4902 1600 4933 ⁵ο
1633 4901 1699 4956 Ει
1730 4904 1875 4957 sicut
1902 4903 1985 4956 vir
2009 4918 2116 4958 non

536 4984 695 5041 debet
733 4988 1040 5043 adulterare
1074 5007 1298 5045 uxorem
1333 5009 1487 5047 suam
1509 5035 1525 5059 ,
1568 4993 1641 5048 ita
1694 5010 1794 5049 nec
1826 4996 2116 5063 episcopus

537 5076 839 5135 Eeclesiam
872 5097 1064 5149 suam;
1096 5084 1148 5138 id
1178 5093 1261 5139 est
1292 5096 1348 5139 ut
1380 5086 1527 5139 illam
1562 5085 1819 5153 dimittat,
1854 5087 1921 5141 ad
1952 5103 2116 5157 quam

539 5182 787 5228 sacratus
808 5182 893 5229 est
920 5175 1128 5246 absque
1162 5177 1460 5231 inevitabili
1488 5178 1829 5243 necessitate,
1857 5189 1949 5234 aut
1988 5195 2118 5249 apo—

538 5264 730 5319 stolica
758 5266 844 5320 vel
873 5267 1103 5338 regulari
1141 5270 1465 5333 mutatione,
1502 5277 1555 5323 et
1594 5269 1748 5323 alteri
1792 5285 1851 5324 se
1877 5272 2116 5327 ambitus

2219 4640 2427 4695 tenore,
2451 4645 2572 4685 esse
2596 4628 2968 4699 intelligimus,
3007 4634 3224 4689 tenent;
3264 4622 3381 4692 ejici
3422 4628 3473 4673 ut
3504 4609 3679 4668 adulleri!5

2220 4732 2384 4792 atque
2417 4721 2648 4776 infames
2684 4721 2831 4786 tieri,
2866 4734 3072 4789 eosque
3106 4717 3177 4771 ab
3208 4707 3555 4770 ecclesiasticis

2220 4815 2371 4869 ribus
2404 4814 2579 4869 arceri
2607 4814 2884 4883 jubemus.
2934 4810 2991 4865 Si
3030 4820 3211 4865 autem
3248 4808 3489 4862 adversus
3619 4786 3681 4839 al"

2220 4920 2383 4975 quam
2419 4906 2694 4974 querelam
2730 4904 3031 4959 habueritis
3054 4944 3069 4968 ,
3106 4902 3196 4955 his
3229 4897 3468 4969 peractis,
3499 4883 3679 4971 inquiren-

2220 4997 2348 5050 dum
2384 4998 2509 5060 erit,
2544 5005 2598 5050 et
2629 4995 2952 5050 auctoritate
2988 4993 3152 5062 hujus
3186 4999 3383 5045 sanctae
3425 4982 3541 5041 sedis
3564 4984 3675 5029 lemll‘

2220 5090 2461 5143 nandum
2497 5091 2559 5141 δ’.
2600 5087 2665 5142 Ει
2698 5103 2763 5143 ne
2795 5088 2980 5142 omnia
3015 5101 3163 5139 nunc
3189 5079 3480 5154 singulatim
3505 5073 3675 5125 dicamus.

2221 5198 2383 5237 omne
2411 5183 2638 5245 bonum.
2676 5181 2721 5235 si
2758 5182 2874 5251 ipsa
2908 5195 3004 5250 per
3036 5194 3097 5235 se
3131 5178 3185 5232 in
3221 5176 3370 5231 vobis
3401 5167 3545 5226 fuerit,
3563 5162 3673 5252 επιξυ-

2223 5283 2307 5327 tas
2341 5272 2521 5328 facere
2553 5272 2796 5337 docebit,
2834 5272 2975 5326 sicut
3020 5279 3077 5325 et
3121 5284 3152 5324 e
3196 5263 3453 5323 contrario
3478 5253 3671 5316 cestu"

645 5417 689 5495 ξ’
722 5420 884 5495 gloss.
916 5419 1137 5495 fueru_n_t
1162 5423 1542 5495 anpogChristi
1572 5422 1660 5495 96,
1687 5439 1797 5492 quo
1832 5425 2071 5478 nondum
2102 5425 2310 5480 obicrat
2341 5426 2398 5481 S.
2434 5427 2706 5482 Clemens.
2786 5428 2830 5458 ³⁵
2861 5426 2918 5480 S.
2945 5424 3075 5480 Leo.
3107 5442 3197 5495 ep.
3233 5425 3317 5495 l8.
3380 5421 3532 5495 f’nAct.
3552 5396 3671 5495 it.

614 5487 877 5578 ‘Clreg.
910 5507 1008 5578 gini,
1057 5492 1182 5578 δῇ-
1226 5494 1269 5525 ³⁹
1396 5494 1585 5578 lambin
1624 5487 1935 5578 pe'ndignit.
1971 5496 2177 5548 sacerd.
2234 5511 2344 5578 IV.“
2386 5499 2431 5578 ξο
2467 5498 2516 5562 7,
2553 5515 2612 5578 _q.
2648 5501 2715 5578 l_:
2742 5497 2906 5578 ’θᾶσαι
2958 5498 3039 5577 υρν
3081 5487 3205 5578 non.

1084 5562 1128 5593 ⁸³
1153 5563 1204 5629 7,
1233 5580 1288 5637 q.
1323 5566 1386 5637 l7:
1412 5563 1559 5637 Sicut
1586 5566 1687 5637 uir,
1713 5564 1746 5637 ᾗ
1781 5562 2096 5637 EpiscOpum
2133 5582 2272 5621 vero.
2303 5567 2367 5623 Et
2391 5569 2443 5622 in
2480 5562 2642 5637 epist.
2675 5569 2697 5621 1
2737 5568 3031 5622 Clementis
3056 5564 3421 5637 ad_1acobum.

541 5559 586 5589 ¹⁵²
614 5558 804 5613 Matth.
835 5558 886 5625 v,
913 5561 1005 5616 28.

546 5631 771 5690 “1,19.
852 5630 895 5663 ’⁵⁸
921 5632 1053 5685 Luc.
1084 5652 1137 5692 χ,
1184 5630 1265 5689 lli;

1346 5636 1390 5665 ⁸⁸
1419 5634 1544 5703 3,q.
1579 5636 1649 5689 ἒς
1687 5634 1999 5708 Audiuimus
2027 5636 2320 5704 quosdam;
2354 5650 2406 5693 et
2442 5641 2494 5692 in
2514 5634 2607 5708 ep.
2638 5639 2661 5691 1
2690 5637 2986 5692 Clementis
3009 5640 3078 5690 ad
3115 5635 3386 5708 locabunt.

3310 5471 3344 5526 λι
3380 5490 3396 5544 1
3420 5488 3520 5541 Cof,
3538 5491 3600 5535 ΠΙ,

3504 5556 3536 5583 ιι
3552 5540 3667 5598 “gilii.

3451 5628 3483 5656 ti
3507 5619 3668 5675 manens

547 5701 790 5777 (πήξει).
831 5717 898 5755 ex
933 5702 1126 5757 Bullini
1167 5680 1637 5774 interpreta’ti‘one,
1670 5706 1762 5777 qui
1796 5716 1916 5776 post
1967 5680 3139 5766 trecentosﬂauditisne?Eva‘risl-i'elecli'one'
3486 5680 3663 5747 fall-5"

551 5776 592 5822 t.
628 5766 668 5824 Ι.
703 5769 859 5825 Eutr.
