3802 6210
56 271 185 326 1053

1489 278 1872 339 ΕΡῙΞΤΟΙΛΕ.

3196 298 3332 355 ιοδι

52 389 220 445 salute
249 386 426 459 alieni
462 397 608 456 sunt,
642 404 803 445 omne
834 392 1037 449 malum
1074 394 1275 465 facere,
1310 398 1495 455 odium
1529 405 1631 457 do—
1664 407 1710 461 A
1737 400 2019 456 cebantur.
2067 401 2197 456 Inde
2239 402 2353 473 ipse
2402 404 2519 471 ait;
2556 424 2576 456 ι
2610 403 2967 474 Descendam,
3015 419 3070 465 et
3113 412 3325 484 videbo,

52 490 148 535 cet.
184 478 347 535 Unde
381 489 439 535 et
472 498 588 549 vos,
622 485 713 551 qui
745 485 857 539 veri
892 485 987 542 Dei
1019 488 1153 544 estis
1187 491 1462 561 discipuli,
1497 494 1635 565 abji-

50 574 147 627 cite
193 588 225 627 a
274 573 544 628 cordibus
581 576 774 629 vestris
829 588 953 631 ante
1004 581 1186 634 omnia
1239 582 1542 639 discordias
1584 594 1638 640 et

50 664 360 717 animorum
397 664 788 731 dissensiones,
843 684 909 723 ex
957 672 1160 740 quibus
1215 688 1378 728 omne
1429 677 1634 731 malum

48 770 180 823 opus
233 757 510 824 procedit,
566 767 619 813 et
670 759 1054 830 benignitatem
1112 780 1177 819 ac
1230 765 1633 836 simplicitatem

50 860 155 903 tota
188 860 380 906 mente
413 861 648 907 servate.
684 852 731 884 ⁸⁸
766 854 1152 913 Verumtamen
1202 860 1397 916 scitote
1432 864 1632 928 cuncti,

48 941 187 1010 quod
243 956 415 1011 supra
471 938 661 999 Omnes
715 960 812 1001 vos
867 947 1077 1003 laboret
1127 950 1455 1020 episcopus;
1506 954 1636 1023 quia

48 1032 435 1103 unusquisque
463 1044 704 1090 vestrum
732 1053 891 1092 suum
927 1042 1205 1110 proprium
1236 1042 1341 1097 fert
1367 1044 1632 1112 laborem,

44 1122 127 1177 ille
159 1139 294 1199 vero
327 1132 383 1179 et
418 1140 604 1191 suum,
634 1136 689 1182 et
721 1129 1086 1200 singulorum.
1113 1131 1181 1186 Et
1214 1133 1336 1187 ideo
1372 1136 1513 1190 sicut
1546 1137 1635 1192 ille

44 1230 134 1285 pro
166 1217 330 1272 vobis
364 1219 660 1284 omnibus,
714 1221 787 1276 ita
828 1232 882 1277 et
914 1238 1013 1279 vos
1060 1239 1251 1279 omnes
1286 1232 1635 1297 Summopere

43 1306 291 1363 laborare
325 1324 428 1379 pro
457 1326 525 1365 eo
554 1310 786 1378 debetis,
822 1312 875 1366 in
901 1323 1132 1381 tantum,
1164 1326 1241 1384 ut,
1269 1317 1315 1372 si
1346 1318 1510 1373 etiam
1540 1335 1635 1374 ne-

43 1414 187 1454 cesse
221 1399 434 1468 fuerit,
472 1402 686 1457 animas
722 1414 935 1460 vestras
967 1421 1068 1475 pro
1102 1422 1167 1461 eo
1201 1409 1449 1477 ponatis,
1492 1410 1635 1465 sicut

42 1498 89 1544 et
120 1490 237 1559 ipse
266 1494 517 1547 animam
554 1510 708 1548 suam
735 1511 834 1564 pro
867 1497 1045 1563 vobis,
1081 1498 1128 1552 si
1180 1515 1404 1555 necesse
1444 1500 1628 1568 fuerit,

42 1597 237 1651 ponere
270 1584 459 1652 debet,
489 1584 612 1655 ipso
645 1586 860 1642 dicente
897 1586 1183 1646 Salvatore
1219 1610 1232 1647 :
1264 1611 1281 1643 ι
1323 1591 1507 1647 Bonus
1536 1608 1633 1663 pa-

41 1682 148 1727 stor
179 1675 433 1731 animam
465 1692 621 1732 suam
655 1680 748 1733 dat
775 1695 874 1750 pro
903 1682 1098 1738 ovibus
1129 1684 1246 1739 suis
1268 1685 1334 1738 ‘9.
1362 1684 1471 1739 Vos
1503 1700 1631 1740 vero

1737 500 1923 545 utrum
1954 490 2247 546 clamorem
2291 494 2383 562 qui
2438 495 2587 549 venit
2613 496 2678 549 ad
2710 513 2816 561 me,
2832 513 2998 566 opere
3023 504 3329 572 compleve-

1736 580 1848 634 rint
1873 597 1887 646 ;
1917 595 2099 634 annon
2123 582 2325 643 estita,
2348 592 2405 635 ut
2436 584 2607 637 sciam
2637 586 2701 637 ⁵³.
2736 604 2754 634 ›
2784 584 2928 641 Deus
2952 590 3319 658 omnipotens,

1737 672 1826 725 cui
1861 672 1997 725 nihil
2041 672 2423 728 absconditum
2473 685 2579 742 est,
2604 676 2695 730 sed
2734 678 2919 730 omnia
2959 681 3007 733 ei
3036 681 3323 737 manifesta

1737 772 1887 829 sunt,
1919 765 2082 819 etiam
2123 774 2412 835 antequam
2464 767 2618 831 fiant,
2648 782 2755 820 non
2810 768 2879 821 ob
2914 769 3060 822 aliud
3107 771 3222 825 haec
3269 779 3324 825 et

1736 856 1844 911 alia
1866 857 2034 911 multa
2066 856 2207 927 (qua:
2238 857 2346 923 hic,
2370 859 2734 927 prolixitatem
2755 860 3013 925 vitantes,
3041 876 3149 915 non
3173 862 3322 917 inse-

1736 941 1976 1014 ruimus)
2000 958 2096 1012 per
2119 958 2179 997 se
2212 942 2489 1012 inquirere
2519 945 2771 1015 dignatus
2800 956 2917 1013 est,
2943 949 3047 1001 nisi
3075 959 3133 1003 ut
3161 950 3321 1005 nobis

1734 1034 2042 1103 exemplum
2086 1034 2259 1101 daret,
2313 1050 2380 1089 ne
2429 1037 2733 1106 praecipites
2783 1038 2835 1091 in
2884 1040 3239 1097 discutiendis
3265 1054 3321 1097 et

1729 1125 2042 1196 judicandis
2072 1127 2304 1197 negotiis
2326 1141 2594 1193 essemus,
2613 1136 2667 1183 et
2696 1144 2763 1183 ne
2794 1131 2934 1184 mala
2955 1133 3319 1201 quorumdam

1733 1218 1890 1289 prius
1931 1233 2328 1288 przesumamus
2378 1220 2619 1286 credere,
2667 1237 2830 1291 quam
2867 1225 3117 1292 probare.
3149 1225 3321 1295 Cujus

1733 1308 1983 1378 exemplo
2020 1324 2306 1363 monemur
2333 1310 2376 1341 ⁶⁰
2398 1351 2412 1375 ,
2448 1326 2515 1364 ne
2562 1311 2629 1365 ad
2671 1312 3048 1382 proferendam
3096 1325 3318 1370 senten-

1734 1399 1866 1452 tiam
1901 1415 2141 1468 unquam
2171 1400 2473 1470 prmcipites
2512 1402 2705 1469 simus,
2750 1413 2845 1457 aut
2890 1414 3091 1459 temere
3134 1405 3318 1460 indili-

1733 1492 2362 1560 genterqueindiscussa
2396 1509 2625 1563 quaeque
2669 1510 2890 1564 quoquo
2922 1496 3085 1550 modo
3107 1497 3318 1567 judice-

1733 1597 1879 1648 mus,
1896 1582 2107 1637 dicente
2122 1581 2379 1639 Veritatis
2405 1600 2570 1639 voce:
2601 1584 2805 1640 «Nolite
2827 1587 3094 1656 judicare,
3119 1596 3181 1641 ut
3206 1604 3317 1643 non

1728 1673 2069 1744 judicemini.
2133 1676 2191 1729 In
2248 1692 2358 1747 quo
2430 1678 2576 1731 enim
2650 1678 2857 1747 judicio
2919 1678 3321 1748 judicaveritis,

40 1766 247 1823 obedite
282 1770 390 1835 eis,
428 1779 483 1824 et
509 1770 727 1841 vigilate
779 1787 878 1841 pro
931 1774 1040 1840 eis,
1088 1778 1217 1844 quia
1252 1776 1353 1846 ipsi
1389 1777 1622 1847 pervigi-
1656 1764 1698 1819 B
1722 1766 2105 1837 judicabimini
2155 1768 2198 1798 σί
2225 1786 2244 1819 ›
2278 1807 2293 1832 ,
2326 1776 2380 1822 et
2434 1769 2662 1839 reliqua.
2700 1769 2743 1800 θ’
2764 1768 2901 1822 Nam
2954 1770 3103 1823 mala
3137 1770 3323 1825 audita

40 1854 179 1925 lant,
229 1860 394 1929 quasi
444 1860 710 1915 rationem
748 1876 846 1930 pro
886 1862 1178 1918 animabus
1212 1864 1406 1919 vestris
1445 1863 1626 1919 reddi-

41 1950 159 2011 turi,
202 1957 263 2003 ut
308 1965 441 2005 cum
490 1952 689 2021 gaudio
732 1953 837 2007 hoc
884 1953 1107 2022 faciant,
1148 1964 1203 2011 et
1248 1972 1355 2011 non
1403 1972 1624 2028 gemen-

43 2049 113 2095 tes
127 2037 171 2070 '°
207 2041 308 2093 t.“
350 2042 474 2098 Non
499 2055 582 2100 est
602 2046 785 2112 itaque
809 2062 839 2100 a
868 2048 1022 2117 plebe
1046 2057 1142 2103 aut
1172 2050 1486 2121 vulgaribus
1520 2052 1622 2105 ho-

41 2132 273 2187 minibus
301 2136 622 2202 arguendos
656 2137 736 2191 vel
770 2138 1116 2193 accusandus
1148 2141 1462 2210 episcopus,
1499 2143 1625 2198 licet

42 2222 103 2275 sit
130 2224 521 2298 inordinatus;
563 2230 609 2261 ⁸²
652 2227 782 2296 quia
836 2242 936 2297 pro
991 2229 1201 2283 meritis
1254 2231 1619 2299 subditorum,

40 2312 340 2383 disponitur
388 2331 422 2370 a
457 2317 570 2372 Deo
621 2318 730 2372 vita
782 2327 1093 2386 rectorum,
1146 2323 1397 2391 exemplo
1451 2321 1621 2379 David

38 2406 325 2473 peccantis,
356 2421 425 2461 ac
456 2408 865 2476 comparatione
897 2410 1237 2480 principum,
1273 2412 1369 2482 qui
1402 2428 1468 2467 ex
1506 2429 1622 2469 me-

38 2493 131 2547 rito
164 2496 342 2564 plebis
378 2498 831 2567 przevaricantur.
870 2498 1194 2558 Sacerdotes
1244 2505 1391 2558 enim
1424 2505 1621 2574 exqui-

40 2602 148 2641 rere
173 2589 380 2644 debent
412 2600 638 2660 peccata
672 2594 1017 2661 populorum,
1054 2604 1109 2649 et
1140 2597 1321 2668 sagaci
1357 2597 1623 2653 sollicitu-

40 2680 152 2737 dine
196 2700 657 2754 unumquemque
710 2686 984 2755 probare,
1029 2689 1185 2759 juxta
1241 2693 1618 2748 testimonium

40 2774 238 2833 Domini
285 2781 356 2835 ad
406 2779 701 2837 Jeremiam
763 2784 1080 2854 loquentis:
1116 2803 1135 2837 ι
1169 2783 1551 2853 Rrobatorem,
1594 2806 1615 2839 ι

41 2867 220 2939 inquit,
263 2892 282 2924 ι
324 2874 453 2927 dedi
490 2884 541 2929 te
571 2877 771 2946 pepulo
823 2893 947 2933 meo
998 2878 1309 2944 robustum,
1359 2889 1415 2934 et
1457 2880 1618 2948 scies,

40 2967 87 3013 et
128 2964 388 3031 probabis
424 2965 569 3019 viam
621 2983 810 3022 eorum
843 2969 911 3022 ⁸³.
945 2988 963 3021 ι
1021 2967 1148 3023 ideo
1181 2969 1284 3023 ista
1312 2969 1456 3037 dico,
1491 2971 1620 3041 quia

40 3054 308 3113 insidiator
341 3060 490 3114 bona
524 3061 828 3129 smpissime
873 3063 1015 3117 solet
1057 3073 1376 3119 convertere
1409 3067 1463 3119 in
1496 3081 1618 3120 ma-

42 3146 159 3214 lum,
192 3160 245 3205 et
285 3153 339 3205 in
379 3153 572 3207 electis
624 3155 777 3221 ponit
829 3154 1101 3208 maculam
1132 3155 1200 3208 ⁸⁸⁸.
1235 3154 1387 3211 Unde
1433 3158 1479 3211 si
1523 3158 1614 3227 qui

42 3251 153 3295 sunt
194 3245 606 3314 vituperatores
657 3256 753 3300 aut
803 3258 1154 3302 accusatores
1207 3244 1614 3318 episcoporum,

41 3331 113 3384 vel
140 3333 481 3404 reliquorum
520 3336 885 3402 sacerdotum,
916 3352 1025 3390 non
1055 3347 1267 3408 oportet
1291 3354 1387 3394 eos
1420 3355 1449 3393 a
1469 3339 1617 3409 judi-

40 3422 176 3480 cibus
204 3425 471 3481 Ecclesia:
510 3427 711 3494 audiri,
744 3440 1038 3501 antequam
1070 3446 1260 3486 eorum
1289 3432 1617 3487 discutiatur

41 3518 405 3573 aestimationis
455 3520 698 3588 suspicio
735 3523 817 3577 vel
869 3524 1079 3593 opinio,
1131 3539 1235 3593 qua
1288 3524 1611 3589 intentione,

40 3623 130 3675 qua
152 3610 268 3676 ﬁde,
293 3626 407 3680 qua
431 3611 757 3677 temeritate,
792 3629 901 3682 qua
936 3614 1068 3678 vita,
1103 3630 1210 3684 qua
1254 3615 1611 3681 conscientia,

41 3715 195 3769 quove
221 3701 446 3762 merito,
481 3702 528 3756 si
566 3718 664 3771 pro
707 3702 838 3770 Deo,
868 3714 963 3759 aut
992 3720 1091 3774 pro
1119 3721 1258 3759 vana
1291 3705 1484 3773 gloria,
1520 3716 1615 3761 aut

40 3790 343 3875 inimicitia,
387 3796 475 3849 vel
529 3795 676 3862 odio,
712 3808 805 3852 aut
851 3797 1170 3867 cupiditate,
1212 3797 1315 3852 ista
1350 3812 1616 3867 praesum-

42 3889 245 3954 pserint,
279 3904 482 3945 necne.

98 3978 214 4037 Haec
239 3983 431 4037 omnia
456 3980 686 4036 ﬁdeliter
714 3992 837 4037 sunt
868 3982 1285 4053 perscrutanda,
1314 3991 1368 4038 et
1386 3982 1616 4053 diligen-

42 4077 109 4123 ter
131 4073 515 4141 pertractanda
552 4073 621 4125 ⁸⁸.
654 4070 787 4126 Nam
820 4082 949 4127 sunt
986 4074 1238 4129 nonnulli
1276 4075 1369 4145 qui
1403 4090 1616 4144 przepo-

42 4164 158 4219 sitos
212 4180 346 4220 suos
403 4180 661 4234 perverse
724 4165 1151 4234 reprehendunt,
1201 4166 1247 4221 si
1295 4167 1380 4220 vel
1420 4182 1613 4235 parum

41 4248 152 4316 ipsis
173 4253 392 4307 molesti
422 4253 752 4307 exstiterint.
788 4253 992 4307 Idcirco
1020 4267 1171 4310 recto
1218 4257 1379 4312 oculo
1411 4256 1615 4325 prima-

42 4350 106 4396 tes
150 4343 525 4399 Ecclesiarum
576 4345 778 4400 utiliter
824 4346 1173 4415 praevideant,
1226 4365 1295 4404 ne
1320 4350 1611 4418 quisquam

1726 1860 1936 1915 nullum
1999 1868 2283 1924 moveant,
2332 1875 2433 1914 nec
2494 1862 2699 1929 passim
2751 1861 2895 1915 dicta
2947 1860 3156 1930 absque
3198 1876 3319 1916 cer-

1727 1959 1780 2005 ta
1837 1951 2176 2021 probatione,
2224 1952 2518 2022 quisquam
2568 1969 2810 2022 unquam
2856 1953 3175 2017 credat,sed
3223 1969 3323 2007 an-

1727 2052 1778 2097 te
1803 2044 1987 2097 audita
2017 2042 2303 2111 diligenter
2337 2045 2601 2112 inquirat,
2649 2058 2717 2097 ne
2746 2043 3137 2112 praecipitando
3165 2044 3324 2113 quid-

1725 2150 1890 2203 quam
1957 2133 2157 2203 aliquis
2191 2140 2336 2204 agat.
2391 2131 2449 2185 Si
2490 2133 2634 2186 enim
2686 2130 2949 2186 Dominus
3003 2133 3249 2187 omnium
3274 2132 3321 2164 ⁸⁸

1729 2224 2093 2280 Sodomorum
2130 2226 2292 2292 mala,
2316 2239 2548 2295 quorum
2593 2224 2799 2278 clamor
2825 2224 2892 2277 ad
2915 2225 3113 2278 caalum
3145 2238 3321 2293 usque

1725 2326 2068 2387 pervenerat,
2111 2316 2295 2371 omnia
2350 2316 2562 2381 sciens,
2592 2315 2746 2384 prius
2793 2330 2894 2369 nec
2945 2313 3167 2367 credere
3218 2328 3322 2367 nec

1720 2409 1969 2478 judicare
1996 2410 2189 2476 voluit,
2211 2425 2374 2479 quam
2404 2408 2522 2478 ipse
2549 2423 2614 2462 ea
2641 2422 2769 2462 cum
2794 2406 3049 2462 ﬁdelibus
3084 2406 3319 2462 testibus

1724 2502 2011 2573 diligenter
2038 2503 2374 2572 investigans
2402 2500 2469 2564 “,
2503 2514 2625 2570 qua:
2655 2500 2923 2564 audierat,
2958 2513 3125 2568 Opere
3155 2500 3199 2529 ⁸⁸
3227 2512 3323 2551 ve-
3402 2496 3406 2501 ’

1725 2594 1924 2649 raciter
1953 2602 2307 2666 cognosceret
2361 2594 2581 2648 :multo
2606 2592 2783 2663 magis
2840 2606 2942 2646 nos
2992 2590 3217 2645 humani
3265 2597 3323 2643 et

1724 2696 2040 2755 peccatores
2072 2686 2323 2741 homines
2369 2686 2570 2756 quibus
2617 2683 2895 2753 incognita
2948 2691 3076 2736 sunt
3103 2681 3319 2737 occulta

1720 2776 1931 2846 judicia
1962 2776 2079 2844 Dei,
2121 2778 2236 2832 haec
2267 2791 2591 2847 praecavere,
2644 2784 2699 2829 et
2737 2774 2948 2829 nullum
2978 2782 3105 2827 ante
3130 2788 3318 2828 veram

1720 2869 2039 2940 justamque
2066 2871 2441 2939 probationem
2466 2869 2716 2939 judicare
2746 2876 2841 2922 aut
2870 2868 3133 2922 damnare
3154 2866 3319 2921 debe-

1724 2977 1850 3016 mus
1874 2963 1941 3027 6°,
1993 2960 2278 3015 manifeste
2309 2961 2555 3031 apostolo
2584 2960 2801 3014 dicente
2830 2958 3022 3022 Paulo,
3045 2958 3140 3027 qui
3190 2958 3267 3010 ait
3298 2973 3313 3009 :

1732 3073 1750 3106 ι
1777 3052 1857 3107 Tu
1871 3054 1995 3123 quis
2008 3069 2087 3119 es,
2109 3053 2200 3122 qui
2227 3052 2443 3122 judicas
2471 3067 2688 3105 servum
2720 3050 2999 3105 alienum?
3027 3048 3138 3103 Suo
3170 3048 3319 3102 enim

1720 3147 1942 3202 domino
1965 3153 2091 3211 stat,
2148 3154 2242 3199 aut
2293 3144 2438 3199 cadit
2465 3141 2736 3199 ‘7.iUiide
2766 3152 2819 3197 et
2862 3158 2955 3212 per
2990 3141 3312 3211 prophetam

1725 3239 1891 3293 David
1919 3237 2183 3291 Dominus
2206 3237 2478 3306 loquitur,
2503 3236 2690 3290 dicens
2723 3254 2735 3289 :
2770 3253 2788 3286 ι
2825 3233 3002 3288 Nolite
3049 3232 3314 3286 extollere

1724 3332 1778 3384 in
1809 3331 2088 3384 excelsum
2136 3344 2305 3383 cornu
2356 3335 2601 3384 vestrum
2634 3369 2648 3393 ,
2681 3328 2966 3396 loquentes
3014 3326 3070 3378 in
3106 3325 3320 3379 cervice

1718 3423 1918 3489 veteri;
1974 3422 2102 3492 quia
2162 3435 2339 3490 neque
2393 3420 2462 3474 ab
2513 3419 2743 3485 oriente,
2778 3433 2955 3487 neque
3002 3416 3315 3479 occidente,

1721 3530 1894 3583 neque
1921 3528 1951 3566 a
1982 3512 2278 3568 solitudine
2300 3511 2591 3577 montium,
2626 3511 2719 3564 sed
2771 3509 2913 3562 Deus
2953 3508 3122 3577 judex
3170 3506 3319 3559 hunc

1720 3603 2050 3669 humiliabit,
2070 3611 2123 3657 et
2143 3602 2290 3655 hunc
2318 3602 2600 3666 exaltabit,
2631 3600 2760 3670 quia
2784 3600 2925 3654 calix
2952 3601 3002 3652 in
3025 3614 3189 3651 manu
3214 3594 3320 3649 Do-

1721 3696 1853 3749 mini
1879 3703 1983 3762 est,
1999 3696 2125 3748 vino
2144 3709 2360 3749 meraco
2390 3694 2458 3747 ad
2482 3694 2704 3762 plenum
2726 3693 2949 3754 mixtus,
2976 3699 3030 3744 et
3054 3688 3315 3759 propina-

1717 3790 1797 3843 bit
1818 3805 1883 3843 ex
1915 3803 2001 3843 eo.
2037 3786 2424 3841 Verumtamen
2473 3786 2634 3841 faeces
2663 3787 2784 3856 ejus
2819 3785 3085 3855 putabunt
3123 3782 3318 3835 biben-

1719 3890 1800 3937 tes
1826 3896 2018 3936 omnes
2057 3881 2207 3950 impii
2256 3890 2436 3935 terrae.
2496 3878 2609 3949 Ego
2653 3891 2834 3933 autem
2880 3873 3216 3930 aununtiabo
3262 3872 3319 3925 in

1718 3972 2113 4041 sempiternum
2136 4012 2151 4038 ,
2188 3970 2421 4041 psallam
2456 3970 2565 4024 Deo
2593 3968 2760 4023 Jacob
2790 3968 2854 4021 ⁸⁸.
2889 3986 2905 4018 ι
2928 3966 2995 4021 Ει
3017 3964 3145 4019 alibi
3175 3961 3318 4015 idem

1719 4066 1796 4121 ait
1825 4067 2090 4136 propheta
2123 4082 2136 4117 :
2188 4085 2207 4118 ι
2264 4068 2346 4122 Ab
2397 4065 2771 4135 increpatione
2802 4072 2914 4127 tua,
2944 4061 3088 4115 Deus
3125 4057 3316 4118 Iacob,

1719 4160 2046 4229 consopitus
2078 4168 2163 4215 est
2186 4169 2239 4215 et
2261 4176 2459 4215 currus
2484 4168 2538 4214 et
2576 4174 2771 4228 equus.
2802 4155 2879 4209 Tu
2930 4152 3188 4209 terribilis
3232 4167 3317 4215 es,

1716 4253 1907 4322 etquis
1928 4255 2096 4308 stabit
2132 4254 2421 4309 adversum
2448 4253 2544 4307 te?
2574 4250 2652 4305 Ex
2676 4257 2807 4304 tunc
2850 4248 2931 4301 ira
2958 4256 3072 4300 tua.
3106 4245 3182 4298 De
3204 4260 3322 4299 cm.-

1719 4343 1772 4399 lo
1811 4345 2166 4399 annumiabis
2188 4345 2480 4414 judicium,
2512 4352 2657 4397 terra
2694 4343 2895 4394 timens
2937 4337 3159 4400 tacebit,
3191 4350 3322 4387 cum

40 4447 208 4490 eorum
262 4437 533 4491 innocens
558 4447 784 4492 vexetur
829 4448 923 4493 aut
973 4440 1398 4504 scandalizetur,
1434 4441 1613 4495 inten-
1645 4458 1691 4511 ι)
1721 4436 2024 4490 surrexerit
2043 4435 2484 4503 adjudicaudum
2500 4432 2645 4486 Deus
2664 4442 2720 4483 ut
2745 4427 3101 4484 salvosfaciat
3126 4440 3322 4479 omnes

40 4525 205 4583 dentes
238 4529 533 4583 sententiae
561 4527 799 4597 Domini,
855 4546 962 4601 qua
992 4531 1105 4584 ait:
1146 4551 1163 4582 ‹
1196 4531 1254 4585 Si
1302 4532 1427 4602 quis
1459 4548 1621 4587 scan-

38 4618 337 4675 dalizavcrit
373 4636 547 4674 unum
571 4621 637 4675 de
667 4621 880 4690 pusillis
904 4623 1023 4677 istis
1053 4663 1068 4687 ,
1106 4624 1304 4678 melius
1334 4632 1418 4678 est
1455 4624 1531 4678 illi
1563 4634 1622 4678 ut

39 4714 391 4782 suspendatur
422 4714 567 4767 mola
601 4714 837 4768 asinaria
877 4714 929 4768 in
970 4716 1111 4771 collo
1142 4716 1283 4784 ejus,
1304 4724 1358 4768 et
1404 4716 1620 4770 demer-

38 4816 174 4873 gatur
198 4809 255 4861 in
306 4806 645 4878 profundum
694 4809 932 4874 maris",
968 4827 985 4859 ›
1023 4818 1128 4864 etc.
1160 4809 1204 4840 ⁵⁷
1249 4808 1393 4863 Deus
1439 4818 1622 4864 autem

38 4900 400 4969 omnipotens,
451 4908 513 4952 ut
536 4914 635 4954 nos
664 4914 691 4952 a
724 4901 1074 4969 przecipitatae
1119 4901 1398 4955 sentcntiae
1440 4903 1619 4971 prola-

39 4990 165 5047 tione
208 5001 584 5062 compesceret
622 4994 767 5061 (cum
802 4994 988 5047 omnia
1027 4994 1171 5047 nuda
1215 5003 1268 5047 et
1295 5003 1479 5063 aperta
1510 4996 1621 5065 sjnt

39 5085 192 5139 oculis
231 5084 419 5154 ejus),
480 5084 620 5137 mala
670 5093 851 5138 tamen
880 5083 1135 5138 Sodomae
1166 5084 1339 5137 noluit
1366 5085 1550 5139 audita
1575 5087 1619 5118 ⁸³

36 5175 288 5243 judicare,
346 5176 672 5247 priusquam
698 5176 987 5232 manifeste
1016 5186 1339 5245 agnosceret
1384 5193 1507 5245 qua:
1532 5178 1621 5232 div

148 5288 194 5319 δθ
223 5286 395 5341 Idem.
432 5283 567 5341 Vide
601 5286 731 5340 ibid.
825 5288 868 5319 ⁸³
894 5287 1054 5343 Joan.
1100 5304 1166 5352 ς,
1217 5290 1304 5343 Η.

40 5352 115 5424 lib.
144 5374 217 5411 iV.
299 5358 346 5388 ⁵’
380 5355 512 5410 Isid.
574 5368 809 5411 scntent.
840 5359 909 5412 59
940 5369 993 5412 et
1021 5360 1112 5413 46.
1191 5361 1237 5391 ⁵³
1261 5360 1371 5414 Jer.
1409 5376 1483 5424 vt,
1508 5360 1599 5415 ‘27.

39 5423 72 5498 ξ’
97 5428 146 5492 2,
178 5435 377 5497 quzest.
410 5425 485 5498 7:7
526 5426 660 5498 Sunt
710 5428 953 5482 nonnulli
989 5431 1101 5498 qui.

1726 4526 1887 4579 mites
1920 4533 2078 4579 terra:
2105 4524 2171 4577 “9.
2208 4544 2227 4576 ι
2266 4523 2329 4577 Et
2350 4521 2648 4593 Apostolus
2688 4519 2801 4572 ait:
2835 4536 2851 4568 ι
2875 4515 3004 4568 Mihi
3060 4513 3319 4578 vindicta,

1727 4634 1828 4689 ego
1858 4618 2159 4672 retribuam
2192 4617 2258 4669 το.
2300 4636 2319 4667 ι
2354 4614 2421 4667 Ει
2452 4612 2581 4666 alibi
2608 4612 2793 4680 inquit
2824 4607 2963 4663 idem
2995 4604 3275 4677 apostolus
3303 4619 3316 4654 :

1736 4733 1753 4763 ι
1792 4710 2001 4765 Sufﬁcit
2041 4709 2341 4777 unicuique
2384 4704 2715 4775 ohjurgatio,
2747 4718 2869 4771 quae
2905 4700 3017 4753 ﬁta
3049 4696 3319 4768 pluribus,

1730 4806 1803 4859 ita
1837 4813 1897 4856 ut
1926 4802 2101 4871 magis
2133 4800 2366 4863 donetis,
2393 4807 2448 4852 et
2496 4794 2879 4861 consolemini,
2914 4808 2983 4847 ne
3032 4789 3169 4845 forte
3222 4788 3321 4841 ab-

1732 4896 2048 4952 undantiori
2079 4895 2300 4950 tristitia
2343 4891 2703 4948 absorbeatur
2742 4889 2788 4943 is
2819 4889 2913 4958 qui
2958 4887 3012 4939 in
3069 4881 3323 4949 angustia

1725 5000 1828 5047 est.
1856 4988 2084 5057 Propter
2115 4988 2261 5058 quod
2298 4988 2528 5041 obsecro
2549 5000 2670 5050 vos,
2698 4990 2756 5036 ut
2786 4978 3121 5035 conﬁrmetis
3152 4975 3206 5027 in
3229 4974 3323 5027 illo

1727 5087 2049 5140 charitatcm
2085 5086 2153 5137 ⁷¹.
2188 5104 2206 5135 ι
2242 5083 2309 5138 Ει
2332 5082 2600 5138 Dominus
2628 5081 2680 5134 in
2706 5076 3000 5146 Evangelio
3033 5075 3107 5128 ait
3138 5091 3152 5124 :
3182 5088 3202 5119 ι
3232 5068 3323 5121 Di-

1727 5179 1862 5249 liges
1891 5178 2181 5232 Dominum
2214 5175 2387 5231 Deum
2416 5188 2571 5231 tuum
2602 5190 2667 5228 ex
2697 5181 2811 5225 toto
2844 5168 3007 5224 corde
3038 5175 3150 5228 tuo,
3174 5174 3226 5216 et
3250 5177 3319 5217 ex

1407 5290 1453 5320 ⁵⁰
1484 5288 1619 5345 Heb.
1672 5309 1795 5358 xm,
1843 5294 1929 5347 l7.
2006 5293 2130 5355 “‘2,
2159 5308 2214 5358 q.
2244 5294 2308 5346 7:
2346 5292 2468 5346 Non
2514 5300 2593 5343 est
2618 5308 2672 5343 a.
2726 5287 2791 5341 Et
2833 5288 2885 5339 in
2937 5283 3303 5358 D_ecr.__lvan.

1680 5363 1725 5435 ’ἦ
1759 5356 1813 5427 2,
1849 5372 2043 5432 quaest.
2080 5362 2143 5414 7:
2271 5365 2360 5433 qui
2389 5372 2535 5417 sunt.
2590 5360 2655 5435 Et
2686 5360 2739 5411 in
2776 5358 2930 5410 Derr.
2972 5356 3204 5435 lvodib,
3244 5374 3317 5412 Iv.

1214 5430 1667 5503 Ιξίίίίιιιιιιιιηχιινιιι,
1699 5433 1750 5487 6.
1803 5425 1954 5498 "7'2,
1981 5430 2241 5503 quaestjl
2266 5425 2293 5487 ε’
2324 5434 2462 5487 Deus
2493 5432 2962 5503 omnipotens._ut,
2990 5438 3043 5481 ct
3077 5426 3137 5503 in.
3162 5425 3317 5503 ρει-γ.

38 5491 145 5574 ire.
170 5491 262 5574 lib.
298 5513 375 5552 iv.
446 5497 494 5574 εξ
530 5497 594 5574 ελ
621 5497 926 5574 ϐιςετλιιιι
966 5491 1164 5574 Horat.
1218 5501 1307 5574 id,
1343 5501 1542 5574 concil.
1592 5491 1852 5574 Aquisgr.
1900 5491 2014 5558 57..
2067 5504 2111 5534 ⁵⁹
2140 5502 2340 5558 Genes.
2394 5491 2690 5574 xvut,_2'l.
2766 5499 2811 5574 δίξ
2835 5496 3063 5574 G_regor.
3100 5495 3318 5574 ἰὺξςιρίῃ.

41 5564 71 5595 ’¹
104 5568 287 5623 Matth.
320 5584 426 5627 vn.
462 5569 515 5631 l,
564 5568 622 5623 2.

39 5650 209 5701 quaest.
263 5639 329 5695 5:
392 5636 625 5691 Nullum
666 5649 807 5693 ante.
905 5636 945 5670 ⁶⁷
986 5639 1146 5694 Rom.
1193 5658 1300 5703 xw,
1339 5642 1391 5695 4.

41 5712 272 5779 trecentis
321 5719 451 5779 post
485 5708 798 5767 Evaristum
836 5711 995 5767 annis
1027 5711 1182 5766 vixit.

42 5775 72 5809 ¹¹
98 5778 134 5831 ll
164 5782 289 5835 Cor.
320 5775 386 5846 ἱι,
418 5780 451 5834 6
484 5780 538 5833 8.

704 5570 749 5602 ⁶²
778 5568 866 5633 50,
905 5580 1098 5637 (ιιιιιξει.
1134 5572 1200 5625 5:
1248 5569 1475 5623 Nullum
1506 5568 1673 5626 ante.‘
1750 5568 1795 5606 ⁸³
1816 5576 2110 5629 hominum.
2205 5573 2250 5606 ⁸⁸
2288 5584 2484 5628 utrum.
2563 5572 2607 5602 ⁸³
2634 5569 3052 5647 complevissent.
3154 5568 3200 5647 ξδ
3230 5568 3320 5649 50,

704 5649 807 5693 nte.
905 5641 959 5714 °7_
986 5639 1146 5714 Rom.
1193 5658 1300 5703 xw,
1339 5642 1407 5714 ιλ
1473 5641 1517 5714 ⁶ᾼ⁸
1554 5636 1699 5693 Psal.
1730 5661 1914 5709 Lxxiv,
1986 5643 2142 5705 6-l0,
2177 5660 2242 5700 ex
2273 5642 2724 5714 interpretatione
2769 5638 2827 5694 S.
2860 5637 3176 5714 Hieronymi
3226 5654 3323 5714 qui

1291 5714 1334 5743 δυ
1378 5710 1523 5767 Psal.
1572 5728 1733 5777 uxr,
1790 5717 1960 5782 7-10,
2017 5715 2206 5771 eodem
2261 5710 2557 5785 interprete
2592 5712 2740 5768 Hier.

2205 5573 2250 5606 ⁸⁸
2288 5584 2484 5628 utrum.

1750 5567 1796 5606 ⁸⁵
1816 5576 2110 5629 hominum.
2205 5573 2250 5606 ⁸⁸
2288 5584 2484 5628 utrum.
2563 5572 2607 5602 ⁸³
2634 5569 3052 5630 complevissent.
3154 5567 3200 5597 ⁶⁶
3230 5568 3320 5630 50,

2563 5572 2607 5602 ⁸³
2634 5569 3052 5637 complevissent.

2823 5713 2867 5743 ⁷ο
2899 5709 3060 5765 llom.
3091 5723 3192 5776 xu,
3231 5710 3319 5766 ll).
