3802 6210
500 293 640 347 1055

1621 283 1946 340 EVARISTI
1980 283 2181 338 PAPE
2220 281 2601 337 EPISTOLIE.

3644 280 3764 334 i056

499 414 609 458 tota
639 404 819 458 anima
850 410 963 465 tua,
994 408 1046 455 et
1068 415 1135 455 ex
1169 400 1423 454 omnibus
1451 399 1659 455 viribus
1701 401 1829 466 tuis,
1855 406 1909 454 et
1953 414 2077 469 pro—
2104 406 2149 461 Α
2176 410 2398 469 pr0pter
2429 398 2809 453 remissionem
2855 396 3271 466 praecedentium
3320 395 3689 455 delictorum.
3722 399 3761 451 in

500 496 707 549 xiinum
738 504 890 549 tuum
916 493 1059 547 sicut
1090 490 1323 559 teipsum
1375 492 1439 543 τ’.
1460 490 1727 545 οῡίιεειὶο
1760 493 1904 546 enim
1951 506 2079 561 pro-

500 584 632 637 ximi
662 585 863 637 malum
912 598 1019 637 non
1052 579 1395 651 operatur".
1416 595 1435 631 ι
1461 580 1685 651 Propter
1702 576 1871 650 quod,
1921 582 2077 649 juxta

495 673 837 741 Apostolum,
876 674 1266 729 inexcusabilis
1295 689 1375 740 es,
1400 688 1433 728 ο
1462 673 1625 727 homo
1650 674 1853 739 omnis,
1875 672 1968 743 qui
1988 672 2079 741 ju—

494 765 663 818 dicas.
704 764 761 816 lu
806 779 917 834 quo
963 766 1108 818 enim
1136 766 1350 835 judicas
1379 766 1632 831 alterum,
1684 766 1915 835 teipsum
1947 778 2079 818 con-

494 850 743 915 demnas,
773 853 961 905 eadem
996 869 1162 923 agens
1205 871 1327 925 qua:
1368 856 1603 925 judicas.
1662 855 1879 911 Seimus
1930 854 2076 908 enim

492 943 1048 1011 quoniamjudicium
1106 944 1195 1001 Dei
1248 956 1331 1003 est
1358 950 1656 1004 secundum
1692 952 1972 1008 veritatem
2022 954 2077 1009 in

491 1048 589 1088 eos
620 1035 712 1104 qui
742 1036 867 1090 talia
902 1045 1088 1106 agunt.
1123 1036 1423 1097 Existimas
1474 1051 1656 1098 autem
1699 1046 1819 1109 hoc,
1852 1060 1885 1098 o
1915 1047 2078 1104 homo

492 1127 693 1191 omnis,
721 1130 812 1196 qui
836 1128 1052 1196 judicas
1076 1145 1171 1185 eos
1204 1132 1297 1201 qui
1345 1132 1471 1187 talia
1510 1145 1697 1204 agunt,
1724 1144 1777 1190 et
1804 1136 1939 1193 facis
1991 1152 2077 1204 ea,

488 1218 619 1287 quia
648 1226 707 1271 tu
740 1219 963 1289 effugies
988 1220 1254 1290 judicium
1288 1225 1416 1279 Dei?
1443 1226 1525 1280 An
1569 1226 1788 1283 divitias
1816 1228 2079 1287 bonitatis

488 1313 608 1379 ejus
630 1322 682 1366 et
710 1315 1006 1382 patientiae,
1033 1326 1084 1370 et
1109 1315 1535 1386 longanimitatis
1560 1322 1901 1377 contemnis?
1921 1324 2077 1394 Igno-

490 1418 601 1467 ras,
630 1406 887 1473 quoniam
922 1407 1225 1478 benignitas
1273 1408 1366 1463 Dei
1395 1412 1460 1465 ad
1496 1413 1865 1481 pcenitentiam
1898 1423 1949 1469 te
1978 1415 2075 1469 ad-

488 1496 671 1550 ducit?
704 1496 1013 1553 Secundum
1040 1511 1218 1555 autem
1243 1501 1499 1558 duritiam
1548 1515 1694 1559 tuam
1738 1516 1791 1559 et
1824 1506 2076 1577 impaeni-

489 1596 608 1642 tens
643 1604 757 1653 cor,
791 1590 1245 1647 thesaurizastibi
1278 1594 1413 1649 iram
1442 1595 1495 1649 in
1528 1595 1616 1650 die
1656 1596 1749 1651 irae
1778 1604 1833 1651 et
1868 1599 2076 1652 revela-

490 1681 806 1751 tionisjusti
832 1683 1024 1752 judicii
1058 1685 1171 1752 Dei,
1200 1687 1291 1756 qui
1331 1688 1517 1742 reddet
1545 1688 1842 1759 unicuique
1873 1704 2073 1745 secun-

489 1772 618 1825 dum
654 1789 817 1843 opera
850 1776 998 1845 ejus;
1030 1777 1117 1831 his
1139 1778 1379 1847 quidem,
1408 1780 1499 1849 qui
1533 1756 1829 1836 secundum
1861 1783 2074 1852 patien-
2106 1756 2147 1812 Β

487 1866 619 1919 tiam
649 1867 774 1922 boni
812 1871 1012 1938 operis,
1044 1872 1270 1941 gloriam
1302 1882 1356 1928 et
1391 1874 1647 1929 honorem
1703 1883 1757 1929 et
1785 1875 2074 1945 incorrup-

486 1955 713 2019 tionem,
742 1962 1111 2025 qumrentibus
1144 1963 1309 2017 vitam
1336 1974 1626 2030 aeternam;
1662 1964 1747 2019 his
1769 1975 1949 2019 autem
1981 1965 2075 2035 qui

487 2060 550 2097 ex
584 2049 953 2116 contentione,
974 2061 1026 2105 et
1060 2053 1155 2121 qui
1185 2070 1293 2108 non
1329 2056 1942 2125 acquiescuutveritati,
1965 2071 2078 2112 cre-

486 2136 619 2191 dunt
651 2149 828 2193 autem
882 2141 1179 2211 iniquitati,
1215 2146 1293 2199 ira
1322 2155 1377 2201 et
1413 2147 1751 2217 indignatio;
1799 2147 2078 2203 tribulatio

485 2240 538 2283 et
573 2234 825 2301 angustia
878 2235 931 2288 in
986 2252 1203 2291 omnem
1258 2239 1496 2293 animam
1533 2240 1771 2296 hominis
1801 2242 2078 2311 operantis

489 2324 718 2389 malum,
750 2324 926 2380 Judzei
975 2330 1211 2397 primum
1244 2341 1299 2385 et
1332 2330 1539 2399 Graeci;
1570 2333 1740 2403 gloria
1796 2343 1977 2387 autem
2027 2342 2081 2388 et

489 2414 666 2469 honor
718 2426 771 2471 et
824 2434 928 2486 pax
984 2422 1130 2474 omni
1157 2424 1403 2491 operanti
1459 2424 1663 2478 bonum
1686 2426 1751 2479 ⁷⁸.
1786 2446 1804 2477 ι
1840 2425 1903 2479 Ει
1950 2426 2081 2481 alibi

487 2508 627 2559 iJem
648 2509 719 2561 ait
745 2510 1036 2578 Apostolus
1061 2532 1072 2566 :
1103 2514 1352 2569 «Causatl
1374 2516 1516 2570 enim
1538 2532 1750 2583 sumus,
1770 2533 1960 2573 omnes
1977 2519 2081 2574 sub

486 2611 710 2668 pecvato
734 2618 873 2669 esse,
898 2606 1040 2659 sicut
1062 2608 1324 2677 scriptum
1346 2619 1462 2665 est:
1485 2608 1622 2676 Quia
1651 2626 1760 2665 non
1783 2618 1867 2666 est
1894 2612 2080 2680 justus

487 2692 915 2761 quisquam,uon
934 2706 1015 2750 est
1034 2697 1475 2770 intelligens,non
1492 2710 1575 2755 est
1589 2701 1872 2771 requirens
1887 2701 2077 2757 Deum.

488 2781 692 2840 Omnes
711 2786 1311 2859 declinaverunt,simul
1331 2794 1547 2848 inutiles
1565 2793 1691 2849 facti
1712 2804 1860 2861 sunt,
1877 2812 1981 2849 non
1998 2805 2082 2851 est

486 2876 579 2944 qui
606 2875 764 2933 faciat
790 2878 1015 2946 bonum,
1057 2899 1165 2937 non
1212 2894 1295 2939 est
1339 2901 1514 2955 usque
1563 2886 1629 2941 ad
1669 2901 1860 2941 unum.
1896 2884 2084 2957 Sepul-

488 2983 643 3025 crum
715 2982 905 3041 patens
932 2985 1015 3030 est
1053 2986 1239 3047 guttur
1276 2993 1490 3044 eorum,
1522 2977 1723 3050 linguis
1752 2980 1869 3035 suis
1892 2979 2081 3036 dolose

491 3062 1015 3131 agebant,venenum
1046 3069 1296 3139 aspidum
1315 3072 1591 3127 sublabiis
1608 3072 2079 3140 eorum.Quorum
2108 3106 2150 3162 ε

488 3166 553 3206 os
586 3157 964 3213 maledictione
997 3166 1049 3214 et
1082 3162 1448 3218 amaritudine
1477 3165 1697 3233 plenum
1721 3174 1838 3229 est,
1864 3165 2079 3221 veloces

487 3246 648 3313 pedes
678 3264 867 3303 eorum
901 3251 967 3304 ad
991 3252 1377 3308 effundendum
1428 3258 1773 3325 sanguinem.
1808 3256 2078 3311 Contritio

487 3346 540 3390 et
562 3336 851 3397 infelicitas
898 3343 953 3397 in
982 3344 1083 3399 viis
1121 3360 1335 3413 eorum,
1365 3354 1418 3400 et
1447 3347 1589 3400 viam
1638 3347 1789 3417 pacis
1821 3363 1930 3402 non
1981 3363 2076 3402 co-

488 3441 811 3498 gnoverunt,
853 3442 905 3490 et
931 3452 1037 3489 non
1071 3448 1153 3491 est
1180 3438 1343 3493 timor
1376 3436 1468 3493 Dei
1492 3448 1618 3493 ante
1647 3441 1835 3494 oculos
1862 3454 2073 3495 eorum.

490 3517 707 3578 Scimus
740 3534 921 3581 autem
980 3530 1239 3598 quoniam
1299 3545 1639 3601 quzecunque
1672 3532 1757 3586 lex
1813 3532 2074 3601 loquitur,

490 3613 573 3668 his
602 3615 694 3684 qui
722 3616 775 3669 in
807 3618 922 3687 lege
958 3629 1085 3674 sunt
1116 3622 1378 3691 loquitur,
1408 3630 1468 3676 ut
1490 3636 1650 3677 omne
1691 3638 1754 3677 os
1820 3623 2075 3678 obstrua—

488 3710 599 3768 tur,
625 3718 677 3761 et
710 3708 959 3765 subditus
987 3714 1077 3766 liat
1106 3714 1285 3768 omnis
1330 3715 1572 3769 mundus
1606 3714 1757 3782 Deo;
1812 3716 2075 3785 quoniam

487 3812 553 3851 ex
586 3799 842 3867 cperibus
872 3802 1005 3871 legis
1032 3819 1137 3858 non
1164 3804 1559 3873 justillcabitur
1620 3806 1801 3862 omnis
1826 3822 1954 3861 caro
1988 3823 2078 3863 co-

490 3904 607 3942 ram
641 3890 752 3944 illo.
786 3890 889 3945 Per
938 3894 1108 3963 legem
1158 3898 1303 3951 enim
1351 3899 1590 3969 cognitio
1641 3900 1870 3969 peccati.
1922 3897 2080 3954 Nunc

488 3990 668 4033 autem
700 3982 817 4036 sine
848 3984 962 4054 lege
983 3985 1192 4055 justitia
1222 3987 1315 4043 Dei
1369 3989 1715 4045 manifestata
1747 3997 1851 4057 est,
1880 3990 2077 4045 testiﬁ-

491 4080 611 4125 cata
673 4087 701 4125 a
761 4074 877 4144 lege
922 4086 975 4130 et
1032 4081 1329 4149 prophetis.
1362 4079 1581 4137 Iustitia
1625 4091 1805 4137 autem
1859 4080 1952 4137 Dei
1982 4098 2081 4152 per

492 4159 650 4213 fidem
672 4161 798 4217 Jesu
824 4166 1023 4221 Christi
1055 4168 1107 4221 in
1132 4185 1325 4227 omnes
1356 4181 1409 4227 et
1434 4188 1598 4242 super
1623 4187 1814 4227 omnes
1841 4173 1934 4241 qui
1962 4188 2081 4229 cre-

490 4251 643 4306 dunt.
675 4251 793 4307 Non
838 4257 982 4310 enim
1011 4270 1092 4314 est
1121 4261 1419 4317 distinctio.
1465 4262 1669 4318 Omnes
1705 4264 1848 4318 enim
1881 4279 2075 4333 pecca-

490 4353 703 4409 verunt,
741 4350 793 4399 et
823 4358 979 4417 egent
1026 4351 1198 4420 gloria
1258 4353 1373 4419 Dei,
1396 4353 1679 4423 iustificati
1755 4354 1923 4424 gratis
1982 4370 2079 4425 per

2177 494 2625 549 sustentationem
2656 490 2770 559 Dei,
2804 492 2868 546 ad
2894 492 3263 546 ostensionem
3296 490 3530 561 justitiaa
3559 489 3689 560 ejus
3721 492 3759 544 in

2178 585 2282 640 hoc
2306 593 2569 655 tempore,
2603 592 2663 638 ut
2690 582 2761 639 sit
2792 582 3129 653 ipsejustus,
3163 590 3216 636 et
3260 581 3585 651 justiﬁeans
3620 598 3759 651 eum,

2178 678 2270 747 qui
2292 692 2357 731 ex
2387 677 2490 730 lide
2522 684 2606 731 est
2630 673 2757 731 Jesu
2780 674 2985 728 Christi
3014 674 3080 728 ".
3118 691 3137 723 ι
3168 674 3305 727 Item
3336 674 3482 727 idem
3516 689 3530 724 ε
3570 691 3589 725 ‹
3635 672 3760 739 Quis

2179 768 2454 824 accusabit
2482 768 2746 823 adversus
2779 767 2981 822 electos
3018 766 3157 821 Dei?
3184 764 3330 820 Deus
3353 768 3447 835 qui
3473 765 3761 835 iustiﬁcat?

2180 862 2313 929 Quis
2345 871 2429 918 est
2472 862 2565 932 qui
2602 860 2971 916 condemnet?
3003 858 3254 913 Christus
3304 856 3467 914 Jesus
3500 860 3600 927 qui
3630 873 3761 911 mor-

2182 966 2308 1011 tuus
2336 964 2439 1021 est,
2469 956 2579 1008 imo
2607 954 2699 1024 qui
2728 962 2781 1008 et
2810 952 3128 1018 resurrexit,
3153 951 3243 1021 qui
3275 963 3359 1006 est
3384 951 3451 1005 ad
3484 951 3758 1006 dexteram

2184 1044 2295 1109 Dei,
2329 1046 2421 1117 qui
2450 1046 2612 1101 etiam
2654 1044 2961 1114 interpellat
3003 1058 3102 1113 pro
3144 1041 3482 1108 nobis.Quis
3506 1057 3645 1113 ergo
3676 1058 3759 1098 nos

2181 1136 2457 1205 separabit
2497 1152 2541 1230 ἐι
2589 1136 2853 1190 charitale
2893 1133 3153 1188 Christi?
3190 1132 3540 1187 Tribulatio?
3594 1149 3757 1203 angu-

2180 1230 2327 1283 stia?
2357 1245 2425 1283 an
2459 1224 2763 1297 persecutio
2785 1228 2808 1283 ?
2834 1241 2903 1280 an
2939 1224 3147 1280 fames?
3176 1241 3244 1280 an
3278 1226 3541 1280 nuditas?
3571 1243 3642 1279 an
3677 1243 3752 1293 pe-

2181 1323 2455 1377 riculurn?
2484 1339 2551 1378 an
2577 1323 2786 1394 gladius
2809 1324 2831 1377 ?
2856 1324 2998 1378 sicut
3027 1322 3291 1390 scriptum
3318 1329 3402 1374 est
3434 1337 3447 1371 :
3473 1319 3620 1385 Quia
3648 1334 3756 1388 pro-

2178 1424 2297 1485 pter
2329 1425 2379 1469 te
2407 1415 2801 1469 mortiﬁcamur
2830 1423 2939 1469 tota
2968 1414 3084 1478 die,
3110 1412 3362 1467 aestimati
3393 1426 3593 1466 sumus
3635 1411 3756 1464 sicut

2179 1520 2308 1560 oves
2362 1505 2675 1561 occisionis.
2737 1504 2843 1560 Sed
2894 1506 2946 1559 in
3004 1504 3089 1559 his
3136 1502 3392 1557 omnibus
3442 1518 3756 1572 superamus

2178 1606 2398 1667 propter
2449 1611 2573 1651 eum
2625 1595 2716 1665 qui
2751 1594 2943 1649 dilexit
2996 1608 3117 1648 nos.
3175 1592 3371 1647 Certus
3416 1606 3543 1646 sum
3601 1592 3755 1653 enim,

2179 1689 2307 1758 quia
2341 1704 2519 1757 neque
2550 1702 2719 1753 mors,
2776 1701 2952 1755 neque
2982 1685 3114 1749 vita,
3149 1699 3325 1753 neque
3371 1683 3575 1753 angeli,
3596 1699 3757 1751 neque

2177 1782 2533 1853 principatus,
2566 1796 2743 1849 neque
2768 1779 3018 1843 virtutes,
3062 1793 3240 1847 neque
3267 1778 3561 1838 instantia,
3596 1792 3756 1845 neque

2179 1873 2387 1937 futura,
2418 1888 2595 1942 neque
2622 1871 2904 1937 fortitudo,
2939 1884 3116 1940 neque
3142 1867 3395 1934 altitudo,
3432 1882 3615 1937 neque
3640 1884 3753 1937 pro-

2179 1964 2431 2028 fundum,
2466 1980 2641 2034 neque
2686 1972 2934 2018 creatura
2976 1962 3080 2016 alia
3126 1967 3325 2031 poterit
3370 1976 3471 2016 nos
3515 1977 3757 2030 separare

2180 2073 2209 2112 a
2254 2057 2521 2112 charitate
2562 2056 2677 2121 Dei,
2704 2071 2824 2127 quae
2866 2067 2949 2110 est
2993 2054 3049 2110 in
3102 2054 3323 2113 Christo
3349 2052 3478 2109 Jesu
3535 2052 3755 2107 Domino

2180 2146 2479 2202 nostro".t
2499 2146 2764 2201 Debemus
2788 2156 2967 2200 autem
3006 2160 3126 2209 nos,
3161 2154 3221 2198 ut
3249 2146 3325 2197 ait
3354 2144 3497 2197 idem
3550 2154 3757 2213 aposto-

2182 2239 2297 2303 lus,
2339 2238 2606 2292 llrmiores
2639 2237 3039 2293 imbecillitates
3073 2236 3417 2291 inﬁrmorum
3473 2236 3753 2297 sustinere,

2181 2338 2234 2383 ct
2260 2328 2303 2358 τ’
2338 2328 2496 2383 nobis
2540 2328 2773 2398 placere.
2824 2325 3217 2397 Unusquisque
3236 2334 3481 2379 vestrum
3515 2326 3559 2356 ⁷⁸
3589 2326 3756 2395 proxi—

2183 2437 2271 2475 mo
2294 2436 2395 2476 suo
2427 2421 2636 2491 placeat
2667 2421 2720 2474 in
2747 2420 2947 2475 bonum
2975 2419 3042 2474 ad
3083 2417 3525 2473 azdificationem.
3556 2418 3753 2473 Etenim

2181 2512 2434 2568 Christus
2482 2528 2591 2567 non
2615 2511 2716 2568 sibi
2747 2511 2970 2581 placuit,
3005 2511 3120 2575 sed,
3160 2511 3306 2565 sicut
3352 2511 3621 2580 scriptum
3664 2521 3752 2569 est.

2184 2606 2511 2676 improperia
2551 2605 3032 2675 improperantium
3084 2604 3211 2667 tibi,
3238 2603 3563 2657 ceciderunt
3609 2621 3755 2672 supu-

2186 2712 2271 2751 me
2300 2698 2367 2751 τ’.
2396 2695 2719 2751 Benedictus
2749 2695 2889 2749 Deus
2914 2703 2968 2750 et
2989 2693 3147 2749 Pater
3178 2693 3398 2747 Domini
3435 2694 3609 2748 nostri
3642 2694 3759 2749 Jesu

2181 2786 2407 2851 Christi,
2439 2785 3149 2846 Pateromisericordiarum,
3181 2793 3236 2838 et
3267 2783 3417 2840 Deus
3441 2786 3612 2840 totius
3638 2802 3756 2840 con—

2184 2880 2492 2946 solationis,
2522 2878 2616 2949 qui
2650 2878 2964 2933 consolatur
2998 2891 3099 2931 nos
3148 2876 3200 2930 in
3231 2879 3383 2931 omni
3421 2879 3757 2932 tribulatione

2183 2978 2390 3037 nostra,
2424 2980 2483 3025 ut
2541 2972 2818 3041 possimus
2870 2978 2922 3023 et
2951 2969 3053 3039 ipsi
3119 2969 3398 3023 consolari
3447 2984 3545 3025 eos
3574 2971 3663 3039 qui
3710 2970 3757 3022 in

2185 3064 2334 3119 omni
2359 3079 2616 3133 pressura
2646 3071 2792 3129 sunt,
2823 3077 2917 3131 per
2967 3061 3407 3115 exhortationem
3432 3076 3543 3130 qua
3574 3061 3758 3115 exhor-

2184 3167 2367 3211 tamur
2394 3156 2566 3225 etipsi
2595 3172 2623 3209 a
2646 3153 3061 3223 Deo;quoniam
3082 3154 3229 3207 sicut
3258 3154 3549 3208 abundant
3575 3155 3759 3224 passio-

2182 3263 2279 3303 nes
2307 3246 2511 3301 Christi
2568 3247 2620 3301 in
2660 3246 2931 3312 nobis,ita
2972 3255 3024 3299 et
3050 3261 3146 3315 per
3196 3244 3484 3300 Christum
3534 3245 3759 3299 abundat

2180 3340 2483 3394 consolatio
2512 3351 2720 3396 nostra.
2756 3337 2879 3393 Sive
2904 3345 3084 3393 autem
3110 3337 3447 3393 tribulamur
3468 3353 3569 3407 pro
3591 3346 3758 3391 vestra

2178 3432 2563 3487 exhortatione
2600 3441 2652 3487 et
2685 3432 2879 3496 salute,
2913 3431 3027 3485 sive
3057 3429 3418 3483 exhortamur
3448 3445 3549 3500 pro
3593 3438 3757 3482 vestra

2178 3524 2581 3590 exhortatione,
2608 3539 2729 3594 quae
2762 3530 3017 3592 operatur
3065 3522 3411 3575 tolerantiam
3452 3521 3757 3575 earumdem

2180 3616 2520 3685 passionum,
2559 3632 2697 3685 quas
2720 3624 2773 3669 et
2796 3629 2895 3669 nos
2929 3614 3187 3683 patimur,
3213 3620 3267 3666 et
3302 3628 3432 3681 spes
3471 3621 3661 3667 nostra
3679 3611 3759 3664 ﬁr-

2182 3723 2269 3762 ma
2300 3717 2382 3763 est
2410 3723 2508 3777 pro
2541 3709 2715 3774 vobis,
2742 3707 2975 3761 scientes
3002 3705 3261 3773 quoniam
3303 3704 3447 3759 sicut
3475 3704 3607 3758 socii
3652 3718 3760 3772 pas-

2182 3800 2395 3854 sionum
2427 3799 2584 3865 estis,
2640 3798 2719 3852 sic
2745 3796 2917 3861 eritis,
2955 3804 3008 3849 et
3042 3793 3439 3848 consolationis
3478 3795 3543 3849 ⁸⁶.
3570 3792 3759 3847 Fidelis

2179 3900 2358 3945 autem
2391 3888 2556 3954 Deus,
2596 3890 2688 3959 qui
2727 3904 2835 3942 non
2894 3887 3129 3957 patietur
3164 3900 3262 3939 vos
3287 3888 3487 3942 tentari
3520 3904 3678 3957 super
3710 3887 3756 3938 id

2180 3980 2323 4050 quod
2353 3981 2596 4050 potestis,
2630 3979 2721 4034 sed
2747 3977 2904 4033 faciet
2939 3993 3065 4033 cum
3104 3978 3407 4033 tentatione
3446 3981 3609 4033 etiam
3641 3992 3755 4047 pm-

2180 4080 2424 4133 ventum,
2449 4080 2508 4123 ut
2542 4071 2763 4141 possitis
2806 4074 3077 4129 sustinere
3108 4074 3176 4127 ⁸¹.
3204 4091 3223 4123 ι
3267 4071 3314 4103 ⁸¹
3346 4069 3576 4139 Propter
3597 4070 3752 4139 quod,

2179 4162 2489 4217 cbarissimi
2519 4203 2534 4228 ,
2576 4162 2861 4218 sectamini
2911 4164 3232 4218 charitatem
3263 4204 3279 4230 ,
3331 4173 3388 4217 et
3438 4160 3753 4216 amulamini

2181 4261 2406 4315 meliora
2440 4271 2493 4315 et
2520 4261 2823 4331 spiritualia
2857 4262 2922 4327 ",
2966 4270 3019 4318 et
3050 4260 3309 4331 adjuvate
3371 4275 3475 4315 vos
3512 4258 3751 4320 invicem,

2180 4361 2239 4406 ut
2272 4350 2383 4407 Deo
2415 4368 2629 4422 semper
2671 4354 2723 4407 in
2772 4354 3029 4407 omnibus
3060 4354 3276 4423 placere
3325 4350 3574 4407 valeatis.
3623 4348 3751 4403 Deus

489 4434 718 4501 gratiam
740 4436 929 4506 ipsius,
950 4455 1043 4509 per
1068 4444 1496 4513 redemptionem
1520 4454 1744 4516 quaeest
1776 4445 1832 4499 in
1850 4445 2072 4501 Christo
2105 4452 2151 4507 Ι)
2180 4456 2360 4501 autem
2394 4446 2546 4516 pacis
2566 4446 2637 4501 sit
2666 4462 2788 4501 cum
2836 4446 3090 4502 omnibus
3122 4446 3299 4501 vobis.
3334 4445 3531 4498 Amen.

486 4524 614 4578 Jesu
640 4544 800 4596 quem
833 4536 1118 4602 proposuit
1162 4535 1305 4591 Deus
1338 4538 1751 4607 prapitiatorem
1790 4553 1887 4607 per
1915 4538 2075 4593 tidem

488 4624 543 4671 tu
595 4624 859 4692 sanguine
917 4625 1123 4695 ipsius,
1163 4629 1229 4682 ad
1278 4630 1652 4685 ostensionem
1707 4626 1935 4697 justitiaa
1967 4645 2079 4686 sua:

2256 4536 2391 4591 Data
2417 4536 2644 4592 Kalend.
2682 4537 2943 4594 Novemb.
2994 4540 3060 4606 ⁸⁵,
3090 4537 3249 4593 Gallo
3274 4545 3330 4592 et
3373 4535 3589 4589 Bradua
3631 4530 3752 4584 viris

2185 4629 2509 4685 clarissimis
2538 4646 2685 4685 coss.

1447 4935 1560 4996 ΕΧ
1590 4935 1983 4998 DECRETIS
2016 4935 2395 4999 EVARISTI
2430 4933 2654 4994 ΡΛΡᾸΞ
2698 4930 2804 5012 (ἢ).

632 5095 943 5151 Secundum
977 5098 1221 5154 codicem
1245 5100 1508 5154 librorum
1542 5100 1788 5170 quinque
1817 5101 1895 5173 (5)
1943 5102 2039 5156 lib.
2073 5118 2206 5173 v,7c.
2234 5102 2285 5157 8.
2323 5101 2527 5156 Tamen
2558 5102 2857 5156 secundum
2901 5100 3185 5158 Decretum
3215 5099 3489 5168 Gratiani,
3534 5112 3610 5157 est

1759 5174 2081 5228 constitutio
2110 5172 2307 5243 Hygini
2339 5187 2508 5242 papae.

595 5327 641 5357 τ’
670 5328 859 5384 Matth.
920 5348 1054 5397 xxu,
1112 5332 1203 5387 57.

491 5410 668 5464 usque
695 5401 761 5453 ad
790 5403 973 5456 linem.
1052 5403 1094 5432 ⁷⁷
1141 5418 1265 5455 non.
1341 5403 1386 5433 ⁷⁸
1428 5414 1685 5456 nostrum.

499 5468 653 5533 ειμι,
682 5468 834 5524 Patr.
872 5484 914 5524 t.
950 5471 989 5525 l.
1025 5471 1181 5525 EDtT.
1260 5473 1306 5504 ⁸³
1336 5472 1503 5528 lCor.
1536 5490 1648 5539 xxv,
1678 5475 1728 5530 l.

551 5608 658 5687 μ)⁹
688 5607 852 5664 Vetus
874 5611 1124 5687 collectio
1160 5629 1276 5687 gms.
1304 5614 1569 5687 librorum
1609 5615 1853 5685 quinque
1876 5632 1997 5685 cap.
2018 5616 2073 5682 8,

494 5680 688 5739 tribuit
720 5690 978 5747 praetcrea
1014 5681 1263 5739 Evaristo
1294 5684 1573 5740 decretum
1614 5680 1779 5755 (1qu
1799 5680 2077 5741 consarcié

1886 5766 2073 5811 natum

1312 5332 1547 5404 "Rom.
1582 5349 1699 5399 xm,
1736 5334 1821 5388 l0.
1897 5336 1943 5367 7"
1974 5335 2075 5389 Ror

2192 5352 2254 5399 ιι,
2311 5335 2465 5390 1-10.
2544 5337 2591 5367 ⁷⁵
2624 5335 2781 5389 llom.
2822 5353 2907 5404 ιιι,
2957 5338 3109 5392 9—26.

1764 5406 1807 5437 ⁷⁸
1832 5404 1993 5459 Rom.
2048 5422 2136 5468 xv,
2172 5407 2290 5460 1-5.

1808 5476 1854 5506 ⁸⁵
1878 5491 1970 5530 an.
2002 5476 2203 5531 Christi
2242 5477 2363 5540 l08,
2396 5476 2578 5530 adhuc
2612 5476 2825 5531 vivente
2859 5478 3143 5533 Anacleto.

3212 5338 3259 5368 ⁷⁸
3293 5335 3457 5391 Rom.
3495 5352 3616 5396 vui,
3658 5331 3738 5392 35.

2389 5406 2435 5438 ⁸⁸
2461 5404 2652 5460 [lCor.
2688 5421 2726 5470 ι,
2761 5406 2883 5461 3-7.
2984 5408 3027 5439 ⁸³
3061 5407 3077 5459 1
3106 5406 3236 5461 Cor.
3268 5423 3326 5475 ι,
3365 5410 3454 5463 15.
3524 5404 3738 5459 “Clem.

2254 5616 2332 5683 (3i)
2379 5615 2506 5670 Dua:
2547 5627 2675 5669 sunt
2707 5617 2888 5671 adhuc
2939 5618 3158 5673 ineditaa
3204 5619 3555 5674 collectiones
3602 5622 3741 5683 cauo-

2185 5680 2337 5753 nurn',
2362 5701 2596 5755 quorum
2629 5688 2796 5742 altera
2828 5690 2883 5742 iu
2915 5689 3157 5758 quinque
3191 5688 3384 5756 libros,
3416 5700 3471 5744 et
3508 5680 3737 5809 altat-ain

3497 5774 3582 5809 sex
3617 5762 3737 5807 ecl!“

3497 5762 3738 5812 sexdectm
