3766 6318
573 311 712 366 1059

1886 296 2283 353 ALEXAND!“
2335 299 2354 353 l
2409 296 2613 353 PAPIE
3623 306 3678 361 ια

571 435 657 482 est
691 440 858 491 cura,
889 424 936 479 si
976 423 1343 487 dissimulem,
1376 421 1597 477 audiam
1638 419 1874 476 Domino
1904 420 2157 473 dicente:
2191 424 2239 479 Α
2268 417 2675 483 Vastabuntur,
2707 416 2835 486 quia
2868 416 3208 487 praavaricati
3260 424 3386 471 sunt
3422 417 3468 472 in
3497 432 3679 493 ωεςείφ

580 537 601 571 ι
633 518 924 588 Rejecistis
951 518 1267 574 mandatum
1313 516 1439 579 Dei,
1472 525 1534 569 ut
1562 514 1817 568 statuatis
1848 512 2170 567 traditiones

574 618 786 664 vestras
808 610 881 662 ⁹⁰.
918 627 936 658 ι
966 608 1106 672 Quid
1133 609 1279 662 enim
1312 602 1459 660 aliu'd
1490 614 1573 659 est
1598 604 1825 674 rejicere
1853 603 2167 657 mandatum

576 702 697 767 Dei,
725 716 888 771 quam
930 701 1144 770 privato
1178 699 1411 756 consilio
1452 697 1662 768 judicio
1697 698 1972 762 humano,
2009 696 2167 750 novis

575 795 741 849 rebus
766 794 1167 849 constituendis
1196 792 1424 847 liberius
1462 790 1757 844 delectari?
1786 789 1940 845 Unde
1962 800 2015 845 et
2038 790 2166 845 alibi

575 889 841 957 scripturn
866 897 949 942 est
972 907 984 940 :
1017 906 1035 937 ‹
1054 884 1133 940 Ne
1153 883 1575 955 transgrediaris
1595 883 1860 938 terminos
1887 884 2165 952 antiquos,

575 995 715 1050 quos
755 988 1059 1050 posuerunt
1118 988 1302 1047 patres
1349 979 1515 1032 tui“.
1552 998 1571 1029 ι
1614 976 1905 1031 Terminos
1948 976 2165 1031 indubi-

576 1082 754 1127 tanter
779 1071 1212 1141 transgreditur,
1244 1069 1338 1139 qui
1374 1077 1581 1124 statuta
1625 1077 1845 1138 patrum
1883 1067 2167 1138 postponit

575 1175 739 1235 atque
788 1164 1103 1219 confundit.
1139 1162 1392 1217 Pervenit
1414 1163 1459 1194 θ’
1502 1176 1739 1229 namque
1775 1159 1844 1214 ad
1883 1162 2169 1216 consciena

575 1258 710 1311 tiam
763 1254 1082 1325 apostolica:
1132 1254 1314 1317 sedis,
1377 1253 1527 1322 quod
1577 1253 1828 1307 nonnulli
1878 1259 2007 1307 sunt
2053 1259 2164 1305 tam

575 1350 799 1414 stolidi,
831 1349 925 1420 qui
966 1347 1251 1402 Dominiea
1304 1354 1610 1417 pratcepta,
1659 1354 1713 1401 et
1745 1345 2159 1415 apostolorum,

575 1456 877 1511 eorumque
911 1456 1295 1496 successorum
1341 1448 1549 1495 statuta
1584 1439 1810 1493 minime
1840 1438 2160 1503 observant,

575 1544 629 1588 et
657 1550 752 1588 eos
792 1535 858 1588 de
906 1534 1108 1603 quibus
1140 1532 1407 1588 Dominus
1438 1532 1550 1586 ait:
1605 1550 1624 1581 ‹
1669 1529 1772 1596 Qui
1805 1544 1903 1585 vos
1950 1529 2161 1597 tangit,

572 1625 750 1693 tangit
787 1624 1050 1693 pupillam
1080 1623 1230 1678 oculi
1262 1624 1369 1677 mei
1392 1623 1470 1687 ⁹³;
1509 1640 1526 1673 ι
1573 1637 1683 1675 non
1722 1621 1902 1676 solum
1939 1630 2163 1690 tangere

574 1721 801 1779 minime
823 1720 1096 1785 dubitant,
1117 1719 1211 1775 sed
1243 1719 1405 1772 etiam
1432 1716 1686 1787 persequi
1711 1732 1815 1771 non
1844 1715 2159 1771 formidant.

574 1815 640 1869 Et
670 1815 799 1871 licet
848 1829 950 1869 nos
978 1822 1412 1883 persequantur,
1439 1810 1567 1879 quia
1601 1826 1704 1864 nec
1743 1824 1845 1863 nos
1878 1808 1996 1863 sine
2034 1808 2161 1873 illis,

573 1925 675 1964 nec
724 1909 844 1963 illos
895 1908 1014 1963 sine
1066 1906 1229 1960 nobis
1280 1904 1540 1974 persequi
1589 1914 1856 1974 possunt,
1901 1902 2160 1973 quoniam

572 2002 719 2056 illius
769 2016 959 2055 sumus
1007 1997 1297 2069 discipuli,
1341 1998 1435 2066 qui
1485 1998 1699 2051 animas
1753 2012 1871 2073 pro‘
1900 1995 2163 2050 fratribus

570 2093 827 2164 praecepit
849 2092 1141 2163 ponere";
1165 2101 1346 2146 tamen
1377 2089 1457 2143 eis
1477 2090 1717 2158 pericula
1746 2098 1799 2143 et
1829 2088 2162 2157 perditiones

570 2204 763 2243 eorum
795 2203 904 2240 non
929 2202 1117 2241 sumus
1150 2184 1273 2239 ausi
1299 2183 1499 2245 celare,
1544 2198 1611 2237 ne
1636 2182 1954 2253 prophetica
1978 2182 2162 2252 (quod

570 2281 746 2350 absit)
775 2281 1105 2335 damnemur
1155 2278 1460 2343 sententia,
1498 2293 1621 2346 qua:
1654 2276 1731 2329 ait
1759 2294 1774 2332 :
1810 2295 1829 2326 r
1862 2273 1918 2329 Si
1948 2291 2163 2331 annun-

570 2371 794 2427 tiaveris
844 2372 1035 2439 iniquo
1084 2369 1432 2438 iniquitatem
1481 2383 1671 2437 suam,
1721 2367 1962 2421 animam
2011 2378 2161 2422 tuam

569 2464 849 2519 liberasti:
875 2464 918 2516 si
946 2472 1128 2517 autem
1159 2477 1268 2516 non
1296 2461 1713 2516 annuntiaveris
1734 2460 1807 2527 ei,
1837 2462 2158 2532 sanguinem

568 2556 689 2625 ejus
719 2556 784 2608 de
812 2571 975 2608 manu
1008 2564 1101 2608 tua
1132 2554 1410 2624 requiram
1434 2554 1535 2607 ⁸⁸.»
1571 2555 1617 2585 ’⁸
1638 2553 1737 2607 Est
1766 2553 1931 2607 etiam
1964 2561 2017 2608 et
2058 2554 2161 2608 hoc

571 2648 637 2703 ad
676 2648 819 2701 hanc
850 2657 1094 2701 sanctam
1137 2646 1320 2701 sedem
1354 2647 1627 2716 perlatum
1662 2646 1847 2716 (quod
1881 2647 2047 2715 pudet
2073 2646 2159 2700 di-

571 2755 734 2805 cere,
783 2747 836 2793 et
890 2754 1001 2793 non
1043 2740 1221 2794 solum
1266 2739 1619 2802 sacerdotali,
1650 2738 1745 2793 sed
1793 2738 1959 2793 etiam
2007 2739 2159 2792 omni

570 2832 886 2887 Christiano
912 2833 1120 2886 nomini
1153 2842 1237 2888 est
1265 2833 1605 2905 inimicum),
1638 2833 1691 2886 id
1734 2842 1817 2888 est
1847 2832 1993 2902 quod
2021 2847 2161 2886 non-

569 2925 753 2979 nullos
777 2926 821 2956 9"
854 2924 1145 2994 episcopos
1175 2926 1258 2979 vel
1306 2925 1643 2992 sacerdotes,
1677 2934 1771 2979 aut
1816 2934 1963 2979 metu
2003 2939 2157 2979 com-

568 3019 807 3089 pellunt,
841 3028 934 3072 aut
959 3018 1013 3071 vi
1054 3028 1419 3089 extorquent,
1465 3026 1561 3073 aut
1606 3018 1798 3072 fraude
1838 3017 2154 3087 decipiunt,

568 3111 786 3175 aliquas
817 3109 1183 3165 confessionis
1230 3126 1343 3165 suae
1390 3111 1443 3163 in
1485 3110 1710 3163 alteram
1744 3118 1952 3179 partem
1991 3125 2155 3179 quam
2185 3139 2227 3196 Ο

567 3204 822 3267 debeant,
854 3214 949 3259 aut
975 3218 1072 3272 pro
1104 3219 1329 3258 suarum
1360 3219 1471 3257 non
1495 3202 1854 3271 requisitione
1883 3216 2069 3255 rerum
2088 3201 2154 3268 ’3,

566 3308 692 3361 aut,
729 3297 876 3366 quod
928 3296 1168 3351 deterius
1208 3305 1323 3360 est,
1376 3311 1478 3365 pro
1530 3295 1695 3350 alieni
1744 3294 1949 3349 erroris
2008 3303 2158 3349 secta

568 3384 872 3452 scripturas
922 3382 1138 3447 facere,
1183 3393 1238 3438 et
1272 3384 1510 3454 propriis
1557 3383 1810 3439 manibus
1858 3384 2153 3449 roborare,

568 3486 624 3529 et
661 3492 849 3531 coram
892 3478 1109 3547 populis
1150 3477 1383 3532 recitare
1430 3486 1592 3546 atque
1623 3475 1894 3531 confiteri.
1928 3474 2157 3545 Aliquos

566 3569 757 3623 dicunt
799 3570 1115 3624 carceribus
1159 3578 1212 3624 et
1250 3569 1545 3641 ergastulis
1583 3570 1824 3632 recludi,
1857 3578 1917 3622 ut
1963 3569 2155 3623 saltem

569 3660 653 3715 his
689 3661 868 3715 territi
910 3662 1160 3728 insidiis,
1195 3662 1416 3717 devient
1452 3660 1668 3715 Domini
1719 3661 2067 3725 sacerdotes,
2101 3671 2157 3715 et

565 3754 684 3808 suis
716 3752 937 3808 faveant
963 3754 1337 3809 voluntatibus
1355 3757 1423 3811 9°.
1492 3754 1777 3809 ’Relatum
1812 3755 2038 3824 insuper
2071 3764 2156 3809 est

565 3844 634 3897 ad
676 3844 844 3913 hujus
895 3854 1100 3899 sanctae
1148 3854 1203 3900 et
1245 3846 1560 3915 apostolicae
1596 3848 1742 3902 sedis
1780 3847 2029 3917 apicem,
2064 3849 2152 3903 cui

566 3951 909 3991 summarum
972 3938 1361 4007 dispositiones
1411 3955 1741 4006 causarum,
1789 3950 1844 3994 et
1906 3942 2151 3996 omnium

566 4029 784 4099 negotia
816 4029 1190 4084 Ecclesiarum
1230 4032 1299 4085 ab
1330 4032 1451 4102 ipso
1492 4032 1727 4087 Domino
1772 4034 1968 4087 tradita
2002 4044 2149 4100 sunt,

566 4120 727 4189 quasi
763 4121 830 4175 ad
860 4131 1045 4190 caput,
1079 4123 1198 4191 ipso
1245 4122 1459 4177 dicente
1499 4123 1735 4193 principi
1777 4126 2150 4193 apostolorum

565 4208 762 4264 Petro:
802 4229 819 4260 ι
844 4209 924 4263 Tu
954 4225 1012 4264 cs
1036 4208 1253 4275 Petrus,
1276 4220 1331 4265 et
1359 4227 1525 4280 super
1554 4211 1697 4267 hanc
1725 4224 1934 4282 petram
1965 4213 2152 4269 Eccle-

566 4302 701 4359 siam
761 4319 938 4358 meam
994 4303 1348 4363 aedificabo”;
1397 4323 1416 4354 ι
1475 4304 1622 4374 quod
1688 4307 1910 4375 quidam
1966 4309 2149 4361 aemuli

565 4392 792 4460 Christi,
835 4393 1063 4463 ejusque
1109 4402 1314 4448 sanctae
1344 4392 1601 4448 Ecclesia:
1636 4393 2018 4461 insidiatores,
2061 4413 2150 4451 sa-

2273 512 2480 566 redemi
2509 527 2625 574 eos,
2655 519 2710 564 et
2739 509 2841 579 ipsi
2872 508 3039 563 locuti
3064 517 3191 563 sunt
3212 516 3398 563 contra
3420 524 3492 564 me
3514 514 3678 568 incudm

2270 596 2337 651 Et
2374 614 2482 653 non
2520 598 2897 653 clamaverunt
2923 597 2989 651 ad
3020 612 3107 651 me
3139 597 3190 650 in
3219 598 3381 651 corde
3406 603 3680 663 8110,ἒάῠίιᾷ

2273 692 2405 744 bant
2434 691 2488 743 in
2544 689 2820 744 cubilibus
2868 689 3003 743 suis.
3065 688 3239 757 Super
3271 688 3488 741 triticum
3526 700 3562 743 et
3596 694 3677 745 ilﬁet

2269 781 2625 837 ruminabant
2645 822 2661 847 ,
2699 790 2752 835 et
2801 788 3148 835 recesserunt
3182 795 3210 833 a
3241 794 3350 832 me.
3380 779 3439 832 Et
3459 796 3538 849 ego
3559 786 3680 839 eruis;

2265 881 2320 927 et
2348 870 2654 926 confortavi
2692 870 2914 925 brachia
2949 885 3164 935 eorum,
3194 878 3248 924 et
3272 869 3328 922 in
3357 884 3437 922 me
3462 872 3681 940 cogitamus;

2267 964 2555 1020 malitiam.
2590 962 2815 1018 Reversi
2843 970 2991 1026 sunt,
3019 971 3080 1016 ut
3108 970 3295 1016 essent
3318 961 3679 1030 absquejugaia;

2268 1067 2400 1112 sunt
2430 1056 2587 1126 quasi
2621 1072 2781 1111 arcus
2814 1056 3038 1110 dolosus
3063 1056 3103 1107 ⁸.
3151 1054 3383 1123 Abjieiet
3420 1047 3501 1108 éos
3528 1051 3681 1117 Domita,

2268 1149 2345 1203 ait
2394 1148 2536 1202 idem
2594 1147 2890 1217 propheta,
2922 1147 3050 1216 quia
3104 1160 3212 1199 non
3265 1143 3529 1198 audierunt
3558 1161 3685 1205 eum

2240 1250 2429 1298 .erunt
2450 1242 2572 1312 vagi
2608 1242 2661 1296 in
2689 1240 3006 1296 nationibus
3025 1241 3065 1294 ".
3094 1258 3112 1291 ι

3033 1357 3078 1411 Ι.

2340 1453 2417 1507 De
2439 1453 2505 1507 iis
2534 1451 2625 1522 qui
2649 1450 2946 1504 sacerdotes
2975 1455 3250 1509 accusant,
3273 1445 3350 1501 vel
3376 1458 3655 1517 persequuti.

2339 1544 2417 1599 De
2446 1544 2533 1598 his
2578 1542 2749 1607 enim,
2780 1541 2995 1597 clericis
3020 1547 3075 1593 et
3102 1539 3256 1593 laicis
3282 1581 3297 1606 ,
3339 1540 3425 1609 qui
3446 1539 3683 1607 episcopum

2266 1637 2508 1706 reliquos
2542 1634 2877 1699 sacerdotes,
2915 1642 3023 1687 tam
3057 1630 3124 1684 ad
3158 1632 3416 1700 primates
3449 1645 3590 1683 eorum
3612 1646 3683 1698 qm

2268 1729 2335 1783 ad
2372 1729 2615 1799 reliquos
2656 1735 2921 1783 accusant
2946 1726 3191 1794 judices,
3224 1727 3374 1794 prius
3402 1739 3537 1793 quam
3576 1726 3703 1797 turno;

2196 1796 2237 1850 Β
2268 1834 2483 1884 eorum,
2518 1834 2548 1872 a
2587 1818 2789 1888 quibus
2829 1832 2887 1872 se
2924 1816 3101 1871 lmsos
3126 1814 3703 1887 mstimantdnculceutof

2266 1910 2335 1964 ab
2366 1910 2447 1965 eis
2488 1919 2581 1963 aut
2603 1910 2695 1979 jus
2740 1925 2900 1964 suum
2925 1951 2939 1974 ,
2968 1918 3062 1963 aut
3103 1908 3311 1979 justam
3353 1907 3569 1977 recipiant
3600 1906 3703 1973 tota!

2266 2003 2435 2073 giam,
2480 2002 2608 2056 item
2650 2018 2747 2072 per
2783 2001 3033 2056 eumdem
3064 2002 3143 2055 ait
3188 2000 3446 2054 Dominus
3476 1998 3685 2067 prophetes:

2273 2113 2290 2144 ι
2325 2094 2487 2157 Audi,
2521 2094 2718 2147 domus
2752 2091 2916 2147 Israel
2942 2132 2956 2156 ,
2988 2100 3040 2144 et
3077 2090 3275 2144 domus
3304 2090 3456 2160 regis,
3480 2088 3651 2141 ausculta.
3668 2090 3703 2135 σι

2266 2186 2557 2253 attendite,
2588 2185 2922 2249 sacerdotes,
2954 2182 3085 2253 quia
3111 2183 3269 2236 vobis
3292 2182 3528 2251 judicium
3550 2188 3688 2245 estcir-

2265 2281 2413 2334 niam
2470 2280 2700 2349 laqueus
2736 2279 2865 2334 facti
2907 2279 3042 2334 estis
3072 2276 3429 2347 speeulationi
3452 2316 3466 2341 ,
3495 2282 3535 2327 et
3563 2282 3685 2324 reteri

2263 2389 2501 2441 pansum
2554 2389 2717 2442 super
2741 2371 2966 2427 Thabor
2991 2412 3006 2437 ,
3038 2371 3399 2438 victimasque
3433 2362 3685 2420 decimanos

2263 2465 2640 2536 profundum:
2677 2474 2731 2519 et
2773 2479 2874 2534 ego
2911 2463 3157 2517 eruditor
3198 2462 3438 2515 omnium
3474 2454 3685 2511 vestrum'o

2263 2558 2331 2613 Et
2376 2559 2541 2613 alibi:
2574 2577 2591 2609 ‹
2616 2557 2824 2612 Omnes
2859 2556 3109 2612 calefacti
3175 2556 3310 2609 estis
3360 2552 3499 2623 quasi
3532 2551 3687 2604 clibanus.

2263 2651 2391 2721 quia
2449 2649 2724 2704 devoratis
2766 2649 2982 2718 judices
3018 2648 3293 2711 vestros“,
3327 2646 3423 2716 ipsi
3461 2638 3689 2697 antetuleri-

2263 2750 2400 2797 nant
2441 2741 2696 2795 victimas
2730 2740 2948 2794 Domini
2999 2741 3053 2794 in
3098 2738 3430 2810 profundum
3455 2736 3508 2798 ⁸⁸.
3536 2752 3549 2783 ι
3575 2728 3690 2798 ιιωῶ

2261 2835 2527 2889 devorant
2557 2833 2641 2887 vel
2668 2832 2874 2902 injuste
2908 2832 3155 2887 lacerant
3188 2831 3282 2902 qui
3336 2827 3467 2885 oculi
3496 2822 3635 2879 Domini
3655 2822 3689 2870 ἐν

2262 2934 2481 2982 cuntur.
2507 2923 2642 2978 Nam
2677 2926 2721 2978 si
2760 2926 2921 2978 modo
2945 2925 3241 2994 quisquam
3280 2920 3520 2993 principis
3538 2912 3689 2971 malitis

2261 3017 2451 3073 oculos
2480 3017 2749 3071 laceraret
2795 3026 2889 3070 aut
2923 3025 3241 3081 amoveret,
3268 3023 3408 3069 esset
3440 3026 3540 3066 reus
3560 3004 3689 3061 trima:

2262 3110 2588 3179 majestatis,
2615 3125 2682 3163 an
2719 3110 2867 3162 non?
2896 3108 3155 3162 Profecto
3190 3116 3286 3161 aut
3322 3105 3471 3160 morti
3501 3101 3690 3156 traderem

2261 3214 2355 3258 aut
2383 3212 2647 3273 perpetua
2689 3210 2975 3255 notaretur
3013 3200 3267 3255 infamia.
3302 3199 3358 3253 Si
3399 3212 3485 3269 pro
3509 3190 3691 3253 mulli"

2262 3297 2549 3351 testatibus
2594 3296 2720 3350 talia
2766 3296 2833 3349 ab
2870 3294 3193 3348 hominibus
3233 3292 3399 3356 tiunt,
3433 3287 3538 3358 quid
3573 3279 3691 3353 prcit

2259 3388 2376 3443 ﬁeri
2411 3389 2618 3458 putatis
2642 3429 2657 3455 ,
2701 3388 2768 3442 de
2818 3387 3018 3457 quibus
3067 3385 3335 3440 Dominus
3388 3383 3487 3437 ait:
3521 3374 3623 3442 «Qui
3651 3384 3691 3418 te

2261 3480 2454 3550 ίθηὲίιν
2481 3480 2653 3551 tangit
2676 3479 2936 3549 pupillam
2961 3478 3108 3532 oculi
3136 3479 3243 3532 mei
3261 3479 3301 3508 “
3319 3477 3342 3529 ἲ
3363 3495 3380 3527 ι
3402 3464 3691 3525 ¹²Ρι¹οίῖυὶύιίξ’έ³

2258 3573 2313 3627 hi
2343 3574 2437 3643 (Ιυί
2487 3588 2582 3628 005
2622 3582 3059 3642 persequuntur,
3092 3580 3149 3625 et
3184 3584 3435 3625 amovere
3462 3556 3691 3619 nitunturiﬁ'

2255 3664 2401 3734 juste
2434 3677 2627 3719 contra
2664 3665 3017 3734 apostolicam
3046 3664 3443 3723 auctoritatem,
3464 3656 3543 3712 etsi
3565 3656 3691 3705 alim-“42

2255 3757 2650 3827 prohibentur,
2722 3757 2938 3812 dicente
3009 3756 3292 3811 Domino:
3345 3773 3363 3806 ι
3406 3751 3520 3805 Nolo
3563 3750 3691 3799 tuom

2255 3850 2581 3919 peccatoris,
2609 3850 2702 3906 sed
2733 3860 2793 3905 ut
2815 3858 3173 3905 convertatur
3197 3862 3250 3907 et
3276 3849 3415 3902 vivat
3435 3845 3495 3907 ¹³;
3514 3844 3691 3909 iperpeiE-i

2254 3950 2440 3996 tamen
2483 3951 2747 3999 notantur
2781 3941 3029 4008 infamia,
3052 3950 3105 3996 et
3132 3941 3331 3996 exsilio
3355 3936 3483 4007 digni
3501 3930 3692 4002 judicans.r

2254 4035 2511 4089 finitimo.
2547 4034 2623 4089 De
2650 4034 2873 4104 quibus,
2918 4049 2949 4087 a
2980 4032 3325 4103 temporibus
3360 4020 3692 4098 apostolorum.“

2252 4124 2419 4191 infra,
2456 4125 2559 4179 ista
2592 4134 2860 4190 tenemus,
2892 4135 3056 4194 atque
3086 4124 3307 4178 decreta
3338 4120 3558 4174 habemus
3582 4105 3691 4177 quib95

2251 4234 2441 4273 eorum
2468 4217 2764 4273 accusandi
2794 4218 3102 4286 episcopos,
3120 4216 3204 4270 vel
3223 4205 3691 4269 testificandiineosw

2252 4325 2369 4365 cem
2399 4310 2761 4375 obstruimus,
2778 4324 2918 4378 quos
2936 4324 3042 4363 non
3076 4306 3355 4369 humanis,
3373 4302 3452 4359 sed
3473 4294 3691 4387 divinisatt'

2251 4405 2353 4459 bus
2371 4412 2619 4458 mortuos
2650 4418 2771 4458 esse
2798 4403 3024 4457 scimus.
3051 4400 3126 4455 De
3152 4401 3356 4471 quibus
3373 4395 3578 4451 Dominus
3596 4388 3689 4450 loqu

565 4487 814 4541 cerdotes
856 4484 949 4539 Dei
988 4487 1053 4540 ad
1086 4485 1303 4555 judices
1345 4486 1596 4556 publicos
1638 4502 1904 4541 accusare
1943 4504 2151 4558 praesu-
2188 4489 2228 4543 D
2257 4506 2344 4551 tur
2379 4512 2475 4565 per
2499 4497 2750 4551 eumdem
2788 4495 3146 4565 prophetam:
3192 4513 3210 4546 ‹
3243 4492 3545 4549 Calumniam
3572 4476 3689 4565 tuli?“

566 4586 739 4640 mant,
763 4591 886 4630 cum
919 4578 1091 4647 magis
1117 4579 1415 4647 Apostolus
1436 4578 1877 4635 Christianorum
1908 4597 2105 4638 causas
2130 4585 2150 4615 ³

569 4670 635 4723 ad
660 4669 934 4725 Ecclesias
958 4671 1183 4739 deferri,
1203 4683 1257 4726 et
1285 4673 1482 4727 ibidem
1511 4674 1790 4731 terminari
1814 4677 2147 4746 prmcipiat‘.

568 4759 772 4814 Taliter
816 4763 1266 4829 praevaricanles,
1320 4767 1659 4835 praevaricati
1709 4777 1837 4823 sunt
1880 4769 1934 4822 in
1976 4767 2147 4823 Deum

568 4867 729 4905 suum
751 4894 764 4917 ,
789 4862 843 4905 et
887 4869 994 4906 non
1027 4854 1290 4908 obediunt
1335 4859 1619 4926 praeceptis
1655 4860 1794 4928 ejus.
1845 4858 1922 4913 De
1947 4859 2148 4928 quibus

566 4942 835 4996 Dominus
881 4958 974 5011 per
1028 4945 1349 5013 prephetam
1394 4944 1533 5001 Osee
1587 4948 1870 5016 loquitur,
1914 4948 2143 5003 dicens:

572 5054 590 5085 ι
625 5034 793 5101 Quasi
827 5050 1008 5089 vacca:
1048 5036 1397 5092 lascivientes
1437 5038 1883 5104 declinaverunt,
1916 5049 1969 5094 et
2006 5028 2143 5093 dile-

564 5137 763 5181 xerunt
808 5125 1002 5181 afferre
1047 5127 1404 5196 ignominiam
1448 5129 1849 5196 protectoribus
1902 5131 2019 5184 suis
2039 5132 2080 5181 ⁵.
2119 5149 2138 5181 ι

564 5218 631 5273 Ει
677 5218 857 5274 idem:
897 5239 914 5273 ι
955 5218 1044 5274 Vae
1073 5220 1192 5283 eis,
1251 5220 1513 5289 quoniam
1562 5230 1909 5275 recesserunt
1958 5238 1988 5275 a
2032 5236 2137 5276 me.

680 5492 723 5525 ⁸ο
748 5490 915 5545 Mare.
951 5508 1048 5557 vn,
1077 5499 1129 5546 9.
1227 5494 1269 5525 9‘
1301 5491 1462 5547 Prov.
1501 5509 1637 5558 xx",
1660 5492 1751 5547 98.

563 5575 645 5621 ιιι,
683 5562 771 5616 18.

1842 5496 1886 5525 ⁹²
1920 5492 2194 5550 Perlatum
2226 5505 2327 5551 est.

868 5565 914 5593 9°
948 5564 1034 5627 l5,
1069 5573 1260 5631 qumst.
1310 5564 1375 5615 6:
1426 5564 1848 5632 quandoquidem
1890 5582 1919 5616 η
1966 5566 2349 5618 sacerdotibus.

2255 4564 2539 4654 Epitraim,
2577 4564 2805 4640 fractus
2826 4564 2909 4640 est
2932 4586 3163 4655 judicio,
3197 4585 3443 4655 quoniam
3471 4564 3687 4655 crepitat-ir?

2252 4686 2376 4747 post
2405 4678 2645 4733 sordem.
2676 4678 2743 4732 Et
2776 4694 2875 4748 ego
2909 4678 3068 4748 quasi
3099 4679 3242 4732 tinea
3273 4674 3526 4746 Ephraim,
3552 4668 3687 4723 Ml!“

2252 4770 2481 4839 putredo
2511 4769 2701 4825 domui
2743 4769 2904 4824 Juda.
2938 4769 3005 4823 Et
3050 4770 3183 4824 vidit
3214 4768 3454 4839 Ephraim
3490 4760 3685 4845 langues"m

2252 4875 2445 4926 suum,
2481 4872 2536 4914 et
2565 4860 2735 4917 Judas
2775 4863 3053 4917 vinculum
3086 4878 3269 4917 suum.
3314 4861 3376 4915 Et
3401 4856 3509 4913 abiit
3534 4848 3686 4917 Ερδπυδθ

2255 4951 2322 5005 ad
2346 4955 2553 5019 Assur,
2590 4964 2642 5008 et
2678 4955 2830 5009 misit
2870 4955 2937 5009 ad
2985 4971 3165 5025 regem
3199 4955 3450 5015 ultorem;
3478 4944 3684 5030 613W?“

2255 5046 2451 5112 poterit
2479 5060 2673 5100 sanare
2700 5060 2817 5111 vos,
2856 5062 2956 5101 nec
2982 5047 3195 5101 solvere
3230 5045 3419 5115 poterit
3454 5058 3477 5094 a
3503 5031 3607 5089 vobis
3621 5038 3684 5071 “11'

2253 5136 2435 5190 culum
2470 5138 2533 5191 ”.
2562 5159 2579 5189 ›
2630 5138 2732 5205 Qui
2774 5141 2920 5195 enim
2970 5139 3235 5208 sacrilega
3274 5128 3683 5208 persequuntan

2253 5230 2512 5283 suasione
2541 5239 2593 5283 et
2618 5231 2858 5285 lacerare
2884 5231 3135 5285 nituntur
3159 5230 3453 5299 episcopos,
3474 5220 3535 5273 vel
3555 5224 3615 5266 ωδ
3632 5212 3680 5269 9‘“

2923 5498 3010 5552 9"l
3041 5496 3203 5562 Joan,
3234 5513 3318 5564 tu,
3352 5496 3426 5550 l6.
3490 5488 3541 5564 _”
3563 5474 3674 5564 Εέᾒθο

2426 5497 2471 5528 93

2497 5496 2662 5551 Zacn.
2692 5513 2749 5559 ll,
2791 5497 2847 5554 8,
2923 5498 3010 5552 9"]
3041 5496 3203 5562 Joan’
3234 5513 3318 5564 ιιι,
3352 5496 3426 5550 ιδ.
3509 5496 3541 5525 οῦ
3563 5496 3673 5567 uirus

2545 5569 2805 5622 nonnulli.
2905 5568 2950 5599 98
2990 5586 3296 5622 causarum.
3371 5569 3408 5598 9"
3435 5560 3673 5623 τοίηρισιιβξξ.

2455 5568 2496 5597 9⁷
2545 5569 2805 5622 nonnulli.

564 5631 577 5703 ξ
621 5616 705 5703 ll,
756 5642 949 5702 quzest.
1088 5616 1342 5686 Vir-latum
1389 5616 1521 5687 est.
1568 5636 1586 5663 ⁹
1612 5616 1802 5689 blattlt.
1838 5616 2417 5697 “1.18.4
2928 5640 2947 5670 ⁸
3412 5616 3675 5703 £0563"ng

562 5698 583 5727 ‘
612 5699 738 5754 Ose.
772 5698 866 5765 vti,
914 5704 1104 5757 15-16.
1183 5705 1201 5733 ⁷
1229 5703 1356 5758 Ose.
1394 5706 1584 5769 1x,.17.
1665 5706 1686 5736 ⁸
1718 5704 1845 5759 Ose.
1879 5721 1933 5767 v,
1962 5707 2011 5767 l,
2076 5707 2129 5760 2.

2207 5705 2375 5761 9Ose.
2419 5724 2515 5771 vn,
2552 5710 2581 5760 7

561 5782 750 5836 quatst.
788 5774 851 5826 4:
897 5772 965 5825 Ili
992 5775 1080 5842 qui
1109 5774 1397 5841 episcopos.
1479 5774 1735 5830 “Ezeclt.
1760 5792 1916 5844 xvm,
1955 5777 2046 5832 25.
2127 5778 2171 5808 ”
2205 5776 2331 5833 Ose.
2362 5795 2393 5832 v
2423 5780 2526 5866 .11.
