3802 6210
74 315 193 367 “Mil

1514 310 1895 367 EPISTOLXE.

3233 320 3375 377 1062

74 434 303 489 υυιιιίιιο
342 445 503 490 recte.
546 435 874 499 sacriﬁcant,
908 437 1277 492 indubitanter
1323 451 1448 490 eum
1484 450 1671 504 perse-
1698 439 1743 496 Α
1775 435 1845 488 ab
1865 449 1953 501 eo,
1979 435 2069 489 cui
2101 436 2278 506 ipsum
2300 435 2517 490 sentitis
2542 434 2867 499 adversum;
2892 434 3077 489 Wsed
3091 452 3192 494 nec
3219 439 3373 509 loqui

72 535 317 596 quuntur
350 540 411 583 et
458 528 756 595 dilaniant,
790 529 949 599 cujus
977 531 1095 585 vice
1140 528 1461 600 funguntur.
1515 526 1671 582 Unde

71 621 139 673 ait
172 619 459 675 Dominus
492 637 590 690 per
626 620 741 676 Joel
778 621 1127 691 prophetam:
1165 640 1181 672 ι
1213 620 1469 690 Nunquid
1510 620 1672 674 ultio-

72 728 190 765 nem
237 713 573 767 reddidistis
604 713 770 767 mihi?
802 712 869 767 Et
910 713 953 767 si
987 713 1314 768 ulciscimini
1351 727 1451 766 vos
1480 720 1671 766 contra

74 818 191 865 me,
229 802 385 865 cito,
428 803 690 859 velociter
745 804 966 857 reddam
1023 803 1455 858 vicissitudinem
1515 801 1672 855 vobis

75 907 234 962 snper
275 901 455 962 caput
485 902 725 948 vestrum
749 894 814 945 ¹⁵.
848 914 866 945 ι
927 892 992 947 Ει
1034 910 1131 963 per
1168 891 1306 948 Osee
1350 893 1672 963 prophetam

78 985 343 1039 Dominus
393 986 618 1055 inquit:
652 1005 668 1036 ι
700 984 834 1052 Quis
862 987 1101 1055 sapiens,
1137 995 1191 1041 et
1229 986 1492 1055 intelliget
1525 985 1674 1039 ista?

75 1077 412 1147 intelligens,
458 1088 515 1132 et
550 1078 683 1133 sciet
713 1078 811 1132 ea?
839 1077 977 1144 Quia
1014 1087 1172 1132 recta:
1208 1078 1311 1131 vite
1348 1076 1587 1140 Domini,
1620 1084 1674 1129 et

72 1171 199 1239 justi
253 1170 629 1229 ambulabunt
663 1170 717 1224 in
744 1172 859 1238 eis;
898 1173 1344 1240 praevaricatores
1384 1185 1512 1224 vero
1550 1185 1674 1224 eor-

77 1274 228 1318 ruent
264 1265 320 1317 in
365 1266 455 1318 eis
481 1264 546 1318 ¹⁶.
587 1284 604 1314 ι
644 1264 709 1317 Ει
747 1264 862 1333 ipsa
902 1280 997 1334 per
1034 1280 1092 1319 se
1122 1263 1339 1319 Veritas
1380 1264 1486 1317 ait:
1519 1282 1537 1314 ι
1568 1261 1672 1328 Qui

78 1376 167 1412 vos
209 1357 404 1421 audit,
440 1372 529 1409 me
572 1357 755 1410 audit:
786 1366 839 1410 et
886 1356 979 1425 qui
1010 1372 1107 1410 vos
1139 1357 1379 1426 spernit,
1406 1370 1493 1408 me
1522 1369 1675 1423 sper-

80 1451 151 1504 nit
176 1451 239 1503 ¹⁷.
280 1469 299 1500 ι
352 1448 459 1503 llis
489 1458 541 1502 et
581 1449 703 1502 aliis
736 1447 855 1501 fulti
908 1448 1330 1518 quamplurimis
1378 1446 1673 1501 Dominicis

82 1541 388 1611 prmceptis,
428 1540 669 1595 vitantes
698 1541 982 1594 hominum
1021 1542 1376 1609 perditiones,
1404 1555 1525 1593 cum
1558 1554 1675 1591 om-

83 1635 237 1687 nibus
294 1633 475 1702 hujus
527 1642 729 1688 sanctaa
770 1631 948 1695 sedis,
991 1648 1155 1702 quam
1205 1632 1469 1686 Dominus
1513 1638 1676 1704 caput

82 1728 241 1781 totius
264 1724 537 1781 Ecclesiae
572 1726 875 1791 constituit,
910 1726 1196 1790 membris,
1231 1724 1358 1779 talia
1387 1723 1503 1778 lieri
1535 1738 1657 1791 pro-

84 1822 354 1886 bibemus,
391 1837 464 1874 ne
511 1819 880 1875 confundatur
911 1819 1144 1888 pepulus
1188 1818 1401 1872 Domini
1430 1817 1485 1871 in
1519 1824 1669 1870 mter-

88 1930 230 1968 num.
258 1912 405 1966 Nam
435 1921 492 1966 et
535 1928 564 1966 a
596 1911 1093 1982 praedecessoribus
1132 1910 1338 1965 nostris
1379 1908 1669 1963 inhibitum

88 2002 328 2071 legimus,
359 2011 423 2055 ut
465 2017 629 2055 nemo
654 2001 942 2056 contristet
979 2002 1253 2063 doctores,
1294 2013 1471 2068 neque
1503 2012 1668 2051 accu-

88 2094 349 2149 sationem
408 2095 679 2149 adversus
734 2110 829 2149 eos
874 2093 1159 2163 suscipiat.
1205 2092 1247 2121 ¹⁸
1278 2092 1397 2161 Ipse
1432 2105 1672 2159 namque

88 2189 455 2254 apostolorum
494 2188 746 2258 princeps
774 2188 829 2241 in
879 2185 1225 2241 ordinatione
1251 2184 1393 2238 beati
1423 2182 1673 2236 Clemen-

88 2279 150 2333 tis
181 2280 450 2349 populum
507 2279 784 2333 instruens
805 2320 819 2339 ,
855 2277 930 2330 ait
958 2294 1011 2330 ε(
1031 2274 1351 2341 Quicunque
1376 2273 1669 2327 contrista-

91 2372 214 2425 verit
262 2371 556 2425 doctorem
604 2369 885 2434 veritatis,
934 2376 1129 2438 peccat
1162 2366 1215 2419 in
1265 2364 1542 2419 Christum
1570 2406 1585 2430 ,
1620 2374 1673 2419 et

89 2458 289 2515 Patrem
323 2461 582 2515 omnium
613 2460 905 2513 exacerbat
946 2457 1137 2521 Deum,
1182 2464 1402 2525 propter
1433 2456 1580 2525 quod
1622 2466 1672 2511 et

91 2553 186 2605 vita
215 2552 483 2605 carebit.»
506 2548 782 2603 EtDoctor
809 2548 1051 2620 gentium
1087 2546 1265 2616 inquit
1292 2566 1303 2598 :
1335 2563 1353 2595 ι
1381 2543 1439 2598 Si
1471 2560 1667 2614 prteoc-

92 2652 308 2712 cupatus
343 2642 517 2696 fuerit
544 2642 708 2695 homo
738 2640 790 2693 in
823 2640 1011 2709 aliquo
1048 2638 1265 2701 delicto,
1299 2653 1399 2692 vos
1430 2637 1523 2707 qui
1560 2637 1673 2706 spi-

95 2734 307 2787 rituales
359 2732 523 2796 estis,
564 2740 867 2786 sustentate
898 2731 1051 2783 illum
1092 2730 1145 2783 in
1180 2729 1375 2798 spiritu
1410 2730 1672 2796 lenitatis,

94 2824 442 2878 considerans
471 2824 729 2892 teipsum,
752 2838 817 2875 ne
840 2831 893 2875 et
917 2830 974 2875 tu
1007 2823 1247 2875 tenteris.
1275 2822 1425 2875 Alter
1450 2822 1676 2875 alterius

97 2931 247 2970 altera
272 2924 519 2986 portate,
545 2925 597 2968 et
628 2915 708 2969 sic
741 2912 1110 2983 adimplebitis
1128 2914 1300 2983 legem
1330 2912 1532 2968 Christi
1560 2915 1624 2966 ¹⁰.
1652 2931 1669 2964 ι

98 3004 193 3061 llas
222 3009 649 3063 considerantes
682 3008 912 3077 pietates
945 3014 999 3059 et
1029 3005 1267 3074 pericula
1296 3004 1532 3059 vitantes
1558 3004 1677 3058 ani-

101 3117 316 3164 marum,
342 3117 457 3155 una
484 3117 610 3154 cum
633 3099 888 3154 omnibus
914 3096 1130 3152 Domini
1157 3096 1555 3161 sacerdotibus,
1583 3098 1674 3166 qui
1706 3136 1750 3195 C

99 3190 369 3244 nobiscum
401 3191 464 3243 in
498 3189 642 3243 hanc
682 3203 899 3242 sacram
946 3196 1323 3241 convenerunt
1363 3186 1585 3250 urbem,
1626 3198 1679 3241 et

102 3297 211 3335 cum
240 3282 507 3336 omnibus
532 3281 697 3350 hujus
728 3280 924 3349 capitis
956 3279 1240 3343 membris,
1276 3278 1417 3332 sicut
1440 3294 1470 3331 a
1504 3278 1680 3333 beatis

103 3376 368 3442 apestolis,
402 3384 462 3429 et
492 3389 522 3427 a
558 3373 786 3442 reliquis
831 3372 1033 3426 sanctis
1070 3370 1361 3435 Pati-ibus,
1394 3380 1448 3425 et
1492 3386 1522 3425 a
1556 3388 1681 3426 suc-

104 3468 397 3522 cessoribus
445 3481 640 3520 eorum
690 3464 1043 3533 accepimus,
1084 3474 1383 3517 statuentes
1433 3463 1680 3518 decerni-

105 3573 230 3622 mus,
261 3574 462 3614 omnes
493 3557 588 3627 qui
619 3565 844 3611 sanctos
882 3555 1075 3609 Patres
1110 3563 1544 3626 persequuntur,
1585 3565 1681 3608 aut

107 3668 334 3708 amovere
360 3652 455 3707 vel
477 3652 777 3707 dilacerare
809 3648 1103 3703 manifeste
1136 3650 1405 3712 nituntur,
1445 3649 1679 3703 infames

104 3757 210 3798 esse
242 3753 293 3798 et
323 3746 542 3799 alienos
596 3758 627 3797 a
657 3742 937 3796 liminibus
990 3740 1251 3796 Ecclesia:
1281 3756 1456 3811 usque
1496 3741 1562 3795 ad
1592 3754 1679 3793 sa-

109 3834 461 3892 tisfactionem
512 3834 659 3897 t'ieri,
688 3834 817 3905 quia
853 3833 935 3887 sic
969 3833 1085 3887 odit
1128 3832 1274 3886 Deus
1309 3848 1405 3886 eos
1438 3832 1534 3900 qui
1577 3830 1677 3884 ad‘

107 3940 276 3981 versus
296 3929 341 3959 ²⁰
368 3927 568 3982 Patres
600 3934 905 3989 armantur,
943 3934 1001 3978 ut
1027 3923 1253 3981 Patrum
1282 3924 1565 3978 invasores
1595 3922 1679 3975 vel

110 4017 487 4076 destructores.
542 4018 647 4085 Qui
700 4019 823 4074 ideo
884 4016 1118 4073 infames
1177 4016 1519 4082 efficiuntur,
1550 4014 1679 4083 quia

110 4105 278 4167 Patres
321 4120 758 4183 persequuntur.
784 4109 940 4175 Quod
988 4107 1035 4163 si
1071 4124 1171 4163 nec
1214 4107 1364 4177 loqui
1407 4106 1489 4161 eis
1530 4106 1677 4171 licet,

110 4204 289 4271 quibus
315 4207 577 4261 doctores
603 4204 839 4270 summi,
875 4217 1014 4272 quos
1042 4204 1350 4273 Episcopos
1391 4214 1678 4263 vocamus,

112 4304 313 4365 propter
355 4313 553 4353 eorum
590 4295 797 4351 scelera
829 4293 1224 4359 adversantur;
1254 4299 1461 4363 quanto
1505 4287 1681 4371 magis

111 4386 178 4441 eis
208 4390 295 4458 qui
326 4406 429 4445 eos
460 4388 758 4453 infestant,
796 4401 896 4440 nec
934 4385 1393 4441 consentiendum
1439 4393 1545 4451 est,
1581 4397 1682 4437 nec

1774 527 1861 581 his
1883 526 2087 595 quibus
2118 528 2241 596 ipse
2259 542 2369 582 non
2396 527 2660 597 loquitur,
2689 536 2748 582 ut
2776 530 3163 601 unusquisque
3191 531 3283 600 qui
3316 532 3373 586 in

1773 620 1935 689 culpa
1977 627 2092 684 est,
2125 621 2253 674 dum
2305 621 2553 674 omnium
2609 630 2851 674 vestrum
2889 622 3042 691 cupit
3097 622 3372 676 amicitias

1774 711 1952 777 ferre,
1992 711 2217 766 festinet
2256 713 2419 767 citius
2476 712 2821 767 reconciliari
2861 712 2911 766 ei
2956 714 3052 783 qui
3108 714 3370 768 omnibus

1777 811 1998 870 praeest,
2032 813 2091 857 ut
2120 820 2219 872 per
2246 803 2350 857 hoc
2377 804 2563 857 redeat
2597 804 2661 858 ad
2694 804 2950 869 salutem,
2983 820 3109 859 eum
3145 806 3370 861 obedire

1774 895 2007 963 cmperit
2048 895 2271 949 monitis
2310 896 2675 964 praesidentis.
2725 896 2783 948 Si
2823 910 2955 949 vero
2994 897 3120 965 quis
3154 897 3369 951 amicus

1774 985 1945 1040 fuerit
1978 987 2063 1041 his
2098 986 2302 1056 quibus
2330 988 2444 1056 ipse
2487 987 2697 1041 amicus
2735 1002 2844 1040 non
2886 998 2994 1055 est,
3044 999 3098 1043 et
3146 989 3368 1043 locutus

1775 1076 1946 1131 fuerit
1976 1077 2063 1131 his
2084 1078 2287 1147 quibus
2312 1078 2427 1147 ipse
2457 1093 2566 1131 non
2598 1079 2862 1148 loquitur,
2894 1096 3040 1135 unus
3059 1089 3142 1134 est
3168 1090 3223 1134 et
3249 1080 3367 1149 ipse

1774 1184 1841 1223 ex
1878 1169 1987 1224 illis
2029 1170 2121 1239 qui
2169 1170 2540 1224 exterminare
2584 1170 2886 1225 Ecelesiam
2926 1172 3019 1227 Dei
3062 1175 3280 1236 volunt;
3310 1183 3367 1227 et

1775 1276 1902 1315 cum
1955 1276 2183 1330 corpore
2228 1261 2517 1315 vobiscum
2566 1278 2688 1317 esse
2738 1264 3027 1327 videatur,
3080 1274 3263 1318 mente
3309 1274 3367 1319 et

1776 1352 1963 1406 animo
1976 1363 2167 1406 contra
2196 1368 2293 1407 vos
2309 1361 2410 1407 est.
2433 1353 2500 1407 Et
2517 1362 2599 1407 est
2621 1355 2792 1407 multo
2810 1355 3044 1423 nequior
3060 1354 3231 1409 hostis
3251 1354 3363 1421 hic,

1776 1460 1945 1515 quam
1967 1445 2044 1498 illi
2076 1446 2170 1514 qui
2206 1444 2342 1500 foris
2372 1455 2521 1511 sunt,
2554 1456 2606 1499 et
2638 1446 2920 1501 evidenter
2965 1446 3173 1502 inimici
3210 1458 3360 1502 sunt.

1776 1537 1877 1593 llic
1906 1539 2054 1592 etiim
2099 1553 2195 1608 per
2225 1538 2593 1592 amicitiarum
2642 1539 2918 1608 speciem,
2969 1555 3091 1608 quae
3140 1539 3364 1594 inimica

1776 1639 1910 1687 sunt
1941 1631 2100 1702 gerit,
2132 1640 2186 1685 et
2220 1630 2521 1685 Ecclesiam
2553 1630 2818 1701 dispergit
2852 1645 2916 1684 ac
2945 1639 3141 1686 vastat.

1878 1861 1956 1916 De
1992 1862 2258 1931 scriptura
2301 1861 2381 1914 vel
2418 1862 2745 1930 confessione
2774 1878 2866 1929 per
2897 1864 3001 1917 vim
3028 1871 3256 1917 extorta.

1845 1975 1890 2007 ³⁸
1955 1974 2218 2028 Similiter
2281 1974 2326 2029 si
2393 1974 2707 2043 hujusmodi
2781 1975 3035 2044 personis
3109 1974 3362 2044 quaedam

1770 2068 2051 2137 scriptura:
2100 2082 2326 2136 quoquo
2358 2066 2523 2121 modo
2556 2082 2650 2135 per
2681 2076 2919 2129 metum,
2943 2075 3038 2120 aut
3070 2066 3317 2119 fraudem
3343 2106 3359 2132 ,

1774 2170 1868 2214 aut
1899 2175 1998 2229 per
2028 2160 2137 2213 vim
2164 2169 2393 2214 extorta:
2430 2159 2654 2227 fuerint,
2684 2160 2768 2213 vel
2798 2170 2856 2213 ut
2893 2175 2952 2213 se
2983 2159 3216 2212 liberare
3234 2174 3362 2226 pos-

1775 2252 1904 2312 sint,
1953 2267 2282 2322 quocunque
2336 2252 2405 2306 ab
2456 2252 2536 2306 eis
2586 2253 2910 2321 conscrian
2954 2251 3036 2304 vel
3087 2250 3361 2303 roborata:-

1776 2344 1979 2399 fuerint
2014 2345 2256 2415 ingenio,
2287 2345 2354 2399 ad
2389 2346 2599 2399 nullum
2625 2345 2705 2398 eis
2737 2343 3112 2413 praeiudicium
3146 2353 3238 2395 aut
3262 2357 3361 2395 no-

1778 2446 2094 2491 cumentum
2127 2439 2409 2507 pervenire
2444 2438 2490 2469 "
2516 2454 2825 2500 censemus,
2864 2452 3041 2506 neque
3086 2436 3249 2489 ullam
3279 2435 3361 2489 eis

1779 2528 2064 2582 infamiam
2099 2529 2183 2582 vel
2220 2528 2574 2591 calumniam,
2611 2536 2709 2581 aut
2755 2544 2784 2580 a
2819 2528 2937 2581 suis
2967 2526 3363 2595 sequestratio-

1778 2634 1902 2671 nem
1947 2618 2131 2679 bonis,
2165 2633 2431 2688 unquam,
2472 2626 2695 2671 auctore
2731 2615 2861 2679 Deo,
2898 2625 2951 2670 et
2979 2616 3186 2671 sanctis
3231 2630 3364 2685 apo-

1779 2708 1933 2763 stolis
1969 2724 2273 2779 eorumque
2305 2709 2743 2773 successoribus,
2776 2708 3050 2762 sustinere
3091 2707 3362 2777 permitti-

1779 2815 1924 2853 mus.
1961 2799 2250 2854 Confessio
2282 2815 2413 2854 vero
2457 2800 2509 2852 in
2548 2781 2749 2853 talibus
2782 2814 2890 2851 non
2916 2798 3229 2867 compulsa,
3266 2796 3364 2850 sed

1779 2899 2080 2958 spontanea
2108 2890 2224 2944 fieri
2255 2890 2434 2957 debet,
2469 2890 2586 2958 ipso
2618 2898 2910 2943 attestante
2940 2889 3035 2958 qui
3073 2890 3149 2942 ait
3179 2906 3193 2942 :
3228 2906 3248 2938 ι
3284 2886 3361 2940 Ex

1779 2982 1944 3036 corde
1976 2982 2121 3035 enim
2154 2981 2455 3051 procedunt
2494 2980 2810 3045 homicidia,
2860 2979 3149 3041 adulteria,
3182 2978 3364 3032 forni-

1781 3080 2048 3143 cationes,
2084 3077 2610 3146 lilaspltemiaa",iet
2639 3084 2834 3129 cwtera
2860 3088 2981 3143 qum
3004 3082 3132 3127 sunt
3160 3072 3227 3125 ad
3251 3072 3366 3125 haec

1782 3171 2128 3241 pertinentia.
2162 3167 2274 3223 Nec
2303 3176 2513 3222 tantum
2540 3166 2866 3221 attendenda
2901 3176 3029 3219 sunt
3052 3180 3175 3234 qua-
3204 3164 3362 3227 ﬁunt,

1782 3271 2047 3333 quantum
2066 3277 2174 3331 quo
2192 3260 2376 3315 animo
2408 3260 2562 3323 fiant,
2579 3271 2813 3327 quorum
2832 3255 3076 3323 exempla
3104 3253 3148 3307 si
3179 3254 3364 3307 omnia

1784 3356 2023 3410 scribere
2057 3352 2409 3421 coeperimus.
2443 3359 2570 3403 ante
2600 3348 2717 3403 dies
2746 3362 2912 3417 quam
2946 3345 3193 3413 exempla
3234 3344 3368 3397 deli-

1783 3446 1947 3499 cient.
1965 3442 2119 3497 Unde
2131 3452 2184 3496 et
2198 3442 2327 3495 illud
2345 3451 2449 3505 est,
2470 3439 2613 3510 quod
2628 3439 2893 3494 Dominus
2908 3438 2973 3492 ad
2991 3453 3216 3492 munera
3232 3437 3366 3491 Abel

1782 3538 2044 3607 respexit,
2062 3543 2117 3589 et
2136 3552 2240 3589 non
2260 3536 2325 3589 ad
2354 3533 2488 3587 Cain
2508 3553 2521 3598 ;
2540 3534 2667 3602 quia
2690 3533 2862 3603 magis
2892 3532 3123 3586 intendit
3142 3530 3209 3584 ad
3235 3529 3369 3583 olfe-

1782 3630 1954 3685 rentis
1978 3628 2245 3693 animum,
2268 3643 2431 3697 quam
2463 3627 2531 3680 ad
2560 3644 2622 3679 ea
2648 3641 2770 3695 quae
2799 3624 3124 3679 olfcruntur.
3157 3621 3287 3675 Inde
3313 3633 3368 3677 et

1784 3721 2046 3777 Dominus
2063 3736 2155 3790 per
2176 3718 2505 3789 Prophetam
2528 3719 2705 3788 inquit
2730 3736 2743 3771 :
2769 3737 2785 3768 ι
2814 3716 3077 3771 Dominus
3093 3714 3196 3770 scit
3217 3715 3369 3783 cogi-

1782 3818 2021 3872 taliones
2038 3814 2320 3869 hominum
2349 3812 2416 3866 ²⁶.
2456 3831 2473 3862 ι
2503 3810 2567 3864 Et
2598 3826 2695 3880 per
2716 3809 2855 3865 Osce
2880 3808 2958 3862 ait
2982 3830 2993 3863 :
3018 3826 3035 3858 ι
3061 3806 3119 3860 1η
3147 3814 3369 3876 gutture

1788 3919 1880 3964 tuo
1896 3907 1966 3962 sit
2000 3905 2149 3968 tuba,
2170 3904 2329 3975 quasi
2364 3903 2547 3973 aquila
2583 3917 2747 3971 super
2773 3902 2995 3956 domum
3021 3897 3320 3952 Domini",
3350 3916 3367 3943 ι

1782 4011 1836 4056 et
1852 3999 2080 4068 reliqua.
2103 3995 2169 4049 Et
2192 3995 2460 4051 Dominus
2492 3995 2567 4048 ait
2588 3994 2639 4047 in
2674 3992 2966 4062 Evangelia
2993 4010 3006 4045 :
3032 4011 3051 4042 ‹
3075 3987 3155 4042 Tu
3184 3997 3366 4042 autem

1785 4110 1911 4150 cum
1961 4090 2231 4156 oraveris,
2290 4088 2433 4142 intra
2467 4085 2784 4141 cubiculum
2837 4093 3039 4139 tuum:
3076 4093 3131 4138 et
3179 4082 3369 4135 clauso

1784 4187 1948 4252 ostio,
1985 4201 2081 4240 ora
2107 4182 2320 4237 Patrem
2345 4189 2499 4234 tuum
2521 4178 2586 4231 ²⁸.
2625 4197 2642 4228 ι
2671 4174 2864 4231 Omnis
2884 4176 3029 4230 enim
3067 4170 3366 4232 confessio,

1784 4295 1907 4349 quae
1936 4279 1996 4333 lit
2034 4292 2102 4332 ex
2136 4274 2482 4337 necessitate,
2526 4270 2661 4324 fides
2696 4286 2802 4322 non
2837 4278 2939 4321 est.
2983 4266 3048 4320 Et
3074 4262 3336 4335 Apostolt-

1786 4373 1863 4426 ait
1890 4391 1904 4427 :
1948 4389 1967 4422 ‹
2003 4369 2180 4425 Corde
2203 4368 2347 4423 enim
2376 4365 2618 4420 creditur
2645 4362 2713 4416 ad
2744 4360 3037 4430 justitiam,
3068 4372 3160 4413 ore
3184 4363 3368 4410 autem

115 4476 453 4547 loquendum,
482 4495 551 4535 ne
586 4478 879 4550 participes
904 4492 1093 4531 eorum
1129 4477 1480 4531 inveniantur
1509 4475 1683 4530 scele-
1718 4483 1759 4537 Ι)
1788 4463 2067 4520 confessio
2095 4463 2155 4515 ίὶῑ
2190 4461 2257 4515 ad
2291 4460 2523 4533 εἱειυῑθιη
2548 4456 2615 4509 ²⁹ο
2652 4474 2669 4504 ³
2710 4454 2959 4522 Amplius
2984 4460 3164 4550 δυῑθξη
3197 4448 3371 4550 re?“

115 4568 267 4637 ribus,
299 4574 433 4643 quia
468 4587 577 4626 non
606 4570 785 4625 solum
823 4568 917 4637 qui
957 4566 1188 4631 faciunt,
1216 4567 1308 4620 sed
1342 4574 1397 4620 et
1426 4567 1520 4635 qui
1552 4580 1689 4618 con~

1788 4557 1862 4612 cit
1893 4555 2039 4610 Deus
2076 4554 2143 4606 ad
2178 4552 2542 4622 cogitationes
2577 4556 2630 4601 et
2668 4553 3003 4614 spontaneas
3036 4541 3368 4601 voluntates,

116 4636 336 4717 sentiunt
378 4661 747 4725 facientibus,
784 4636 861 4714 rei
906 4659 1076 4713 sunt?
1122 4659 1164 4689 ²¹
1194 4655 1349 4711 Unde
1396 4666 1449 4710 et
1494 4658 1690 4713 beatus
1774 4664 1953 4732 _quam
1987 4647 2053 4701 ad
2089 4655 2267 4709 aCIUS.
2304 4642 2398 4711 (Illi
2432 4636 3236 4732 P¢F5impli0ilfllcm1_aulper
3273 4642 3369 4681 "e‘

118 4754 350 4827 princeps
414 4754 785 4826 apostolorum
844 4750 1075 4818 Petrus,
1126 4750 1220 4821 qui
1254 4750 1308 4803 in
1341 4748 1692 4803 ordinatione

1787 4725 2101 4795 cessitatem
2134 4736 2292 4790 ﬁunt.
2328 4731 2619 4788 Confessio
2643 4743 2776 4798 ergo
2812 4728 2866 4780 in
2902 4725 3105 4780 talibus
3143 4736 3248 4775 non
3275 4735 3371 4772 ex-

119 4811 755 4921 sancti'przedecessoris
801 4846 978 4902 nostri
1026 4844 1362 4910 Clementis,
1411 4842 1690 4896 instruens
1784 4829 2030 4901 torqueri
2061 4828 2240 4891 debet.
2274 4825 2368 4880 sed
2405 4822 2585 4921 Pmi‘fs
2632 4828 2827 4890 εροηῑο
2879 4815 3156 4921 Prome“;
3189 4811 3371 4915 p‘ESSi'

120 4939 304 4996 clerum
331 4955 383 4998 et
416 4942 705 5013 populum,
731 4940 808 4995 ait
832 4944 940 5000 :sSi
956 4938 1213 4994 inimicus
1241 4935 1406 4989 fuerit
1431 4933 1687 4987 Clemens

122 5033 264 5089 alicui
300 5054 396 5107 pro
434 5036 654 5091 aetibus
686 5036 805 5091 suis
828 5075 843 5097 ,
879 5049 979 5087 vos
1024 5032 1194 5086 nolite
1234 5036 1582 5097 exspectare,
1626 5038 1686 5079 ut

120 5124 220 5194 ipse
258 5131 408 5186 vobis
439 5130 629 5184 dicat:
675 5128 812 5182 Cum
846 5128 940 5180 illo
969 5125 1141 5179 nolite
1188 5120 1351 5176 amici
1410 5135 1559 5184 esse;
1588 5118 1683 5171 sed

122 5220 389 5283 prudenter
444 5221 740 5275 observare
810 5217 1061 5283 debetis,
1122 5224 1176 5269 et
1230 5210 1495 5266 voluntati
1564 5209 1683 5278 ejus

122 5309 304 5380 absque
333 5312 768 5369 eommonitione
801 5310 1199 5372 obsecundare,
1228 5316 1282 5361 et
1313 5310 1559 5358 avertere
1585 5318 1681 5355 vos

225 5448 398 5503 “Joel
450 5464 532 5511 Ill,
565 5448 620 5501 4.
700 5442 1016 5507 ¹⁶058.Χ1ν,
1066 5444 1152 5495 10.
1234 5442 1275 5472 ³⁷
1308 5440 1441 5511 an.
1489 5452 1544 5501 κ,
1575 5434 1660 5511 l6.

124 5516 414 5588 ex‘interpr.
451 5518 683 5571 Bullini:
720 5515 873 5571 Patr.
905 5526 943 5569 ι.
971 5512 1201 5588 Ι.ΑΕυιρι·.

128 5580 458 5657 l_C|eméntis
478 5588 747 5657 ,epistola,
775 5595 830 5640 et
858 5588 931 5657 ἱηΔ
946 5586 1107 5654 epist.
1140 5580 1383 5657 Anacleti
1416 5586 1674 5657 papaﬁet

128 5655 205 5708 ubi
235 5672 414 5727 supra.
478 5646 542 5691 l”'
572 5658 662 5725 15,
685 5646 744 5725 q.
776 5657 841 5709 ϐε
892 5654 953 5711 Si
982 5646 1308 5725 'quandoque
1345 5667 1376 5701 a
1410 5665 1489 5701 sa.
1545 5646 1612 5700 Et
1654 5648 1707 5701 in
1752 5646 1903 5699 Decr.
1936 5646 2027 5698 lvo
2071 5646 2167 5697 lib.

128 5719 475 5772 Thf‘llthl'tnPA
581 5728 627 5759 ³⁸
669 5728 960 5772 nmvenire-
1074 5726 1120 5756 ’⁸
1145 5722 1335 5772 Matth.
1382 5734 1471 5772 ιν.
1504 5718 1591 5771 19,
1702 5718 1747 5748 ³⁸
1772 5716 1917 5772 Psal.
1945 5731 2099 5772 XCIII.
2128 5714 2185 5768 Η

126 5718 477 5799 Ϊὴςιιιῦει-εω.
581 5718 961 5797 “provenire.
1006 5718 1016 5725 ’
1074 5726 1120 5756 "
1145 5718 1335 5777 Matth.
1382 5734 1471 5785 xv,
1504 5718 1591 5771 l9.

581 5728 627 5759 “
669 5728 961 5797 provenire.

130 5793 166 5825 ¹⁹
197 5793 343 5853 Rom.
374 5793 526 5870 i,IO.

1284 5508 1558 5571 "Gal.vn,
1584 5507 1636 5570 I,
1661 5506 1716 5558 2.

1709 5575 1959 5631 similiter
1983 5572 2211 5627 Fabiani
2243 5582 2416 5639 papae.
2523 5572 2565 5593 "
2602 5578 2692 5639 ex“
2713 5574 2857 5639 vers.
2893 5572 3092 5639 nutum
3120 5572 3283 5639 ejuqu

1752 5624 2183 5699 Deci-:lvowlib.
2205 5624 2279 5695 tv'.
2316 5624 2621 5689 lilincmar.
2664 5630 2731 5683 de
2767 5628 3019 5699 divortio
3043 5624 3286 5699 thharii
3315 5632 3372 5699 et

1789 4941 1939 4978 mum
1965 4931 2049 4977 est
2072 4923 2217 4975 enim
2244 4921 2311 4975 dc
2337 4915 2653 4986 suspicione
2667 4922 2763 4967 aut
2791 4920 3003 4967 extorta
3023 4904 3370 4964 confessione

1788 5031 2123 5088 quemquam
2154 5014 2425 5083 judicare,
2473 5024 2599 5065 cum
2636 5008 2811 5076 magis
2856 5006 3135 5074 inspector
3186 4997 3368 5053 cordis

1788 5086 1861 5168 sit
1898 5106 2186 5171 Dominus,
2207 5118 2371 5175 quam
2392 5100 2609 5172 operis;
2638 5110 2691 5152 et
2720 5098 2903 5167 potius
2935 5090 3167 5162 requirit
3184 5086 3368 5140 Domi-

1790 5223 1895 5260 nus
1929 5203 2288 5273 cogitationes
2322 5212 2491 5267 puras
2525 5203 2578 5246 et
2612 5191 2920 5244 voluntates
2956 5186 3150 5246 bonas,
3186 5193 3365 5273 quam

1786 5299 1928 5354 labia
1960 5272 2267 5351 mendacia.
2303 5288 2458 5344 Unde
2501 5295 2556 5341 et
2602 5282 2870 5337 Dominus
2912 5293 3010 5347 per
3043 5272 3367 5346 prophetam

1744 5420 1870 5489 “in
1900 5430 2127 5501 epistola
2168 5426 2462 5501 Clementis
2498 5422 2562 5501 ad
2606 5418 2892 5501 Jacobutn,
2930 5413 3077 5495 circa
3126 5409 3364 5501 iniiinii).

1820 5480 1870 5537 ἷδ
2343 5493 2670 5570 Domninum
2702 5490 2929 5570 Αιηὶοο,ζ
2975 5487 3166 5570 ξῼίξεο.
3235 5480 3277 5570 ’ξ
3311 5480 3366 5533 ill

2523 5566 2565 5593 ²²
2602 5578 2665 5615 ex
2713 5574 2857 5613 vers.
2893 5549 3092 5610 Bullini
3120 5549 3366 5617 ejusdem

2321 5710 2364 5742 ³⁷
2398 5705 2523 5762 Ose.
2577 5718 2698 5769 vm,
2732 5701 2783 5755 I.
2892 5698 2938 5730 ⁸⁸
2972 5695 3161 5752 Matth.
3199 5707 3276 5759 vt,
3309 5691 3371 5748 6.
