3766 6360
404 372 427 425 l
440 370 543 425 065

1699 350 2097 409 ALEXANDRI
2136 353 2155 407 l
2195 347 2399 405 ΡᾹΡΑΞ

3612 324 3729 389 ΠΜ

404 482 661 549 loquens.
696 476 769 530 ait
798 494 811 529 :
856 495 872 526 ‹
912 473 1150 544 Populus
1178 473 1281 529 iste
1313 470 1475 527 labiis
1499 486 1585 525 me
1612 471 1872 533 honorat,
1895 484 1993 523 cor
2021 475 2068 533 Α
2096 479 2358 538 tanquam
2414 463 2788 535 apostolorum
2811 503 2827 528 ,
2883 460 3229 528 Patremque
3280 454 3563 549 aliorum
3614 466 3695 503 ea

407 582 588 628 autem
623 585 813 625 eorum
851 569 1011 638 longe
1034 577 1119 622 est
1152 582 1182 620 a
1216 581 1306 620 me
1328 566 1425 611 ⁸⁸.»
1476 562 1859 633 Pejusmalum
1880 560 1997 617 fore

408 679 518 717 non
554 662 787 725 aestimo,
818 676 985 731 quam
1015 659 1366 715 Christianos
1390 657 1508 712 suis
1546 656 1792 711 invidere
1818 656 1998 709 sacer-

409 755 650 809 dotibus.
688 753 855 807 Novit
879 754 1025 807 enim
1059 752 1327 805 Dominus
1357 750 1449 820 qui
1480 757 1609 805 sunt
1637 748 1775 818 ejus.
1810 747 1853 779 ³¹
1877 745 1997 801 Non

411 857 591 919 potest
625 856 811 902 autem
849 847 1092 899 humano
1126 842 1487 898 condemnari
1521 840 1796 906 examine,
1833 854 1997 909 quem

413 943 557 997 Dens
592 958 697 996 suo
730 941 1032 995 reservavit
1061 937 1295 1007 judicio.
1344 936 1403 990 Si
1446 936 1631 989 omnia
1666 949 1903 1004 namque
1943 935 1997 986 in

414 1038 517 1089 hoc
551 1034 753 1089 saeculo
794 1032 1073 1087 vindicata
1107 1038 1315 1093 essent,
1344 1028 1389 1060 ³¹
1440 1027 1621 1082 locum
1656 1027 1844 1081 divina
1890 1041 1999 1080 non

414 1127 680 1181 haberent
700 1124 930 1195 judicia.

1165 1233 1256 1288 ΠΙ.

418 1330 476 1385 Si
526 1331 644 1400 quis
694 1330 945 1384 adversus
1003 1329 1299 1398 episcopum
1342 1328 1433 1400 rvel
1489 1338 1693 1382 actores
1751 1323 2005 1383 Ecclesia:

960 1399 1229 1470 querelam
1260 1399 1465 1453 habuit.

489 1514 648 1581 Quod
685 1524 867 1569 autem
906 1514 973 1568 ad
1009 1514 1149 1568 alios
1181 1512 1394 1583 judices
1428 1512 1582 1583 prius
1616 1527 1724 1565 non
1748 1510 2005 1572 debeant,

419 1623 583 1677 quam
620 1608 685 1661 ad
720 1608 1035 1662 sacerdotes
1071 1608 1147 1677 (9)
1183 1606 1267 1661 vel
1297 1606 1577 1662 auditores
1636 1605 1681 1637 ³³
1752 1602 2009 1660 Ecclesiae

423 1701 697 1765 accusari,
732 1700 805 1753 ita
839 1715 867 1752 a
903 1708 1153 1769 tempore
1186 1698 1563 1768 apostolorum
1611 1706 1666 1753 et
1700 1696 1866 1760 inl'ra,
1910 1696 2009 1751 ob—

424 1803 701 1849 servatum
738 1801 792 1847 et
824 1790 1113 1847 ditlinitum
1148 1792 1483 1846 invenimus.
1516 1791 1565 1823 ”
1620 1789 1677 1845 Si
1709 1790 1835 1860 quis
1878 1805 2005 1859 erga

423 1882 765 1952 episcopum,
797 1892 843 1925 ³⁸
890 1892 987 1937 aut
1031 1891 1283 1937 auctores
1306 1883 1351 1914 ³⁸
1384 1881 1661 1945 Ecclesiae,
1706 1880 2008 1951 quamlibet

424 1977 704 2046 querelam
742 1976 826 2030 vel
862 1977 1140 2031 actionem
1176 1976 1325 2045 juste
1359 1992 1419 2031 se
1464 1976 1667 2030 trahere
1696 1975 2008 2041 crediderit,

427 2067 544 2137 ipse
586 2066 969 2136 Redemptoris
1002 2067 1088 2121 sui
1144 2066 1345 2138 (cujus
1379 2067 1524 2122 actio
1572 2076 1763 2121 nostra
1801 2074 1889 2121 est
1928 2066 2013 2120 in-

427 2158 678 2227 stitutio)
715 2160 930 2214 viarum
968 2175 1077 2214 non
1112 2160 1429 2223 immemor,
1466 2159 1560 2215 sed
1592 2167 1829 2215 sectator
1855 2174 2012 2230 egre-

428 2249 574 2319 gius,
606 2250 701 2319 qui
736 2266 860 2305 cum
896 2251 1335 2318 maledicerelur,
1367 2267 1477 2304 non
1514 2251 1897 2317 maledicebat,
1920 2249 2015 2305 sed

431 2350 691 2409 tanquam
734 2340 853 2395 ovis
901 2356 1087 2395 coram
1137 2341 1402 2397 tondente
1437 2358 1496 2396 se
1538 2341 1815 2395 obmutuit
1852 2341 1920 2409 ³⁷,
1953 2356 2018 2396 ac

429 2447 531 2502 pro
574 2433 691 2487 suis
732 2435 1179 2502 persecutoribus
1237 2435 1291 2487 in
1342 2449 1507 2488 cruce
1554 2434 1819 2503 pendens,
1872 2433 2018 2503 apud

432 2522 647 2577 Patrem
684 2524 997 2581 intercessit
1020 2526 1086 2592 ³⁸,
1120 2541 1227 2580 non
1262 2528 1415 2596 prius
1451 2526 1711 2597 primates
1750 2535 1844 2579 aut
1884 2526 2020 2580 alios

429 2615 647 2684 judices
680 2615 860 2684 adeat,
889 2634 1057 2687 quam
1086 2620 1237 2688 ipsos
1265 2634 1295 2673 a
1330 2620 1533 2688 quibus
1562 2634 1621 2673 se
1644 2620 1837 2674 laesum
1872 2618 2021 2674 testi-

435 2721 571 2777 mat,
607 2714 900 2768 conveniat
934 2713 1297 2780 familiariter,
1332 2725 1387 2769 et
1425 2729 1532 2769 non
1570 2715 1758 2782 semel,
1794 2716 1886 2770 sed
1922 2731 2023 2771 sm-

436 2803 680 2872 pissime,
719 2814 779 2858 ut
813 2806 881 2859 ab
912 2805 992 2859 eis
1026 2814 1120 2858 aut
1151 2822 1307 2859 suam
1340 2805 1613 2874 justitiam
1649 2806 1904 2876 accipiat,
1929 2814 2025 2862 aut

434 2895 639 2965 justam
693 2898 1132 2951 excusationem.
1179 2896 1317 2951 Boni
1369 2913 1565 2968 nempe
1613 2907 1669 2953 et
1709 2914 1836 2954 vere
1864 2898 2025 2953 Chri-

440 2985 606 3038 stiani
636 2986 877 3040 hominis
907 2993 1012 3048 est.
1045 3002 1157 3042 rem
1185 2988 1359 3056 ipsam
1392 2988 1651 3044 omnibus
1685 2988 1940 3043 amicitiae
1962 3003 2027 3042 ac

438 3078 591 3147 pacis
631 3079 844 3150 legibus
890 3081 1041 3149 prius
1082 3088 1316 3146 tentare,
1363 3096 1530 3151 quam
1569 3081 1622 3134 in
1651 3081 1862 3151 judicio
1897 3080 2025 3151 (ubi

2100 570 2357 630 temptor.
2411 557 2486 612 De
2530 555 2733 627 quibus
2772 554 2848 608 ait
2894 552 3164 623 propheta
3200 567 3215 604 :
3263 566 3285 598 ι
3324 544 3535 599 Erunt
3582 548 3709 611 quasi

2101 667 2208 705 non
2238 651 2373 716 sint,
2401 658 2455 704 et
2470 647 2722 718 peribunt
2745 644 2849 698 viri
2871 644 2965 712 qui
2991 639 3421 697 contradicunt
3450 634 3679 688 vobis”.
3698 654 3713 683 ι

2845 774 2934 832 IV.

2106 880 2172 935 Ut
2202 881 2257 931 in
2285 877 2549 931 oblatione
2578 881 3029 929 sacramentorum
3055 874 3554 949 commemoretur
3574 861 3717 943 persia

2173 950 2395 1013 Christi,
2419 957 2466 1001 et
2504 956 2558 999 ut
2594 945 2748 1015 panis
2784 952 2989 997 tantum
3017 949 3066 993 et
3102 945 3294 993 vinum
3329 952 3501 1006 aqua
3533 946 3715 985 misria

2177 1021 2457 1089 offeratur.

2175 1135 2220 1167 ⁸ο
2248 1132 2308 1189 In
2356 1139 2829 1189 sacramentorum
2864 1141 3086 1197 quoque
3120 1120 3589 1185 oblationibus,
3624 1136 3719 1187 qu

2105 1230 2246 1285 inter
2279 1228 2573 1282 missarum
2617 1222 2883 1279 solemnia
2918 1220 3153 1275 Domino
3191 1216 3573 1277 offeruntur,
3618 1229 3705 1280 pas

2106 1323 2189 1378 sio
2228 1320 2443 1376 Domini
2484 1316 2766 1374 miscenda
2799 1324 2903 1380 est,
2939 1322 3000 1369 ut
3032 1313 3178 1383 ejus,
3219 1311 3408 1381 cujus
3446 1322 3651 1375 corpus
3679 1318 3716 1358 et

2107 1416 2330 1486 sanguis
2360 1413 2667 1478 coniicitur,
2695 1410 2883 1483 passio
2918 1408 3262 1469 celebretur,
3300 1404 3389 1457 ita
3428 1410 3525 1463 ut,
3567 1400 3715 1467 repul-

2109 1508 2186 1563 sis
2222 1506 2575 1578 opinionibus
2605 1503 3081 1575 superstitionum,
3110 1498 3284 1570 panis
3312 1504 3565 1550 tantum
3590 1502 3635 1547 et
3658 1494 3713 1543 ri.

2110 1615 2240 1653 num
2277 1614 2416 1669 aqua
2449 1597 2767 1668 permistum
2800 1595 2853 1649 in
2895 1593 3165 1650 sacriﬁcio
3207 1590 3583 1646 oﬂ’erantur.
3624 1584 3711 1637 Nec

2111 1688 2269 1743 debet
2291 1688 2436 1743 enim
2474 1689 2492 1756 (
2517 1694 2580 1743 ut
2610 1702 2639 1741 a
2674 1685 2939 1740 Patribns
2968 1682 3319 1752 accepimus,
3350 1690 3417 1734 et
3456 1681 3584 1748 ipsa
3609 1678 3713 1729 nti!)

2112 1778 2310 1849 docet)
2335 1780 2390 1835 in
2422 1780 2588 1835 calice
2610 1777 2829 1832 Domini
2852 1785 2948 1832 aut
2968 1776 3156 1830 vinum
3191 1774 3435 1838 solum,
3479 1781 3581 1824 aut
3603 1786 3713 1837 aqua

2110 1870 2226 1925 sola
2273 1868 2478 1936 oﬂ‘erri,
2529 1870 2623 1925 sed
2675 1878 2968 1938 utrumque
3008 1866 3357 1937 permistnm
3422 1862 3576 1935 (10),
3614 1862 3712 1929 quia

2108 1969 2405 2031 utrumque
2426 1975 2493 2014 ex
2515 1959 2685 2014 latere
2706 1959 2829 2029 ejus
2859 1958 2912 2012 in
2938 1958 3202 2029 passione
3238 1968 3353 2010 sua
3392 1952 3711 2023 proﬂuxisse

2111 2052 2328 2124 legitur.
2375 2053 2497 2124 Ipsa
2545 2068 2676 2107 vero
2709 2049 2927 2108 Veritas
2976 2068 3079 2106 nos
3112 2049 3362 2105 instruit
3398 2047 3635 2102 calicem
3676 2056 3715 2096 α

2122 2161 2321 2216 panem
2367 2146 2422 2201 in
2471 2156 2817 2201 sacramento
2852 2143 3069 2206 oﬂ‘erre.
3114 2142 3357 2212 quando
3396 2141 3483 2194 ait
3527 2158 3543 2192 :
3580 2156 3599 2188 ι
3633 2140 3711 2189 Ac-

2115 2240 2262 2309 cepit
2292 2237 2452 2294 Jesus
2482 2252 2699 2308 panem,
2736 2245 2789 2292 et
2824 2236 3125 2301 benedixit,
3156 2235 3455 2304 deditque
3497 2232 3712 2298 discipu-

2116 2330 2185 2385 lis
2218 2331 2355 2397 suis,
2391 2330 2583 2386 dicens
2627 2350 2639 2385 :
2688 2329 2933 2399 Accipite
2966 2334 3021 2383 et
3076 2327 3467 2392 manducate,
3515 2325 3616 2379 hoc
3650 2336 3711 2376 es:

2117 2422 2262 2475 enim
2298 2422 2342 2453 δ’
2390 2437 2593 2492 corpus
2636 2437 2841 2486 meum,
2885 2419 3031 2491 quod
3083 2434 3183 2488 pro
3229 2420 3412 2474 vobis
3466 2418 3706 2471 tradetur.

2121 2513 2407 2580 Similiter,
2442 2523 2732 2585 postquam
2765 2512 3022 2579 cmnavit,
3057 2511 3278 2580 accepit
3315 2510 3594 2569 calicem,
3636 2510 3707 2559 dc-

2120 2606 2308 2676 ditque
2352 2604 2649 2676 discipulis
2693 2605 2828 2670 suis,
2864 2602 3053 2659 dicens
3094 2621 3106 2656 :
3147 2602 3444 2672 Accipite,
3489 2613 3542 2656 et
3577 2601 3710 2653 bibite

2123 2714 2191 2751 ex
2242 2712 2307 2752 co
2339 2712 2570 2764 omnes,
2608 2697 2736 2766 quia
2789 2696 2879 2751 hic
2916 2706 3001 2751 est
3052 2695 3193 2750 calix
3232 2695 3556 2764 sanguinis
3595 2694 3705 2751 mei.

2112 2788 2217 2863 qui
2258 2804 2359 2858 pro
2402 2788 2555 2845 vobis
2612 2787 2872 2844 fundetur
2914 2789 2969 2843 in
3019 2787 3433 2843 remissionem
3489 2796 3709 2855 peccata-

2124 2896 2248 2934 rum
2272 2880 2341 2934 “.
2372 2900 2390 2933 ι
2420 2880 2466 2912 ⁸³
2490 2879 2735 2936 Crimina
2757 2880 2903 2936 enim
2931 2890 3095 2951 atque
3124 2894 3389 2950 peccata,
3428 2878 3703 2934 oblathlzis

2130 2971 2361 3026 Domino
2406 2972 2714 3040 sacriﬁciis,
2743 2973 3011 3029 delentur.
3049 2973 3259 3029 Idcirco
3286 2985 3341 3028 et
3373 2974 3582 3044 passio
3619 2974 3707 3039 ejus

2127 3070 2182 3121 in
2221 3065 2305 3121 his
2350 3067 2829 3121 commemoranda
2881 3076 2996 3134 est,
3031 3082 3139 3137 qua
3180 3067 3483 3136 redempti
3525 3080 3705 3121 sumus.

439 3168 757 3239 frequenter
789 3170 1171 3225 amarissimus
1214 3172 1413 3228 animm
1448 3188 1649 3227 rancor
1683 3173 2022 3243 innascitur)

2149 3170 2182 3216 τι
2251 3160 2449 3231 saepius
2507 3159 2822 3226 recitanda,
2881 3166 3045 3229 atque
3107 3160 3223 3214 haec
3278 3157 3546 3214 Domino
3609 3156 3701 3211 ode-

442 3277 603 3317 sunm
649 3261 738 3329 jus
765 3262 1117 3331 pertinaciter
1154 3262 1413 3331 experiri.
1462 3260 1521 3316 Si
1553 3262 1680 3331 quis
1716 3262 1861 3316 enim
1897 3278 2023 3317 cum

443 3352 578 3418 Deo,
611 3354 707 3423 qui
743 3354 896 3423 pacis
929 3362 1014 3407 est
1050 3362 1264 3418 auctor,
1303 3352 1554 3407 habitare
1586 3352 1770 3421 cupiat
1793 3391 1807 3414 ,
1844 3350 1894 3406 ei
1931 3366 2026 3405 ne-

444 3462 601 3501 cesse
628 3456 731 3511 est,
762 3455 821 3500 ut
854 3462 1044 3515 pacem
1082 3444 1351 3515 inquirat.
1392 3442 1449 3497 Si
1488 3455 1672 3497 autem
1711 3458 1873 3497 secus
1900 3457 2025 3511 ege-

447 3538 538 3601 rit,
582 3546 636 3593 et
667 3538 736 3592 ab
771 3537 906 3608 ipsis
944 3546 999 3592 et
1042 3536 1112 3592 ab
1147 3535 1269 3590 aliis
1306 3534 1694 3590 communione
1742 3532 2020 3602 privetur,

522 3734 565 3766 ³⁰
597 3732 703 3787 lsa.
734 3748 889 3795 nix,
950 3732 1046 3797 1'5;
1087 3731 1278 3786 Matth.
1314 3748 1403 3796 xv,
1442 3731 1496 3785 8.

1574 3732 1615 3762 ³¹
1648 3731 1838 3785 Const.
1886 3731 2018 3799 imp.
2090 3730 2157 3784 ad
2192 3728 2384 3785 Patres
2431 3727 2875 3799 Nicasnos.7Vide
2915 3729 3040 3783 coll.
3094 3728 3264 3799 Bard.
3314 3730 3413 3783 tt.

2130 3251 2318 3308 renda.
2367 3249 2592 3306 Talibus
2653 3250 2846 3305 hostiis
2895 3250 3256 3306 delectabitur
3304 3261 3359 3304 et
3422 3249 3710 3320 placabimr

2132 3343 2440 3407 Dominus,
2490 3352 2543 3398 et
2588 3355 2811 3413 peccata
2859 3342 3097 3397 dimittet
3142 3342 3396 3412 ingentia
3438 3341 3569 3389 *δὲ’
3597 3337 3709 3392 Nihil.

2133 3438 2276 3493 enim
2306 3436 2360 3489 in
2402 3435 2688 3490 sacriﬁciis
2719 3434 2896 3506 majus
2930 3450 3053 3490 esse
3090 3444 3274 3506 potest
3304 3450 3495 3504 quam
3537 3447 3707 3502 corpus

2136 3539 2192 3584 et
2222 3529 2454 3599 sanguis
2487 3526 2712 3583 Christi.
2747 3524 2857 3582 Nec
2896 3527 3004 3581 ulla
3032 3525 3237 3581 oblatio
3276 3527 3381 3579 bac
3433 3526 3620 3595 potior
3648 3535 3709 3574 est

3506 3732 3552 3761 ”
3590 3728 3706 3781 Eua.

450 3821 510 3883 tl,
542 3804 752 3883 epam.
907 3796 1132 3883 actores:
1214 3801 1339 3883 ³⁸2,
1372 3819 1427 3883 q.
1456 3804 1517 3854 7:
1633 3802 1751 3883 quis
1773 3818 1919 3883 erga.
1956 3796 2021 3855 Et
2064 3801 2118 3854 in
2144 3799 2292 3883 decr.
2318 3799 2488 3869 episc.
2524 3798 2659 3883 Sixti
2690 3798 2765 3882 ll;
2805 3808 2860 3883 e_t
3002 3796 3315 3883 decr.)ulii
3347 3816 3552 3883 papae;
3588 3810 3634 3852 et
3669 3800 3707 3849 in

450 3872 606 3925 Decr.
626 3871 776 3927 lvon.
807 3873 902 3926 lib.
930 3889 1001 3926 tv.

451 3948 620 4007 dotes,
651 3942 728 3995 vel
760 3954 964 3995 actores
998 3941 1250 3995 Ecclesiw
1280 3958 1554 3995 accusare.

452 4028 563 4065 xu.
608 4013 693 4065 ll.
801 4012 846 4043 ⁸ο
880 4011 956 4064 De
994 4028 1228 4065 consecr.
1256 4012 1388 4065 dist.
1414 4013 1470 4065 2.
1514 4009 1554 4063 lt

452 4028 563 4076 xu,
608 4018 693 4065 Η.

453 4082 652 4138 concil.
684 4082 907 4136 Bracar.
935 4097 1019 4149 :n,
1048 4098 1098 4137 c.
1126 4082 1181 4136 4.

526 4258 604 4327 (9)
634 4256 718 4310 Ad
754 4257 1069 4310 sacerdotes.
1118 4255 1423 4311 Turrianus
1457 4272 1578 4326 cap.
1621 4256 1715 4321 22,
1756 4257 1854 4312 lib.
1888 4258 2029 4327 rad-

454 4345 633 4383 ucrsus
671 4326 1140 4398 Magdeburgenses
1187 4328 1242 4379 in
1292 4336 1507 4381 vetusto
1548 4328 1844 4395 exemplari
1883 4326 2033 4380 Vati-

455 4415 615 4463 cano,
645 4397 723 4451 sic
761 4397 863 4466 legi
896 4398 1087 4451 scribit
1114 4415 1126 4451 :
1156 4398 1309 4462 Quod
1344 4408 1521 4452 autem
1553 4400 1622 4451 ad
1666 4398 1799 4451 alios
1825 4398 2033 4467 judices

1080 3873 1123 3903 ³³
1148 3887 1252 3925 ms.
1276 3870 1453 3925 Paris.
1486 3870 1696 3941 collegii
1726 3887 1839 3926 suc.
1865 3870 2018 3929 Jesu.
2046 3887 2076 3925 a

1634 3943 1678 3974 ³⁸
1705 3951 1933 3995 actores.
2014 3942 2056 3972 ³⁷
2082 3941 2098 3994 1

801 4012 846 4043 ⁸ο
880 4011 956 4064 De
994 4028 1228 4067 consecr.
1256 4012 1388 4067 dist.
1414 4013 1470 4076 2,
1514 4009 1576 4063 1η
1606 4021 2079 4067 sacramentorum.

1263 4082 1308 4113 “
1340 4098 1446 4136 rus.
1480 4082 1706 4137 dimittit
1748 4084 2101 4154 indulgentia.

2149 3886 2221 3925 uo
2243 3879 2297 3924 et
2321 3880 2608 3939 sequentes
2636 3871 2797 3925 variae
2828 3870 3087 3924 lectiones
3113 3889 3125 3923 :
3156 3868 3331 3935 Quam
3352 3868 3437 3922 ad
3473 3889 3534 3923 se
3564 3886 3707 3922 sacer-

2172 3951 2276 3995 etr.
2306 3957 2369 4003 ιι,
2396 3942 2502 4006 25;
2532 3940 2639 3995 lsa.
2665 3956 2782 4005 LIII,
2806 3942 2861 3997 9.
2925 3942 2969 3973 ³⁸
2999 3940 3130 3995 Luc.
3196 3942 3482 4004 “211,34.
3566 3943 3606 3972 ι’
3626 3939 3702 3992 lsa.

2178 4011 2222 4043 “
2254 4012 2307 4065 in
2335 4027 2438 4067 ms.
2471 4011 2623 4065 deest
2646 4012 2804 4065 enim.
2924 4010 2968 4043 δ’
2994 4010 3186 4065 Matth.
3213 4027 3366 4071 xxvi,
3396 4012 3507 4073 26.
3533 4012 3614 4064 23.
3676 4008 3705 4037 ε

2180 4081 2225 4113 ⁸⁵
2263 4080 2336 4136 De
2368 4098 2601 4136 consecr.
2634 4082 2762 4137 dist.
2791 4081 2859 4136 2:
2895 4080 3047 4135 Nihil
3094 4083 3148 4134 in
3184 4083 3512 4150 saCri/iciis.

2137 4258 2272 4341 alias
2294 4256 2383 4321 63,
2418 4258 2654 4341 constat)
2684 4257 2915 4341 mystice
2937 4268 3253 4341 usurpatam
3285 4258 3600 4341 apostolica
3617 4254 3701 4341 ἐτη

2140 4328 2305 4383 clesia
2353 4329 2662 4395 exemplum
2716 4328 2918 4381 Christi
2976 4328 3207 4387 imitata.
3260 4330 3579 4393 apostolica
3617 4328 3703 4393 leg?

2139 4399 2397 4467 deinceps
2418 4412 2631 4467 semper
2653 4397 2931 4451 observari
2964 4399 3236 4465 praecepit.
3269 4398 3521 4467 Ideoque
3547 4396 3703 4452 certi;

456 4472 616 4551 prius
630 4485 733 4551 non
757 4462 976 4551 debeant
1006 4486 1167 4551 quam
1199 4472 1267 4521 ad
1279 4487 1385 4551 “se,
1418 4470 1735 4551 sacerdotes,
1774 4462 1848 4521 vel
1892 4478 2038 4521 acto-
2070 4497 2112 4551 υ
2142 4462 2349 4524 simum
2376 4477 2459 4550 est
2480 4462 3184 4551 Alexandrum-pontiﬁcem
3213 4482 3326 4551 non
3359 4462 3700 4551 fuisse_bujus

459 4558 539 4595 res
570 4538 826 4610 Ecclesia:
856 4540 931 4610 (id
958 4538 1035 4593 est
1062 4542 1313 4610 episcopi)
1340 4541 1603 4603 accusari,
1635 4542 1712 4592 ita
1750 4556 1782 4591 a
1809 4547 2036 4606 tempore

459 4609 841 4681 apostolorum,
868 4609 919 4664 et
950 4609 1115 4679 infra,
1149 4610 1474 4665 observatum
1507 4620 1556 4663 et
1585 4610 1863 4681 deﬁnitiLm
1890 4611 2035 4662 iure.

461 4678 657 4751 nimus.
679 4679 751 4751 ,Si
778 4683 894 4751 quis
925 4678 1046 4751 erga
1079 4683 1395 4750 episcopum,
1425 4682 1502 4733 vel
1547 4691 1752 4734 actores
1786 4678 2038 4734 Ecclesiae

465 4749 749 4821 quamlibet
778 4749 1043 4821 querelam
1070 4758 1148 4805 vel
1179 4749 1439 4805 actionem
1455 4752 1601 4820 juste
1628 4767 1682 4821 se
1704 4751 1891 4804 habere
1922 4767 2029 4804 cre-

462 4820 697 4891 diderit,
720 4830 826 4875 etc.
856 4820 1119 4875 Dicuntur
1142 4831 1318 4875 autem
1341 4822 1583 4891 episcopi
1610 4820 1867 4876 Ecclesia:
1895 4834 2042 4875 acto-

462 4905 573 4953 res,
604 4889 737 4961 Aquia
768 4892 902 4958 ipsis
927 4891 1038 4961 lege
1067 4889 1491 4961 apostolicalde
1533 4889 1640 4960 qua
1669 4908 1833 4960 supra
1864 4891 1915 4943 in
1939 4892 2043 4946 Ca-

464 4907 573 4953 res,
610 4907 737 4958 quia
769 4907 902 4958 lpSlS
928 4907 1038 4961 lege
1067 4908 1095 4944 a
1137 4907 1365 4947 ostonca
1402 4907 1491 4959 (ue
1533 4909 1640 4960 qua
1669 4908 1833 4960 supra
1864 4908 1915 4943 ιη
1939 4907 2039 4946 tga-

464 4959 703 5013 nonibus
736 4907 1134 5029 apostolorum?
1172 4978 1352 5015 rerum
1384 4962 1878 5017 ecclesiasticarum
1907 4976 2039 5015 cura

466 5046 529 5083 ac
552 5030 889 5097 dispensatio
917 5031 1212 5084 commissa
1248 5041 1351 5086 est.
1382 5031 1518 5085 Nam
1554 5043 1612 5086 ut
1641 5048 1707 5086 ex
1748 5032 2042 5086 collatione

467 5099 700 5153 Graeciet
728 5100 910 5154 Latini
932 5110 1218 5154 contextus
1240 5104 1403 5159 sacri.
1434 5102 1596 5156 Luca:
1615 5118 1665 5155 c.
1694 5118 1789 5163 xu,
1814 5111 1868 5155 et
1886 5101 2039 5155 Pauli

467 5170 533 5224 ad
561 5168 935 5241 Galatas_cap.
960 5185 1029 5241 tv,
1050 5179 1215 5238 patet,
1252 5172 1343 5241 qui
1369 5171 1570 5225 Graecis
1606 5172 1805 5226 dicitur
1833 5173 2041 5225 οἰκονό-

472 5256 589 5310 μος,
624 5255 745 5292 Clllll
793 5238 972 5292 Latini
1023 5238 1447 5309 interpretantur
1477 5242 1944 5310 dispensatorem,
1989 5250 2044 5296 et

467 5318 731 5381 actorem.
766 5310 976 5375 Quanto
1003 5320 1231 5379 tempore
1269 5312 1433 5377 lateres
1472 5312 1721 5381 parvulus
1749 5322 1847 5375 est,
1883 5314 2043 5367 habet

469 5378 661 5449 Latina
699 5381 1089 5449 interpretatio,
1109 5378 1211 5435 sub
1258 5378 1542 5445 tutoribus,
1570 5393 1618 5436 et
1646 5384 1910 5436 actoribus
1940 5393 2040 5446 est,

470 5447 654 5521 Graece
684 5462 764 5521 est
788 5447 1124 5521 οἰκονόμους.
1165 5450 1287 5507 Sev.
1315 5453 1431 5507 BIN.

544 5520 655 5588 (10)
689 5519 983 5593 υεναηιᾳιιέ
1004 5524 1331 5591 perntistum.
1360 5523 1510 5577 Hanc
1555 5523 1838 5593 mysticam
1868 5532 1921 5576 et
1956 5536 2044 5577 sa-

472 5602 621 5660 cram
668 5592 849 5643 vinum
904 5609 1026 5645 cum
1082 5608 1220 5660 aqua
1277 5594 1539 5649 miscendi
1583 5592 1964 5649 cieremoniam
2012 5608 2043 5646 a

472 5659 693 5732 Christo
721 5660 949 5732 Domino
982 5664 1034 5715 in
1081 5659 1270 5717 ultima
1317 5680 1472 5720 C(ena
1508 5668 1591 5729 (ut
1628 5681 1692 5718 ex
1725 5665 1944 5732 litui-gia
1982 5661 2040 5716 S.

476 5725 682 5799 Jacobi,
709 5730 985 5784 Clemente
1010 5733 1103 5786 lib.
1144 5750 1237 5786 \‘lll
1268 5725 1555 5788 Constitui.
1582 5752 1631 5789 c.
1659 5734 1748 5799 12,
1774 5725 1910 5788 alias
1944 5732 2040 5795 i7;

477 5796 677 5853 Irenazo
719 5801 811 5853 lib.
850 5817 918 5863 tv,
948 5817 1048 5870 cap
1100 5804 1205 5870 57;
1253 5804 1527 5873 Cypriano
1567 5806 1660 5859 lib.
1708 5796 1766 5870 ll,
1799 5805 1957 5873 epist.
1986 5804 2039 5869 ὃ,

2142 4540 2393 4610 praecepti
2442 4547 2745 4602 auctorem,
2782 4536 2961 4610 sedAid
2992 4539 3188 4610 potius
3231 4538 3301 4591 ab
3324 4540 3699 4610 apostolorum

2142 4606 2482 4678 temporibus
2528 4622 2799 4662 manasse.
2851 4606 3025 4672 Quod
3050 4624 3157 4662 non
3204 4606 3474 4678 modoex
3512 4608 3699 4675 liturgn

2144 4681 2200 4735 S.
2230 4677 2414 4733 Jacobi
2449 4678 2704 4748 apostoli,
2732 4679 3093 4733 conciliorum
3123 4693 3189 4733 ac
3218 4677 3452 4733 Patrum
3491 4681 3700 4735 testium

2142 4752 2270 4813 niis,
2296 4764 2485 4803 verum
2532 4749 2800 4819 etiamex
2849 4750 2949 4802 hac
2994 4750 3111 4819 ipsa
3161 4750 3469 4805 Alexandri
3498 4748 3697 4819 epistol;

2142 4829 2325 4890 aperte
2349 4820 2639 4890 colligitur.
2669 4818 2807 4872 Dicit
2829 4820 2973 4873 enim
2997 4816 3137 4873 intra
3168 4836 3228 4874 se
3261 4839 3279 4871 ι
3313 4816 3562 4886 tradere,
3587 4816 3695 4887 quud

2142 4889 2190 4945 a7
2218 4890 2468 4944 Patribus
2492 4889 2809 4957 acceperat;
2851 4906 2868 4940 ι
2900 4899 2953 4943 et
3000 4890 3126 4943 alibi
3179 4889 3390 4945 dicitur
3420 4890 3693 4944 Romanam

2143 4960 2443 5015 Ecclesiarn
2478 4960 2581 5031 hoc
2613 4960 2681 5012 ab
2714 4961 2979 5028 apostolis
3026 4961 3286 5017 didicisse
3307 5004 3321 5026 ,
3363 4977 3431 5016 ac
3468 4970 3697 5031 perpetuo

2145 5032 2493 5086 observasse.
2530 5029 2719 5084 Restat
2750 5030 2913 5099 igitur
2959 5041 3017 5084 ut
3059 5032 3356 5085 credamus
3395 5029 3539 5086 hanc
3569 5029 3695 5085 care-

2145 5103 2385 5157 moniam
2422 5118 2450 5155 a
2485 5099 2715 5171 Christo
2739 5112 3077 5168 usurpatam,
3113 5101 3182 5153 ab
3236 5103 3512 5171 apostolis
3544 5103 3694 5155 obsero

2145 5174 2262 5226 vari
2298 5181 2643 5242 praeceptam,
2672 5170 2739 5223 ab
2771 5172 3084 5225 Alexandro
3117 5170 3405 5240 pontiﬁce,
3446 5174 3634 5240 scripto
3658 5178 3695 5218 et

2146 5244 2491 5314 promulgato
2517 5243 2757 5315 decreto,
2788 5244 3201 5315 corroboralam
3236 5259 3387 5296 esse.
3428 5245 3691 5315 Cyprianus

2144 5311 2482 5384 praeallegata
2517 5311 2744 5381 epistola
2796 5313 2943 5384 httnc
2995 5314 3170 5384 ritum
3207 5315 3455 5381 appellat
3477 5311 3691 5367 divinum

2145 5382 2486 5444 mandatum,
2520 5384 2647 5451 quia
2704 5399 2731 5435 a
2781 5382 2983 5437 Christi
3021 5382 3238 5436 Domini
3278 5386 3434 5438 laeto
3467 5396 3519 5437 et
3549 5396 3692 5437 Elt‘ﬂi‘

2145 5455 2255 5524 plo,
2293 5465 2550 5524 tanquam
2604 5468 2634 5505 a
2678 5466 2839 5506 causa
2874 5454 3205 5521 exemplari,
3240 5464 3296 5508 et
3327 5457 3404 5508 ab
3440 5471 3576 5523 aqua
3604 5464 3689 5521 qur

2147 5522 2213 5577 ex
2256 5524 2423 5578 latere
2470 5522 2591 5590 ejus
2643 5525 2906 5592 manavit.
2956 5534 3217 5592 tanquam
3275 5542 3306 5579 a
3355 5522 3525 5579 causa
3560 5524 3688 5578 tinali.

2144 5594 2407 5657 originem
2436 5589 2609 5645 duxit.
2642 5589 2776 5645 Vide
2799 5592 2997 5647 Baron.
3027 5589 3173 5647 anno
3203 5594 3417 5650 Christi
3458 5595 3546 5657 57,
3574 5607 3685 5645 num.

2148 5662 2273 5726 M5,
2300 5673 2353 5717 et
2382 5677 2526 5716 anno
2549 5662 2751 5716 Christi
2786 5663 2911 5728 152,
2944 5680 3096 5718 num.
3136 5665 3199 5729 7;
3236 5664 3499 5719 Bellaria.
3535 5665 3599 5717 De
3622 5677 3685 5714 εαο

2147 5750 2313 5804 cram.
2343 5734 2573 5804 euchar.
2597 5733 2689 5785 lib.
2722 5749 2794 5799 Iv,
2827 5750 2947 5804 cap.
2980 5735 3041 5788 t0
3065 5728 3194 5789 etll
3223 5753 3238 5801 ;
3275 5735 3483 5791 Suarcz
3509 5745 3623 5790 tom.
3644 5728 3686 5791 ll.

2147 5803 2288 5865 disp.
2325 5804 2416 5870 45,
2449 5803 2687 5857 sectione
2721 5803 2981 5860 secunda.
3012 5806 3083 5860 In.
