3802 6210
127 225 259 278 1065

1596 239 1978 299 ΕΡῙδΤΟΙιιΕ.

3259 265 3280 318 Ι
3290 265 3398 323 066

119 339 208 394 sed
244 338 364 393 haec
409 354 615 396 omnes
669 342 947 413 praecellit.
1001 344 1134 412 Quae
1180 361 1318 417 pura
1370 335 1707 407 conscientia
1737 376 1783 434 Α
1814 358 2043 411 ccndam
2079 373 2108 411 a
2139 361 2382 428 patrihus
2411 365 2750 435 accepimus,
2779 371 3048 444 vobisque
3073 378 3393 441 tradendam

120 430 353 486 Domino
395 433 682 490 oderenda
732 446 834 502 est,
888 445 942 492 et
992 452 1129 507 pura
1173 449 1356 494 mente
1409 445 1710 510 sumenda,

117 532 278 594 atque
305 525 380 580 ab
416 528 685 584 omnibus
725 533 1052 587 veneranda.
1103 531 1170 588 Et
1216 534 1360 589 sicut
1403 538 1584 606 potior
1629 551 1713 595 est

118 616 352 684 caeteris,
390 617 475 673 ita
512 619 699 690 potius
728 623 904 678 excoli
931 632 986 679 et
1015 628 1264 682 venerari
1291 629 1471 686 debet.

884 758 951 814 ν.

115 845 187 899 De
228 846 609 902 benedictione
655 847 786 904 salis
819 860 869 904 et
915 855 1213 923 aquw,sive
1251 864 1563 913 ewterorum
1600 862 1700 917 ele-

764 931 1077 980 mentorum.

183 1030 230 1066 “
249 1030 484 1102 Aquam
532 1032 680 1088 enim
711 1035 827 1090 sale
859 1051 1212 1108 conspersam
1241 1043 1458 1112 populis
1494 1044 1707 1101 benedi-

113 1121 286 1178 cimus
324 1121 449 1195 (ii)
469 1165 485 1191 ,
513 1133 575 1178 ut
606 1140 670 1179 ea
699 1127 880 1181 cuncti
911 1131 1151 1198 aspersi,
1187 1134 1600 1189 sanctiﬁcentur
1641 1150 1708 1192 ac

111 1214 516 1282 puriﬁcentur;
551 1216 698 1285 quod
723 1226 777 1272 et
807 1221 1065 1276 omnibus
1091 1225 1467 1282 sacerdotibus
1500 1226 1705 1282 iacien-

111 1304 234 1358 dum
268 1320 402 1360 esse
443 1307 793 1385 mandamus.
829 1308 962 1363 Nam
994 1311 1041 1366 si
1070 1311 1210 1369 cinis
1232 1315 1415 1370 vitulae
1447 1333 1703 1388 aspersus

111 1398 378 1468 sanguine
424 1400 693 1468 populum
734 1401 1144 1471 sanctiﬁcabat,
1175 1416 1336 1476 atque
1363 1405 1662 1465 mandabat
1684 1451 1700 1475 ,

110 1489 277 1544 multo
313 1491 503 1562 magis
527 1507 670 1561 aqua
699 1492 814 1548 sale
838 1508 1082 1563 aspersa,
1112 1497 1424 1570 divinisque
1448 1503 1702 1571 precibus

110 1591 341 1648 sacrata,
394 1584 667 1653 populum
719 1587 1026 1644 sanctificat
1070 1598 1233 1659 atque
1271 1594 1512 1649 mundat.
1548 1593 1614 1649 Et
1653 1596 1699 1652 si

1815 448 2051 504 subditis
2094 451 2450 510 destinamus.
2497 457 2667 514 Isaias
2699 477 2938 533 namque
2967 470 3235 538 propheta
3267 474 3343 531 ait
3375 496 3391 533 :

1819 559 1838 591 σ
1877 539 1999 595 Vidi
2033 541 2326 599 Dominum
2353 545 2596 605 Sabaoth
2629 554 2904 612 sedentem
2936 575 3104 631 super
3127 565 3392 626 thronum

1811 632 2111 700 excelsum,
2142 645 2194 688 et
2222 639 2497 707 seraphim
2529 644 2747 699 stabant
2771 647 2824 700 in
2857 650 3088 708 circuitu
3121 656 3392 726 ejus;sex

1811 723 1911 777 alae
1937 725 2051 790 uni,
2077 735 2129 780 ct
2163 742 2256 782 sex
2288 729 2388 784 alae
2415 732 2593 788 alteri.
2628 735 2851 795 Duabus
2886 723 3164 817 velabant'
3184 723 3388 807 faciem

1809 814 1930 884 ejus
1949 848 1964 878 ,
1995 825 2050 871 et
2078 818 2290 875 duabus
2314 821 2568 880 velabant
2610 828 2776 897 pedes
2805 830 2950 901 ejus,
2983 814 3200 895 duabus
3229 843 3388 897 vola-

1808 906 1960 973 bant,
1991 917 2044 963 et
2083 911 2392 969 clamabant
2421 915 2489 971 ad
2519 918 2875 994 alterutrum,
2904 927 3149 985 dicentes
3191 948 3206 986 :
3240 931 3385 990 San-

1809 1008 2214 1068 ctus,sanctus,
2239 1016 2482 1072 sanctus,
2522 1008 2785 1071 Dominus
2820 1016 2965 1075 Deus
3005 1020 3242 1080 Sabaoth
3260 1027 3326 1081 ⁸³.
3355 1048 3376 1081 ι

1806 1083 1855 1122 ⁸³
1892 1090 1948 1144 Si
1980 1090 2220 1150 Trinitas
2265 1111 2375 1152 non
2415 1109 2536 1167 est,
2589 1119 2759 1174 quare
2786 1110 2968 1178 tertio,
3002 1130 3022 1162 ο
3060 1127 3318 1186 sanctus,
3354 1139 3377 1173 ι

1805 1181 2097 1238 dixerunt?
2138 1185 2247 1244 Aut
2281 1189 2327 1242 si
2360 1191 2544 1247 unitas
2588 1211 2698 1252 non
2733 1208 2836 1267 est,
2883 1218 3056 1273 quare
3085 1209 3188 1264 sub
3235 1181 3380 1269 trina

1802 1280 2126 1349 repetitione
2175 1299 2350 1339 unum
2403 1285 2572 1343 Deum
2631 1307 2696 1347 ac
2748 1294 3039 1355 Dominum
3088 1301 3380 1362 intimave~

1802 1372 1970 1426 runt?
2018 1373 2075 1427 Si
2116 1373 2358 1433 Trinitas
2391 1393 2500 1434 non
2540 1391 2644 1451 est,
2691 1400 2791 1441 cur
2834 1389 2891 1444 in
2924 1391 3199 1452 Geneseos
3233 1397 3379 1455 libro

1801 1461 2032 1518 dicitur:
2057 1483 2075 1516 ι
2099 1464 2244 1522 Dixit
2265 1467 2427 1539 Deus,
2453 1471 2581 1528 fecit
2603 1475 2766 1546 Deus,
2786 1489 2840 1536 et
2859 1482 3134 1541 benedixit
3151 1487 3329 1546 Deus?
3350 1511 3370 1544 ι

1803 1549 1861 1608 Si
1893 1554 2076 1612 unitas
2117 1572 2224 1612 non
2253 1570 2357 1629 est,
2404 1579 2575 1634 quare
2606 1571 2769 1626 tertio
2813 1573 2984 1643 dixit,
3020 1595 3040 1630 σ
3071 1578 3235 1648 Deus,
3265 1601 3283 1635 ι
3321 1593 3379 1640 et

110 1672 216 1728 sale
235 1689 476 1744 asperso
500 1691 600 1745 per
615 1675 866 1732 Elisarum
891 1680 1233 1750 praphetam,
1259 1685 1518 1740 sterilitas
1541 1702 1696 1757 aqua:
1727 1722 1769 1778 Β
1795 1645 1931 1788 2:25
1947 1647 2558 1788 Elrrztiq'lngrgigi
3134 1669 3376 1788 Trinitas

111 1772 289 1788 --_-s-
352 1776 433 1788 --ι
461 1765 508 1788 ιιι
537 1785 549 1788 -
599 1778 794 1788 ----.,.-
842 1785 920 1788 μμκ
972 1772 1007 1788 ’κ
1087 1772 1121 1788 1·
1167 1772 1178 1783 ι
1226 1773 1238 1785 ο
1442 1775 1474 1788 οι
1981 1781 1991 1788 ι
2036 1781 2049 1788 -
2156 1780 2168 1788 .
2243 1785 2249 1788 .
2406 1783 2412 1788 .

111 1772 294 1819 sanata
347 1776 438 1820 est
461 1765 550 1820 *τε
593 1778 803 1837 quanto
841 1772 1017 1840 magis
1069 1772 1272 1828 divinis
1307 1775 1564 1844 precibus
1605 1793 1693 1832 sa-

108 1863 306 1919 cratus,
328 1856 376 1888 ¹⁵⁸
401 1856 750 1913 sterilitatem
783 1875 968 1915 rerum
1007 1861 1185 1918 aufert
1219 1863 1605 1934 humanarum,
1639 1878 1694 1924 et

109 1948 497 2019 coinquinatos
532 1951 854 2018 sanctiﬁcat,
897 1961 1060 2024 atque
1105 1957 1354 2024 mundat,
1399 1968 1453 2014 et
1483 1975 1691 2030 expur-

110 2047 210 2108 gat,
244 2048 299 2093 et
327 2050 534 2096 caetera
579 2041 723 2096 bona
752 2043 1101 2113 multiplicat,
1135 2057 1190 2100 et
1221 2047 1455 2105 insidias
1487 2051 1690 2106 diaboli

110 2129 316 2195 avertit,
352 2139 410 2185 et
446 2146 479 2186 a
513 2131 920 2201 phantasmatis
949 2135 1208 2192 versutiis
1233 2138 1486 2194 homines
1508 2140 1692 2196 defen-

105 2219 220 2277 dit!
235 2219 376 2276 Nam
411 2223 462 2278 si
501 2231 650 2278 tactu
678 2224 722 2257 ‘9
752 2224 981 2280 ﬁmbriae
1023 2225 1334 2284 vestimenti
1369 2231 1686 2301 Salvatoris,

111 2311 345 2368 salvatos
371 2313 634 2370 inﬁrmos
654 2329 775 2371 esse
798 2331 906 2371 non
931 2317 1264 2386 dubitamus,
1289 2332 1493 2391 quanto
1516 2327 1688 2395 magis

109 2403 297 2459 virtute
325 2421 625 2461 sacrorum
651 2408 771 2477 ejus
799 2410 1088 2465 verborum
1109 2413 1370 2470 divinitus
1399 2427 1688 2473 sacrantur

110 2495 390 2564 elementa,
425 2497 632 2566 quibus
675 2499 963 2556 sanitatem
1001 2505 1251 2573 corporis
1274 2515 1328 2560 et
1352 2508 1549 2564 animae
1586 2511 1687 2564 hu-

111 2601 259 2642 mana
285 2590 532 2659 percipit
567 2588 874 2661 fragilitas?
909 2592 1004 2650 liis
1037 2610 1169 2666 ergo
1199 2606 1252 2652 et
1280 2598 1401 2654 aliis
1432 2600 1685 2658 instructi

111 2676 474 2748 documentis,
523 2691 650 2737 vota
685 2683 1051 2754 singulorum,
1105 2687 1319 2742 Domini
1351 2692 1682 2760 sacerdotes,

111 2769 374 2838 respicite,
414 2780 472 2826 et
508 2770 565 2824 in
597 2772 797 2828 virtute
842 2773 1077 2844 Spiritus
1112 2779 1286 2832 sancti
1322 2779 1522 2836 divinis
1561 2798 1685 2851 pre-

113 2858 274 2925 cibus,
329 2877 434 2932 per
477 2863 844 2919 ministerium
902 2867 1059 2923 vobis
1099 2868 1360 2925 divinitus
1401 2873 1679 2940 collatum,

112 2954 358 3018 perﬁcere
411 2964 644 3012 certate.
689 2957 969 3014 Elementa
1019 2975 1258 3030 quoque,
1308 2970 1415 3015 tam
1454 2978 1516 3018 ea
1561 2981 1683 3034 qua:

1835 1752 1904 1791 on
1947 1748 2050 1805 est,
2080 1757 2250 1811 quare
2276 1747 2331 1801 in
2371 1747 2558 1805 Exodo
2589 1752 2795 1809 dictum
2830 1764 2915 1812 est
2959 1761 3168 1816 tertio:
3207 1781 3226 1815 ι
3270 1763 3377 1820 Do-

1794 1830 1979 1898 mine,
2029 1833 2291 1905 Domine,
2353 1839 2615 1912 Domine,
2676 1847 2970 1905 miserator
3028 1863 3083 1908 et
3151 1857 3371 1912 miseri-

1793 1936 1917 1978 cors
1958 1924 2039 1977 "?
2075 1944 2094 1978 ›
2158 1926 2216 1982 Si
2263 1929 2446 1988 unitas
2485 1949 2594 1989 non
2637 1945 2749 2005 est,
2790 1955 2963 2009 quare
3008 1943 3137 1998 dum
3178 1947 3366 2013 tertio,

1799 2032 1818 2065 ι
1854 2014 2102 2082 Domine,
2137 2038 2155 2071 ι
2201 2021 2427 2088 diceret,
2459 2035 2643 2095 postea
2673 2029 3053 2102 singulariter,
3087 2052 3108 2087 ι
3137 2036 3367 2094 misera-

1791 2115 1896 2171 tor,
1931 2125 1949 2158 ι
1986 2108 2145 2177 dixit,
2181 2121 2235 2166 et
2267 2130 2400 2180 non,
2448 2117 2819 2187 miseratores,
2852 2131 2915 2177 ut
2949 2123 3135 2194 plures
3178 2135 3365 2183 osten-

1790 2198 1960 2266 deret,
1993 2202 2306 2260 intimavit?
2339 2206 2396 2262 Si
2417 2206 2659 2266 Trinitas
2689 2227 2796 2267 non
2823 2223 2926 2279 est,
2958 2231 3059 2270 cur
3083 2217 3363 2276 Abraham

1789 2288 1856 2342 ad
1918 2289 2096 2346 ilicem
2151 2293 2393 2352 Mambre
2451 2299 2647 2354 sedens
2697 2302 2982 2373 tribusque
3041 2321 3360 2378 occurrens,

1788 2380 1967 2447 uni”,
1995 2401 2014 2433 ο
2053 2383 2299 2450 Domine,
2336 2406 2353 2439 ι
2391 2388 2557 2456 dixit,
2605 2400 2658 2447 et
2693 2408 2823 2459 non,
2881 2403 2939 2449 ut
2974 2396 3222 2467 viderat,
3261 2401 3364 2455 tri-

1788 2468 1892 2526 bus
1925 2474 2269 2533 salutationis
2315 2480 2639 2553 obsequium
2690 2487 2924 2543 reddidit
2961 2489 3043 2542 "?
3077 2490 3134 2546 Si
3178 2493 3364 2550 unitas

1789 2577 1899 2616 non
1933 2575 2035 2632 est,
2069 2583 2170 2622 cur
2200 2584 2323 2624 cum
2358 2571 2531 2645 Moysi
2567 2594 2585 2627 ‹
2617 2576 2760 2632 Deus
2791 2577 3100 2648 Abraham,
3130 2592 3185 2638 et
3217 2583 3363 2641 Deus

1786 2651 1960 2722 lsaac,
1997 2666 2054 2727 et
2084 2656 2228 2714 Deus
2262 2661 2432 2718 Jacob
2472 2683 2491 2717 ›
2541 2669 2704 2723 tertio
2735 2668 2955 2726 doceret
2978 2672 3054 2739 ⁵³,
3091 2675 3359 2731 unitatem

1786 2749 2082 2804 ostendens
2127 2769 2141 2804 :
2184 2770 2202 2804 ι
2240 2751 2356 2809 Hoc
2389 2757 2527 2811 mihi
2560 2775 2758 2816 nomen
2791 2770 2911 2829 est,
2963 2764 3102 2819 dixit
3125 2768 3250 2832 ι’,ι
3305 2778 3361 2824 et

1785 2851 1894 2890 non
1928 2855 1941 2892 :
1979 2836 2104 2895 Haec
2127 2853 2256 2897 sunt
2288 2847 2510 2902 nomina
2534 2859 2742 2917 nostra,
2778 2852 3123 2924 designavit?
3156 2858 3213 2911 Si
3236 2857 3361 2913 Tri-

1784 2929 1927 2986 nitas
1961 2947 2071 2987 non
2105 2944 2206 3002 est,
2243 2952 2414 3007 quare
2447 2939 2614 2997 David
2650 2945 2811 2999 tertio
2843 2947 2980 3001 dixit
3017 2965 3030 3002 :
3073 2967 3092 3000 ‹
3122 2949 3357 3006 Benedi-

114 3045 481 3112 praediximus,
532 3063 696 3117 quam
735 3059 929 3104 cmtera
957 3025 1166 3107 divinis
1194 3025 1318 3123 apta
1352 3055 1543 3110 usibus
1569 3025 1593 3119 ,ι
1625 3064 1679 3110 et
1706 3063 1750 3123 C
1783 3034 1871 3123 fi“
1891 3040 1995 3123 n95
2029 3025 2192 3090 Deus’
2213 3028 2356 3085 Deus
2379 3042 2586 3099 πείθῃ
2611 3035 2898 3092 δθηθάίωί
2924 3053 3025 3095 nos
3048 3040 3192 3098 Deus
3216 3044 3298 3097 ’0⁷
3328 3065 3349 3097 ³

116 3133 353 3194 humanis
398 3141 712 3194 necessaria
768 3141 1213 3205 inﬁrmitatibus.
1255 3153 1496 3211 sacrate;
1531 3146 1686 3200 inﬁr-

114 3242 220 3282 mos
245 3241 460 3296 curate,
500 3241 556 3286 et
593 3241 787 3286 caetera
817 3249 939 3302 qua:
982 3235 1050 3288 ad
1096 3250 1194 3290 vos
1236 3237 1526 3306 pertinent,
1559 3239 1685 3292 dili-

115 3329 284 3388 genter
310 3322 583 3392 perﬁcite.
617 3323 736 3393 lpse
775 3328 918 3380 enim
958 3327 1227 3393 Salvator,
1269 3329 1558 3384 tribuendo
1583 3345 1682 3385 no-

116 3411 187 3466 bis
230 3415 577 3484 exemplum,
634 3417 917 3486 discipulis
969 3420 1086 3474 suis
1132 3422 1206 3474 ait
1245 3438 1259 3474 :
1307 3439 1325 3472 α
1359 3421 1418 3474 In
1457 3422 1680 3477 nomine

115 3519 224 3559 meo
251 3507 532 3562 daemonia
578 3509 789 3578 ejicite,
836 3510 1083 3565 inﬁrmos
1128 3520 1342 3579 curate,
1376 3528 1551 3584 aegros
1591 3530 1681 3570 sa-

115 3607 242 3663 nate,
273 3599 530 3669 leprosos
561 3600 885 3655 mundate"
913 3645 927 3668 ,
959 3621 977 3653 ι
1013 3611 1119 3657 etc.
1163 3621 1180 3654 t
1222 3603 1396 3672 Super
1423 3603 1676 3659 inﬁrmos

113 3688 258 3744 etiam
289 3707 494 3748 manus
526 3691 813 3761 imponite,
849 3702 904 3747 et
934 3693 1071 3749 bene
1103 3695 1464 3750 habebunt“.
1495 3714 1514 3747 ι

852 3827 938 3882 VI.

473 3917 554 3971 De
591 3918 829 3972 trinitate
867 3930 914 3974 et
945 3921 1148 3974 unitate
1189 3921 1425 3975 deitatis.

171 4029 212 4062 "
235 4028 426 4087 Fidem
472 4046 695 4101 quoque
732 4041 936 4088 sanctae
971 4032 1256 4088 Trinitatis
1284 4034 1396 4104 (l2)
1441 4035 1522 4090 sic
1560 4036 1663 4091 do-

153 4297 194 4322 “
229 4297 299 4350 De
331 4313 570 4350 consecr.
619 4299 746 4352 dist.
778 4303 810 4355 5
840 4316 851 4351 :
893 4302 1102 4370 Aquam
1149 4305 1261 4358 sale
1309 4321 1660 4374 conspersum.
1694 4302 1858 4363 Hebr.
1890 4327 1943 4363 tx
1966 4348 1980 4372 ,
2017 4314 2104 4365 125.

173 4363 413 4407 Cmam-33
446 4369 648 4407 gliinnn
682 4370 899 4407 rilnoloc
931 4371 1181 4407 Ωοηιοοςη,
1215 4376 1334 4407 mm:
1440 4377 1484 4407 bs
1521 4377 1748 4407 οηηιεηω.
1848 4381 1894 4407 no
1933 4380 2095 4407 una.

1518 4386 1768 4431 tactionc.

99 4359 150 4437 S._
173 4363 413 4436 Gregorii
444 4369 648 4437 aliique
681 4370 901 4426 rituales
929 4359 1181 4429 Ecclesiae
1215 4376 1357 4429 libri.

1782 3113 1840 3169 Si
1876 3119 2057 3172 unitas
2092 3135 2200 3174 non
2236 3131 2342 3189 est,
2380 3140 2568 3194 quare,
2604 3143 2729 3183 cum
2764 3131 2926 3187 tertio
2962 3131 3134 3188 Deum
3169 3136 3353 3191 nomi-

1785 3218 1986 3272 nasset,
2029 3227 2047 3260 ‹
2086 3211 2390 3280 benedicat,
2440 3235 2460 3269 ι
2495 3218 2650 3286 dixit,
2705 3231 2760 3275 et
2812 3239 2941 3290 non,
2996 3225 3353 3295 benedicant,

1781 3297 2064 3367 adjunxit?
2105 3300 2161 3354 Si
2198 3303 2438 3362 Trinitas
2468 3324 2577 3363 non
2612 3320 2714 3378 est,
2749 3327 2848 3366 cur
2879 3323 2933 3368 et
2976 3313 3141 3372 Isaias
3169 3317 3352 3373 denuo

1780 3389 1958 3445 dixit:
2009 3410 2026 3443 ι
2062 3392 2327 3451 Domian
2360 3398 2503 3455 Deus
2554 3400 2813 3471 Sabaoth,
2850 3405 2994 3463 Deus
3034 3407 3201 3464 Israel
3253 3410 3351 3480 qui

1781 3487 1938 3541 sedes
1967 3503 2129 3557 super
2163 3491 2444 3548 cherubim
2471 3496 2555 3550 “1'
2583 3514 2603 3549 ι
2644 3497 2701 3552 Si
2735 3501 2917 3558 unitas
2951 3519 3058 3558 non
3091 3514 3196 3571 est,
3226 3522 3344 3576 cur,

1784 3598 1805 3632 σ
1845 3581 1936 3650 qui
2005 3582 2195 3650 sedes,
2258 3603 2278 3636 ι
2352 3586 2528 3654 dixit,
2594 3601 2647 3644 et
2714 3606 2872 3660 non,
2946 3595 3038 3663 qui
3103 3598 3346 3666 sedetis,

1779 3676 2046 3729 astruxit?
2081 3674 2138 3730 Si
2175 3675 2415 3736 Trinitas
2449 3698 2558 3736 non
2597 3693 2701 3750 est,
2737 3701 2837 3740 cur
2871 3686 2924 3741 in
2961 3689 3100 3744 libro
3136 3690 3344 3762 Regum

1775 3760 1974 3817 dicitur
2016 3782 2030 3819 :
2091 3785 2110 3816 ‹
2142 3766 2391 3835 Domine,
2450 3770 2594 3828 Deus
2642 3776 3028 3845 omnipotens,
3074 3760 3238 3836 Deus
3273 3782 3348 3838 ls-

1779 3854 1915 3920 raci,
1951 3871 2234 3914 sermones
2267 3861 2346 3914 tui
2382 3862 2570 3921 ﬁdeles
2604 3869 2842 3922 sunt"?
2875 3889 2892 3921 ι
2935 3870 2991 3925 Si
3029 3874 3208 3930 unitas
3233 3890 3341 3931 non

1775 3957 1878 4013 est,
1914 3963 2067 4012 cur,¢
2101 3951 2198 4017 tui,
2235 3971 2253 4004 ι
2288 3953 2508 4022 dicitur,
2534 3966 2734 4025 etnon,
2783 3960 2967 4028 vestri,
3022 3965 3348 4022 intimatur?

1777 4037 1834 4090 Si
1869 4037 2106 4095 Trinitas
2139 4057 2246 4096 non
2281 4053 2387 4109 est,
2423 4061 2522 4102 cur
2567 4047 2621 4102 in
2656 4049 2867 4118 psalmo
2914 4068 3042 4108 LVIII
3073 4057 3116 4086 ⁵³
3149 4072 3329 4111 mnta-

2777 4315 2821 4347 ⁸⁸
2849 4313 3341 4365 Sacramentarium

2188 4307 2229 4338 ’⁸⁷
2255 4309 2321 4364 IV
2352 4309 2482 4379 Reg.
2519 4327 2577 4376 ll,
2607 4315 2694 4369 22.
2777 4315 2821 4347 ⁸⁸
2849 4313 3341 4365 Sacramentarium

2190 4423 2204 4436 .
2242 4381 2295 4435 8.
2373 4381 2414 4411 '“
2447 4381 2612 4436 Marc.
2652 4398 2762 4436 va.
2805 4383 2890 4435 18.
2972 4382 3016 4413 ³³
3054 4381 3185 4434 Vide
3215 4382 3342 4436 hinc

1848 4381 1894 4411 ⁸ο
1931 4380 2118 4435 Matth.
2152 4398 2204 4446 x,
2242 4381 2295 4435 8.
2373 4381 2414 4411 '“
2447 4381 2612 4438 Marc.
2652 4398 2762 4446 va,
2805 4383 2890 4435 18.

96 4434 485 4519 etiamunicam
523 4434 1113 4520 cpistolamnEenedicti
1143 4445 1185 4520 l,
1209 4461 1338 4520 qua;
1366 4446 1549 4520 itidem
1581 4450 1927 4520 conlicrtaest
1950 4434 2228 4506 abieodet'n
2259 4434 2537 4520 plagiario.
2617 4453 2661 4484 ⁸³
2691 4434 2792 4506 lsa.
2822 4469 2899 4516 vr,
2926 4451 3043 4505 1-5.
3119 4451 3166 4482 ⁸⁸
3197 4451 3342 4504 Itha-

94 4504 197 4583 eius
211 4507 319 4583 sive
348 4504 572 4565 ldacius
591 4510 781 4583 Clarus
809 4510 962 4583 llisp.
991 4512 1090 4583 Ep.
1118 4504 1240 4569 adv:
1271 4515 1641 4569 Warimadnm
1668 4533 1716 4570 c.

93 4573 526 4671 Christilqu‘arto,
562 4580 640 4634 vel
670 4582 852 4671 potius
880 4573 1094 4671 quinto,
1127 4597 1221 4671 aut
1247 4599 1423 4650 sexto,
1455 4587 1506 4671 si
1534 4573 2446 4671 idem.cum'YigilioTépsensiep.

92 4658 194 4717 gnto.
265 4651 309 4682 ⁵⁷
343 4651 484 4706 Gen.
516 4667 670 4717 xvm,
700 4653 814 4710 1-5.
891 4654 937 4685 ⁸⁸
969 4671 1070 4710 ms.
1104 4657 1384 4709 diceretur.
1461 4658 1506 4688 δ’
1540 4656 1709 4710 Exod.

1745 4519 1794 4581 l,
1823 4518 1939 4588 ipso
1965 4521 2075 4575 fere
2097 4518 2275 4586 operis
2302 4518 2474 4575 initio.
2500 4521 2647 4574 Vixit
2672 4531 2851 4575 autem
2880 4532 3116 4577 exeunte
3141 4521 3343 4574 smculo

2528 4593 2572 4623 ⁵⁸
2605 4591 2777 4648 Exod.
2810 4607 2994 4650 xxxrv.
3023 4593 3080 4647 6.
3156 4592 3202 4622 ⁵⁶
3232 4607 3339 4645 ms.

1751 4675 1810 4712 ιιι
1832 4697 1846 4721 ,
1880 4659 1967 4713 15.
2041 4661 2084 4692 ⁶⁰
2114 4659 2255 4716 PSal.
2285 4659 2430 4726 vai,
2460 4661 2510 4726 7,
2535 4662 2590 4717 8.
2670 4662 2711 4693 ⁶¹
2743 4660 2847 4717 lsa.
2880 4678 3090 4730 xxxvu,
3121 4661 3208 4720 ιϐ,
3246 4660 3340 4716 ubi

93 4711 210 4771 LXX
239 4737 254 4774 :
286 4722 517 4776 Domine
551 4711 806 4777 Sabaoth.
880 4724 923 4756 θ’
956 4724 994 4779 ll
1029 4723 1163 4796 Reg.
1189 4742 1285 4792 vn,
1314 4737 1368 4780 et
1401 4726 1468 4779 lll
1497 4725 1629 4798 Reg.
1659 4743 1777 4791 vm,
1803 4711 2134 4800 per—totum:
2158 4711 2251 4762 Γίθ
2276 4711 2593 4788 iii—ms.th

156 4878 254 4948 (li)
288 4879 651 4956 Aquam_sale
678 4897 1009 4956 conspersum
1037 4881 1244 4956 popidis
1273 4880 1642 4956 be_n_edicin_m_s.
1677 4877 1723 4932 D
1752 4895 1965 4956 summo
1992 4895 2187 4940 conatu
2237 4886 2288 4940 id
2322 4896 2660 4956 praestarent,
2697 4888 2952 4944 divinitas
2986 4891 3216 4953 Christi,
3253 4894 3324 4947 ab

100 4942 208 5019 Vide
238 4942 382 5018 ἀψὲ
416 4950 652 5004 diximus
698 4951 752 5003 in
799 4942 942 5005 notis
984 4942 1048 5006 ad
1098 4942 1271 5005 Vitam
1312 4952 1641 5019 Alexandri,

100 5018 247 5073 verbis
260 5021 420 5074 hisce
442 5035 457 5071 :
483 5038 500 5069 ι
526 5019 626 5074 Hic
647 5022 927 5074 constituit
950 5037 1167 5089 aquam.
1197 5042 1214 5074 ι
1241 5030 1346 5075 etc.
1372 5022 1496 5078 Sev.
1523 5025 1640 5080 Bm.

155 5089 251 5158 {12)
293 5090 488 5143 Fidem
531 5107 731 5158 quoque
778 5102 974 5143 sanctte
1009 5092 1304 5146 Trinitatis.
1345 5092 1498 5158 Quod
1540 5096 1644 5150 hoc

97 5152 336 5232 loco‘t'am
368 5152 626 5232 distincte
646 5152 936 5232 Trinitatis
969 5163 1229 5217 unitatem
1271 5152 1398 5232 hac,
1417 5165 1643 5232 epistola

98 5227 347 5293 praedicet,
398 5230 556 5298 quasi
593 5231 645 5283 in
695 5229 936 5285 Ecclesia
982 5234 1086 5287 hoc
1129 5248 1326 5287 novum
1381 5227 1574 5298 fuerit,
1612 5251 1640 5288 a

99 5301 426 5371 novatoribus
482 5301 654 5353 nostri
707 5300 966 5371 temporis
1012 5302 1271 5371 injustam
1316 5304 1640 5359 calumniam

98 5368 290 5428 patitur.
345 5368 483 5423 Nam
526 5371 828 5438 antiquitus
863 5370 914 5423 in
963 5368 1361 5426 catechizandis
1396 5375 1642 5430 ﬁdelibus

99 5441 392 5514 mysterium
443 5439 862 5514 gloriosissima;
895 5439 1206 5514 Trinitatis,
1239 5454 1501 5511 quantum
1538 5445 1639 5498 ho-

98 5509 206 5561 mini
232 5510 409 5573 licuit,
446 5525 476 5562 a
511 5509 821 5563 catechistis
850 5509 1181 5565 insinuatum
1212 5509 1330 5567 esse
1363 5515 1497 5567 adeo
1523 5531 1642 5569 cer-

98 5581 188 5649 tum
209 5591 308 5642 est,
339 5593 398 5632 ut
428 5579 568 5632 idem
589 5579 788 5646 impius
820 5578 1112 5651 anianus,
1145 5584 1376 5651 scriptor
1402 5586 1636 5650 gentilis,

99 5641 140 5718 in
178 5641 478 5718 Philopatre
517 5641 700 5717 aperte
745 5641 1198 5707 conﬁteaturflJt
1238 5641 1638 5709 autemorlho;

98 5713 199 5774 doxi
227 5713 510 5793 episcopi,
542 5713 606 5773 ac
653 5719 993 5787 potissimum
1045 5721 1320 5777 Romanus
1373 5725 1633 5800 pontifex,

347 5815 625 5875 PATBOL.
665 5815 780 5878 Gn.
816 5815 891 5878 V.

1751 4952 2124 5028 hujussaeculi
2158 4952 2424 5028 haereticis
2452 4952 2795 5027 impugnata,
2839 4958 3138 5028 ﬂagitabat.
3170 4952 3326 5018 Unde

1752 5019 1808 5096 S_.
1828 5019 2172 5096 Athanasius
2207 5027 2273 5080 ad
2299 5019 2582 5096 episcopos
2605 5019 2888 5083 Africanos
2910 5019 3180 5094 scribens,
3207 5033 3323 5085 haec

1749 5094 1866 5175 ait:
1908 5113 1926 5146 ‹
1961 5095 2131 5177 Prisci
2158 5094 2395 5182 episcopi
2441 5094 2642 5180 abhinc
2681 5100 2838 5154 annis
2879 5110 3098 5182 centum
3125 5109 3186 5182 Aet
3218 5104 3366 5182 tri-gf

1753 5164 1919 5233 ginta,
1951 5167 2041 5234 qui
2086 5176 2196 5220 tum
2235 5164 2441 5231 Roma,
2475 5177 2587 5224 tum
2629 5169 2684 5223 in
2733 5177 2916 5223 nostra
2953 5170 3171 5240 civitate
3203 5169 3350 5240 αρε-⁵

1753 5246 2032 5304 scopatum
2068 5245 2373 5309 gesserunt,
2399 5251 2795 5293 accusaverunt
2835 5254 2951 5304 eos,
2991 5240 3085 5309 qui
3116 5239 3317 5298 Filium

1751 5317 2054 5361 creaturam
2087 5306 2347 5379 dicerent,
2373 5317 2467 5361 aut
2491 5309 2584 5379 qui
2625 5319 2883 5379 negarent
2916 5306 3041 5362 eum
3077 5313 3318 5366 consub-

1748 5378 2054 5452 stantialem
2098 5374 2462 5452 P_atri,__g_et_c._
2491 5374 2554 5431 Et
2580 5374 2892 5452 quanquam
2928 5379 3042 5433 haec
3085 5380 3314 5452 intelligi

1746 5449 1869 5532 velit
1905 5449 1973 5502 de
2013 5446 2224 5528 duobus
2268 5447 2375 5528 illis
2406 5446 2678 5532 Dionysiis
2709 5446 2964 5530 Romano
2983 5457 3037 5504 et
3073 5446 3314 5532 Alexan-

1743 5518 1902 5573 drino
1950 5517 2251 5586 episcopis.
2284 5519 2383 5589 qui
2422 5517 2742 5588 hocipsum
2788 5520 3000 5588 egregie
3047 5523 3314 5589 praestite-

1743 5599 1891 5652 runt,
1924 5598 2101 5642 tamen
2145 5603 2248 5639 non
2285 5587 2387 5642 nisi
2419 5587 2687 5656 majorum
2721 5587 2989 5658 exemplo,
3021 5587 3312 5648 traditione

1743 5670 1905 5730 atque
1935 5660 2184 5732 doctrina
2228 5672 2323 5732 eos
2373 5659 2486 5714 lucc
2532 5669 2782 5732 operatos
2828 5677 2968 5723 esse,
3001 5676 3161 5732 nemo
3185 5664 3312 5732 jure

1741 5728 1987 5785 dubitare
2017 5730 2231 5799 poterit.
2271 5728 2463 5784 Baron.
2493 5731 2748 5802 praedicto
2775 5747 2918 5787 anno
2947 5747 3099 5786 num.
3131 5728 3199 5788 ϐξ
3221 5732 3302 5792 In.

2913 5823 2989 5885 3’s
