3802 6210
468 222 606 276 1967

1734 222 1914 277 ALEX
1925 223 2130 279 ANDRI
2174 225 2193 280 1
2232 225 2433 282 ΡΑΡΑΕ

3563 237 3684 294 1068

466 346 556 391 tur
583 338 608 389 τ’
627 354 644 388 ι
675 335 904 391 Domine
934 337 1075 392 Deus
1099 338 1386 404 virtutum,
1415 335 1557 392 Deus
1592 336 1776 404 Israel,
1816 339 2032 392 intende
2062 340 2105 397 Α
2134 342 2416 395 universas
2445 349 2631 412 gentes
2657 343 2806 398 misit
2828 343 3144 414 baptizare?
3169 345 3226 401 Si
3252 348 3440 404 unitas
3465 361 3681 416 nonest,

465 427 534 480 ad
569 427 868 482 visitandas
902 443 1091 482 omnes
1139 428 1360 496 gentes?
1391 447 1408 480 ι
1451 427 1507 482 Si
1542 429 1723 483 unitas
1775 444 1881 482 non
1915 441 2029 495 εει,

463 536 586 586 cur,
619 538 637 570 σ
671 521 911 585 intende,
942 538 960 571 ι
991 521 1193 590 posuit,
1222 530 1273 575 et
1296 537 1403 575 non
1427 561 1442 584 ,
1503 521 1780 588 intendite,
1809 533 1868 575 ut
1892 538 2030 590 prm-

469 612 866 679 dicatus“cst,
899 613 1208 666 intimavit?
1242 611 1298 666 Si
1333 611 1571 666 Trinitas
1590 629 1694 666 non
1729 623 1831 678 est,
1857 629 1953 668 cur
1977 615 2029 666 in

462 703 792 773 Apocalypsi
828 704 987 758 tertio
1013 704 1151 757 dixit
1179 722 1191 757 :
1220 722 1237 755 ι
1270 704 1523 769 Sanctus,
1542 715 1782 770 sanctus,
1811 716 2032 760 sanctus

466 796 726 850 Dominus
745 796 886 851 Deus
900 797 1360 866 omnipotens,qui
1379 806 1481 861 est,
1496 805 1550 850 ct
1565 797 1655 866 qui
1673 797 1868 863 erat",
1882 816 1900 849 ι
1922 808 2026 852 ειε.

456 889 521 941 Si
559 888 740 942 unitas
777 904 883 942 non
919 899 1020 954 est,
1056 903 1248 957 quare,
1290 907 1310 939 σ
1344 890 1436 958 qui
1471 898 1572 955 est,
1611 907 1628 940 ›
1665 898 1720 944 ει
1769 903 1899 954 ηοιι,
1936 890 2029 960 qui

463 987 613 1040 sunt,
669 981 957 1048 pluraliter
990 981 1349 1051 designatur?
1406 979 1462 1035 Si
1498 981 1740 1036 Trinitas
1773 998 1879 1036 non
1913 992 2026 1046 εει,

462 1083 631 1135 quare
683 1071 736 1124 in
790 1070 1210 1128 Dcutcronomio
1262 1073 1467 1128 dictum]
1525 1082 1658 1128 est:
1702 1093 1719 1126 ι
1765 1073 2030 1128 Dominus

461 1157 605 1214 Deus
624 1170 750 1218 tuus
769 1164 1084 1219 misericors
1107 1174 1213 1228 est,
1231 1176 1283 1218 ct
1306 1166 1492 1219 audiet
1518 1179 1705 1222 vocem
1737 1176 1886 1220 tuam
1904 1166 1985 1218 ὀἳ
2005 1184 2022 1216 ι

463 1249 520 1304 Si
559 1256 740 1310 unitas
793 1271 902 1309 non
955 1266 1070 1320 est,
1123 1271 1292 1325 quare
1340 1257 1558 1324 posuit,
1632 1274 1650 1306 ι
1684 1257 1885 1321 audiet,
1917 1273 1935 1306 ι
1977 1265 2030 1310 ει

461 1353 608 1411 non‘,
656 1348 897 1409 audient.
928 1348 1232 1402 intimavit?
1260 1347 1315 1401 Si
1339 1346 1576 1402 Trinitas
1595 1364 1702 1402 non
1727 1359 1827 1410 est,
1861 1363 2029 1418 quare

461 1443 516 1495 in
549 1440 676 1496 Jesu
706 1439 852 1494 Nave
875 1441 916 1479 ⁸⁷
946 1441 1145 1494 dicitur
1179 1440 1318 1494 libro
1346 1458 1359 1492 :
1402 1458 1419 1491 ι
1451 1439 1713 1495 Dominus
1739 1440 1880 1494 Deus
1901 1440 2030 1494 deo—

460 1549 582 1587 rum
618 1533 660 1564 ⁸⁸
693 1542 777 1587 εει
805 1535 888 1586 ⁶⁹ἳ
926 1551 943 1584 ι
986 1531 1043 1586 Si
1080 1529 1262 1588 unitas
1295 1548 1400 1588 non
1453 1543 1558 1598 est,
1613 1548 1780 1602 quare
1820 1551 1839 1584 ο
1867 1543 1973 1595 εει,
2003 1550 2022 1585 s

459 1626 618 1692 dixit,
663 1634 718 1679 et
751 1640 881 1689 non,
918 1633 1080 1689 sunt,
1133 1640 1284 1679 more
1335 1625 1629 1680 locutionis
1677 1625 1926 1678 induxit?
1969 1623 2024 1678 Si

460 1716 704 1771 Trinitas
736 1732 844 1771 non
867 1727 970 1781 est,
995 1731 1164 1785 quare
1189 1716 1333 1770 Elias
1361 1717 1632 1786 loquendo
1657 1716 1710 1770 in
1737 1717 1982 1770 oratione
2007 1735 2020 1770 :
2055 1711 2096 1765 Β

463 1829 485 1862 ο
518 1811 763 1874 Domine,
799 1810 1025 1865 Domine
1060 1809 1201 1866 Deus
1232 1808 1417 1873 Israel,
1456 1812 1679 1865 ostende
1711 1812 1838 1881 quia
1878 1821 1934 1865 tu
1967 1827 2026 1865 es

459 1902 610 1956 Deus
661 1917 816 1956 meus
855 1901 933 1965 ⁷⁸,
985 1917 1002 1952 i
1039 1899 1210 1954 dixit?
1249 1897 1306 1952 Si
1359 1899 1537 1952 unitas
1573 1915 1679 1953 non
1714 1909 1828 1963 εει,
1859 1914 2026 1968 quare

461 2013 481 2045 ι
514 1994 759 2057 ostende,
796 2013 814 2045 ι
846 1997 1048 2062 posuit,
1082 2003 1135 2047 et
1171 2008 1304 2054 non,
1339 1992 1645 2047 ostendite?
1695 1991 1753 2046 Si
1785 1990 2026 2047 Trinitas

454 2103 563 2140 non
593 2099 697 2150 est,
725 2101 824 2140 cur
856 2084 1231 2140 Mardochaeus
1265 2085 1474 2139 orando
1503 2103 1517 2140 :
1565 2103 1582 2136 ι
1619 2084 1878 2147 Domine,
1921 2085 2027 2139 Do-

453 2178 601 2233 mine
658 2176 801 2232 Deus
863 2177 1240 2247 omnipotens,
1292 2177 1475 2231 omnia
1524 2177 1578 2230 in
1620 2185 1885 2246 potestate
1933 2185 2024 2232 tua

453 2272 668 2336 sunt",
710 2288 729 2322 ι
755 2270 928 2326 dixit?
959 2270 1014 2324 Si
1039 2270 1222 2324 unitas
1254 2283 1363 2323 non
1390 2279 1675 2338 est,quare
1707 2288 1726 2321 ι
1758 2270 1815 2324 in
1853 2277 1966 2331 tua,
1999 2287 2019 2320 ι

451 2365 656 2432 posuit,
686 2373 741 2417 et
766 2378 876 2417 non
903 2402 917 2426 ,
952 2363 1007 2416 in
1035 2373 1238 2428 vestra,
1271 2363 1542 2432 signavit?
1569 2360 1624 2415 Si
1655 2360 1892 2416 Trinitas
1915 2376 2023 2415 non

450 2464 556 2520 est,
588 2469 687 2509 cur
717 2454 879 2508 etiam
913 2452 1101 2508 Juditb
1137 2453 1344 2508 orando
1370 2453 1505 2507 dixit
1534 2470 1547 2506 :
1587 2471 1605 2503 ι
1644 2450 1893 2517 Domine,
1919 2451 2024 2504 Dos

451 2547 598 2600 mine
626 2544 771 2600 Deus
799 2545 1046 2599 omnium
1073 2544 1361 2608 virtutum,
1397 2544 1608 2613 respice
1633 2543 1688 2597 in
1722 2543 2022 2597 orationem

453 2637 756 2690 meam"?s
789 2636 846 2690 Si
881 2637 1065 2708 unitas
1106 2650 1215 2689 non
1250 2643 1353 2698 est,
1385 2649 1575 2704 quare,
1611 2651 1629 2685 ι
1658 2633 1886 2703 respice,
1923 2650 1940 2685 ι
1970 2642 2024 2688 ει

451 2743 562 2782 non
590 2766 606 2791 ,
667 2728 938 2798 respicite,
984 2726 1326 2798 designavit?
1364 2724 1422 2780 Si
1463 2725 1703 2796 Trinitas
1749 2741 1860 2780 non
1905 2735 2020 2795 est,

449 2836 620 2892 quare
657 2821 711 2876 in
752 2819 987 2876 Jeremia
1021 2820 1267 2875 dicitur:
1317 2837 1337 2871 ι
1375 2817 1638 2873 Dominus
1673 2817 1817 2873 Deus
1845 2823 2022 2873 vester

448 2928 615 2968 verax
645 2913 840 2988 est"?
873 2931 894 2966 ι
922 2911 975 2966 Si
1029 2912 1214 2969 unitas
1247 2927 1355 2966 non
1396 2920 1502 2978 est,
1552 2927 1745 2982 quare,
1801 2930 1820 2966 ς
1856 2928 2020 2968 verax

448 3015 551 3070 εει,
588 3024 607 3058 ο
667 3006 842 3074 dixit,
893 3015 947 3061 et
1005 3021 1157 3072 non,
1233 3020 1488 3071 veraces,
1542 3006 1725 3075 potius
1803 3006 2020 3061 intima-

447 3099 563 3152 vit?
595 3097 653 3153 Si
683 3097 928 3154 Trinitas
954 3114 1060 3155 non
1093 3108 1198 3165 est,
1231 3113 1401 3169 quare
1441 3098 1496 3153 in
1529 3098 1854 3170 Apocalypsi
1885 3099 2019 3154 scri-

447 3203 600 3262 ptum
643 3202 771 3248 est:
824 3210 844 3244 c
881 3190 1150 3247 Dominus
1189 3189 1333 3245 Deus
1377 3200 1430 3246 et
1459 3191 1684 3260 spiritus
1731 3191 2018 3261 propheta-

445 3298 568 3336 rum
588 3281 656 3348 ",
687 3280 836 3337 misit
867 3281 1121 3352 angelum
1161 3295 1325 3335 suum
1359 3281 1646 3336 ostendere
1679 3281 1852 3336 servis
1877 3280 2016 3345 suis,

445 3390 568 3443 quae
599 3381 813 3444 oportet
858 3373 973 3428 ﬁeri
1005 3375 1114 3429 cito
1138 3373 1217 3426 "?
1249 3393 1266 3426 ›
1322 3371 1379 3426 Si
1425 3373 1608 3427 unitas
1637 3387 1749 3428 non
1779 3382 1883 3439 est,
1918 3389 2017 3428 cur

447 3483 571 3522 cum
601 3465 814 3522 Patrem
849 3475 901 3520 et
930 3465 1130 3520 Filium
1163 3474 1216 3520 et
1246 3465 1510 3535 Spiritum
1549 3475 1796 3521 sanctum
1838 3467 2018 3520 nomi-

445 3568 650 3622 nasset,
709 3576 728 3610 ο
768 3558 938 3625 misit,
972 3576 992 3609 ι
1049 3558 1209 3620 dixit,
1247 3565 1300 3612 et
1356 3572 1486 3622 non,
1570 3557 1865 3622 miserunt,
1915 3557 2016 3612 sub

444 3659 743 3719 praetaxato
774 3650 941 3703 trium
977 3663 1339 3718 personarum
1378 3656 1432 3702 et
1464 3646 1747 3700 nominum
1788 3661 2018 3700 numero

446 3740 784 3795 introduxit?
813 3739 870 3794 Si
902 3739 1146 3794 Trinitas
1180 3753 1288 3792 non
1323 3745 1426 3802 est,
1464 3752 1632 3806 quare
1662 3737 1716 3791 in
1750 3736 2014 3791 Deutero-

443 3833 630 3887 nomio
652 3832 788 3889 dixit
806 3851 818 3886 :
846 3850 863 3883 ι
890 3831 1153 3886 Dominus
1174 3830 1316 3885 Deus
1330 3839 1508 3883 vester
1525 3829 1612 3883 hic
1628 3839 1710 3885 est
1736 3829 1879 3883 Deus
1893 3830 1937 3860 ⁷⁸
1959 3830 2008 3882 ⁸2»

445 3924 502 3979 Si
538 3924 717 3978 unitas
749 3939 859 3978 non
880 3934 987 3986 est,
1011 3939 1202 3994 quare,
1233 3941 1251 3974 ι
1297 3922 1386 3975 hic
1413 3930 1514 3980 est,
1548 3939 1566 3972 ι
1606 3920 1761 3984 dixit,
1787 3930 1840 3974 ct
1862 3936 1968 3975 non
1997 3940 2011 3974 :

445 4015 502 4069 bi
546 4025 694 4081 sunt,
755 4014 951 4083 plurali
1003 4029 1232 4068 numero
1281 4011 1620 4080 designavit?
1667 4011 1723 4064 Si
1771 4010 2013 4066 Trinitas

445 4121 552 4159 non
587 4113 690 4168 est,
719 4119 892 4174 quare
931 4105 985 4158 in
1019 4105 1212 4160 eodem
1242 4103 1441 4158 dicitur
1467 4102 1645 4156 libro:
1689 4119 1706 4153 ι
1744 4101 2011 4158 Dominus

442 4195 588 4251 Deus
621 4205 768 4261 tuus,
811 4194 953 4250 Deus
990 4210 1224 4265 magnus
1255 4204 1310 4249 et
1351 4202 1543 4264 potens
1562 4192 1644 4246 "7
1674 4211 1693 4244 ›
1739 4191 1796 4246 Si
1830 4195 2011 4250 unitas

441 4307 552 4346 non
592 4302 699 4355 est,
752 4303 942 4360 quare,
990 4307 1012 4341 ο
1047 4303 1277 4356 magnus
1321 4295 1373 4340 et
1406 4295 1624 4354 potens,
1659 4304 1678 4337 ι
1729 4285 2011 4355 pluraliter

2133 447 2322 499 quare,
2385 451 2403 483 ι
2439 434 2490 486 in
2527 435 2768 502 nomine,
2807 453 2826 488 ι
2866 437 3021 502 dixit,
3073 451 3127 494 et
3163 455 3306 504 non,
3359 441 3414 495 in
3468 445 3683 497 nomini-

2133 522 2254 587 bus,
2291 525 2650 594 praecipiendo
2696 528 3013 596 perdocuit?
3045 529 3103 584 Si
3148 529 3394 588 Trinitas
3437 548 3546 588 non
3579 546 3681 602 est,

2130 632 2300 685 quare
2336 613 2539 670 Paulus
2573 619 2852 686 apostolus
2899 620 3012 674 ait:
3056 640 3074 672 ‹
3109 621 3188 675 Ex
3235 623 3378 692 ipso,
3414 632 3469 677 et
3492 640 3586 694 per
3615 627 3684 696 ip-

2131 722 2274 769 sum,
2308 716 2360 760 et
2408 706 2462 760 in
2507 708 2625 776 ipso
2673 718 2799 763 sunt
2842 710 3025 764 omnia
3049 711 3130 764 "?
3166 729 3186 763 ι
3239 711 3297 766 Si
3358 714 3547 769 unitas
3591 733 3683 769 non

2129 809 2231 864 est,
2260 814 2449 868 quare,
2488 818 2504 849 ι
2537 814 2599 854 ex
2650 800 2785 869 ipso,
2821 819 2839 852 ›
2886 802 3095 871 posuit,
3137 813 3190 856 et
3236 819 3370 866 non,
3417 821 3483 858 ex
3525 805 3682 874 ipsis,

2129 893 2396 945 astruxit?
2423 892 2478 945 Si
2517 893 2660 946 enim
2699 903 2845 948 certo
2877 895 3079 949 ccrtius
3111 896 3394 951 volueritis
3435 898 3681 952 unitatem

2131 982 2415 1039 Trinitatis
2447 1000 2741 1060 agnoscere
2761 1025 2773 1048 ,
2812 999 2842 1038 a
2873 1000 3012 1054 sape
3033 985 3178 1040 dicto
3201 987 3434 1042 Doctore
3459 989 3682 1059 gentium

2128 1077 2390 1145 Apostolo
2415 1077 2641 1145 potestis
2672 1077 2922 1131 universa
2963 1077 3300 1141 condiscere,
3337 1089 3391 1133 et
3425 1083 3579 1150 sequi
3606 1099 3684 1136 ca-

2129 1165 2384 1220 tholicam
2429 1166 2607 1231 tidem,
2641 1175 2694 1220 et
2722 1167 2764 1197 ⁸⁸
2803 1167 2998 1220 horum
3049 1183 3307 1237 respuere
3353 1172 3683 1238 pravitatem.

2135 1275 2152 1307 ι
2184 1256 2369 1310 Gratia
2405 1256 2620 1311 Domini
2656 1258 2826 1312 nostri
2852 1256 2979 1312 Jcsu
3016 1258 3242 1324 Christi,
3273 1260 3474 1330 inquit,
3500 1273 3550 1315 et
3573 1264 3684 1317 cha-

2127 1349 2262 1402 ritas
2291 1347 2406 1412 Dei,
2438 1358 2492 1402 et
2517 1351 2939 1404 communicatio
2971 1352 3143 1405 sancti
3178 1352 3441 1420 Spiritus,
3478 1355 3590 1423 ipsa
3615 1369 3684 1409 est

2126 1437 2325 1504 Patris,
2347 1452 2399 1496 et
2433 1439 2573 1506 Filii,
2597 1442 2640 1472 ⁸⁷
2665 1452 2718 1496 ει
2747 1442 2981 1512 Spiritus
3009 1445 3178 1497 sancti
3211 1446 3386 1515 gratia
3413 1446 3487 1510 ⁸³;
3510 1461 3528 1493 ι
3549 1456 3598 1499 ει
3617 1449 3684 1500 sic

2126 1531 2288 1585 tidem
2333 1542 2535 1588 sanctte
2579 1533 2861 1590 Trinitatis
2904 1545 2957 1589 et
3006 1535 3332 1606 intelligere,
3376 1548 3431 1592 et
3481 1538 3681 1602 docere,

2127 1622 2359 1678 Domino
2393 1625 2702 1695 adjuvantc,
2733 1626 2962 1696 pleniter
2990 1629 3243 1697 potestis.

2201 1715 2404 1770 Idcirco
2457 1718 2651 1789 igitur,
2703 1719 3044 1784 charissimi,
3101 1719 3226 1774 ﬁdei
3274 1720 3500 1790 regulas
3539 1721 3679 1790 juxta

2130 1808 2298 1879 hujus
2324 1810 2566 1879 epistola:
2598 1811 2760 1865 linem
2796 1811 3101 1881 posuimus,
3133 1820 3193 1866 ut
3233 1813 3288 1865 in
3323 1813 3446 1881 ejus
3481 1813 3682 1868 confes-

2128 1903 2284 1958 sione
2323 1904 2551 1959 tideliter
2592 1919 3022 1972 perseveremus,
3052 1915 3103 1959 et
3150 1903 3384 1959 Domino
3430 1907 3683 1960 auxilian-

2127 2004 2179 2049 te
2205 1996 2272 2059 ⁸⁸,
2299 1996 2499 2050 bonam
2533 1997 2692 2051 ﬁdem
2730 1997 2929 2052 habere
2953 2013 3282 2051 mereamur.
3315 2016 3336 2049 ι
3375 1995 3684 2069 Quicunque

2126 2087 2356 2141 voluerit
2405 2104 2526 2144 esse
2571 2090 2781 2146 amicus
2827 2090 3012 2145 szeculi
3071 2090 3256 2160 hujps,
3298 2090 3560 2147 inimicus
3601 2092 3678 2147 Dei

2125 2181 2498 2236 constituitur.
2528 2181 2608 2236 An
2633 2192 2680 2226 ³³
2708 2183 2931 2253 putatis,
2966 2182 3096 2252 quia
3141 2182 3381 2236 inaniter
3414 2181 3682 2253 Scriptura

2125 2269 2254 2325 dicit
2292 2287 2305 2322 :
2344 2272 2425 2325 Ad
2462 2271 2720 2327 invidiam
2751 2273 3088 2344 concupiSCit
3129 2273 3384 2342 spiritus,
3419 2275 3512 2346 qui
3545 2275 3685 2328 habi-

2124 2371 2203 2415 tat
2238 2364 2289 2415 in
2318 2363 2492 2427 vobis,
2527 2365 2784 2434 majorem
2813 2376 2992 2421 autem
3036 2367 3128 2421 dat
3167 2365 3401 2437 gratiam
3423 2366 3449 2422 ?
3471 2365 3685 2438 Propter

2124 2453 2266 2521 quod
2302 2453 2502 2507 dicitur
2548 2473 2560 2507 :
2605 2453 2744 2509 Deus
2791 2456 3038 2524 superbis
3100 2457 3334 2524 resistit,
3395 2458 3683 2512 humilibus

2123 2552 2304 2598 autem
2339 2544 2432 2598 dat
2460 2546 2712 2615 gratiam.
2745 2543 2955 2601 Subditi
2992 2546 3155 2616 igitur
3183 2557 3360 2602 estote
3397 2548 3530 2611 Deo,
3564 2550 3685 2603 resi-

2121 2637 2248 2691 stite
2298 2648 2477 2693 autem
2525 2639 2758 2706 diabolo,
2795 2648 2850 2694 et
2897 2639 3066 2710 fugiet
3095 2655 3126 2694 a
3167 2641 3346 2697 vobis.
3380 2641 3683 2712 Appropin-

2121 2737 2286 2799 quate
2334 2728 2484 2798 Deo,
2532 2740 2587 2786 ει
2636 2731 3091 2802 appropinquabit
3140 2734 3322 2790 vobis.
3388 2733 3683 2789 Emundate

2121 2836 2316 2877 manus
2349 2821 2415 2888 ⁸⁸,
2447 2831 2790 2892 peccatores,
2818 2833 2871 2880 et
2908 2825 3192 2893 puriticate
3228 2826 3421 2891 corda,
3451 2827 3686 2897 duplices

2119 2912 2323 2968 animo.
2369 2913 2551 2968 Miseri
2582 2922 2774 2982 estote,
2825 2923 2878 2970 et
2923 2915 3120 2986 lugete,
3165 2925 3222 2970 et
3266 2917 3500 2986 plorate.
3534 2917 3684 2973 Risus

2118 3013 2304 3061 vester
2336 3007 2392 3061 in
2436 3006 2640 3061 luctum
2690 3017 3052 3075 convertatur,
3083 3016 3137 3062 et
3171 3011 3435 3080 gaudium
3470 3011 3526 3066 in
3560 3026 3684 3065 mar

2119 3113 2320 3153 rorem.
2355 3097 2722 3153 llumiliamini
2751 3099 2805 3154 in
2852 3108 3144 3170 conspectu
3178 3102 3423 3167 Domini,
3455 3112 3510 3158 et
3540 3103 3682 3158 exalo

2118 3188 2252 3242 tabit
2280 3203 2395 3242 vos.
2431 3186 2604 3243 Nolite
2629 3190 2909 3245 detrahere
2936 3191 3278 3257 alterutrum,
3304 3191 3539 3255 fratres;
3564 3192 3680 3263 quia

2117 3278 2211 3347 qui
2245 3277 2482 3332 detrahit
2511 3277 2700 3343 fratri,
2734 3288 2826 3333 aut
2856 3279 2950 3348 qui
2988 3279 3200 3348 judicat
3239 3279 3467 3336 fratrem
3504 3298 3678 3346 suum,

2118 3369 2352 3423 detrahit
2396 3369 2521 3440 legi,
2570 3377 2623 3423 et
2663 3369 2870 3439 judicat
2903 3371 3096 3440 legem.
3145 3370 3202 3425 Si
3252 3383 3442 3426 autem
3475 3373 3680 3442 judicas

2118 3462 2311 3531 legem.
2361 3478 2468 3515 non
2502 3478 2562 3517 es
2613 3462 2786 3516 factor
2825 3463 2976 3533 legis,
3007 3465 3099 3518 sed
3131 3463 3334 3533 judex;
3365 3483 3513 3521 unus
3542 3467 3675 3520 enim

2115 3565 2197 3608 est
2232 3554 2506 3623 legislator
2539 3554 2807 3622 etjudex,
2843 3556 2934 3623 qui
2976 3565 3149 3624 potest
3197 3559 3429 3625 perdere
3462 3570 3516 3614 et
3554 3560 3680 3614 libe~

2117 3658 2256 3696 rare.
2303 3642 2382 3697 Tu
2427 3653 2607 3698 autem
2643 3644 2766 3712 quis
2815 3660 2902 3710 es,
2953 3645 3046 3714 qui
3084 3646 3303 3714 judicas
3337 3650 3683 3717 proximum?

2126 3736 2280 3805 Agite
2311 3736 2726 3800 nunc,divites,
2764 3735 2971 3805 plorate
3020 3739 3292 3795 ululantes
3339 3741 3397 3796 in
3449 3745 3678 3798 miseriis

2115 3829 2329 3892 vestris,
2365 3843 2485 3895 quae
2517 3829 2802 3883 advenient
2827 3829 2998 3884 vobis.
3027 3829 3238 3886 Divitia:
3270 3843 3470 3890 vestra:
3504 3845 3678 3906 putre-

2115 3918 2271 3973 factae
2321 3929 2481 3983 sunt,
2514 3929 2568 3975 et
2608 3920 2928 3974 vestimenta
2961 3927 3136 3976 Vestra
3172 3939 3203 3977 a
3252 3925 3422 3980 tineis
3447 3936 3677 3981 comesta

2115 4019 2262 4066 sunt.
2299 4011 2506 4065 Aurum
2550 4021 2603 4066 et
2654 4022 2937 4082 argentum
2979 4019 3218 4068 vestrum
3253 4018 3598 4086 aeruginavit,
3629 4025 3675 4070 et

2113 4118 2294 4171 mrugo
2322 4117 2510 4157 eorum
2546 4102 2600 4155 in
2635 4104 2998 4157 testimonium
3022 4105 3175 4158 vobis
3203 4107 3329 4169 erit,
3362 4118 3418 4161 et
3452 4111 3674 4164 manduo

2112 4194 2254 4249 cabit
2286 4209 2477 4248 carnes
2507 4207 2714 4249 vestras
2747 4195 2886 4249 sicut
2913 4196 3071 4266 ignis.
3111 4195 3556 4256 Thesaurizastis
3587 4218 3674 4256 vo-

2111 4286 2196 4340 bis
2226 4287 2359 4339 iram
2387 4285 2439 4338 in
2475 4287 2786 4341 novissimis
2824 4288 3035 4342 diebus.
3066 4287 3204 4344 Ecce
3247 4307 3463 4348 merces
3491 4309 3670 4363 opera-

439 4399 549 4438 non
571 4381 947 4454 onominatur?
982 4379 1040 4434 Si
1075 4378 1312 4434 Trinitas
1354 4395 1462 4432 non
1505 4388 1610 4445 est,
1642 4393 1740 4434 cur
1774 4375 2005 4443 Tobias,
2039 4397 2083 4452 ι)
2113 4377 2341 4440 riorum,
2365 4375 2456 4444 qui
2481 4386 2827 4431 messuerunt
2853 4378 3102 4446 regiones
3125 4389 3360 4443 vestras,
3395 4398 3520 4452 quae
3545 4383 3671 4438 frau-

439 4491 564 4530 cum
593 4465 949 4530 ﬁlium"suum
974 4473 1027 4527 in
1055 4470 1231 4541 Rages
1261 4470 1537 4525 civitatem
1573 4484 1700 4523 cum
1734 4468 2009 4538 Raphaele

358 4611 360 4613 .
440 4567 768 4638 archangelo
799 4566 1056 4627 mitteret,
1082 4561 1409 4616 benedicens
1443 4575 1558 4628 eos,
1589 4561 1663 4614 ita
1686 4559 1890 4615 dixisse
1911 4560 2009 4614 do-

354 4693 355 4696 η
438 4669 596 4712 cetur
631 4681 642 4713 :
693 4676 712 4710 ι
767 4657 910 4713 Deus
943 4656 1244 4719 Abraham,
1281 4666 1335 4709 et
1383 4652 1527 4708 Deus
1563 4651 1733 4719 Isaac,
1768 4661 1821 4707 et
1864 4652 2008 4708 Deus

434 4749 627 4812 Jacob,
667 4749 781 4816 ipse
829 4747 1055 4816 impleat
1110 4746 1545 4801 benedictionem
1599 4760 1753 4799 suam
1805 4745 1861 4796 in
1912 4759 2007 4796 vo-

433 4841 519 4895 bis
543 4839 630 4893 "?
664 4857 683 4887 ι
719 4838 773 4892 Si
810 4837 994 4896 unitas
1014 4853 1121 4892 non
1149 4847 1250 4901 est,
1277 4853 1467 4907 quare,
1506 4855 1522 4886 ι
1560 4837 1675 4905 ipse
1702 4836 1943 4905 impleat,
1978 4853 1995 4886 ι

431 4933 589 4998 dixit,
623 4938 678 4985 et
701 4946 808 4985 non
838 4969 853 4994 ,
895 4929 1000 5000 ipsi
1031 4930 1311 5000 impleant,
1357 4929 1661 4983 intimavit?
1693 4927 1997 4991 Postremo,

432 5031 477 5083 si
508 5027 750 5082 Trinitas
779 5042 887 5081 non
915 5035 1018 5091 est,
1048 5041 1218 5097 quare
1250 5025 1513 5080 Dominus
1543 5025 1842 5094 discipulos
1868 5039 1998 5078 suos

436 5139 457 5172 ι
493 5121 548 5175 in
578 5119 800 5177 nomine
836 5116 1034 5185 Patris,
1064 5127 1118 5172 et
1157 5116 1301 5183 Filii,
1332 5125 1388 5171 et
1420 5115 1657 5185 Spiritus
1698 5113 1870 5169 sancti
1886 5114 1931 5145 ⁷³
1971 5132 1988 5163 ›

533 5215 580 5246 ⁸⁸
603 5231 707 5284 ms.
743 5222 1005 5284 precatus.
1083 5214 1127 5244 ⁸⁸
1155 5211 1323 5284 ᾼροε.
1359 5226 1432 5276 ιν,
1472 5211 1525 5265 8.

425 5357 468 5386 ‘”
506 5354 656 5408 Esth.
694 5369 813 5416 xui,
847 5354 898 5408 9.

423 5425 469 5455 "
497 5427 663 5492 Apoc.
719 5439 852 5488 χχιι,
877 5424 930 5477 6.
1006 5423 1052 5455 "
1075 5423 1227 5477 Deut.
1273 5436 1386 5475 xix.
1463 5420 1508 5452 ⁷⁷
1538 5419 1691 5492 υειιι.
1720 5435 1772 5492 χ,
1799 5419 1884 5492 l7.

425 5494 467 5525 "
503 5488 830 5547 Arianorum
866 5494 1127 5563 expunxit
1155 5507 1376 5551 nomen,
1406 5500 1466 5546 ut
1497 5489 1690 5542 melius
1746 5488 1949 5541 falleret
1981 5489 2247 5543 incautos.
2326 5491 2369 5521 ⁸¹
2396 5489 2495 5544 Hic

425 5565 642 5612 exhibet
671 5563 805 5612 falsa
859 5563 1126 5612 Benedicti
1159 5561 1452 5612 Ieoistola.
1545 5559 1589 5589 ⁸³
1618 5559 1662 5608 ΙΙ
1693 5559 1818 5612 Cor.
1876 5575 1992 5612 xiii.
2041 5559 2124 5611 15.
2201 5560 2246 5591 ⁸⁵
2276 5561 2526 5612 adiuvant

1777 5576 1818 5610 r.
1876 5575 1992 5619 xiii,
2041 5575 2124 5611 ιο.
2201 5575 2575 5628 σἀαλαυαηιε.

727 5635 769 5667 ⁸⁷
798 5633 912 5688 Jac.
948 5649 1019 5701 iv,
1046 5634 1211 5699 ‘15;
1238 5627 1292 5696 v,
1326 5633 1444 5687 l-6.
1521 5629 1563 5662 ⁸⁸
1594 5627 1867 5693 Clemens,
1905 5644 1989 5683 eo.
2027 5629 2092 5697 ‘2;
2131 5629 2308 5685 (Patr.
2341 5627 2436 5685 Cr.
2468 5629 2520 5684 Il
2548 5639 2600 5685 et
2631 5630 2755 5686 inde
2808 5631 2954 5686 Felix
3009 5632 3053 5698 Ι,
3078 5647 3168 5700 ep.
3197 5631 3248 5698 1,
3281 5649 3408 5703 qua
3468 5637 3648 5709 pariter

423 5565 642 5619 exhibet
671 5563 805 5619 falsa
859 5561 1126 5617 Benedicti
1159 5564 1179 5614 Ι
1204 5561 1452 5630 epistola.

424 5649 632 5686 manus.

425 5703 722 5759 νοθεύεται.

1603 5211 1648 5240 ⁸⁸
1684 5209 1838 5263 Deut.
1877 5223 1950 5273 iv,
1991 5213 2075 5266 5i.
2134 5209 2176 5239 ⁵⁷
2208 5209 2262 5262 in
2297 5225 2401 5263 ms.
2448 5208 2602 5263 deest
2643 5207 2811 5262 Nave.

421 5283 517 5338 ubi
574 5279 754 5337 υίΧὲ
797 5283 1085 5344 Dominus,
1149 5279 1405 5335 Dominus
1443 5289 1606 5334 vester
1643 5279 1782 5332 Deus
1815 5280 1868 5331 in
1914 5287 2038 5332 cceto
2085 5295 2264 5345 supra,
2296 5289 2343 5332 et
2376 5280 2428 5332 in
2459 5288 2601 5331 terra
2649 5279 2911 5333 deorsum.

1002 5355 1050 5388 "
1070 5352 1452 5411 Judithix.l7.
1477 5349 1656 5420 "pler.
1695 5365 1750 5412 x,
1786 5349 1873 5420 lO.
1948 5351 1999 5420 7“
2022 5349 2110 5420 ubi
2151 5349 2371 5419 Vulgata
2407 5368 2421 5403 :
2454 5348 2712 5420 Dominus
2764 5349 2898 5402 Deus
2938 5351 3221 5417 spirituum
3267 5348 3650 5420 prophetarum.

1961 5418 2006 5449 ⁷⁸
2030 5419 2163 5474 'l‘oh.
2204 5418 2299 5485 vn,
2345 5421 2430 5474 15.

2111 4469 2235 4523 data
2262 4476 2343 4523 est
2369 4483 2400 4521 a
2431 4467 2610 4534 vobis,
2639 4467 2857 4535 clamat,
2882 4471 3172 4524 vindictam
3219 4487 3460 4541 poscens
3490 4477 3665 4530 retenti

2106 4560 2330 4624 laboris,
2362 4567 2415 4614 et
2441 4560 2650 4615 clamor
2677 4575 2864 4614 eorum
2896 4561 2951 4614 in
2988 4577 3149 4616 aures
3183 4563 3404 4619 Domini
3439 4566 3664 4621 Sabaoth

2104 4652 2366 4706 introivit.
2396 4651 2609 4722 Epulati
2640 4653 2771 4708 estis
2817 4668 2978 4722 super
3005 4662 3230 4716 terram,
3267 4666 3324 4710 et
3359 4658 3415 4711 in
3446 4659 3664 4712 luxuriis

2102 4743 2384 4797 enutristis
2408 4745 2570 4799 corda
2603 4753 2782 4799 vestra
2808 4744 2861 4798 in
2897 4745 2984 4799 die
3024 4746 3342 4801 occisionis.
3375 4749 3662 4804 Addixistis

2104 4845 2158 4889 et
2211 4836 2488 4891 occidistis
2526 4836 2767 4906 justum,
2819 4845 2872 4890 ct
2931 4851 3038 4890 non
3096 4839 3296 4892 restitit
3338 4841 3499 4896 vobis
3550 4842 3608 4895 ⁸⁷.
3642 4860 3658 4892 ›

2103 4927 2150 4961 ⁸⁸
2199 4927 2322 4982 Vae!
2376 4928 2605 4994 fratres,
2655 4915 2740 4983 hi's
2786 4929 2880 4998 qui
2925 4929 3187 4984 tribulant
3235 4946 3359 4987 vos.
3392 4933 3504 4990 Vos
3548 4951 3661 4988 vero

2102 5029 2308 5090 quanto
2346 5021 2580 5090 amplius
2622 5021 2994 5085 tribulamini,
3030 5031 3181 5077 tanto
3214 5027 3558 5096 purgatiores
3588 5036 3660 5079 at-

2100 5128 2206 5183 que
2251 5113 2518 5168 beatiores
2559 5112 2861 5167 eilicicmini
2887 5154 2902 5180 ,
2934 5113 2979 5168 si
3025 5123 3208 5168 tamen
3243 5116 3364 5184 ipsa
3398 5117 3660 5172 tribulatio

2889 5209 2933 5239 ⁸⁸
2964 5225 3068 5263 ms.
3092 5227 3297 5264 eorum.
3382 5215 3425 5245 ⁶⁹
3456 5212 3564 5268 los.
3593 5229 3654 5274 ιι,

2987 5280 3033 5310 ⁷⁸
3073 5281 3142 5332 Ill
3191 5280 3324 5349 Reg.
3382 5300 3536 5350 xviii,
3576 5285 3654 5336 36.

2511 5419 2556 5450 "
2586 5418 2775 5473 Matth.
2828 5437 2982 5484 xvm,
3020 5421 3107 5475 l9.
3185 5421 3231 5452 ⁸ο
3267 5418 3430 5477 Rom.
3472 5442 3548 5486 xi,
3572 5424 3651 5477 56.

2326 5491 2369 5521 ⁸¹
2396 5489 2495 5544 llic
2533 5489 2790 5545 desinunt
2846 5489 3034 5544 ltbacii
3066 5491 3271 5546 verba:
3308 5495 3475 5560 paulo
3516 5496 3650 5564 plura

2326 5561 2575 5618 (iuvante.
2700 5561 2744 5592 ⁸⁵
2781 5571 2892 5614 aut.
2970 5561 3144 5614 “ms.
3201 5567 3476 5618 enrendale
3529 5564 3648 5616 vobis
