3802 6210
128 290 238 347 ίοδο
1524 265 1903 335 ΕριετοιιίΕε
3177 282 3333 350 qm

122 407 357 478 patienter
390 400 555 458 fuerit
590 409 930 472 supportata.
964 398 1121 457 Unde
1158 401 1277 471 ipsa
1302 398 1517 455 Veritas
1558 413 1654 468 per
1680 403 1729 457 A
1756 406 1939 455 autem
1967 416 2034 456 ex
2057 402 2238 459 vestro
2266 391 2495 478 collegio
2519 404 2702 470 fuerit,
2733 416 2787 462 et
2823 408 2893 463 ah
2919 410 3124 465 auxilio
3152 425 3335 468 vestro

122 516 170 555 se
193 498 316 553 dixit
345 515 359 551 :
391 515 410 547 ‹
442 495 592 551 Beati
625 495 718 565 qui
747 494 1180 566 persecutionem
1214 493 1496 563 patiuntur
1525 507 1651 561 pro-
1754 505 1815 545 se
1844 492 2199 563 subtraxerit,
2236 498 2411 570 magis
2456 500 2842 556 schismaticus
2867 518 3032 572 quam
3077 506 3329 561 sacerdos

120 600 217 660 pter
237 587 496 657 justitiam
523 587 603 652 ⁸⁹;
640 605 658 636 ι
691 594 744 640 et
775 585 899 639 alibi
932 602 947 640 :
984 603 1003 636 ι
1040 583 1187 639 Beati
1223 584 1375 639 eritis
1399 598 1522 637 cum
1555 599 1653 639 vos
1754 596 1878 637 esse
1927 586 2268 654 probabitur.
2311 607 2331 641 ‹
2380 589 2553 657 Ecce,
2606 592 2784 662 inquit
2831 593 3124 665 Propheta,
3165 614 3330 667 quam

119 683 306 737 oderint
338 680 606 742 homines,
638 688 692 733 et
716 678 983 749 persecuti
1009 692 1105 733 vos
1136 676 1361 741 fuerint,
1388 683 1443 730 et
1470 675 1651 745 ejece-
1754 675 1963 731 bonum
2005 688 2059 733 et
2091 695 2255 748 quam
2309 680 2649 750 jucundum,
2713 684 2959 739 habitare
3016 685 3214 743 fratres
3274 690 3331 744 in

118 778 209 829 rint
250 789 438 829 nomen
482 782 725 827 vestrum
770 781 1027 841 tanquam
1074 770 1301 825 malum.
1332 770 1573 824 Gaudete
1599 769 1650 822 in
1756 782 1928 822 unum
1963 768 2005 825 ⁸.
2042 787 2060 821 ι
2099 772 2175 824 illi
2210 786 2339 827 vero
2376 774 2429 826 in
2464 791 2630 829 unum
2656 790 2763 830 non
2794 777 3057 845 habitant,
3086 780 3181 848 qui
3220 778 3333 836 fra-

120 867 193 921 illa
224 862 322 927 die,
350 874 400 918 et
429 863 722 927 exsultate,
759 863 1017 933 quoniam
1048 872 1257 917 merces
1278 871 1458 917 vestra
1483 860 1652 915 multa
1755 867 1901 913 trum
1936 860 2133 917 solatio
2176 878 2236 919 se
2276 865 2625 933 subtrahunt,
2659 876 2771 933 aut,
2798 870 2942 939 quod
2963 870 3200 926 deterius
3221 881 3327 939 est,

119 958 253 1013 estin
285 956 418 1011 creto
447 956 518 1009 ’°.
548 974 565 1006 ι
1110 1002 1113 1007 ,
1755 952 2023 1011 fratribus
2064 957 2292 1012 insidias
2333 969 2657 1028 praeparant,
2696 972 2789 1014 aut
2834 961 3061 1032 laqueos
3093 972 3323 1033 ponunt.

174 1048 297 1104 Data
321 1065 370 1101 ix
396 1047 626 1103 Kalend.
660 1047 909 1117 Augusti,
944 1044 1180 1117 Trajano
1204 1056 1257 1103 et
1289 1049 1334 1081 ⁸⁸
1363 1046 1583 1102 Ᾱῐιίιιηο
1607 1040 1651 1079 ⁵⁸
1756 1045 1834 1102 De
1861 1048 1944 1104 his
1962 1050 2107 1103 enim
2132 1060 2183 1105 et
2211 1065 2400 1105 eorum
2425 1051 2693 1107 similibus
2714 1051 2977 1109 Dominus
3011 1070 3105 1124 per
3129 1055 3328 1111 Oscam

117 1143 226 1199 viris
252 1140 564 1199 clarissimis
595 1141 911 1196 consulibus
938 1141 985 1181 ⁸³
1013 1142 1145 1212 (15).
1755 1141 2075 1208 prophetam
2102 1142 2363 1212 loquitur,
2400 1143 2588 1200 dicens
2618 1160 2631 1196 ε
2666 1163 2685 1197 ι
2730 1143 2957 1215 Propter
2985 1146 3091 1201 hoc
3126 1148 3329 1220 lugebit

649 1276 987 1333 EPISTOLA
1028 1272 1089 1333 η.
1756 1242 1924 1333 terra,
1956 1244 2011 1288 et
2042 1234 2407 1333 infirinabitur
2446 1236 2761 1333 omnis-qui
2810 1237 3017 1333 habitat
3066 1239 3118 1293 in
3159 1255 3245 1306 ea,
3271 1242 3327 1295 in

534 1392 547 1405 ⁸
643 1321 715 1405 Δι’·
741 1321 835 1331 ·ν·
1029 1321 1089 1333 ⁸³·
1265 1391 1275 1405 ί
1321 1403 1327 1405 λ
1757 1325 1927 1380 bestia
1959 1327 2095 1397 agri,
2126 1337 2180 1382 et
2211 1329 2264 1382 in
2297 1328 2516 1383 volucre
2546 1329 2701 1395 coeli;
2742 1330 2835 1384 sed
2864 1337 2918 1383 et
2946 1330 3124 1399 pisces
3160 1332 3329 1388 maris

295 1392 369 1447 De
397 1392 573 1446 ίαηδίδ
602 1401 653 1446 et
677 1390 1066 1462 gmwn‘m‘bus
1092 1391 1441 1446 δασετίίθηηηδ
1754 1420 2249 1489 congregabuntur.
2308 1419 2695 1475 Verumtamen
2721 1428 2728 1467 τ
2761 1423 3140 1492 unusquisque
3216 1439 3325 1479 non

174 1504 538 1560 Dilectissimis
562 1502 824 1558 fratribus
853 1503 1110 1558 omnibus
1133 1504 1425 1573 episcopis,
1449 1518 1545 1573 per
1573 1504 1655 1558 di-
1751 1510 1976 1581 judicet,
2019 1522 2073 1567 et
2112 1530 2218 1568 non
2255 1526 2517 1581 arguatur
2545 1515 2662 1579 vir;
2714 1516 2949 1584 populus
2992 1516 3135 1570 enim
3178 1525 3327 1586 tuus,

116 1612 275 1653 versas
306 1597 621 1653 constitutis
644 1598 914 1668 regiones,
941 1597 1244 1652 Alexander
1270 1598 1578 1667 episcopus.

170 1691 211 1723 ”
236 1689 400 1757 Nulli,
432 1690 633 1745 fratres
655 1731 670 1757 ,
705 1690 932 1745 dubium
984 1697 1067 1744 est
1106 1688 1232 1757 quia
1270 1688 1397 1744 boni
1436 1704 1466 1742 a
1496 1688 1652 1743 malis

117 1801 299 1855 semper
356 1786 793 1856 persecutionem
850 1783 1134 1853 patiuntur
1191 1791 1246 1837 et
1303 1781 1650 1835 tribulantur.

115 1874 311 1946 Propter
335 1877 479 1946 quod
513 1876 869 1930 humiliemur
892 1874 938 1905 ³⁵
964 1872 1067 1927 sub
1098 1871 1303 1949 potenti
1336 1887 1499 1924 manu
1536 1869 1652 1936 Dei,

118 1977 165 2021 ut
192 1968 364 2021 liberet
392 1982 496 2022 nos
532 1966 588 2020 in
638 1972 885 2034 tempore
928 1963 1315 2018 tribulationis.
1347 1959 1482 2015 Nam
1516 1961 1658 2016 sicut

117 2056 183 2111 leo
210 2060 417 2126 rugiens
455 2057 947 2127 circuit,quaareus
966 2069 1128 2123 quem
1169 2053 1411 2118 devoret,
1439 2052 1520 2107 sic
1547 2053 1659 2107 dia-

117 2150 246 2205 bolus
265 2159 309 2191 η
331 2168 436 2207 non
456 2159 638 2207 cessat
666 2149 916 2215 circuire,
940 2156 994 2204 et
1015 2162 1257 2219 querere
1278 2162 1417 2216 quos
1445 2161 1510 2202 ex
1524 2145 1659 2201 fide-

116 2243 234 2299 libus
255 2245 467 2314 perdat,
495 2253 554 2299 et
600 2243 839 2299 maxime
873 2243 1015 2306 illos,
1047 2256 1185 2310 quos
1218 2240 1560 2296 ardentiores
1600 2239 1653 2294 in

121 2338 309 2391 servitio
342 2337 646 2392 Salvatoris
666 2377 684 2403 ,
728 2336 889 2406 eique
929 2333 1310 2391 familiariores
1342 2332 1607 2389 invenerit
1637 2350 1653 2389 :

1756 1603 1900 1658 sicut
1934 1605 1987 1658 hi
2017 1606 2109 1675 qui
2138 1607 2522 1661 contradicunt
2554 1608 2847 1661 sacerdoti.
2874 1607 2941 1661 Et
2966 1624 3192 1665 corrues
3225 1610 3328 1665 ho-

1756 1696 1865 1762 die,
1899 1706 1952 1750 et
2000 1708 2220 1752 corruet
2262 1698 2424 1752 etiam
2472 1698 2732 1766 propheta
2778 1707 2982 1753 tecum.
3009 1696 3180 1755 Nocte
3226 1699 3329 1757 feci

1760 1796 1940 1843 tacere
1983 1799 2210 1844 matrem
2256 1798 2427 1843 tuam.
2465 1788 2746 1843 Conticuit
2776 1791 3011 1859 populus
3063 1807 3237 1858 meus,
3266 1808 3332 1848 eo

1755 1882 1898 1951 quod
1922 1898 2029 1936 non
2056 1881 2249 1936 habuit
2270 1881 2576 1937 scientiam.
2606 1880 2743 1947 Quia
2772 1891 2827 1935 tu
2856 1883 3139 1937 scientiam
3172 1898 3335 1954 repua

1755 1975 1887 2039 listi,
1934 1975 2193 2045 repellam
2228 1982 2280 2028 te
2300 2006 2324 2045 -,_
2347 1988 2415 2028 ne
2473 1973 2779 2028 sacerdotio
2812 1974 3058 2044 fungaris
3082 1976 3235 2030 mihi.
3267 1976 3335 2031 Et

1756 2067 1921 2123 oblita
1967 2082 2026 2122 es
2075 2067 2207 2136 legis
2242 2065 2337 2121 Dei
2376 2065 2475 2131 tui,
2506 2065 2800 2120 obliviscar
2834 2066 3070 2121 filiorum
3110 2075 3330 2123 tuorum

1755 2168 1811 2215 et
1840 2174 1961 2230 ego.
1998 2158 2311 2214 Secundum
2356 2157 2760 2212 multitudinem
2802 2164 2995 2212 eorum
3026 2159 3106 2214 sic
3136 2175 3331 2229 pecca-

1754 2259 1951 2307 verunt
1980 2251 2133 2305 mihi.
2168 2250 2409 2307 Gloriam
2456 2264 2647 2305 eorum
2690 2250 2756 2304 ad
2792 2250 3147 2322 ignominiam
3181 2268 3334 2307 coma

1757 2344 2009 2402 mutabo.
2049 2342 2281 2399 Peccata
2316 2341 2504 2413 populi
2545 2341 2651 2397 mei
2702 2343 3008 2407 comedent,
3035 2351 3091 2398 et
3124 2344 3190 2398 ad
3222 2343 3331 2398 inia

118 2426 461 2484 familiariores
481 2426 615 2483 'dico
642 2442 759 2495 eos,
794 2441 933 2497 quos
978 2426 1085 2482 sibi
1129 2426 1360 2492 sacrari,
1390 2434 1444 2480 et
1478 2426 1531 2480 in
1566 2440 1659 2480 or-

117 2519 219 2573 dine
245 2520 577 2590 apostolatus
606 2518 870 2573 constitui
900 2517 1072 2573 voluit
1100 2518 1169 2572 ’7.
1203 2535 1223 2570 ‹
1253 2516 1360 2587 lpsi
1385 2516 1529 2572 enim
1560 2532 1658 2586 pro

117 2612 285 2680 populo
328 2611 700 2682 interpellant,
751 2620 807 2666 et
847 2610 1032 2681 populi
1077 2620 1299 2681 peccata
1339 2611 1655 2675 comedunt,

118 2704 221 2771 quia
246 2705 490 2775 precibus
538 2704 657 2759 suis
692 2713 750 2759 et
784 2704 1155 2759 oblationibus
1187 2718 1252 2759 ea
1295 2703 1476 2761 delent
1496 2714 1660 2775 atque

118 2806 409 2851 consumunt
431 2797 499 2851 ’⁸.
543 2813 565 2848 ›
592 2792 697 2861 Qui
720 2804 927 2865 quanto
949 2795 1226 2866 digniores
1258 2793 1482 2861 fuerint,
1508 2806 1658 2851 tanto

1757 2439 2020 2509 quitatem
2067 2450 2260 2493 eorum
2318 2434 2681 2492 sublevabunt
2734 2433 2947 2490 animas
2995 2449 3209 2491 eorum.
3267 2434 3337 2490 Et

1756 2528 1882 2596 erit,
1911 2530 2055 2585 sicut
2081 2529 2339 2600 papulus,
2381 2529 2460 2584 sic
2500 2528 2778 2584 sacerdos.
2813 2527 2878 2582 Et
2902 2528 3137 2584 visitabo
3169 2540 3334 2600 super

1757 2637 1881 2676 eum
1930 2621 2045 2677 vias
2077 2620 2218 2691 ejus,
2263 2629 2318 2675 et
2361 2618 2718 2690 cogitationes
2744 2619 2864 2689 ejus
2910 2620 3133 2675 reddam
3168 2622 3239 2675 ei.
3267 2619 3333 2676 Et

1756 2714 2060 2781 comedent,
2098 2721 2153 2768 et
2180 2728 2288 2769 non
2332 2712 2769 2778 saturabuntur;
2806 2710 3058 2768 fornicati
3094 2722 3243 2781 sunt,
3276 2724 3334 2768 et

1760 2822 1869 2861 non
1901 2813 2275 2867 cessaverunt,
2306 2803 2569 2873 quoniam
2604 2802 2897 2858 Dominum
2924 2802 3333 2875 dereliquerunt

118 2886 300 2943 facilius
344 2904 441 2959 pro
487 2889 952 2952 necessitatibus,
995 2903 1097 2958 pro
1148 2888 1655 2958 quihus'clamant,
1758 2897 1813 2952 in
1863 2913 1973 2953 non
2023 2896 2384 2952 custodiendo
2417 2896 2457 2951 ⁸.
2500 2914 2520 2947 ι
2563 2894 2689 2951 Haec
2741 2905 2948 2963 cavete,
3010 2896 3227 2964 fratres,
3276 2909 3332 2953 et

117 2983 460 3039 exaudiuntur.
500 3002 519 3036 ι
555 2982 783 3036 Multum
806 2982 975 3048 enim,
1005 2988 1067 3036 ut
1098 2981 1173 3036 ait
1200 2982 1392 3038 beatus
1420 2980 1657 3038 Jacobus
1764 2991 1911 3046 horia
1940 3005 2155 3060 semper
2179 3004 2338 3059 agere
2368 2987 2620 3043 festinate
2651 3004 2666 3040 :
2700 3005 2719 3040 ι
2749 2986 2888 3053 Quia
2913 2988 2968 3042 in
2999 2988 3105 3043 hoc
3130 3004 3332 3059 cogno-

118 3076 393 3143 apostolus,
425 3078 574 3131 valet
618 3076 926 3144 deprecatio
959 3074 1094 3144 justi
1127 3075 1349 3130 assidua
1387 3072 1459 3129 ".
1497 3094 1515 3128 ι
1546 3074 1648 3141 Qui

1758 3090 1913 3138 scent
1963 3096 2175 3147 omnes,
2209 3079 2342 3134 dicit
2395 3077 2679 3143 Dominus,
2734 3079 2996 3147 quoniam
3033 3078 3138 3133 mei
3193 3080 3329 3135 estis

116 3167 234 3220 enim
281 3182 375 3223 vos
429 3168 815 3238 persequitur,
868 3168 1080 3236 ipsum,
1129 3167 1287 3236 cuius
1337 3167 1650 3237 legalione'
1754 3174 2027 3244 discipuli,
2076 3172 2122 3228 si
2156 3171 2505 3226 dilectionem
2534 3169 2835 3225 habueritis
2862 3170 2930 3224 ad
2956 3169 3188 3223 invicem
3218 3172 3257 3222 σε
3299 3190 3319 3222 ι

118 3256 388 3327 fungimini,
427 3260 810 3329 persequitur;
848 3259 975 3328 quia
1018 3260 1160 3313 sicut
1197 3259 1312 3328 ipse
1349 3258 1521 3313 Filius
1556 3258 1648 3313 Dei

1755 3270 1774 3302 ⁷
1801 3268 2012 3322 Bonum
2046 3280 2284 3335 namque
2324 3274 2406 3320 est
2454 3264 2643 3332 procul
2680 3262 2846 3317 dubio
2878 3270 2933 3317 et
2972 3262 3229 3317 omnibus
3260 3265 3330 3316 ti-

117 3350 345 3405 πηθάίθιοτ
383 3351 485 3405 fuit
531 3351 625 3405 Dei
661 3361 715 3405 οι
750 3352 1055 3417 hominum,
1086 3352 1158 3406 ίῑίι
1188 3360 1241 3406 el
1263 3367 1361 3407 "05
1388 3353 1507 3422 eius
1533 3354 1652 3407 Vicc
1753 3361 2029 3417 mentibus
2059 3358 2230 3413 Deum
2258 3356 2638 3421 desiderabile,
2676 3355 2931 3410 cohibere
2954 3354 3324 3410 dissensiones

117 3438 157 3490 in
191 3438 410 3497 Ecclesia
455 3444 594 3498 estis
641 3443 924 3497 conStituti
945 3485 959 3509 ,
994 3452 1053 3497 ut
1101 3443 1241 3497 inter
1270 3442 1438 3498 Deum
1470 3452 1524 3498 et
1553 3445 1652 3499 ho—
1752 3459 1806 3505 et
1838 3448 2238 3512 altercationes,
2266 3444 2638 3515 fratribusque
2672 3442 2979 3510 subvenire,
3008 3452 3061 3498 et
3090 3444 3324 3499 invicem

116 3532 258 3589 mines
299 3535 571 3604 legatione
620 3533 944 3606 fungamini.
977 3537 997 3566 ²
1047 3533 1104 3589 Si
1147 3536 1271 3604 quis
1303 3545 1480 3589 autem
1506 3537 1653 3608 lega-
1752 3559 1863 3598 non
1889 3541 2151 3603 invidere,
2186 3539 2280 3593 sed
2304 3537 2582 3607 adjuvare.
2608 3539 2720 3591 Nos
2760 3551 2910 3607 ergo,
2946 3537 3041 3606 qui
3070 3537 3325 3607 discipuli

115 3626 283 3683 tionem
307 3642 548 3685 vestram
578 3629 821 3698 impedit,
860 3643 969 3682 non
1003 3628 1188 3693 unius,
1226 3627 1320 3682 sed
1350 3628 1650 3683 multorum
1753 3632 1969 3687 Domini
2025 3640 2080 3687 et
2126 3630 2234 3685 dici
2280 3637 2332 3685 et
2383 3643 2506 3683 esse
2555 3629 2837 3699 cupimus,
2864 3637 3082 3698 portare
3105 3644 3327 3685 erucem

114 3718 377 3783 profectum
408 3721 628 3776 avertit.
661 3719 726 3773 Et
748 3721 892 3775 sicut
917 3720 1105 3773 multis
1136 3728 1313 3782 nocet,
1347 3719 1421 3774 ita
1452 3735 1481 3773 a
1510 3722 1649 3774 mul-
1752 3723 1953 3779 Christi
1990 3732 2045 3779 et
2072 3722 2307 3791 compati
2340 3720 2599 3775 fratribus
2638 3720 2919 3786 debemus,
2943 3730 2999 3775 et
3024 3736 3133 3775 non
3163 3737 3330 3790 quas-

114 3808 169 3862 tis
197 3814 487 3881 arguendos
517 3823 626 3879 est,
672 3822 724 3867 et
754 3813 1023 3866 bonorum
1066 3811 1324 3866 societate
1357 3816 1647 3868 arcendus.
1753 3831 1967 3886 cunque
1999 3817 2078 3871 eis
2105 3815 2333 3870 insidias
2370 3822 2463 3867 aut
2500 3812 2684 3868 foveas
2715 3827 3041 3883 praeparare,
3071 3814 3201 3882 quia
3238 3823 3325 3868 ta-

112 3899 165 3955 Et
185 3906 297 3974 quia
320 3907 412 3962 Dei
460 3922 691 3962 causam
724 3906 978 3975 impedit,
1015 3914 1068 3959 et
1109 3914 1309 3959 statum
1362 3907 1651 3961 conturbat
1752 3910 1953 3965 tionem
2001 3916 2281 3970 meretur,
2333 3905 2427 3975 qui
2472 3904 2731 3959 fratribus
2772 3904 2983 3960 foveam
3032 3918 3325 3976 przeparat.

111 3991 351 4066 Ecclesiae,
382 3999 619 4068 ideoque
667 3998 736 4052 ab
782 3998 901 4067 ejus
947 3998 1227 4052 liminibus
1267 4008 1537 4053 arceatur.
1569 3998 1651 4052 Ab
1760 4018 1777 4053 ι
1809 3998 1986 4054 Nolite
2018 4013 2222 4063 errare,
2250 3997 2466 4061 fratres,
2491 3996 2619 4067 quia
2642 3995 2785 4051 Deus
2804 4011 2915 4051 non
2949 3997 3207 4053 irridetur
3231 3998 3274 4053 ⁸.
3300 4017 3322 4051 ι

110 4091 329 4147 omnibus
355 4108 578 4164 quoque
614 4092 740 4147 talis
759 4098 844 4146 est
869 4090 1164 4155 cavendus,
1190 4099 1243 4144 et
1271 4106 1381 4144 non
1415 4091 1468 4144 in
1499 4107 1650 4145 com-
1752 4093 1927 4164 Hujus
1976 4093 2053 4147 rei
2103 4091 2277 4163 gratia
2317 4089 2583 4145 Dominus
2626 4089 2782 4145 vobis
2830 4089 3109 4146 commisit
3141 4088 3347 4158 Eccle-j

111 4184 390 4241 munionem
445 4185 693 4242 fidelium
738 4199 908 4254 usque
942 4184 1009 4237 ad
1051 4182 1476 4239 satisfactionem
1512 4183 1651 4240 reci-
1752 4187 1889 4243 siam
1936 4199 2114 4249 suam,
2163 4192 2224 4238 ut
2267 4197 2366 4253 pro
2408 4180 2666 4235 omnibus
2704 4179 2985 4245 laboretis,
3020 4189 3075 4235 et
3110 4181 3327 4237 cunctis

109 4273 324 4340 piendns.
368 4278 466 4333 Est
515 4278 664 4332 enim
712 4284 973 4331 statutum
1008 4277 1157 4342 olim,
1209 4287 1268 4332 ut
1307 4279 1402 4348 qui
1448 4290 1649 4334 statum
1751 4276 2028 4348 oppressis
2074 4288 2234 4343 Opem
2276 4274 2419 4328 ferre
2460 4287 2566 4327 non
2598 4271 2905 4342 negligatis.
2942 4269 3097 4326 Unde
3124 4281 3180 4327 et
3215 4270 3329 4327 Do-

110 4374 361 4428 conturbat
386 4372 665 4437 Ecclesiae,
692 4370 761 4425 ab
787 4370 906 4439 ejus
933 4370 1215 4424 liminibus
1242 4381 1525 4439 arceatur;
1552 4386 1649 4425 nec
1680 4427 1721 4439 ,ι
1753 4371 1936 4425 minus
1964 4384 2059 4439 per
2085 4369 2403 4439 prophetam
2432 4364 2692 4434 loquitur,
2729 4363 2917 4418 dicens
2942 4378 2956 4415 :
2993 4382 3011 4415 ι
3044 4362 3171 4418 Haec
3191 4363 3328 4420 dicit

111 4475 210 4516 cum
236 4464 478 4521 fidelibus
508 4464 898 4527 communicet,
923 4462 1018 4531 qui
1044 4476 1233 4516 eorum
1266 4462 1407 4516 bona
1432 4463 1646 4518 avertit.
1680 4427 1726 4483 Β
1755 4464 2017 4519 Dominus
2055 4480 2068 4517 :
2104 4460 2350 4516 Judicate
2395 4472 2554 4512 mane
2596 4456 2899 4526 judicium,
2950 4464 3005 4510 et
3052 4456 3227 4512 eruite
3271 4458 3323 4511 vi

109 4545 198 4609 Vos
223 4570 344 4627 ergo
374 4558 421 4612 si
460 4556 812 4612 dilectionem
860 4554 1160 4609 habueritis
1203 4554 1270 4607 ad
1306 4554 1561 4620 invicem,
1596 4565 1651 4611 et
1754 4570 2075 4626 oppressum
2108 4554 2175 4608 de
2222 4566 2390 4605 manu
2438 4547 2845 4613 calumniantis,
2878 4560 2947 4601 ne
2991 4544 3134 4601 forte
3161 4563 3321 4618 egre-

108 4648 361 4705 unanimes
396 4650 639 4712 fueritis,
688 4647 847 4702 facile
894 4647 1029 4702 tales
1076 4661 1335 4715 superare
1376 4647 1645 4715 poteritis.
1753 4651 1934 4704 diatur
1961 4646 2119 4717 quasi
2150 4645 2289 4715 ignis
2337 4641 2639 4711 indignatio
2667 4654 2810 4703 mea,
2854 4646 2908 4693 et
2935 4639 3320 4705 succendatur,

107 4736 123 4765 ⁸
150 4737 197 4791 Si
227 4752 368 4810 Vero,
402 4743 552 4813 quod
583 4741 757 4795 absit!
788 4739 1071 4795 discordes
1105 4736 1339 4801 fueritis,
1368 4747 1420 4793 et
1449 4739 1647 4792 canino
1752 4749 1806 4796 et
1847 4756 1954 4794 non
1998 4740 2070 4795 sit
2108 4737 2203 4807 qui
2253 4733 2564 4802 exstinguat
2596 4733 2639 4785 ⁸.
2688 4748 2709 4784 ι
2744 4728 2867 4788 Υοε
2905 4743 3067 4798 ergo.
3121 4730 3215 4800 qui
3266 4731 3323 4785 in

105 4828 239 4886 dente
269 4849 362 4889 vos
388 4835 658 4891 detodere
686 4832 982 4902 cmperitis,
1024 4846 1134 4885 non
1172 4831 1348 4885 solum
1394 4846 1488 4885 eos
1537 4848 1646 4885 non
1754 4849 1968 4889 summa
2018 4831 2235 4901 specula
2276 4844 2307 4882 a
2346 4826 2578 4880 Domino
2619 4822 2902 4879 constituti
2946 4826 3099 4891 estis,
3146 4831 3326 4879 atten-

106 4927 422 4993 superabitis,
453 4928 551 4983 sed
600 4933 653 4980 et
685 4926 839 4979 vobis
882 4924 1017 4994 ipsis
1054 4923 1342 4985 nocebitis,
1386 4932 1548 4993 atque
1579 4925 1646 4977 ab
1752 4929 1881 4983 dere
1904 4941 1997 4980 eos
2021 4933 2076 4979 et
2105 4922 2409 4993 opprimere
2446 4924 2678 4988 oportet,
2723 4914 2816 4984 qui
2853 4913 2908 4967 in
2952 4911 3149 4968 fratres
3180 4913 3327 4968 sedi-

104 5016 168 5072 eis
195 5020 601 5090 superabimini,
633 5025 681 5073 et
728 5019 1045 5073 innocenter
1078 5016 1215 5071 forte
1244 5017 1513 5086 peribitis.
1541 5018 1641 5084 Qui
1753 5021 1928 5073 tiones
1958 5025 2011 5072 et
2048 5014 2302 5071 scandala
2340 5011 2601 5077 excitant,
2636 5022 2704 5061 ne
2731 5005 2895 5061 simul
2921 5020 3046 5059 cum
3089 5007 3170 5059 eis
3197 5019 3323 5073 per-

184 5132 222 5163 ‘7'
265 5133 449 5189 Matth.
507 5150 559 5199 v,
614 5134 700 5188 10.
778 5132 979 5186 "Luc.
1013 5147 1086 5198 vt,
1139 5131 1230 5195 22,
1279 5129 1368 5183 25.
1462 5133 1505 5163 9‘
1549 5133 1648 5185 Jul,

1763 5134 2037 5200 Africano.
2136 5132 2180 5162 θ’
2235 5127 2534 5200 Heliano.__
2567 5123 2618 5200 _”
2667 5116 3319 5200 mendosasubscri‘ptio.

102 5198 200 5272 “f5,
590 5184 742 5267 Nulli
788 5184 1031 5256 dubium.
1073 5184 1150 5233 ’⁸⁵
1176 5184 1381 5269 oportet
1414 5218 1504 5272 nos
1545 5184 1875 5257 humilia—ri.”
1916 5203 1962 5234 ⁹⁶
1994 5204 2015 5254 1
2042 5200 2186 5272 Petr.
2242 5216 2293 5262 v,
2341 5198 2394 5251 8.
2490 5195 2534 5228 ⁸⁷
2730 5192 2790 5243 l:
2838 5188 2953 5272 Ipsi
3001 5184 3320 5272 διξςειςεζοιςδ.

516 5255 527 5258 ⁷
567 5255 612 5313 ’ξ
808 5289 861 5339 v,
904 5274 991 5326 16.
1028 5342 1039 5343 7
1070 5275 1086 5306 ι
1116 5255 1242 5326 vice.
1345 5275 1365 5304 ²
1395 5271 1521 5343 dist.
1554 5255 1888 5343 9418191λὶ8
1925 5281 2099 5324 autem
2138 5255 2471 5343 legationem.
2566 5264 2586 5295 ³
2619 5255 2677 5327 ἲξ
2707 5255 2893 5343 (ιιξξξεί-
2927 5255 3325 5343 ἐξΝιιΨμτι·

103 5324 265 5415 birth—1;
310 5324 529 5400 V‘Vvaal.
571 5324 777 5403 οχέιῖιῖί,
810 5324 861 5397 1Ῐ
910 5324 927 5326 -
948 5324 990 5375 -³“
1011 5324 1157 5415 Oisc;
1186 5360 1257 5405 iv,
1287 5324 1653 5415 ’.ξ-1Οςξῖχνὲξ
1688 5324 1999 5413 lwlieironymi
2032 5324 2300 5415 versione.
2378 5340 2398 5369 ⁶
2419 5337 2577 5391 Joan.
2620 5324 2740 5397 xttt,
2762 5330 2853 5385 55.
2927 5327 2947 5357 ⁷
2980 5325 3113 5397 Syn.
3138 5324 3319 5382 Later.

103 5412 186 5463 sub
221 5413 272 5468 S.
304 5415 563 5482 Martino,
596 5419 828 5471 consult.
863 5416 915 5469 4.
992 5415 1013 5447 ⁸
1041 5414 1160 5468 Gal.
1196 5429 1269 5477 vt,
1305 5412 1353 5466 7.
1430 5412 1581 5466 9Jer.
1614 5415 1816 5482 xxr,l9.
1847 5412 1901 5467 et
1921 5428 2057 5477 xxii,
2093 5412 2144 5464 5.

1754 5571 2116 5641 superiorum,
2138 5566 2233 5641 _v_e_l
2257 5564 2420 5619 etiam
2456 5561 2821 5641 posteriorum
2855 5556 3330 5641 pontificum-epr-

1748 5627 1900 5699 stolis
1926 5627 2303 5710 superadditos
2333 5627 2650 5710 consulatus
2679 5630 2988 5701 discrepare
3015 5627 3325 5699 deprehensa

1749 5715 1867 5781 das,
1896 5727 1964 5768 ne
1996 5703 2231 5767 inireris.
2262 5704 2387 5761 Sev.
2421 5703 2539 5758 Bm.

161 5565 259 5639 (l3)
292 5568 525 5639 Trojano
571 5579 619 5623 et
673 5568 897 5623 Αῖιὲαηο
950 5569 1077 5622 viris
1140 5567 1451 5621 durissimis
1506 5584 1640 5621 coss.

105 5630 252 5710 §rias,
284 5630 484 5705 lector,
523 5643 670 5710 ipsos
717 5640 1002 5707 pontifices
1054 5640 1233 5693 nullos
1282 5639 1535 5710 consules
1584 5639 1638 5710 in

103 5704 188 5779 line
235 5704 580 5777 epistol-arum
633 5704 1021 5779 subjunxisse,
1060 5711 1151 5764 sed
1198 5711 1377 5777 potius
1426 5708 1645 5761 aliunde

104 5778 432 5848 lubrepsisse.
477 5780 665 5851 Itaque
698 5778 808 5835 sia
855 5781 1207 5851 chronologia
1251 5782 1640 5849 imperatorum
