3766 6318
430 291 562 349 ιοτι

1536 282 1931 339 ALEXANDRI
1967 282 1989 338 ι
2027 282 2229 341 PAPE
2257 282 2637 343 EPISTOLE.

3567 282 3713 338 me

430 408 588 465 eatis.
621 405 867 462 Salutate
892 418 1086 461 omnes
1127 404 1225 477 qui
1268 411 1417 460 recte
1452 402 1713 459 laborant
1738 404 1793 459 in
1821 403 1999 459 Evan-
2028 408 2071 465 Α
2099 408 2145 437 ”
2177 404 2401 461 Summa
2431 405 2578 461 enim
2605 403 2869 476 iniquitas
2896 411 2999 471 est,
3029 402 3256 471 fratres,
3309 399 3622 457 detrahere
3660 414 3713 456 et

430 498 573 569 gelio
602 495 828 563 Christi,
877 507 932 552 et
968 494 1119 566 juste
1168 494 1477 564 gubernant
1528 510 1721 549 navem
1766 495 1907 565 ejus,
1936 511 2004 549 ne

430 591 809 647 cohabitantes
866 588 923 644 in
965 603 1029 643 ea
1075 588 1458 657 demergantur
1515 595 1611 641 aut
1651 587 2004 643 suffocentur.

434 684 647 739 Salutat
690 696 789 738 vos
834 680 1014 736 omnis
1058 680 1356 750 apostolica
1396 678 1639 737 Ecclesia
1673 681 1728 734 in
1756 680 2002 736 Domino.

433 780 626 832 Amen.

509 865 641 922 Data
687 863 919 934 septimo
954 860 997 893 ¹⁰
1026 859 1253 916 Kalend.
1301 860 1648 930 Novembris,
1691 862 1928 934 Trajano
1964 864 2005 895 “

433 968 487 1014 et
516 957 736 1013 Eliano
769 955 811 987 ι’
840 952 973 1008 viris
1010 949 1333 1007 clarissimis
1352 951 1673 1007 consulibus
1706 953 1769 1008 ¹³.

508 1049 575 1104 In
606 1050 713 1120 ﬁne
746 1047 905 1118 hujus
946 1044 1183 1117 epistola:
1210 1044 1322 1100 Itth
1355 1042 1540 1097 addita
1572 1045 1739 1114 reperi
1784 1042 1838 1099 in
1877 1040 2011 1098 Cod.

435 1139 685 1205 Lucensi,
710 1156 831 1210 qua:
854 1136 1253 1209 interpolatoris
1280 1134 1511 1205 aiicujus
1540 1149 1652 1189 esse
1675 1149 1777 1188 non
1806 1132 2010 1198 dubito,

430 1234 525 1287 sed
555 1242 733 1286 tamen
759 1230 941 1285 danda
963 1241 1114 1285 erant
1142 1245 1163 1286 .'

503 1318 840 1388 Praeceptum
868 1315 1086 1371 Domini
1109 1322 1216 1378 est,
1252 1321 1313 1368 ut
1334 1319 1555 1383 excepta
1582 1327 1745 1368 causa
1771 1309 2009 1367 fornica-

432 1410 622 1476 tionis,
649 1423 789 1463 uxor
816 1422 847 1463 a
880 1407 1001 1462 viro
1031 1405 1233 1462 dimitti
1262 1420 1372 1459 non
1400 1404 1625 1471 debeat;
1656 1412 1710 1459 et
1734 1402 1855 1458 ideo
1882 1401 2007 1472 qui-

432 1516 652 1573 cunque
691 1501 830 1556 citra
853 1499 1069 1570 culpam
1097 1497 1349 1554 criminis
1375 1495 1735 1567 suprascripti
1779 1509 2007 1550 uxorem

434 1609 593 1649 suam
625 1607 953 1665 quacunque
1000 1592 1293 1648 occasione
1344 1590 1639 1655 dimiserit,
1695 1590 1822 1660 quia
1864 1587 2008 1659 quod

433 1685 583 1740 Deus
608 1684 914 1755 conjunxit,
942 1683 1034 1739 ille
1063 1697 1324 1754 separare
1349 1682 1648 1752 disposuit,
1698 1680 1887 1735 tandiu
1913 1695 2009 1735 ec-

2108 513 2388 553 accusare.
2425 496 2576 553 Unde
2610 499 2875 568 scriptum
2898 506 2984 553 est
3009 514 3023 551 :
3054 515 3073 549 ι
3103 495 3307 551 Omnis
3332 495 3431 565 qui
3466 491 3715 549 detrahit

2108 590 2262 645 fratri
2296 606 2421 657 suo,
2445 590 2719 645 homicida
2747 599 2830 645 est
2856 589 3223 657 “,tetomnis
3260 586 3561 642 homicida
3601 602 3708 639 nos

2108 685 2273 740 habet
2293 692 2498 755 partem
2522 692 2616 738 aut
2633 683 3005 739 haereditatem
3028 682 3084 736 in
3106 695 3284 751 regno
3309 678 3437 733 Dei.
3454 677 3525 733 Et
3546 678 3709 732 alibi:

2114 795 2133 830 ι
2173 777 2371 832 Cavete
2398 790 2519 841 vos,
2552 775 2748 832 fratres
2782 772 3118 840 charissimi,
3151 788 3224 826 ne
3256 770 3579 841 participes
3600 771 3709 823 e5-

2108 868 2352 933 ciamini,
2379 868 2526 937 quod
2552 867 2727 923 absit!
2756 865 2917 921 malis
2936 879 3128 920 eorum
3147 864 3221 920 “.
3246 881 3266 916 ι
3288 861 3366 916 Et
3388 878 3509 916 non
3530 862 3709 916 solum

2106 975 2206 1015 vos
2237 967 2423 1015 cavete
2465 974 2496 1014 a
2539 958 2764 1023 talibus,
2794 957 2889 1013 sed
2926 967 2981 1012 et
3010 970 3206 1011 cavere
3251 954 3410 1009 alios
3452 954 3527 1008 ab
3553 954 3637 1008 eis
3662 966 3713 1007 et

2109 1060 2354 1107 avertere
2378 1050 2591 1105 docete.
2621 1048 2697 1105 De
2721 1050 2807 1104 his
2844 1048 2990 1104 enim
3026 1046 3312 1101 Dominus
3345 1046 3433 1100 ait
3460 1061 3562 1115 per
3586 1061 3707 1115 pro-

2106 1144 2326 1214 phetam
2375 1142 2697 1199 Michaeam:
2729 1159 2749 1193 ι
2784 1139 2878 1196 Va:
2928 1140 3023 1211 qui
3060 1139 3333 1211 cogitatis
3382 1138 3606 1201 inutile,
3659 1146 3711 1191 et

2109 1236 2414 1306 Operamini
2444 1234 2650 1290 malum
2686 1233 2746 1289 iu
2778 1233 3052 1292 cubilibus
3069 1232 3313 1297 vestris;
3353 1231 3415 1285 in
3446 1231 3571 1286 luce
3600 1247 3708 1284 ma—

2108 1328 2284 1382 tutina
2317 1326 2526 1382 faciunt
2553 1326 2707 1392 illud,
2735 1326 2994 1397 quoniam
3021 1335 3219 1381 contra
3253 1324 3449 1379 Deum
3486 1335 3569 1379 est
3596 1339 3707 1376 ma—

2112 1433 2217 1473 nus
2246 1432 2460 1473 eorum.
2514 1415 2585 1472 Et
2637 1415 3035 1487 concupierunt
3074 1430 3271 1487 agros,
3330 1423 3397 1469 et
3452 1414 3711 1469 violenter

2108 1508 2372 1574 tulerunt,
2412 1517 2466 1563 et
2497 1508 2691 1564 domos
2730 1517 3050 1578 rapuerunt,
3092 1516 3147 1563 et
3192 1506 3699 1563 calumniabantar

2113 1600 2288 1654 virum
2318 1608 2372 1654 et
2398 1599 2624 1683 dqmum
2657 1600 2799 1671 ejus,
2827 1599 3008 1655 virum
3040 1608 3097 1655 et
3123 1598 3536 1654 hereditatem
3565 1598 3701 1667 ejus.

2110 1692 2317 1749 Idcirco
2350 1693 2483 1749 dicit
2506 1692 2775 1748 Dominus
2800 1693 2917 1749 haec
2943 1711 2957 1747 :
2998 1690 3138 1749 Ecce
3166 1706 3283 1763 ego
3308 1691 3514 1762 cogito
3552 1705 3706 1759 super

432 1775 743 1832 clesiastica
769 1775 1157 1832 communione
1193 1774 1457 1844 privetur,
1488 1782 1543 1829 et
1570 1781 1717 1828 cmtu
1751 1771 2001 1827 omnium
2039 1751 2082 1806 Β
2110 1783 2377 1838 familiam
2412 1784 2574 1839 istam
2609 1781 2851 1850 malum,
2887 1782 3032 1837 unde
3073 1796 3189 1837 ηοη
3206 1751 3533 1836 “aug-8,7,3“;

430 1866 873 1922 Christianorum
905 1875 1123 1923 maneat
1155 1868 1369 1923 alienus
1391 1906 1407 1934 ,
1455 1866 1700 1937 quandiu
1730 1876 1786 1921 et
1813 1866 1880 1920 ad
1913 1881 2009 1921 so-

431 1957 685 2012 cietatem
709 1956 911 2012 relictze
932 1955 1182 2027 conjugis
1212 1957 1421 2023 redeat,
1454 1963 1509 2010 et
1531 1964 1741 2025 partem
1770 1955 1863 2010 sui
1892 1969 2010 2010 cor-

429 2047 585 2118 poris
618 2048 848 2104 houesta
883 2046 999 2119 lege
1035 2047 1279 2119 eonjugii
1318 2046 1605 2103 sinceriter
1627 2046 2005 2115 amplectatur

430 2154 486 2200 et
512 2143 710 2201 foveat.
740 2142 806 2199 Hi
837 2152 1020 2200 tamen
1050 2145 1143 2215 qui
1163 2144 1276 2215 jam
1307 2151 1434 2198 ante
1461 2141 1649 2197 moniti
1674 2156 1706 2195 a
1727 2140 2010 2196 sacerdote

431 2237 627 2305 semel,
650 2246 705 2293 et
734 2237 843 2305 bis,
867 2236 1162 2307 tertioque,
1194 2244 1256 2289 ut
1286 2234 1656 2305 corrigantur,
1684 2233 1753 2288 ad
1779 2232 2008 2287 charum

432 2343 549 2383 suae
574 2328 825 2399 conjugis
855 2328 1034 2385 redire
1063 2325 1337 2383 noluerint
1376 2325 1713 2381 consortium
1734 2362 1751 2389 ,
1791 2322 1896 2394 ipsi
1948 2337 2010 2379 se

434 2422 553 2478 suis
578 2421 812 2488 meritis,
844 2428 900 2475 et
927 2435 958 2474 a
981 2419 1236 2491 palatime
1269 2414 1750 2487 dignitatisoﬁicio
1780 2430 2007 2485 separa-

433 2514 592 2580 bunt,
627 2521 684 2569 et
715 2512 945 2581 insuper
989 2522 1270 2581 generosae
1299 2506 1581 2577 dignitatis
1609 2507 2006 2572 testimonium,

434 2604 682 2677 quandiu
736 2602 792 2657 in
821 2602 984 2674 culpa
1019 2600 1243 2663 fuerint,
1267 2598 1548 2668 amissuri,
1603 2598 1734 2672 quia
1787 2614 2008 2656 carnem

436 2711 594 2755 suam
633 2694 845 2752 dissidii
870 2693 1064 2766 jugulo
1092 2692 1460 2749 tradiderunt.

963 2803 1297 2861 EPISTOLA
1327 2805 1424 2861 Ill.

513 2899 582 2957 Ut
613 2900 843 2955 vitentur
873 2898 1223 2953 detractiones
1249 2906 1299 2952 et
1341 2895 1558 2966 injusta:
1585 2893 1936 2965 pulsationes.
1994 2908 1999 2911 ‘

506 2992 814 3048 Alexander
843 2991 1158 3062 episcOpus,
1196 2988 1456 3045 omnibus
1484 2987 1671 3043 divino
1696 2985 2004 3044 sacerdotio

2107 1883 2310 1938 vestra,
2348 1882 2405 1929 et
2446 1872 2802 1929 ambulabitis
2855 1872 3108 1944 superbi,
3149 1874 3447 1943 quoniam
3508 1880 3707 1943 tempus

2107 1966 2410 2036 pessimum
2451 1977 2555 2021 est.
2595 1965 2656 2021 In
2685 1967 2773 2023 die
2799 1966 2891 2020 illa
2916 1974 3166 2021 sumetur
3196 1981 3391 2036 super
3420 1980 3525 2021 vos
3554 1981 3705 2035 para-

2108 2059 2256 2126 ltola,
2281 2072 2335 2115 et
2354 2060 2663 2115 cantabitur
2686 2060 2965 2115 canticum
2997 2074 3123 2114 cum
3156 2060 3491 2125 suavitate,
3531 2058 3706 2112 dicm-

2109 2152 2243 2206 tium
2286 2150 2757 2222 :Depopulatione
2805 2151 3005 2210 vastati
3063 2167 3296 2217 sumus,
3345 2168 3494 2224 pars
3535 2152 3703 2223 populi

2109 2244 2213 2299 mei
2252 2253 2587 2300 commutata
2617 2253 2721 2301 est.
2756 2243 3049 2312 Quomodo
3081 2244 3312 2300 recedis
3357 2261 3396 2301 a
3431 2262 3556 2312 me,
3588 2262 3703 2301 cum

2108 2342 2436 2403 revertatur,
2472 2335 2567 2405 qui
2613 2334 2869 2405 regiones
2918 2340 3139 2388 nostras
3180 2334 3463 2389 dividat?
3506 2346 3705 2405 ιιι-αμα

2109 2425 2278 2495 quod,
2306 2440 2414 2479 non
2434 2425 2540 2479 erit
2559 2424 2655 2479 tibi
2673 2425 2895 2479 mittens
2920 2420 3260 2489 funiculum,
3293 2420 3480 2478 fortis
3502 2422 3554 2476 in
3572 2434 3703 2477 eam

2109 2515 2352 2571 Domini.
2388 2514 2467 2571 Ne
2501 2516 2802 2587 loquamini
2826 2516 3112 2587 loquentes
3140 2531 3156 2568 :
3187 2512 3326 2570 Non
3360 2516 3597 2571 stillabit
3621 2531 3701 2569 suo

2109 2622 2205 2679 per
2239 2607 2395 2674 istos,
2427 2620 2536 2661 non
2565 2606 2993 2676 comprehendet
3014 2603 3308 2673 confusio,
3338 2606 3498 2660 dicit
3535 2604 3701 2659 Domi~

2035 2758 2039 2763 .
2109 2713 2215 2753 nus
2245 2697 2436 2753 Jacob.
2472 2696 2733 2767 Nunquid
2778 2695 3125 2751 abbreviatus
3170 2703 3267 2750 est
3320 2697 3566 2765 Spiritus
3606 2693 3700 2747 θος

2108 2788 2266 2855 mini,
2294 2796 2391 2844 aut
2413 2788 2548 2845 tales
2574 2798 2704 2845 sunt
2726 2787 3081 2858 cogitationes
3107 2786 3236 2857 ejus
3257 2786 3286 2840 ?
3312 2784 3535 2843 Nonne
3555 2786 3700 2840 verba

2110 2895 2232 2936 mea
2268 2880 2411 2935 bona
2454 2889 2584 2936 sunt
2627 2896 2752 2936 cum
2800 2895 2890 2947 eo,
2924 2878 3020 2951 qui
3063 2891 3215 2935 recte
3249 2881 3571 2950 graditur!
3596 2892 3643 2933 et
3676 2895 3703 2932 e

2111 2971 2421 3037 contrario;
2457 2970 2695 3041 populus
2737 2985 2893 3025 meus
2939 2969 2995 3024 in
3038 2968 3447 3025 adversarium
3489 2985 3702 3025 consar-

434 3082 791 3156 fungentibus
819 3097 924 3154 pax
954 3088 1009 3137 et
1054 3078 1438 3159 misericordia
1490 3077 1905 3147 multiplicetur,

2213 3064 2272 3119 it.
2302 3063 2545 3134 Desuper
2575 3063 2759 3119 tunica
2787 3063 3012 3133 pallium
3043 3062 3389 3130 sustulistis,
3429 3074 3491 3120 et
3513 3079 3601 3119 eos
3623 3062 3700 3131 qui

436 3176 705 3247 sapientia
727 3182 889 3245 atque
913 3172 1058 3228 bona
1094 3170 1349 3226 voluntas
1378 3169 1435 3224 in
1460 3168 1719 3224 omnibus
1749 3176 2010 3239 augeatur

439 3279 496 3327 et
516 3266 877 3324 fructiﬁcetur
902 3264 959 3320 lu
981 3261 1237 3319 Domino.

512 3379 534 3417 ι
579 3359 766 3417 Gratia
793 3357 891 3413 Dei
920 3371 1135 3423 sumus,
1170 3354 1368 3411 fratres
1404 3351 1742 3418 charissimi,
1778 3349 1830 3406 id
1863 3349 2012 3421 quod

435 3467 631 3509 sumus
660 3450 727 3503 “.
762 3468 782 3502 ι
813 3447 1023 3505 Idcirco
1058 3446 1223 3502 nobis
1259 3444 1657 3516 providendum
1682 3453 1788 3509 est,
1830 3452 1882 3498 et
1913 3458 2014 3513 op-

433 3543 565 3615 pido
599 3539 1016 3607 decertandum,
1043 3553 1111 3593 ne
1140 3538 1195 3593 in
1229 3552 1290 3593 ea
1316 3536 1476 3592 vacui
1511 3536 1877 3603 inveniamur,
1892 3534 2009 3600 sed,

432 3636 626 3692 eadem
654 3632 817 3689 nobis
865 3638 1195 3702 cooperante
1245 3630 1442 3700 gratia,
1488 3628 1731 3683 fructum
1776 3626 2013 3682 Domino

433 3725 733 3798 plurimum
757 3731 1123 3794 reportamus.
1150 3719 1307 3787 Quod
1333 3719 1493 3775 aliter
1524 3718 1642 3774 ﬁeri
1673 3733 1784 3774 non
1808 3726 2011 3788 potest,

432 3817 541 3873 nisi
563 3815 885 3886 sapientiam
915 3812 1505 3883 sectando“,ejusque
1524 3821 1795 3881 praecepta
1826 3810 2014 3866 lectio-

433 3909 600 3964 nibus
618 3916 675 3965 et
701 3906 918 3979 hymnis
941 3903 1279 3967 meditando.
1308 3911 1473 3973 atque
1494 3918 1559 3957 eo
1587 3900 2015 3957 adminiculante

435 3998 738 4068 implendo,
766 3996 1000 4060 orando,
1030 3995 1333 4066 vigilando,
1365 3994 1701 4049 voluntatem
1747 3992 1868 4063 ejus
1888 4034 1904 4060 ,
1953 3992 2009 4048 in

436 4100 707 4159 quantum
733 4090 852 4160 ipse
880 4088 1112 4159 largitus
1141 4086 1330 4150 fuerit,
1367 4086 1627 4156 perﬁcere
1665 4087 2010 4141 Studeamus.

433 4175 547 4232 Nec
568 4177 712 4231 enim
738 4176 1112 4247 negligentiam
1134 4175 1364 4245 gratiam
1383 4174 1544 4230 nobis
1566 4173 1829 4230 Dominus
1842 4175 2011 4240 dedit,

435 4270 532 4325 sed
558 4270 788 4327 ﬁdeliter
813 4274 1176 4327 exercendam
1204 4269 1420 4325 tribuit.
1454 4268 1681 4326 Dilectio
1709 4270 1855 4326 enim
1894 4270 2013 4326 sine

434 4361 786 4417 simulatione
814 4362 868 4417 in
912 4361 1072 4417 nobis
1100 4376 1223 4416 esse
1253 4369 1309 4416 et
1353 4376 1618 4431 apparere
1660 4361 1853 4429 debet;
1883 4361 2009 4431 quia

2113 3155 2424 3211 transibant
2453 3154 2796 3225 simpliciter,
2836 3152 3190 3210 convertistis
3227 3154 3289 3209 in
3326 3155 3557 3210 bellum
3580 3155 3644 3207 ".
3682 3171 3701 3203 ι

2113 3246 2181 3303 Ει
2203 3264 2234 3302 e
2260 3257 2473 3315 contra,
2507 3247 2578 3303 de
2608 3247 2694 3303 his
2715 3248 2808 3318 qui
2835 3256 3174 3303 accusantur
3203 3247 3299 3302 vel
3342 3249 3703 3303 tribuuntur.

2112 3355 2211 3411 per
2240 3337 2458 3393 Nahum
2483 3339 2804 3409 prophetam
2840 3337 3159 3394 confortans
3188 3353 3317 3405 eos,
3351 3340 3451 3395 sic
3479 3340 3709 3409 loquitur

2112 3430 2378 3486 Dominus
2405 3449 2418 3485 :
2460 3448 2480 3483 ι
2512 3430 2701 3485 Bonus
2732 3428 3022 3496 Dominus,
3053 3439 3107 3486 et
3152 3429 3509 3488 confortans
3538 3432 3592 3486 in
3624 3430 3703 3482 die

2115 3520 2504 3589 tribulationis,
2531 3530 2585 3576 et
2604 3521 2785 3577 sciens
2812 3529 3096 3590 sperantes
3124 3520 3179 3575 in
3205 3535 3290 3575 se.
3320 3520 3399 3575 Et
3432 3523 3494 3575 iu
3510 3520 3707 3575 diluvio

2114 3619 2477 3682 praetereunte
2517 3611 3051 3667 consummationem
3090 3609 3256 3666 faciet
3314 3611 3439 3666 loci
3484 3612 3631 3683 ejus,
3660 3620 3707 3664 et

2116 3704 2370 3758 inimicos
2398 3702 2519 3772 ejus
2545 3708 2947 3771 persequentur
2976 3699 3231 3755 tenebrae.
3265 3697 3424 3766 Quid
3458 3700 3707 3771 cogitatis

2115 3803 2311 3851 contra
2343 3793 2680 3849 Dominum?
2730 3790 3276 3848 Consummationem
3334 3792 3473 3862 ipse
3532 3793 3705 3847 faciet.

2114 3884 2235 3941 Non
2285 3893 2582 3956 consurget
2621 3883 2819 3955 duplex
2847 3883 3128 3939 tribulatio
3152 3902 3167 3950 ;
3196 3883 3333 3954 quia
3356 3886 3527 3940 sicut
3547 3887 3705 3956 spirit

2115 3996 2175 4036 se
2202 3979 2434 4035 invicem
2460 3977 2913 4048 complectuntur,
2938 3976 3019 4033 sic
3032 3976 3343 4033 convivium
3383 3992 3599 4032 eorum
3622 3992 3705 4046 pa.

2117 4074 2251 4129 riter
2295 4071 2599 4142 potantium
2625 4085 2641 4136 ;
2673 4081 3074 4126 consumantur
3096 4069 3252 4139 quasi
3283 4069 3510 4138 stipula
3544 4067 3701 4123 aridis

2118 4174 2229 4221 tate
2262 4163 2442 4235 plena.
2494 4161 2577 4216 Ex
2623 4170 2675 4217 te
2696 4160 2871 4216 exibit
2896 4161 3145 4232 cogitans
3174 4170 3367 4215 contra
3401 4159 3701 4216 Dominum

2115 4255 2404 4318 malitiam,
2428 4261 2609 4308 mente
2637 4260 2980 4322 pertractans
3008 4250 3563 4321 pravaricationem.
3594 4249 3702 4304 lite

2116 4348 2248 4403 dicit
2286 4344 2552 4400 Dominus
2582 4361 2596 4397 :
2634 4344 2691 4398 Si
2726 4343 2951 4414 perfecti
2985 4342 3213 4409 fuerint,
3240 4351 3301 4397 et
3348 4342 3431 4396 ita
3469 4344 3696 4412 plures:

440 4477 462 4506 α
502 4453 685 4511 omnis
724 4453 820 4523 qui
872 4452 988 4507 odit
1010 4452 1053 4484 "
1086 4450 1306 4507 fratrem
1341 4425 1523 4517 suum,
1557 4425 1848 4507 homicida
1882 4425 1927 4507 ei

2236 4452 2456 4508 quoque
2494 4435 2865 4502 attondentur,
2899 4443 2953 4490 et
2984 4433 3356 4504 pet-transibit.
3394 4434 3599 4489 amni
3637 4444 3695 4497 te,

433 4544 533 4616 qui
561 4562 692 4601 vero
727 4546 906 4617 diligit
948 4560 1097 4613 eum,
1153 4546 1208 4600 in
1264 4542 1378 4598 Deo
1410 4554 1619 4609 manet,
1655 4552 1709 4598 et
1753 4543 1898 4599 Deus
1951 4543 2007 4597 in

433 4652 501 4690 eo
532 4635 596 4690 ιτ.
645 4654 664 4687 ι
698 4634 855 4690 Unde
891 4644 947 4690 et
985 4635 1284 4706 Apostolus
1323 4635 1400 4689 ait
1430 4652 1444 4688 :
1485 4651 1503 4684 ι
1534 4632 1716 4689 Nolite
1760 4633 2011 4703 judicare

349 4740 355 4751 '
433 4729 635 4784 fratres
656 4727 913 4794 invicem,
944 4726 1040 4783 sed
1076 4727 1182 4783 hoc
1201 4727 1441 4797 iudicate
1467 4726 1662 4796 magis,
1698 4740 1767 4780 ne
1792 4726 2010 4795 ponatis

432 4818 823 4875 oﬁ‘eitdiculum
850 4817 1005 4872 fratri
1028 4818 1112 4873 vel
1138 4817 1457 4873 scandalum
1497 4817 1563 4872 “'.
1603 4834 1622 4869 ι
1650 4816 1711 4872 Et
1744 4815 2009 4870 Dominus

435 4913 649 4984 inquit:
671 4931 690 4964 ι
713 4910 869 4977 Quod
891 4908 988 4965 tibi
1022 4923 1129 4964 non
1161 4909 1245 4965 vis
1267 4909 1406 4974 ﬁeri,
1434 4908 1588 4962 alteri
1613 4923 1682 4962 ne
1720 4906 2000 4962 facias‘h

430 5003 501 5060 Et
524 5003 654 5060 alibi
688 5022 701 5058 :
735 5020 753 5054 ι
780 5000 839 5057 ln
865 5002 967 5055 hoc
994 5009 1328 5070 cognoscent
1351 5014 1543 5054 omnes
1568 4998 1699 5067 quia
1729 4999 1835 5051 mei
1874 4996 2009 5051 estis

433 5094 711 5165 discipuli,
745 5092 791 5148 si
818 5090 1167 5146 dilectionem
1204 5089 1508 5143 habueritis
1534 5088 1601 5141 ad
1627 5087 1857 5141 invicem
1881 5086 1949 5139 “’.
1985 5104 2004 5138 ι

431 5188 499 5243 Et
523 5186 783 5242 Salomon
805 5185 917 5240 ait:
940 5201 958 5235 ι
984 5181 1327 5237 Sacriﬁcium
1345 5180 1584 5234 Salutare
1602 5187 1706 5243 est,
1730 5177 2010 5232 attendere

433 5279 731 5346 mandatis,
780 5288 834 5333 et
883 5273 1167 5332 discedere
1219 5272 1288 5327 ab
1347 5270 1496 5326 omni
1548 5269 1836 5340 iniquitate
1882 5270 1948 5323 ¹¹.
1984 5286 2003 5319 ι

2116 4543 2172 4588 et
2216 4548 2322 4587 non
2360 4530 2594 4601 amigam
2641 4538 2693 4584 te
2731 4528 2874 4584 ultra
2906 4530 2975 4582 “'.
3011 4546 3029 4579 ι
3064 4525 3243 4581 Facile
3298 4533 3410 4591 est,
3474 4526 3692 4587 fratres,

2115 4624 2284 4681 verbo
2311 4623 2497 4678 fallere
2545 4621 2846 4686 hominem,
2880 4621 2925 4651 ⁸⁷
2956 4617 3050 4675 sed
3084 4634 3195 4673 non
3228 4615 3437 4672 Deum.
3476 4617 3696 4689 Sapiens

2116 4727 2333 4774 nonest
2362 4716 2456 4787 qui
2489 4724 2681 4782 nocet,
2734 4729 2833 4770 nec
2868 4712 2949 4767 vir
2986 4712 3271 4781 linguosus
3300 4709 3356 4763 in
3389 4712 3617 4765 malum
3650 4722 3695 4762 se

2115 4815 2313 4883 diriget
2335 4812 2574 4866 interra.
2597 4805 2748 4862 Nihil
2771 4822 2903 4862 vero
2934 4805 3062 4861 mali
3095 4803 3229 4868 vult,
3255 4803 3356 4873 qui
3383 4803 3584 4858 tidelis
3605 4811 3691 4856 est.

2111 4895 2255 4961 Malo
2290 4905 2435 4960 enim
2466 4913 2522 4959 et
2550 4917 2719 4974 pravo
2762 4900 2985 4971 ingenio
3025 4897 3159 4952 ﬁdes
3191 4896 3371 4951 aliena
3392 4905 3518 4951 est.
3543 4897 3593 4927 ³⁸
3618 4896 3693 4948 Ait

2108 4999 2255 5055 enim
2283 4997 2578 5068 Apostolus
2608 4995 2675 5051 de
2705 4994 3004 5049 inﬁdelium
3036 4988 3345 5059 ignorantia
3376 5006 3391 5041 :
3422 5006 3445 5040 ι
3474 4987 3538 5043 Si
3563 4988 3690 5043 enim

2107 5090 2514 5159 cognovissent,
2544 5100 2825 5157 nunquam
2852 5083 3143 5138 Dominum
3174 5080 3363 5153 gloriae
3384 5080 3690 5135 cruciﬁxis-

2109 5192 2232 5237 sent
2259 5182 2326 5235 ”.
2369 5200 2388 5233 ι
2416 5179 2760 5248 Crueiﬁgunt
2792 5176 2939 5231 enim
2977 5173 3293 5239 Dominum,
3328 5173 3426 5242 qui
3466 5187 3600 5227 eum
3638 5170 3684 5223 in

2109 5272 2483 5328 sacerdotibus
2504 5272 2619 5327 suis
2652 5279 3077 5341 persequuntur,
3109 5267 3239 5337 quia
3268 5280 3406 5320 crux
3440 5280 3477 5320 a
3499 5262 3685 5320 emeb-

518 5421 564 5452 ¹⁸
602 5432 707 5473 ms.
750 5431 904 5479 xvm,
939 5427 1115 5484 neque
1144 5420 1228 5484 cst
1271 5411 1326 5484 in
1378 5408 1811 5484 fastis_sequens
1838 5422 1946 5484 par:
1969 5410 2281 5484 consulum.
2361 5410 2418 5484 _“
2442 5389 2691 5484 _'Triano
2717 5417 2767 5463 et
2805 5405 3055 5463 Heliam).
3159 5396 3354 5484 'f_1ttl.
3410 5398 3678 5484 dfricafo;

435 5492 479 5522 "
508 5489 763 5544 mendosa
798 5487 985 5541 itidem
1018 5482 1370 5552 subscriptio.

431 5559 591 5616 Joan.
623 5573 705 5624 ιιι,
736 5557 822 5611 15.
914 5555 957 5587 ⁸⁸
982 5553 1139 5607 Rom.
1165 5569 1279 5624 διν,
1308 5553 1395 5607 15.

1469 5479 1511 5511 ¹¹⁵
1540 5480 1560 5531 1
1587 5475 1715 5532 Cor.
1749 5475 1852 5542 sv,’
1883 5475 1969 5529 10.
2052 5478 2093 5511 ⁸³
2119 5479 2404 5534 scrutando
2436 5480 2533 5541 ita,
2566 5487 2695 5538 etc.,
2729 5492 2832 5529 ms.
2879 5484 3085 5529 noster.

1473 5552 1517 5583 ¹⁹
1539 5548 1676 5604 Toh.
1715 5564 1786 5612 Iv,
1825 5545 1913 5601 16.
1990 5548 2035 5578 ¹⁰
2059 5548 2217 5605 Joan.
2251 5568 2373 5614 xui,
2405 5550 2494 5604 ὃὸ.

3186 5476 3231 5505 “
3259 5468 3525 5526 detrahit.
3602 5472 3637 5500 "
3664 5468 3677 5518 Ι

2602 5548 2641 5577 ²¹
2676 5548 2842 5601 Eccli.
2886 5562 3064 5611 xxxv,
3097 5545 3152 5599 ‘2.
3232 5546 3279 5576 “
3314 5544 3370 5607 6,
3398 5552 3595 5611 quaest.
3627 5540 3673 5592 l:

433 5613 658 5686 summa
683 5613 953 5688 iniquitas.
1030 5625 1076 5657 ”
1107 5625 1128 5676 ι
1157 5613 1316 5679 Juau.
1348 5637 1434 5688 ιιι,
1464 5621 1549 5676 15.
1626 5621 1673 5688 ῗδ
1701 5616 1903 5688 Ephes.

2185 5613 2380 5675 ‘Mich.
2410 5636 2469 5683 ιι,
2502 5618 2619 5683 1-8,
2650 5633 2715 5671 ex
2739 5619 2974 5688 interpr.
2996 5614 3053 5668 S.
3083 5613 3235 5670 Hier.
3281 5687 3288 5688 ί
3315 5617 3363 5646 ’⁸
3384 5613 3618 5688 Nahunt.
3642 5623 3672 5665 ι.

434 5684 480 5754 'i-
505 5684 572 5753 η
591 5739 607 5765 ,
642 5696 702 5753 S.
722 5684 879 5751 'll'ier.
908 5696 1135 5766 interpr.
1213 5695 1256 5728 ’⁷
1282 5684 1596 5751 Υἱᾱάδριιι.
1619 5687 1757 5745 Sixti
1780 5685 2009 5759 Pythag.
2039 5706 2103 5747 ex
2132 5690 2329 5746 Bullini
2362 5692 2587 5760 interpr.
2664 5689 2707 5719 ’⁸
2735 5703 2889 5742 conc.
2918 5684 3069 5755 llisp.
3094 5702 3158 5753 ιι,
3182 5703 3236 5741 c.
3274 5687 3362 5743 l3.
3438 5686 3486 5717 ’θ
3512 5686 3534 5738 ι
3565 5684 3672 5735 ιω.

432 5785 498 5838 ιι.
531 5769 585 5826 8.
