  <div class='ocr_page' id='page_1' title='image "/cluster/home/n/w/nwhite01/storage/ocr_20150623/5/hvd.32044019206598/544.png"; bbox 0 0 3766 6336; ppageno 0'>
   <div class='ocr_carea' id='block_1_1' title="bbox 36 367 3280 436">
    <p class='ocr_par' dir='ltr' id='par_1_1' title="bbox 36 367 3280 436">
     <span class='ocr_line' id='line_1_1' title="bbox 36 367 3280 436; baseline 0.004 -15"><span class='ocrx_word' id='word_1_1' title='bbox 36 367 152 423; x_wconf 74' lang='lat' dir='ltr'><strong>D73</strong></span> <span class='ocrx_word' id='word_1_2' title='bbox 1234 370 1415 427; x_wconf 70' lang='lat' dir='ltr'><strong>SIXTI</strong></span> <span class='ocrx_word' id='word_1_3' title='bbox 1449 372 1466 426; x_wconf 92' lang='grc' dir='ltr'><strong>Ι</strong></span> <span class='ocrx_word' id='word_1_4' title='bbox 1503 373 1705 429; x_wconf 62' lang='lat' dir='ltr'><strong>PAPzE</strong></span> <span class='ocrx_word' id='word_1_5' title='bbox 1738 375 2117 434; x_wconf 61' lang='lat' dir='ltr'><strong>EPISTOLJE.</strong></span> <span class='ocrx_word' id='word_1_6' title='bbox 3144 379 3280 436; x_wconf 65' lang='lat'><strong>£074</strong></span> 
     </span>
    </p>
   </div>
   <div class='ocr_carea' id='block_1_2' title="bbox 36 485 3276 570">
    <p class='ocr_par' dir='ltr' id='par_1_2' title="bbox 36 485 3276 570">
     <span class='ocr_line' id='line_1_2' title="bbox 36 485 3276 570; baseline 0.005 -33"><span class='ocrx_word' id='word_1_7' title='bbox 36 502 54 537; x_wconf 82' lang='grc' dir='ltr'>ι</span> <span class='ocrx_word' id='word_1_8' title='bbox 98 485 354 540; x_wconf 85' lang='lat' dir='ltr'><strong>dicitur.</strong></span> <span class='ocrx_word' id='word_1_9' title='bbox 383 485 430 517; x_wconf 74' lang='lat'><strong>&#39;°</strong></span> <span class='ocrx_word' id='word_1_10' title='bbox 453 485 709 559; x_wconf 82' lang='lat' dir='ltr'><strong>Magnum</strong></span> <span class='ocrx_word' id='word_1_11' title='bbox 733 503 862 546; x_wconf 90' lang='lat' dir='ltr'><strong>vero</strong></span> <span class='ocrx_word' id='word_1_12' title='bbox 900 490 1203 570; x_wconf 86' lang='lat' dir='ltr'><strong>cruciatum</strong></span> <span class='ocrx_word' id='word_1_13' title='bbox 1243 495 1495 561; x_wconf 87' lang='lat' dir='ltr'><strong>sustinet,</strong></span> <span class='ocrx_word' id='word_1_14' title='bbox 1515 496 1608 565; x_wconf 85' lang='lat' dir='ltr'><strong>qui</strong></span> <span class='ocrx_word' id='word_1_15' title='bbox 1638 503 1684 559; x_wconf 76' lang='grc' dir='ltr'>Α</span> <span class='ocrx_word' id='word_1_16' title='bbox 1713 508 1780 553; x_wconf 86' lang='lat' dir='ltr'><strong>ne</strong></span> <span class='ocrx_word' id='word_1_17' title='bbox 1811 498 2036 554; x_wconf 90' lang='lat' dir='ltr'><strong>veniens</strong></span> <span class='ocrx_word' id='word_1_18' title='bbox 2081 497 2459 568; x_wconf 83' lang='lat' dir='ltr'><strong>unusquisque</strong></span> <span class='ocrx_word' id='word_1_19' title='bbox 2493 497 2559 552; x_wconf 90' lang='lat' dir='ltr'><strong>ad</strong></span> <span class='ocrx_word' id='word_1_20' title='bbox 2588 496 2883 568; x_wconf 84' lang='lat' dir='ltr'><strong>judicium,</strong></span> <span class='ocrx_word' id='word_1_21' title='bbox 2920 511 3110 567; x_wconf 65' lang='lat' dir='ltr'><strong>poenas</strong></span> <span class='ocrx_word' id='word_1_22' title='bbox 3149 513 3276 553; x_wconf 91' lang='lat' dir='ltr'><strong>cum</strong></span> 
     </span>
    </p>
   </div>
   <div class='ocr_carea' id='block_1_3' title="bbox 36 577 3275 660">
    <p class='ocr_par' dir='ltr' id='par_1_3' title="bbox 36 577 3275 660">
     <span class='ocr_line' id='line_1_3' title="bbox 36 577 3275 660; baseline 0.004 -30"><span class='ocrx_word' id='word_1_23' title='bbox 36 578 121 630; x_wconf 91' lang='lat' dir='ltr'><strong>im</strong></span> <span class='ocrx_word' id='word_1_24' title='bbox 163 578 410 647; x_wconf 87' lang='lat' dir='ltr'><strong>patitur.</strong></span> <span class='ocrx_word' id='word_1_25' title='bbox 441 577 546 633; x_wconf 88' lang='lat' dir='ltr'><strong>Sed</strong></span> <span class='ocrx_word' id='word_1_26' title='bbox 585 588 790 648; x_wconf 89' lang='lat' dir='ltr'><strong>tamen,</strong></span> <span class='ocrx_word' id='word_1_27' title='bbox 825 600 843 635; x_wconf 70' lang='grc' dir='ltr'><em>ς</em></span> <span class='ocrx_word' id='word_1_28' title='bbox 874 583 1016 637; x_wconf 92' lang='lat' dir='ltr'><strong>beati</strong></span> <span class='ocrx_word' id='word_1_29' title='bbox 1044 585 1137 655; x_wconf 89' lang='lat' dir='ltr'><strong>qui</strong></span> <span class='ocrx_word' id='word_1_30' title='bbox 1172 586 1604 653; x_wconf 76' lang='lat' dir='ltr'><strong>persecutionem</strong></span> <span class='ocrx_word' id='word_1_31' title='bbox 1715 591 1896 659; x_wconf 89' lang='lat' dir='ltr'><strong>impiis</strong></span> <span class='ocrx_word' id='word_1_32' title='bbox 1945 589 2188 658; x_wconf 76' lang='lat' dir='ltr'><strong>recipiat,</strong></span> <span class='ocrx_word' id='word_1_33' title='bbox 2241 589 2333 642; x_wconf 90' lang='lat' dir='ltr'><strong>sed</strong></span> <span class='ocrx_word' id='word_1_34' title='bbox 2377 604 2503 644; x_wconf 90' lang='lat' dir='ltr'><strong>cum</strong></span> <span class='ocrx_word' id='word_1_35' title='bbox 2549 590 2714 660; x_wconf 90' lang='lat' dir='ltr'><strong>justis</strong></span> <span class='ocrx_word' id='word_1_36' title='bbox 2743 591 2991 660; x_wconf 76' lang='lat' dir='ltr'><strong>gloriam.</strong></span> <span class='ocrx_word' id='word_1_37' title='bbox 3031 590 3075 621; x_wconf 84' lang='grc'><em>³³</em></span> <span class='ocrx_word' id='word_1_38' title='bbox 3117 588 3275 657; x_wconf 86' lang='lat' dir='ltr'><strong>Quod</strong></span> 
     </span>
    </p>
   </div>
   <div class='ocr_carea' id='block_1_4' title="bbox 36 671 3280 750">
    <p class='ocr_par' dir='ltr' id='par_1_4' title="bbox 36 671 3280 750">
     <span class='ocr_line' id='line_1_4' title="bbox 36 671 3280 750; baseline 0.003 -28"><span class='ocrx_word' id='word_1_39' title='bbox 36 671 324 724; x_wconf 85' lang='lat' dir='ltr'><strong>atiuntnr</strong></span> <span class='ocrx_word' id='word_1_40' title='bbox 353 681 574 741; x_wconf 85' lang='lat' dir='ltr'><strong>propter</strong></span> <span class='ocrx_word' id='word_1_41' title='bbox 612 672 884 742; x_wconf 86' lang='lat' dir='ltr'><strong>justitiam</strong></span> <span class='ocrx_word' id='word_1_42' title='bbox 902 676 1000 730; x_wconf 74' lang='grc'><strong>⁸⁸.»</strong></span> <span class='ocrx_word' id='word_1_43' title='bbox 1022 706 1087 714; x_wconf 90' lang='grc'><strong>-</strong></span> <span class='ocrx_word' id='word_1_44' title='bbox 1107 695 1127 726; x_wconf 75' lang='grc' dir='ltr'>ι</span> <span class='ocrx_word' id='word_1_45' title='bbox 1156 675 1313 742; x_wconf 87' lang='lat' dir='ltr'><strong>Ecce,</strong></span> <span class='ocrx_word' id='word_1_46' title='bbox 1338 677 1413 731; x_wconf 89' lang='lat' dir='ltr'><strong>ait</strong></span> <span class='ocrx_word' id='word_1_47' title='bbox 1441 675 1609 732; x_wconf 81' lang='lat' dir='ltr'><strong>Judas</strong></span> <span class='ocrx_word' id='word_1_48' title='bbox 1711 681 1833 749; x_wconf 88' lang='lat' dir='ltr'><strong>pius</strong></span> <span class='ocrx_word' id='word_1_49' title='bbox 1858 678 2119 733; x_wconf 86' lang='lat' dir='ltr'><strong>Dominus</strong></span> <span class='ocrx_word' id='word_1_50' title='bbox 2142 688 2400 748; x_wconf 69' lang='lat' dir='ltr'><strong>praestare</strong></span> <span class='ocrx_word' id='word_1_51' title='bbox 2423 679 2696 750; x_wconf 82' lang='lat' dir='ltr'><strong>dignetur,</strong></span> <span class='ocrx_word' id='word_1_52' title='bbox 2731 679 2824 748; x_wconf 89' lang='lat' dir='ltr'><strong>qui</strong></span> <span class='ocrx_word' id='word_1_53' title='bbox 2860 678 2993 732; x_wconf 85' lang='lat' dir='ltr'><strong>vivit</strong></span> <span class='ocrx_word' id='word_1_54' title='bbox 3011 688 3064 734; x_wconf 90' lang='lat' dir='ltr'><strong>et</strong></span> <span class='ocrx_word' id='word_1_55' title='bbox 3086 687 3280 749; x_wconf 79' lang='lat' dir='ltr'><strong>regnat</strong></span> 
     </span>
    </p>
   </div>
   <div class='ocr_carea' id='block_1_5' title="bbox 36 765 2283 842">
    <p class='ocr_par' dir='ltr' id='par_1_5' title="bbox 36 765 2283 842">
     <span class='ocr_line' id='line_1_5' title="bbox 36 765 2283 842; baseline 0.003 -25"><span class='ocrx_word' id='word_1_56' title='bbox 36 765 325 833; x_wconf 87' lang='lat' dir='ltr'><strong>postolus</strong></span> <span class='ocrx_word' id='word_1_57' title='bbox 349 765 417 830; x_wconf 85' lang='grc'><strong>³³,</strong></span> <span class='ocrx_word' id='word_1_58' title='bbox 443 766 623 821; x_wconf 85' lang='lat' dir='ltr'><strong>veniet</strong></span> <span class='ocrx_word' id='word_1_59' title='bbox 652 765 918 825; x_wconf 90' lang='lat' dir='ltr'><strong>Dominus</strong></span> <span class='ocrx_word' id='word_1_60' title='bbox 942 770 996 823; x_wconf 88' lang='lat' dir='ltr'><strong>in</strong></span> <span class='ocrx_word' id='word_1_61' title='bbox 1023 769 1262 826; x_wconf 90' lang='lat' dir='ltr'><strong>millibus</strong></span> <span class='ocrx_word' id='word_1_62' title='bbox 1288 770 1403 825; x_wconf 87' lang='lat' dir='ltr'><strong>suis</strong></span> <span class='ocrx_word' id='word_1_63' title='bbox 1432 768 1611 824; x_wconf 88' lang='lat' dir='ltr'><strong>facere</strong></span> <span class='ocrx_word' id='word_1_64' title='bbox 1710 787 1806 842; x_wconf 85' lang='lat' dir='ltr'><strong>per</strong></span> <span class='ocrx_word' id='word_1_65' title='bbox 1837 772 2034 827; x_wconf 62' lang='lat' dir='ltr'><strong>saecula</strong></span> <span class='ocrx_word' id='word_1_66' title='bbox 2069 783 2283 826; x_wconf 89' lang='lat' dir='ltr'><strong>cuncta.</strong></span> 
     </span>
    </p>
   </div>
   <div class='ocr_carea' id='block_1_6' title="bbox 36 856 3272 931">
    <p class='ocr_par' dir='ltr' id='par_1_6' title="bbox 36 856 3272 931">
     <span class='ocr_line' id='line_1_6' title="bbox 36 856 3272 931; baseline 0.002 -21"><span class='ocrx_word' id='word_1_67' title='bbox 36 856 327 921; x_wconf 69' lang='lat' dir='ltr'><strong>ndicium,</strong></span> <span class='ocrx_word' id='word_1_68' title='bbox 356 865 410 912; x_wconf 94' lang='lat' dir='ltr'><strong>et</strong></span> <span class='ocrx_word' id='word_1_69' title='bbox 434 858 656 926; x_wconf 84' lang='lat' dir='ltr'><strong>perdere</strong></span> <span class='ocrx_word' id='word_1_70' title='bbox 682 873 871 916; x_wconf 87' lang='lat' dir='ltr'><strong>omnes</strong></span> <span class='ocrx_word' id='word_1_71' title='bbox 901 861 1119 930; x_wconf 73' lang='lat' dir='ltr'><strong>impios,</strong></span> <span class='ocrx_word' id='word_1_72' title='bbox 1143 871 1197 918; x_wconf 92' lang='lat' dir='ltr'><strong>et</strong></span> <span class='ocrx_word' id='word_1_73' title='bbox 1223 877 1454 931; x_wconf 80' lang='lat' dir='ltr'><strong>arguere</strong></span> <span class='ocrx_word' id='word_1_74' title='bbox 1483 877 1605 914; x_wconf 86' lang='lat' dir='ltr'><strong>om-</strong></span> <span class='ocrx_word' id='word_1_75' title='bbox 1785 863 1914 918; x_wconf 89' lang='lat' dir='ltr'><strong>Data</strong></span> <span class='ocrx_word' id='word_1_76' title='bbox 1951 862 2176 918; x_wconf 82' lang='lat' dir='ltr'><strong>Kalend.</strong></span> <span class='ocrx_word' id='word_1_77' title='bbox 2201 861 2350 929; x_wconf 84' lang='lat' dir='ltr'><strong>Maii,</strong></span> <span class='ocrx_word' id='word_1_78' title='bbox 2373 860 2587 917; x_wconf 57' lang='lat' dir='ltr'><strong>.‘Eliano</strong></span> <span class='ocrx_word' id='word_1_79' title='bbox 2611 869 2664 917; x_wconf 89' lang='lat' dir='ltr'><strong>et</strong></span> <span class='ocrx_word' id='word_1_80' title='bbox 2697 859 2889 917; x_wconf 87' lang='lat' dir='ltr'><strong>Vetere</strong></span> <span class='ocrx_word' id='word_1_81' title='bbox 2921 861 3054 918; x_wconf 85' lang='lat' dir='ltr'><strong>viris</strong></span> <span class='ocrx_word' id='word_1_82' title='bbox 3077 861 3272 918; x_wconf 80' lang='lat' dir='ltr'><strong>claris-</strong></span> 
     </span>
    </p>
   </div>
   <div class='ocr_carea' id='block_1_7' title="bbox 36 949 2305 1025">
    <p class='ocr_par' dir='ltr' id='par_1_7' title="bbox 36 949 2305 1025">
     <span class='ocr_line' id='line_1_7' title="bbox 36 949 2305 1025; baseline 0.004 -24"><span class='ocrx_word' id='word_1_83' title='bbox 36 964 138 1001; x_wconf 84' lang='lat' dir='ltr'><strong>em</strong></span> <span class='ocrx_word' id='word_1_84' title='bbox 153 963 420 1015; x_wconf 82' lang='lat' dir='ltr'><strong>carnem,</strong></span> <span class='ocrx_word' id='word_1_85' title='bbox 436 949 502 1004; x_wconf 91' lang='lat' dir='ltr'><strong>de</strong></span> <span class='ocrx_word' id='word_1_86' title='bbox 515 951 768 1007; x_wconf 88' lang='lat' dir='ltr'><strong>omnibus</strong></span> <span class='ocrx_word' id='word_1_87' title='bbox 784 953 1040 1023; x_wconf 83' lang='lat' dir='ltr'><strong>operibus</strong></span> <span class='ocrx_word' id='word_1_88' title='bbox 1053 954 1345 1025; x_wconf 88' lang='lat' dir='ltr'><strong>impietatis</strong></span> <span class='ocrx_word' id='word_1_89' title='bbox 1360 969 1570 1010; x_wconf 91' lang='lat' dir='ltr'><strong>eorum.</strong></span> <span class='ocrx_word' id='word_1_90' title='bbox 1585 972 1604 1005; x_wconf 70' lang='grc' dir='ltr'>ι</span> <span class='ocrx_word' id='word_1_91' title='bbox 1712 958 1867 1014; x_wconf 86' lang='lat' dir='ltr'><strong>simis</strong></span> <span class='ocrx_word' id='word_1_92' title='bbox 1893 956 2211 1014; x_wconf 87' lang='lat' dir='ltr'><strong>consulibus</strong></span> <span class='ocrx_word' id='word_1_93' title='bbox 2239 956 2305 1012; x_wconf 74' lang='lat'><strong>“.</strong></span> 
     </span>
    </p>
   </div>
   <div class='ocr_carea' id='block_1_8' title="bbox 36 1040 1606 1118">
    <p class='ocr_par' dir='ltr' id='par_1_8' title="bbox 36 1040 1606 1118">
     <span class='ocr_line' id='line_1_8' title="bbox 36 1040 1606 1118; baseline 0.003 -26"><span class='ocrx_word' id='word_1_94' title='bbox 36 1041 165 1105; x_wconf 52' lang='lat' dir='ltr'><strong>late,</strong></span> <span class='ocrx_word' id='word_1_95' title='bbox 206 1040 439 1110; x_wconf 80' lang='lat' dir='ltr'><strong>fratres,</strong></span> <span class='ocrx_word' id='word_1_96' title='bbox 485 1042 641 1099; x_wconf 88' lang='lat' dir='ltr'><strong>valde</strong></span> <span class='ocrx_word' id='word_1_97' title='bbox 677 1043 915 1099; x_wconf 89' lang='lat' dir='ltr'><strong>timenda</strong></span> <span class='ocrx_word' id='word_1_98' title='bbox 955 1054 1084 1101; x_wconf 89' lang='lat' dir='ltr'><strong>sunt</strong></span> <span class='ocrx_word' id='word_1_99' title='bbox 1121 1055 1172 1103; x_wconf 92' lang='lat' dir='ltr'><strong>et</strong></span> <span class='ocrx_word' id='word_1_100' title='bbox 1204 1043 1606 1118; x_wconf 87' lang='lat' dir='ltr'><strong>perpendenda,</strong></span> 
     </span>
    </p>
   </div>
   <div class='ocr_carea' id='block_1_9' title="bbox 36 1221 3273 1306">
    <p class='ocr_par' dir='ltr' id='par_1_9' title="bbox 36 1221 3273 1306">
     <span class='ocr_line' id='line_1_9' title="bbox 36 1221 3273 1306; baseline 0.001 -25"><span class='ocrx_word' id='word_1_101' title='bbox 36 1222 105 1283; x_wconf 75' lang='lat' dir='ltr'><strong>ix</strong></span> <span class='ocrx_word' id='word_1_102' title='bbox 175 1221 472 1306; x_wconf 74' lang='lat' dir='ltr'><strong>decretis</strong></span> <span class='ocrx_word' id='word_1_103' title='bbox 533 1226 884 1306; x_wconf 80' lang='lat' dir='ltr'><strong>Alexandri</strong></span> <span class='ocrx_word' id='word_1_104' title='bbox 946 1230 1178 1306; x_wconf 69' lang='lat' dir='ltr'><strong>papae!</strong></span> <span class='ocrx_word' id='word_1_105' title='bbox 1246 1230 1601 1292; x_wconf 84' lang='lat' dir='ltr'><strong>secundum</strong></span> <span class='ocrx_word' id='word_1_106' title='bbox 1636 1227 2036 1291; x_wconf 82' lang='lat' dir='ltr'><strong>Gratianum.</strong></span> <span class='ocrx_word' id='word_1_107' title='bbox 2097 1227 2172 1287; x_wconf 91' lang='lat' dir='ltr'><strong>Ut</strong></span> <span class='ocrx_word' id='word_1_108' title='bbox 2223 1241 2413 1288; x_wconf 90' lang='lat' dir='ltr'><strong>nemo</strong></span> <span class='ocrx_word' id='word_1_109' title='bbox 2443 1225 2634 1306; x_wconf 84' lang='lat' dir='ltr'><strong>simul</strong></span> <span class='ocrx_word' id='word_1_110' title='bbox 2692 1226 2775 1288; x_wconf 87' lang='lat' dir='ltr'><strong>sit</strong></span> <span class='ocrx_word' id='word_1_111' title='bbox 2848 1230 3177 1306; x_wconf 80' lang='lat' dir='ltr'><strong>accusator</strong></span> <span class='ocrx_word' id='word_1_112' title='bbox 3210 1232 3273 1285; x_wconf 87' lang='lat' dir='ltr'><strong>et</strong></span> 
     </span>
    </p>
   </div>
   <div class='ocr_carea' id='block_1_10' title="bbox 89 1302 3260 1386">
    <p class='ocr_par' dir='ltr' id='par_1_10' title="bbox 89 1302 3260 1386">
     <span class='ocr_line' id='line_1_10' title="bbox 89 1302 3260 1386; baseline 0 -24"><span class='ocrx_word' id='word_1_113' title='bbox 89 1302 346 1376; x_wconf 87' lang='lat' dir='ltr'><strong>testis;</strong></span> <span class='ocrx_word' id='word_1_114' title='bbox 385 1304 734 1386; x_wconf 78' lang='lat' dir='ltr'><strong>ex_codice</strong></span> <span class='ocrx_word' id='word_1_115' title='bbox 771 1302 1062 1386; x_wconf 83' lang='lat' dir='ltr'><strong>quinque</strong></span> <span class='ocrx_word' id='word_1_116' title='bbox 1100 1307 1414 1386; x_wconf 84' lang='lat' dir='ltr'><strong>librorum</strong></span> <span class='ocrx_word' id='word_1_117' title='bbox 1446 1309 1659 1385; x_wconf 26' lang='lat' dir='ltr'><strong>liba&quot;,</strong></span> <span class='ocrx_word' id='word_1_118' title='bbox 1695 1325 1831 1385; x_wconf 77' lang='lat' dir='ltr'><strong>cap.</strong></span> <span class='ocrx_word' id='word_1_119' title='bbox 1865 1306 1946 1366; x_wconf 88' lang='lat' dir='ltr'><strong>C:</strong></span> <span class='ocrx_word' id='word_1_120' title='bbox 1978 1313 2046 1368; x_wconf 92' lang='lat' dir='ltr'><strong>ut</strong></span> <span class='ocrx_word' id='word_1_121' title='bbox 2084 1306 2416 1383; x_wconf 82' lang='lat' dir='ltr'><strong>presbyter</strong></span> <span class='ocrx_word' id='word_1_122' title='bbox 2446 1305 2524 1367; x_wconf 86' lang='lat' dir='ltr'><strong>ab</strong></span> <span class='ocrx_word' id='word_1_123' title='bbox 2564 1304 2954 1367; x_wconf 89' lang='lat' dir='ltr'><strong>incestuosis</strong></span> <span class='ocrx_word' id='word_1_124' title='bbox 2993 1303 3260 1366; x_wconf 78' lang='lat' dir='ltr'><strong>xenium</strong></span> 
     </span>
    </p>
   </div>
   <div class='ocr_carea' id='block_1_11' title="bbox 89 1382 1570 1460">
    <p class='ocr_par' dir='ltr' id='par_1_11' title="bbox 89 1382 1570 1460">
     <span class='ocr_line' id='line_1_11' title="bbox 89 1382 1570 1460; baseline 0.006 -21"><span class='ocrx_word' id='word_1_125' title='bbox 89 1397 240 1442; x_wconf 85' lang='lat' dir='ltr'><strong>non</strong></span> <span class='ocrx_word' id='word_1_126' title='bbox 289 1382 606 1460; x_wconf 85' lang='lat' dir='ltr'><strong>accipiat,</strong></span> <span class='ocrx_word' id='word_1_127' title='bbox 647 1390 714 1446; x_wconf 89' lang='lat' dir='ltr'><strong>ut</strong></span> <span class='ocrx_word' id='word_1_128' title='bbox 759 1382 980 1447; x_wconf 76' lang='lat' dir='ltr'><strong>eorum</strong></span> <span class='ocrx_word' id='word_1_129' title='bbox 1012 1385 1258 1449; x_wconf 79' lang='lat' dir='ltr'><strong>scelera</strong></span> <span class='ocrx_word' id='word_1_130' title='bbox 1287 1384 1570 1450; x_wconf 79' lang='lat' dir='ltr'><strong>reticeat.</strong></span> 
     </span>
    </p>
   </div>
   <div class='ocr_carea' id='block_1_12' title="bbox 83 1541 3278 1620">
    <p class='ocr_par' dir='ltr' id='par_1_12' title="bbox 83 1541 3278 1620">
     <span class='ocr_line' id='line_1_12' title="bbox 83 1541 3278 1620; baseline 0 -20"><span class='ocrx_word' id='word_1_131' title='bbox 83 1541 164 1600; x_wconf 88' lang='lat' dir='ltr'><strong>Ut</strong></span> <span class='ocrx_word' id='word_1_132' title='bbox 217 1543 410 1600; x_wconf 90' lang='lat' dir='ltr'><strong>nullus</strong></span> <span class='ocrx_word' id='word_1_133' title='bbox 467 1545 752 1618; x_wconf 89' lang='lat' dir='ltr'><strong>presbyter</strong></span> <span class='ocrx_word' id='word_1_134' title='bbox 801 1547 1056 1614; x_wconf 80' lang='lat' dir='ltr'><strong>xenium,</strong></span> <span class='ocrx_word' id='word_1_135' title='bbox 1111 1548 1201 1604; x_wconf 90' lang='lat' dir='ltr'><strong>vel</strong></span> <span class='ocrx_word' id='word_1_136' title='bbox 1242 1549 1606 1620; x_wconf 88' lang='lat' dir='ltr'><strong>quodcunque</strong></span> <span class='ocrx_word' id='word_1_137' title='bbox 1709 1557 1844 1616; x_wconf 87' lang='lat' dir='ltr'><strong>ctet;</strong></span> <span class='ocrx_word' id='word_1_138' title='bbox 1877 1563 1977 1604; x_wconf 91' lang='lat' dir='ltr'><strong>nec</strong></span> <span class='ocrx_word' id='word_1_139' title='bbox 2008 1564 2040 1603; x_wconf 90' lang='lat' dir='ltr'><strong>a</strong></span> <span class='ocrx_word' id='word_1_140' title='bbox 2070 1563 2347 1619; x_wconf 90' lang='lat' dir='ltr'><strong>quoquam</strong></span> <span class='ocrx_word' id='word_1_141' title='bbox 2380 1547 2679 1617; x_wconf 86' lang='lat' dir='ltr'><strong>poenitente</strong></span> <span class='ocrx_word' id='word_1_142' title='bbox 2703 1547 2957 1616; x_wconf 82' lang='lat' dir='ltr'><strong>gratiam,</strong></span> <span class='ocrx_word' id='word_1_143' title='bbox 2993 1555 3092 1602; x_wconf 84' lang='lat' dir='ltr'><strong>aut</strong></span> <span class='ocrx_word' id='word_1_144' title='bbox 3120 1546 3278 1602; x_wconf 81' lang='lat' dir='ltr'><strong>favo-</strong></span> 
     </span>
    </p>
   </div>
   <div class='ocr_carea' id='block_1_13' title="bbox 36 1637 3276 1712">
    <p class='ocr_par' dir='ltr' id='par_1_13' title="bbox 36 1637 3276 1712">
     <span class='ocr_line' id='line_1_13' title="bbox 36 1637 3276 1712; baseline 0 -22"><span class='ocrx_word' id='word_1_145' title='bbox 36 1637 467 1692; x_wconf 89' lang='lat' dir='ltr'><strong>molumentum</strong></span> <span class='ocrx_word' id='word_1_146' title='bbox 501 1638 819 1708; x_wconf 88' lang='lat' dir='ltr'><strong>temporale,</strong></span> <span class='ocrx_word' id='word_1_147' title='bbox 859 1640 971 1694; x_wconf 88' lang='lat' dir='ltr'><strong>imo</strong></span> <span class='ocrx_word' id='word_1_148' title='bbox 1013 1640 1402 1696; x_wconf 90' lang='lat' dir='ltr'><strong>detrimentum</strong></span> <span class='ocrx_word' id='word_1_149' title='bbox 1442 1642 1604 1712; x_wconf 87' lang='lat' dir='ltr'><strong>spiri-</strong></span> <span class='ocrx_word' id='word_1_150' title='bbox 1709 1656 1845 1706; x_wconf 90' lang='lat' dir='ltr'><strong>rem,</strong></span> <span class='ocrx_word' id='word_1_151' title='bbox 1889 1641 1976 1696; x_wconf 90' lang='lat' dir='ltr'><strong>vel</strong></span> <span class='ocrx_word' id='word_1_152' title='bbox 2015 1655 2217 1697; x_wconf 87' lang='lat' dir='ltr'><strong>munus</strong></span> <span class='ocrx_word' id='word_1_153' title='bbox 2263 1639 2542 1709; x_wconf 86' lang='lat' dir='ltr'><strong>suscipere</strong></span> <span class='ocrx_word' id='word_1_154' title='bbox 2591 1649 2919 1710; x_wconf 59' lang='lat' dir='ltr'><strong>praesumat,</strong></span> <span class='ocrx_word' id='word_1_155' title='bbox 2973 1648 3034 1692; x_wconf 94' lang='lat' dir='ltr'><strong>ut</strong></span> <span class='ocrx_word' id='word_1_156' title='bbox 3094 1638 3276 1692; x_wconf 89' lang='lat' dir='ltr'><strong>minus</strong></span> 
     </span>
    </p>
   </div>
   <div class='ocr_carea' id='block_1_14' title="bbox 36 1731 3282 1805">
    <p class='ocr_par' dir='ltr' id='par_1_14' title="bbox 36 1731 3282 1805">
     <span class='ocr_line' id='line_1_14' title="bbox 36 1731 3282 1805; baseline -0 -20"><span class='ocrx_word' id='word_1_157' title='bbox 36 1733 191 1798; x_wconf 79' lang='lat' dir='ltr'><strong>uale,</strong></span> <span class='ocrx_word' id='word_1_158' title='bbox 226 1747 261 1785; x_wconf 89' lang='lat' dir='ltr'><strong>a</strong></span> <span class='ocrx_word' id='word_1_159' title='bbox 293 1747 628 1802; x_wconf 89' lang='lat' dir='ltr'><strong>quocunque</strong></span> <span class='ocrx_word' id='word_1_160' title='bbox 643 1733 862 1802; x_wconf 90' lang='lat' dir='ltr'><strong>publico</strong></span> <span class='ocrx_word' id='word_1_161' title='bbox 886 1734 974 1789; x_wconf 89' lang='lat' dir='ltr'><strong>vel</strong></span> <span class='ocrx_word' id='word_1_162' title='bbox 1005 1734 1319 1792; x_wconf 89' lang='lat' dir='ltr'><strong>incestuoso</strong></span> <span class='ocrx_word' id='word_1_163' title='bbox 1349 1735 1601 1805; x_wconf 91' lang='lat' dir='ltr'><strong>accipiat,</strong></span> <span class='ocrx_word' id='word_1_164' title='bbox 1705 1734 1867 1803; x_wconf 83' lang='lat' dir='ltr'><strong>digne</strong></span> <span class='ocrx_word' id='word_1_165' title='bbox 1899 1732 2253 1802; x_wconf 76' lang='lat' dir='ltr'><strong>pcenitcntem</strong></span> <span class='ocrx_word' id='word_1_166' title='bbox 2283 1732 2350 1787; x_wconf 90' lang='lat' dir='ltr'><strong>ad</strong></span> <span class='ocrx_word' id='word_1_167' title='bbox 2389 1731 2899 1787; x_wconf 90' lang='lat' dir='ltr'><strong>reconciliationem</strong></span> <span class='ocrx_word' id='word_1_168' title='bbox 2937 1731 3194 1794; x_wconf 86' lang='lat' dir='ltr'><strong>adducat,</strong></span> <span class='ocrx_word' id='word_1_169' title='bbox 3225 1739 3282 1785; x_wconf 89' lang='lat' dir='ltr'><strong>et</strong></span> 
     </span>
    </p>
   </div>
   <div class='ocr_carea' id='block_1_15' title="bbox 42 1823 3276 1919">
    <p class='ocr_par' dir='ltr' id='par_1_15' title="bbox 42 1823 3276 1919">
     <span class='ocr_line' id='line_1_15' title="bbox 42 1823 3276 1919; baseline -0.001 -39"><span class='ocrx_word' id='word_1_170' title='bbox 42 1837 68 1880; x_wconf 84' lang='lat' dir='ltr'><strong>t</strong></span> <span class='ocrx_word' id='word_1_171' title='bbox 84 1827 260 1882; x_wconf 87' lang='lat' dir='ltr'><strong>nobis</strong></span> <span class='ocrx_word' id='word_1_172' title='bbox 277 1825 362 1880; x_wconf 89' lang='lat' dir='ltr'><strong>vel</strong></span> <span class='ocrx_word' id='word_1_173' title='bbox 379 1825 645 1881; x_wconf 87' lang='lat' dir='ltr'><strong>ministris</strong></span> <span class='ocrx_word' id='word_1_174' title='bbox 666 1826 868 1881; x_wconf 90' lang='lat' dir='ltr'><strong>nostris</strong></span> <span class='ocrx_word' id='word_1_175' title='bbox 884 1836 1163 1892; x_wconf 90' lang='lat' dir='ltr'><strong>peccatum</strong></span> <span class='ocrx_word' id='word_1_176' title='bbox 1177 1828 1323 1882; x_wconf 85' lang='lat' dir='ltr'><strong>illius</strong></span> <span class='ocrx_word' id='word_1_177' title='bbox 1341 1827 1599 1894; x_wconf 88' lang='lat' dir='ltr'><strong>reticeat;</strong></span> <span class='ocrx_word' id='word_1_178' title='bbox 1633 1859 1680 1919; x_wconf 77' lang='grc' dir='ltr'><strong>Β</strong></span> <span class='ocrx_word' id='word_1_179' title='bbox 1704 1826 1755 1880; x_wconf 91' lang='lat' dir='ltr'><strong>ei</strong></span> <span class='ocrx_word' id='word_1_180' title='bbox 1776 1825 2148 1880; x_wconf 89' lang='lat' dir='ltr'><strong>testimonium</strong></span> <span class='ocrx_word' id='word_1_181' title='bbox 2181 1824 2649 1880; x_wconf 89' lang='lat' dir='ltr'><strong>reconciliationis</strong></span> <span class='ocrx_word' id='word_1_182' title='bbox 2673 1823 2836 1890; x_wconf 87' lang='lat' dir='ltr'><strong>ferat,</strong></span> <span class='ocrx_word' id='word_1_183' title='bbox 2868 1833 2923 1880; x_wconf 89' lang='lat' dir='ltr'><strong>et</strong></span> <span class='ocrx_word' id='word_1_184' title='bbox 2945 1837 3276 1894; x_wconf 85' lang='lat' dir='ltr'><strong>quocunque</strong></span> 
     </span>
    </p>
   </div>
   <div class='ocr_carea' id='block_1_16' title="bbox 43 1915 3276 1990">
    <p class='ocr_par' dir='ltr' id='par_1_16' title="bbox 43 1915 3276 1990">
     <span class='ocr_line' id='line_1_16' title="bbox 43 1915 3276 1990; baseline -0.002 -18"><span class='ocrx_word' id='word_1_185' title='bbox 43 1934 114 1973; x_wconf 85' lang='lat' dir='ltr'><strong>cc</strong></span> <span class='ocrx_word' id='word_1_186' title='bbox 137 1917 397 1987; x_wconf 89' lang='lat' dir='ltr'><strong>profecto</strong></span> <span class='ocrx_word' id='word_1_187' title='bbox 418 1917 798 1988; x_wconf 87' lang='lat' dir='ltr'><strong>cujuscunque</strong></span> <span class='ocrx_word' id='word_1_188' title='bbox 822 1934 1093 1988; x_wconf 68' lang='lat' dir='ltr'><strong>persona,</strong></span> <span class='ocrx_word' id='word_1_189' title='bbox 1110 1929 1204 1974; x_wconf 88' lang='lat' dir='ltr'><strong>aut</strong></span> <span class='ocrx_word' id='word_1_190' title='bbox 1219 1919 1604 1990; x_wconf 84' lang='lat' dir='ltr'><strong>consanguini-</strong></span> <span class='ocrx_word' id='word_1_191' title='bbox 1633 1915 1671 1919; x_wconf 62' lang='grc'><strong>⁷</strong></span> <span class='ocrx_word' id='word_1_192' title='bbox 1709 1917 1878 1972; x_wconf 88' lang='lat' dir='ltr'><strong>livore</strong></span> <span class='ocrx_word' id='word_1_193' title='bbox 1901 1918 2069 1972; x_wconf 76' lang='lat' dir='ltr'><strong>aliuzn</strong></span> <span class='ocrx_word' id='word_1_194' title='bbox 2085 1915 2384 1986; x_wconf 89' lang='lat' dir='ltr'><strong>quemlibet</strong></span> <span class='ocrx_word' id='word_1_195' title='bbox 2406 1917 2624 1990; x_wconf 77' lang='lat' dir='ltr'><strong>dignius</strong></span> <span class='ocrx_word' id='word_1_196' title='bbox 2651 1917 3009 1988; x_wconf 76' lang='lat' dir='ltr'><strong>ptenitentem</strong></span> <span class='ocrx_word' id='word_1_197' title='bbox 3034 1931 3063 1970; x_wconf 92' lang='lat' dir='ltr'><strong>a</strong></span> <span class='ocrx_word' id='word_1_198' title='bbox 3082 1930 3276 1970; x_wconf 89' lang='lat' dir='ltr'><strong>recon-</strong></span> 
     </span>
    </p>
   </div>
   <div class='ocr_carea' id='block_1_17' title="bbox 36 2004 3278 2082">
    <p class='ocr_par' dir='ltr' id='par_1_17' title="bbox 36 2004 3278 2082">
     <span class='ocr_line' id='line_1_17' title="bbox 36 2004 3278 2082; baseline -0.002 -17"><span class='ocrx_word' id='word_1_199' title='bbox 36 2011 906 2079; x_wconf 74' lang='lat' dir='ltr'><strong>atis,velfamiliaritatis,alienis</strong></span> <span class='ocrx_word' id='word_1_200' title='bbox 921 2011 1602 2082; x_wconf 88' lang='lat' dir='ltr'><strong>communicanspeccatis,</strong></span> <span class='ocrx_word' id='word_1_201' title='bbox 1710 2007 1984 2064; x_wconf 89' lang='lat' dir='ltr'><strong>ciliatione</strong></span> <span class='ocrx_word' id='word_1_202' title='bbox 2009 2019 2322 2077; x_wconf 87' lang='lat' dir='ltr'><strong>removeat;</strong></span> <span class='ocrx_word' id='word_1_203' title='bbox 2357 2009 2486 2077; x_wconf 90' lang='lat' dir='ltr'><strong>quia</strong></span> <span class='ocrx_word' id='word_1_204' title='bbox 2516 2010 2621 2074; x_wconf 87' lang='lat' dir='ltr'><strong>hoc</strong></span> <span class='ocrx_word' id='word_1_205' title='bbox 2645 2007 3046 2076; x_wconf 79' lang='lat' dir='ltr'><strong>Simoniacum,</strong></span> <span class='ocrx_word' id='word_1_206' title='bbox 3082 2015 3137 2062; x_wconf 90' lang='lat' dir='ltr'><strong>et</strong></span> <span class='ocrx_word' id='word_1_207' title='bbox 3164 2004 3278 2060; x_wconf 90' lang='lat' dir='ltr'><strong>Deo</strong></span> 
     </span>
    </p>
   </div>
   <div class='ocr_carea' id='block_1_18' title="bbox 36 2101 2826 2160">
    <p class='ocr_par' dir='ltr' id='par_1_18' title="bbox 36 2101 2826 2160">
     <span class='ocr_line' id='line_1_18' title="bbox 36 2101 2826 2160; baseline 0 -5"><span class='ocrx_word' id='word_1_208' title='bbox 36 2117 120 2157; x_wconf 37' lang='lat' dir='ltr'><strong>loc</strong></span> <span class='ocrx_word' id='word_1_209' title='bbox 158 2103 328 2158; x_wconf 89' lang='lat' dir='ltr'><strong>nobis</strong></span> <span class='ocrx_word' id='word_1_210' title='bbox 363 2104 450 2159; x_wconf 89' lang='lat' dir='ltr'><strong>vel</strong></span> <span class='ocrx_word' id='word_1_211' title='bbox 492 2103 757 2160; x_wconf 86' lang='lat' dir='ltr'><strong>ministris</strong></span> <span class='ocrx_word' id='word_1_212' title='bbox 797 2103 1001 2160; x_wconf 89' lang='lat' dir='ltr'><strong>nostris</strong></span> <span class='ocrx_word' id='word_1_213' title='bbox 1037 2103 1378 2159; x_wconf 88' lang='lat' dir='ltr'><strong>innotescere</strong></span> <span class='ocrx_word' id='word_1_214' title='bbox 1425 2103 1603 2159; x_wconf 88' lang='lat' dir='ltr'><strong>detre-</strong></span> <span class='ocrx_word' id='word_1_215' title='bbox 1709 2110 1765 2157; x_wconf 90' lang='lat' dir='ltr'><strong>et</strong></span> <span class='ocrx_word' id='word_1_216' title='bbox 1791 2101 1952 2157; x_wconf 86' lang='lat' dir='ltr'><strong>bonis</strong></span> <span class='ocrx_word' id='word_1_217' title='bbox 1982 2101 2296 2158; x_wconf 88' lang='lat' dir='ltr'><strong>hominibus</strong></span> <span class='ocrx_word' id='word_1_218' title='bbox 2331 2101 2701 2158; x_wconf 88' lang='lat' dir='ltr'><strong>abominabile</strong></span> <span class='ocrx_word' id='word_1_219' title='bbox 2723 2109 2826 2156; x_wconf 91' lang='lat' dir='ltr'><strong>est.</strong></span> 
     </span>
    </p>
   </div>
   <div class='ocr_carea' id='block_1_19' title="bbox 83 2234 3280 2307">
    <p class='ocr_par' dir='ltr' id='par_1_19' title="bbox 83 2234 3280 2307">
     <span class='ocr_line' id='line_1_19' title="bbox 83 2234 3280 2307; baseline -0.001 -17"><span class='ocrx_word' id='word_1_220' title='bbox 83 2237 134 2268; x_wconf 79' lang='grc'>⁸⁸</span> <span class='ocrx_word' id='word_1_221' title='bbox 168 2238 226 2302; x_wconf 81' lang='grc'><strong>5,</strong></span> <span class='ocrx_word' id='word_1_222' title='bbox 279 2254 335 2304; x_wconf 88' lang='lat' dir='ltr'><strong>q.</strong></span> <span class='ocrx_word' id='word_1_223' title='bbox 367 2237 427 2291; x_wconf 83' lang='lat' dir='ltr'><strong>l:</strong></span> <span class='ocrx_word' id='word_1_224' title='bbox 487 2235 640 2292; x_wconf 83' lang='lat' dir='ltr'><strong>Nulli</strong></span> <span class='ocrx_word' id='word_1_225' title='bbox 709 2236 944 2292; x_wconf 71' lang='lat' dir='ltr'><strong>dubium.</strong></span> <span class='ocrx_word' id='word_1_226' title='bbox 1023 2238 1063 2269; x_wconf 86' lang='grc'><strong>³¹</strong></span> <span class='ocrx_word' id='word_1_227' title='bbox 1108 2236 1296 2291; x_wconf 82' lang='lat' dir='ltr'><strong>Matth.</strong></span> <span class='ocrx_word' id='word_1_228' title='bbox 1351 2253 1403 2303; x_wconf 87' lang='lat' dir='ltr'><strong>v,</strong></span> <span class='ocrx_word' id='word_1_229' title='bbox 1449 2237 1501 2290; x_wconf 88' lang='lat'><strong>8.</strong></span> <span class='ocrx_word' id='word_1_230' title='bbox 1569 2236 1877 2307; x_wconf 9' lang='lat' dir='ltr'><strong>V&#39;V&#39;Henoch</strong></span> <span class='ocrx_word' id='word_1_231' title='bbox 1932 2238 2072 2307; x_wconf 89' lang='lat' dir='ltr'><strong>apud</strong></span> <span class='ocrx_word' id='word_1_232' title='bbox 2127 2236 2346 2305; x_wconf 83' lang='lat' dir='ltr'><strong>Judam,</strong></span> <span class='ocrx_word' id='word_1_233' title='bbox 2389 2237 2562 2306; x_wconf 65' lang='lat' dir='ltr'><strong>v.14,</strong></span> <span class='ocrx_word' id='word_1_234' title='bbox 2619 2239 2705 2293; x_wconf 75' lang='grc'><strong>15.</strong></span> <span class='ocrx_word' id='word_1_235' title='bbox 2782 2235 2831 2270; x_wconf 84' lang='grc'><strong>³⁸</strong></span> <span class='ocrx_word' id='word_1_236' title='bbox 2861 2234 3119 2293; x_wconf 83' lang='lat' dir='ltr'><strong>Clausula</strong></span> <span class='ocrx_word' id='word_1_237' title='bbox 3163 2249 3280 2290; x_wconf 86' lang='lat' dir='ltr'><strong>ser-</strong></span> 
     </span>
    </p>
   </div>
   <div class='ocr_carea' id='block_1_20' title="bbox 36 2306 2414 2379">
    <p class='ocr_par' dir='ltr' id='par_1_20' title="bbox 36 2306 2414 2379">
     <span class='ocr_line' id='line_1_20' title="bbox 36 2306 2414 2379; baseline 0.002 -19"><span class='ocrx_word' id='word_1_238' title='bbox 36 2323 253 2362; x_wconf 87' lang='lat' dir='ltr'><strong>nonum</strong></span> <span class='ocrx_word' id='word_1_239' title='bbox 287 2308 346 2362; x_wconf 87' lang='lat' dir='ltr'><strong>S.</strong></span> <span class='ocrx_word' id='word_1_240' title='bbox 378 2308 686 2379; x_wconf 75' lang='lat' dir='ltr'><strong>Augustini.</strong></span> <span class='ocrx_word' id='word_1_241' title='bbox 765 2309 810 2340; x_wconf 75' lang='lat'>“</span> <span class='ocrx_word' id='word_1_242' title='bbox 835 2325 921 2363; x_wconf 88' lang='lat' dir='ltr'><strong>an.</strong></span> <span class='ocrx_word' id='word_1_243' title='bbox 959 2310 1083 2373; x_wconf 83' lang='grc'><strong>116,</strong></span> <span class='ocrx_word' id='word_1_244' title='bbox 1114 2310 1323 2363; x_wconf 85' lang='lat' dir='ltr'><strong>vivente</strong></span> <span class='ocrx_word' id='word_1_245' title='bbox 1359 2308 1538 2362; x_wconf 86' lang='lat' dir='ltr'><strong>adhuc</strong></span> <span class='ocrx_word' id='word_1_246' title='bbox 1568 2306 1837 2374; x_wconf 86' lang='lat' dir='ltr'><strong>Evaristo,</strong></span> <span class='ocrx_word' id='word_1_247' title='bbox 1875 2306 2129 2363; x_wconf 90' lang='lat' dir='ltr'><strong>consules</strong></span> <span class='ocrx_word' id='word_1_248' title='bbox 2172 2309 2414 2364; x_wconf 80' lang='lat' dir='ltr'><strong>fuerunt.</strong></span> 
     </span>
    </p>
   </div>
   <div class='ocr_carea' id='block_1_21' title="bbox 874 2613 2406 2867">
    <p class='ocr_par' dir='ltr' id='par_1_21' title="bbox 874 2613 2406 2867">
     <span class='ocr_line' id='line_1_21' title="bbox 874 2613 2406 2867; baseline -0.007 -86"><span class='ocrx_word' id='word_1_249' title='bbox 874 2621 1556 2782; x_wconf 84' lang='lat' dir='ltr'><strong>SIXTUS</strong></span> <span class='ocrx_word' id='word_1_250' title='bbox 1611 2623 1773 2867; x_wconf 52' lang='grc' dir='ltr'>-Ι</span> <span class='ocrx_word' id='word_1_251' title='bbox 1903 2613 2406 2772; x_wconf 86' lang='grc' dir='ltr'><strong>ΡΑΡΑ</strong></span> 
     </span>
    </p>
   </div>
   <div class='ocr_carea' id='block_1_22' title="bbox 1419 2951 1930 3046">
    <p class='ocr_par' dir='ltr' id='par_1_22' title="bbox 1419 2951 1930 3046">
     <span class='ocr_line' id='line_1_22' title="bbox 1419 2951 1930 3046; baseline -0.004 -2"><span class='ocrx_word' id='word_1_252' title='bbox 1419 2951 1930 3046; x_wconf 85' lang='grc' dir='ltr'><strong>ΝΟΤΙΤΙΑ</strong></span> 
     </span>
    </p>
   </div>
   <div class='ocr_carea' id='block_1_23' title="bbox 36 3127 3289 3191">
    <p class='ocr_par' dir='ltr' id='par_1_23' title="bbox 36 3127 3289 3191">
     <span class='ocr_line' id='line_1_23' title="bbox 36 3127 3289 3191; baseline 0.001 -13"><span class='ocrx_word' id='word_1_253' title='bbox 36 3133 43 3190; x_wconf 79' lang='lat'>{</span> <span class='ocrx_word' id='word_1_254' title='bbox 69 3131 142 3178; x_wconf 74' lang='lat' dir='ltr'><strong>Ex</strong></span> <span class='ocrx_word' id='word_1_255' title='bbox 177 3127 325 3178; x_wconf 79' lang='lat' dir='ltr'><strong>Libro</strong></span> <span class='ocrx_word' id='word_1_256' title='bbox 348 3129 614 3191; x_wconf 81' lang='lat' dir='ltr'><strong>pontiﬁcali</strong></span> <span class='ocrx_word' id='word_1_257' title='bbox 643 3130 836 3179; x_wconf 79' lang='lat' dir='ltr'><strong>Damasi</strong></span> <span class='ocrx_word' id='word_1_258' title='bbox 860 3142 1013 3191; x_wconf 81' lang='lat' dir='ltr'><strong>papae,</strong></span> <span class='ocrx_word' id='word_1_259' title='bbox 1038 3143 1110 3191; x_wconf 89' lang='lat' dir='ltr'><strong>ap.</strong></span> <span class='ocrx_word' id='word_1_260' title='bbox 1145 3129 1314 3188; x_wconf 61' lang='lat' dir='ltr'><strong>llius],</strong></span> <span class='ocrx_word' id='word_1_261' title='bbox 1344 3127 1546 3191; x_wconf 81' lang='lat' dir='ltr'><strong>concil.,</strong></span> <span class='ocrx_word' id='word_1_262' title='bbox 1569 3128 1609 3187; x_wconf 83' lang='grc' dir='ltr'><strong>Ι,</strong></span> <span class='ocrx_word' id='word_1_263' title='bbox 1634 3128 1742 3191; x_wconf 63' lang='grc'><strong>649.</strong></span> <span class='ocrx_word' id='word_1_264' title='bbox 1767 3129 2008 3191; x_wconf 76' lang='lat' dir='ltr'><strong>—V&#39;arias</strong></span> <span class='ocrx_word' id='word_1_265' title='bbox 2036 3129 2356 3191; x_wconf 78' lang='lat' dir='ltr'><strong>lectioneset</strong></span> <span class='ocrx_word' id='word_1_266' title='bbox 2373 3131 2519 3178; x_wconf 84' lang='lat' dir='ltr'><strong>notas</strong></span> <span class='ocrx_word' id='word_1_267' title='bbox 2537 3127 2597 3178; x_wconf 88' lang='lat' dir='ltr'><strong>ad</strong></span> <span class='ocrx_word' id='word_1_268' title='bbox 2622 3129 2753 3178; x_wconf 88' lang='lat' dir='ltr'><strong>hunc</strong></span> <span class='ocrx_word' id='word_1_269' title='bbox 2777 3127 2939 3177; x_wconf 90' lang='lat' dir='ltr'><strong>locum</strong></span> <span class='ocrx_word' id='word_1_270' title='bbox 2965 3127 3099 3178; x_wconf 83' lang='lat' dir='ltr'><strong>Libri</strong></span> <span class='ocrx_word' id='word_1_271' title='bbox 3120 3127 3289 3190; x_wconf 87' lang='lat' dir='ltr'><strong>ponti-</strong></span> 
     </span>
    </p>
   </div>
   <div class='ocr_carea' id='block_1_24' title="bbox 903 3188 2351 3256">
    <p class='ocr_par' dir='ltr' id='par_1_24' title="bbox 903 3188 2351 3256">
     <span class='ocr_line' id='line_1_24' title="bbox 903 3188 2351 3256; baseline 0.001 -17"><span class='ocrx_word' id='word_1_272' title='bbox 903 3188 1188 3241; x_wconf 51' lang='lat' dir='ltr'><strong>ficalis‘vide</strong></span> <span class='ocrx_word' id='word_1_273' title='bbox 1219 3190 1515 3256; x_wconf 74' lang='lat' dir='ltr'><strong>Patrologiw</strong></span> <span class='ocrx_word' id='word_1_274' title='bbox 1548 3188 1729 3242; x_wconf 66' lang='lat' dir='ltr'><strong>Latina</strong></span> <span class='ocrx_word' id='word_1_275' title='bbox 1754 3199 1792 3240; x_wconf 90' lang='lat' dir='ltr'><strong>t.</strong></span> <span class='ocrx_word' id='word_1_276' title='bbox 1819 3190 2048 3252; x_wconf 77' lang='lat' dir='ltr'><strong>CXXVII,</strong></span> <span class='ocrx_word' id='word_1_277' title='bbox 2072 3189 2351 3252; x_wconf 77' lang='lat' dir='ltr'><strong>col.1l59.)</strong></span> 
     </span>
    </p>
   </div>
   <div class='ocr_carea' id='block_1_25' title="bbox 36 2446 3274 2477">
    <p class='ocr_par' dir='ltr' id='par_1_25' title="bbox 36 2446 3274 2477">
     <span class='ocr_line' id='line_1_25' title="bbox 36 2446 3274 2477; baseline -0.002 0"><span class='ocrx_word' id='word_1_278' title='bbox 36 2446 3274 2477; x_wconf 46' lang='lat' dir='ltr'><strong>ﬂ</strong></span> 
     </span>
    </p>
   </div>
   <div class='ocr_carea' id='block_1_26' title="bbox 101 3336 3279 3408">
    <p class='ocr_par' dir='ltr' id='par_1_26' title="bbox 101 3336 3279 3408">
     <span class='ocr_line' id='line_1_26' title="bbox 101 3336 3279 3408; baseline 0 -16"><span class='ocrx_word' id='word_1_279' title='bbox 101 3337 294 3392; x_wconf 78' lang='lat' dir='ltr'><strong>Sixtus</strong></span> <span class='ocrx_word' id='word_1_280' title='bbox 327 3339 561 3408; x_wconf 85' lang='lat' dir='ltr'><strong>natione</strong></span> <span class='ocrx_word' id='word_1_281' title='bbox 592 3337 901 3404; x_wconf 81' lang='lat' dir='ltr'><strong>Romanus,</strong></span> <span class='ocrx_word' id='word_1_282' title='bbox 950 3353 1017 3392; x_wconf 78' lang='lat' dir='ltr'><strong>ex</strong></span> <span class='ocrx_word' id='word_1_283' title='bbox 1068 3348 1220 3408; x_wconf 86' lang='lat' dir='ltr'><strong>patre</strong></span> <span class='ocrx_word' id='word_1_284' title='bbox 1244 3337 1504 3402; x_wconf 88' lang='lat' dir='ltr'><strong>Pastore,</strong></span> <span class='ocrx_word' id='word_1_285' title='bbox 1553 3337 1624 3392; x_wconf 90' lang='lat' dir='ltr'><strong>de</strong></span> <span class='ocrx_word' id='word_1_286' title='bbox 1667 3339 1889 3408; x_wconf 77' lang='lat' dir='ltr'><strong>regione</strong></span> <span class='ocrx_word' id='word_1_287' title='bbox 1917 3336 2017 3392; x_wconf 75' lang='lat' dir='ltr'><strong>Via</strong></span> <span class='ocrx_word' id='word_1_288' title='bbox 2067 3338 2208 3403; x_wconf 89' lang='lat' dir='ltr'><strong>lata,</strong></span> <span class='ocrx_word' id='word_1_289' title='bbox 2255 3337 2395 3394; x_wconf 72' lang='lat' dir='ltr'><strong>sedit</strong></span> <span class='ocrx_word' id='word_1_290' title='bbox 2434 3353 2608 3395; x_wconf 92' lang='lat' dir='ltr'><strong>annos</strong></span> <span class='ocrx_word' id='word_1_291' title='bbox 2653 3337 2860 3405; x_wconf 90' lang='lat' dir='ltr'><strong>decem,</strong></span> <span class='ocrx_word' id='word_1_292' title='bbox 2902 3353 3116 3395; x_wconf 91' lang='lat' dir='ltr'><strong>menses</strong></span> <span class='ocrx_word' id='word_1_293' title='bbox 3151 3347 3279 3401; x_wconf 79' lang='lat' dir='ltr'><strong>tres,</strong></span> 
     </span>
    </p>
   </div>
   <div class='ocr_carea' id='block_1_27' title="bbox 40 3405 3286 3480">
    <p class='ocr_par' dir='ltr' id='par_1_27' title="bbox 40 3405 3286 3480">
     <span class='ocr_line' id='line_1_27' title="bbox 40 3405 3286 3480; baseline -0 -18"><span class='ocrx_word' id='word_1_294' title='bbox 40 3410 148 3463; x_wconf 83' lang='lat' dir='ltr'><strong>dies</strong></span> <span class='ocrx_word' id='word_1_295' title='bbox 181 3409 286 3480; x_wconf 55' lang='lat'><strong>2|.</strong></span> <span class='ocrx_word' id='word_1_296' title='bbox 324 3407 445 3463; x_wconf 83' lang='lat' dir='ltr'><strong>Fuit</strong></span> <span class='ocrx_word' id='word_1_297' title='bbox 497 3417 674 3462; x_wconf 88' lang='lat' dir='ltr'><strong>autem</strong></span> <span class='ocrx_word' id='word_1_298' title='bbox 727 3405 1085 3480; x_wconf 71' lang='lat' dir='ltr'><strong>temporibus</strong></span> <span class='ocrx_word' id='word_1_299' title='bbox 1107 3408 1368 3471; x_wconf 87' lang='lat' dir='ltr'><strong>Adriani,</strong></span> <span class='ocrx_word' id='word_1_300' title='bbox 1422 3423 1597 3477; x_wconf 90' lang='lat' dir='ltr'><strong>usque</strong></span> <span class='ocrx_word' id='word_1_301' title='bbox 1637 3410 1709 3480; x_wconf 86' lang='lat' dir='ltr'><strong>ad</strong></span> <span class='ocrx_word' id='word_1_302' title='bbox 1734 3405 1941 3480; x_wconf 33' lang='lat' dir='ltr'><strong>‘Vernm</strong></span> <span class='ocrx_word' id='word_1_303' title='bbox 1989 3418 2043 3480; x_wconf 87' lang='lat' dir='ltr'><strong>et</strong></span> <span class='ocrx_word' id='word_1_304' title='bbox 2088 3409 2460 3480; x_wconf 83' lang='lat' dir='ltr'><strong>Anniculum_:</strong></span> <span class='ocrx_word' id='word_1_305' title='bbox 2515 3411 2778 3480; x_wconf 83' lang='lat' dir='ltr'><strong>martyrio</strong></span> <span class='ocrx_word' id='word_1_306' title='bbox 2823 3418 3138 3464; x_wconf 91' lang='lat' dir='ltr'><strong>coronatur.</strong></span> <span class='ocrx_word' id='word_1_307' title='bbox 3185 3408 3286 3462; x_wconf 82' lang='lat' dir='ltr'><strong>llic</strong></span> 
     </span>
    </p>
   </div>
   <div class='ocr_carea' id='block_1_28' title="bbox 40 3477 3285 3549">
    <p class='ocr_par' dir='ltr' id='par_1_28' title="bbox 40 3477 3285 3549">
     <span class='ocr_line' id='line_1_28' title="bbox 40 3477 3285 3549; baseline 0 -17"><span class='ocrx_word' id='word_1_308' title='bbox 40 3478 347 3543; x_wconf 80' lang='lat' dir='ltr'><strong>constituit,</strong></span> <span class='ocrx_word' id='word_1_309' title='bbox 377 3488 435 3533; x_wconf 90' lang='lat' dir='ltr'><strong>ut</strong></span> <span class='ocrx_word' id='word_1_310' title='bbox 471 3479 772 3549; x_wconf 81' lang='lat' dir='ltr'><strong>ministeria</strong></span> <span class='ocrx_word' id='word_1_311' title='bbox 809 3490 1021 3533; x_wconf 87' lang='lat' dir='ltr'><strong>sacrata</strong></span> <span class='ocrx_word' id='word_1_312' title='bbox 1057 3487 1565 3549; x_wconf 87' lang='lat' dir='ltr'><strong>non_tangerentur,</strong></span> <span class='ocrx_word' id='word_1_313' title='bbox 1595 3479 1700 3536; x_wconf 86' lang='lat' dir='ltr'><strong>nisi</strong></span> <span class='ocrx_word' id='word_1_314' title='bbox 1735 3495 1765 3535; x_wconf 90' lang='lat' dir='ltr'><strong>a</strong></span> <span class='ocrx_word' id='word_1_315' title='bbox 1799 3479 2066 3534; x_wconf 89' lang='lat' dir='ltr'><strong>ministris</strong></span> <span class='ocrx_word' id='word_1_316' title='bbox 2111 3479 2360 3549; x_wconf 87' lang='lat' dir='ltr'><strong>sacratis.</strong></span> <span class='ocrx_word' id='word_1_317' title='bbox 2401 3477 2850 3549; x_wconf 42' lang='lat' dir='ltr'><strong>Hiccorts&#39;tituit,</strong></span> <span class='ocrx_word' id='word_1_318' title='bbox 2881 3489 2940 3535; x_wconf 91' lang='lat' dir='ltr'><strong>ut</strong></span> <span class='ocrx_word' id='word_1_319' title='bbox 2968 3480 3285 3549; x_wconf 90' lang='lat' dir='ltr'><strong>quicunque</strong></span> 
     </span>
    </p>
   </div>
   <div class='ocr_carea' id='block_1_29' title="bbox 42 3547 3284 3620">
    <p class='ocr_par' dir='ltr' id='par_1_29' title="bbox 42 3547 3284 3620">
     <span class='ocr_line' id='line_1_29' title="bbox 42 3547 3284 3620; baseline 0 -19"><span class='ocrx_word' id='word_1_320' title='bbox 42 3551 323 3618; x_wconf 81' lang='lat' dir='ltr'><strong>cpiscopus</strong></span> <span class='ocrx_word' id='word_1_321' title='bbox 355 3560 614 3620; x_wconf 79' lang='lat' dir='ltr'><strong>evocatus</strong></span> <span class='ocrx_word' id='word_1_322' title='bbox 653 3548 818 3603; x_wconf 89' lang='lat' dir='ltr'><strong>fuerit</strong></span> <span class='ocrx_word' id='word_1_323' title='bbox 848 3549 914 3602; x_wconf 90' lang='lat' dir='ltr'><strong>ad</strong></span> <span class='ocrx_word' id='word_1_324' title='bbox 945 3549 1127 3620; x_wconf 72' lang='lat' dir='ltr'><strong>sedent</strong></span> <span class='ocrx_word' id='word_1_325' title='bbox 1165 3547 1466 3620; x_wconf 78' lang='lat' dir='ltr'><strong>Romanam</strong></span> <span class='ocrx_word' id='word_1_326' title='bbox 1509 3549 1900 3619; x_wconf 88' lang='lat' dir='ltr'><strong>apostolicam,</strong></span> <span class='ocrx_word' id='word_1_327' title='bbox 1939 3548 2256 3620; x_wconf 82' lang='lat' dir='ltr'><strong>rediens_ad</strong></span> <span class='ocrx_word' id='word_1_328' title='bbox 2292 3548 2612 3620; x_wconf 72' lang='lat' dir='ltr'><strong>parochiam</strong></span> <span class='ocrx_word' id='word_1_329' title='bbox 2659 3565 2811 3604; x_wconf 86' lang='lat' dir='ltr'><strong>suam</strong></span> <span class='ocrx_word' id='word_1_330' title='bbox 2834 3591 2848 3614; x_wconf 89' lang='lat'><strong>,</strong></span> <span class='ocrx_word' id='word_1_331' title='bbox 2881 3547 3001 3604; x_wconf 77' lang='lat' dir='ltr'><strong>non</strong></span> <span class='ocrx_word' id='word_1_332' title='bbox 3037 3547 3284 3620; x_wconf 83' lang='lat' dir='ltr'><strong>suscipe-</strong></span> 
     </span>
    </p>
   </div>
   <div class='ocr_carea' id='block_1_30' title="bbox 42 3617 3281 3688">
    <p class='ocr_par' dir='ltr' id='par_1_30' title="bbox 42 3617 3281 3688">
     <span class='ocr_line' id='line_1_30' title="bbox 42 3617 3281 3688; baseline 0 -18"><span class='ocrx_word' id='word_1_333' title='bbox 42 3617 352 3682; x_wconf 30' lang='lat' dir='ltr'><strong>retur,’nisi</strong></span> <span class='ocrx_word' id='word_1_334' title='bbox 379 3635 502 3673; x_wconf 91' lang='lat' dir='ltr'><strong>cum</strong></span> <span class='ocrx_word' id='word_1_335' title='bbox 536 3619 784 3673; x_wconf 80' lang='lat' dir='ltr'><strong>formatis</strong></span> <span class='ocrx_word' id='word_1_336' title='bbox 815 3619 1162 3673; x_wconf 87' lang='lat' dir='ltr'><strong>salutationis</strong></span> <span class='ocrx_word' id='word_1_337' title='bbox 1202 3620 1267 3673; x_wconf 90' lang='lat' dir='ltr'><strong>ad</strong></span> <span class='ocrx_word' id='word_1_338' title='bbox 1299 3619 1506 3687; x_wconf 88' lang='lat' dir='ltr'><strong>plebem</strong></span> <span class='ocrx_word' id='word_1_339' title='bbox 1547 3617 1580 3672; x_wconf 72' lang='grc' dir='ltr'>ξι</span> <span class='ocrx_word' id='word_1_340' title='bbox 1610 3620 1738 3674; x_wconf 89' lang='lat' dir='ltr'><strong>sede</strong></span> <span class='ocrx_word' id='word_1_341' title='bbox 1767 3619 2085 3688; x_wconf 88' lang='lat' dir='ltr'><strong>apostolica.</strong></span> <span class='ocrx_word' id='word_1_342' title='bbox 2120 3617 2208 3688; x_wconf 83' lang='lat' dir='ltr'><strong>(Et</strong></span> <span class='ocrx_word' id='word_1_343' title='bbox 2235 3617 2551 3688; x_wconf 81' lang='lat' dir='ltr'><strong>constituit,</strong></span> <span class='ocrx_word' id='word_1_344' title='bbox 2593 3627 2651 3672; x_wconf 94' lang='lat' dir='ltr'><strong>ut</strong></span> <span class='ocrx_word' id='word_1_345' title='bbox 2679 3620 2986 3688; x_wconf 12' lang='lat' dir='ltr'><strong>missarum,</strong></span> <span class='ocrx_word' id='word_1_346' title='bbox 3013 3617 3281 3673; x_wconf 75' lang='lat' dir='ltr'><strong>actionem</strong></span> 
     </span>
    </p>
   </div>
   <div class='ocr_carea' id='block_1_31' title="bbox 44 3687 3281 3759">
    <p class='ocr_par' dir='ltr' id='par_1_31' title="bbox 44 3687 3281 3759">
     <span class='ocr_line' id='line_1_31' title="bbox 44 3687 3281 3759; baseline -0.001 -16"><span class='ocrx_word' id='word_1_347' title='bbox 44 3688 318 3759; x_wconf 80' lang='lat' dir='ltr'><strong>sacerdote</strong></span> <span class='ocrx_word' id='word_1_348' title='bbox 348 3689 656 3759; x_wconf 82' lang='lat' dir='ltr'><strong>incipiente,</strong></span> <span class='ocrx_word' id='word_1_349' title='bbox 690 3691 922 3758; x_wconf 84' lang='lat' dir='ltr'><strong>populus</strong></span> <span class='ocrx_word' id='word_1_350' title='bbox 950 3690 1209 3759; x_wconf 86' lang='lat' dir='ltr'><strong>hymnum</strong></span> <span class='ocrx_word' id='word_1_351' title='bbox 1241 3691 1556 3743; x_wconf 88' lang='lat' dir='ltr'><strong>decantaret</strong></span> <span class='ocrx_word' id='word_1_352' title='bbox 1585 3707 1599 3742; x_wconf 91' lang='lat'>:</span> <span class='ocrx_word' id='word_1_353' title='bbox 1634 3708 1653 3740; x_wconf 86' lang='grc'><em>‹</em></span> <span class='ocrx_word' id='word_1_354' title='bbox 1681 3687 1936 3752; x_wconf 86' lang='lat' dir='ltr'><strong>Sanctus,</strong></span> <span class='ocrx_word' id='word_1_355' title='bbox 1957 3687 2202 3754; x_wconf 88' lang='lat' dir='ltr'><strong>sanctus,</strong></span> <span class='ocrx_word' id='word_1_356' title='bbox 2231 3697 2456 3744; x_wconf 88' lang='lat' dir='ltr'><strong>sanctus</strong></span> <span class='ocrx_word' id='word_1_357' title='bbox 2509 3687 2773 3744; x_wconf 90' lang='lat' dir='ltr'><strong>Dominus</strong></span> <span class='ocrx_word' id='word_1_358' title='bbox 2800 3689 2944 3744; x_wconf 83' lang='lat' dir='ltr'><strong>Deus</strong></span> <span class='ocrx_word' id='word_1_359' title='bbox 2969 3687 3232 3754; x_wconf 87' lang='lat' dir='ltr'><strong>Sabaoth,</strong></span> <span class='ocrx_word' id='word_1_360' title='bbox 3261 3707 3281 3740; x_wconf 72' lang='grc' dir='ltr'>ι</span> 
     </span>
    </p>
   </div>
   <div class='ocr_carea' id='block_1_32' title="bbox 44 3757 3283 3830">
    <p class='ocr_par' dir='ltr' id='par_1_32' title="bbox 44 3757 3283 3830">
     <span class='ocr_line' id='line_1_32' title="bbox 44 3757 3283 3830; baseline 0 -17"><span class='ocrx_word' id='word_1_361' title='bbox 44 3761 210 3830; x_wconf 26' lang='grc' dir='ltr'><strong>εῑε.)η</strong></span> <span class='ocrx_word' id='word_1_362' title='bbox 243 3757 340 3813; x_wconf 84' lang='lat' dir='ltr'><strong>Hic</strong></span> <span class='ocrx_word' id='word_1_363' title='bbox 368 3757 492 3814; x_wconf 85' lang='lat' dir='ltr'><strong>fecit</strong></span> <span class='ocrx_word' id='word_1_364' title='bbox 521 3757 892 3830; x_wconf 82' lang='lat' dir='ltr'><strong>ordinationes</strong></span> <span class='ocrx_word' id='word_1_365' title='bbox 922 3757 1030 3814; x_wconf 81' lang='lat' dir='ltr'><strong>tres</strong></span> <span class='ocrx_word' id='word_1_366' title='bbox 1058 3775 1152 3828; x_wconf 92' lang='lat' dir='ltr'><strong>per</strong></span> <span class='ocrx_word' id='word_1_367' title='bbox 1185 3773 1426 3830; x_wconf 90' lang='lat' dir='ltr'><strong>mensem</strong></span> <span class='ocrx_word' id='word_1_368' title='bbox 1452 3759 1823 3830; x_wconf 88' lang='lat' dir='ltr'><strong>Decembrem,</strong></span> <span class='ocrx_word' id='word_1_369' title='bbox 1859 3760 2205 3830; x_wconf 83' lang='lat' dir='ltr'><strong>presbyteros</strong></span> <span class='ocrx_word' id='word_1_370' title='bbox 2234 3760 2790 3830; x_wconf 76' lang='lat' dir='ltr'><strong>undecim,diaconos</strong></span> <span class='ocrx_word' id='word_1_371' title='bbox 2821 3769 2956 3830; x_wconf 84' lang='lat' dir='ltr'><strong>tres,</strong></span> <span class='ocrx_word' id='word_1_372' title='bbox 2994 3760 3283 3830; x_wconf 88' lang='lat' dir='ltr'><strong>episcopos</strong></span> 
     </span>
    </p>
   </div>
   <div class='ocr_carea' id='block_1_33' title="bbox 46 3828 3282 3952">
    <p class='ocr_par' dir='ltr' id='par_1_33' title="bbox 46 3828 3282 3952">
     <span class='ocr_line' id='line_1_33' title="bbox 46 3828 3282 3952; baseline -0 -70"><span class='ocrx_word' id='word_1_373' title='bbox 46 3828 371 3952; x_wconf 62' lang='lat' dir='ltr'><strong>Ear&#39;diversa</strong></span> <span class='ocrx_word' id='word_1_374' title='bbox 406 3830 523 3910; x_wconf 78' lang='lat' dir='ltr'><strong>loca</strong></span> <span class='ocrx_word' id='word_1_375' title='bbox 553 3840 819 3910; x_wconf 29' lang='lat' dir='ltr'><strong>quatuors</strong></span> <span class='ocrx_word' id='word_1_376' title='bbox 850 3828 950 3896; x_wconf 85' lang='lat' dir='ltr'><strong>Qui</strong></span> <span class='ocrx_word' id='word_1_377' title='bbox 985 3830 1150 3885; x_wconf 91' lang='lat' dir='ltr'><strong>etiam</strong></span> <span class='ocrx_word' id='word_1_378' title='bbox 1186 3829 1431 3900; x_wconf 86' lang='lat' dir='ltr'><strong>sepultus</strong></span> <span class='ocrx_word' id='word_1_379' title='bbox 1464 3841 1550 3884; x_wconf 89' lang='lat' dir='ltr'><strong>est</strong></span> <span class='ocrx_word' id='word_1_380' title='bbox 1585 3829 1743 3900; x_wconf 78' lang='lat' dir='ltr'><strong>juxta</strong></span> <span class='ocrx_word' id='word_1_381' title='bbox 1782 3844 1981 3900; x_wconf 91' lang='lat' dir='ltr'><strong>corpus</strong></span> <span class='ocrx_word' id='word_1_382' title='bbox 2013 3828 2156 3884; x_wconf 88' lang='lat' dir='ltr'><strong>beati</strong></span> <span class='ocrx_word' id='word_1_383' title='bbox 2188 3829 2332 3885; x_wconf 89' lang='lat' dir='ltr'><strong>Petri</strong></span> <span class='ocrx_word' id='word_1_384' title='bbox 2370 3829 2425 3884; x_wconf 88' lang='lat' dir='ltr'><strong>in</strong></span> <span class='ocrx_word' id='word_1_385' title='bbox 2462 3829 2748 3896; x_wconf 85' lang='lat' dir='ltr'><strong>Vaticano,</strong></span> <span class='ocrx_word' id='word_1_386' title='bbox 2778 3847 2876 3884; x_wconf 83' lang='lat' dir='ltr'><strong>vni</strong></span> <span class='ocrx_word' id='word_1_387' title='bbox 2909 3828 3043 3885; x_wconf 82' lang='lat' dir='ltr'><strong>ldus</strong></span> <span class='ocrx_word' id='word_1_388' title='bbox 3062 3829 3282 3900; x_wconf 83' lang='lat' dir='ltr'><strong>Aprilis.</strong></span> 
     </span>
     <span class='ocr_line' id='line_1_34' title="bbox 89 3899 971 3952; baseline 0 0"><span class='ocrx_word' id='word_1_389' title='bbox 89 3909 107 3952; x_wconf 97' lang='lat' dir='ltr'><strong>t</strong></span> <span class='ocrx_word' id='word_1_390' title='bbox 141 3910 369 3952; x_wconf 79' lang='lat' dir='ltr'><strong>cessavit</strong></span> <span class='ocrx_word' id='word_1_391' title='bbox 397 3910 741 3952; x_wconf 87' lang='lat' dir='ltr'><strong>emscooatus</strong></span> <span class='ocrx_word' id='word_1_392' title='bbox 768 3899 886 3952; x_wconf 77' lang='lat' dir='ltr'><strong>dies</strong></span> <span class='ocrx_word' id='word_1_393' title='bbox 915 3899 971 3952; x_wconf 74' lang='lat'><strong>2.</strong></span> 
     </span>
    </p>
   </div>
   <div class='ocr_carea' id='block_1_34' title="bbox 65 3898 971 3970">
    <p class='ocr_par' dir='ltr' id='par_1_34' title="bbox 65 3898 971 3970">
     <span class='ocr_line' id='line_1_35' title="bbox 65 3898 971 3970; baseline 0.002 -18"><span class='ocrx_word' id='word_1_394' title='bbox 65 3898 107 3953; x_wconf 68' lang='lat' dir='ltr'><strong>Et</strong></span> <span class='ocrx_word' id='word_1_395' title='bbox 141 3901 369 3957; x_wconf 88' lang='lat' dir='ltr'><strong>cessavit</strong></span> <span class='ocrx_word' id='word_1_396' title='bbox 397 3898 741 3970; x_wconf 84' lang='lat' dir='ltr'><strong>episcopatus</strong></span> <span class='ocrx_word' id='word_1_397' title='bbox 768 3899 886 3956; x_wconf 88' lang='lat' dir='ltr'><strong>dies</strong></span> <span class='ocrx_word' id='word_1_398' title='bbox 915 3899 971 3954; x_wconf 74' lang='lat'><strong>2.</strong></span> 
     </span>
    </p>
   </div>
   <div class='ocr_carea' id='block_1_35' title="bbox 1131 4198 2233 4402">
    <p class='ocr_par' dir='ltr' id='par_1_35' title="bbox 1131 4198 2233 4402">
     <span class='ocr_line' id='line_1_36' title="bbox 1131 4198 2233 4402; baseline -0.005 -59"><span class='ocrx_word' id='word_1_399' title='bbox 1131 4198 1561 4402; x_wconf 82' lang='lat' dir='ltr'><strong>s&#39;IXTI</strong></span> <span class='ocrx_word' id='word_1_400' title='bbox 1641 4215 1694 4339; x_wconf 91' lang='lat'>1</span> <span class='ocrx_word' id='word_1_401' title='bbox 1787 4209 2233 4339; x_wconf 70' lang='grc' dir='ltr'><strong>ΡΑΡλίΕ</strong></span> 
     </span>
    </p>
   </div>
   <div class='ocr_carea' id='block_1_36' title="bbox 1264 4453 2044 4578">
    <p class='ocr_par' dir='ltr' id='par_1_36' title="bbox 1264 4453 2044 4578">
     <span class='ocr_line' id='line_1_37' title="bbox 1264 4453 2044 4578; baseline -0.017 0"><span class='ocrx_word' id='word_1_402' title='bbox 1264 4453 2044 4578; x_wconf 63' lang='lat' dir='ltr'><strong>EPISTOLZE.</strong></span> 
     </span>
    </p>
   </div>
   <div class='ocr_carea' id='block_1_37' title="bbox 1141 4657 2180 4735">
    <p class='ocr_par' dir='ltr' id='par_1_37' title="bbox 1141 4657 2180 4735">
     <span class='ocr_line' id='line_1_38' title="bbox 1141 4657 2180 4735; baseline -0.011 -18"><span class='ocrx_word' id='word_1_403' title='bbox 1141 4668 1335 4735; x_wconf 63' lang='lat' dir='ltr'><strong>(Maxsu,</strong></span> <span class='ocrx_word' id='word_1_404' title='bbox 1367 4661 1548 4716; x_wconf 81' lang='lat' dir='ltr'><strong>Concil.</strong></span> <span class='ocrx_word' id='word_1_405' title='bbox 1570 4659 1774 4718; x_wconf 59' lang='lat' dir='ltr'><strong>collect,</strong></span> <span class='ocrx_word' id='word_1_406' title='bbox 1802 4665 1836 4708; x_wconf 88' lang='lat' dir='ltr'><strong>t.</strong></span> <span class='ocrx_word' id='word_1_407' title='bbox 1864 4658 1905 4718; x_wconf 87' lang='grc' dir='ltr'><strong>Ι,</strong></span> <span class='ocrx_word' id='word_1_408' title='bbox 1927 4660 2020 4709; x_wconf 90' lang='lat' dir='ltr'><strong>col.</strong></span> <span class='ocrx_word' id='word_1_409' title='bbox 2049 4657 2180 4720; x_wconf 60' lang='lat'><strong>649.)</strong></span> 
     </span>
    </p>
   </div>
   <div class='ocr_carea' id='block_1_38' title="bbox 1634 4779 1674 4790">
    <p class='ocr_par' dir='ltr' id='par_1_38' title="bbox 1634 4779 1674 4790">
     <span class='ocr_line' id='line_1_39' title="bbox 1634 4779 1674 4790; baseline 0 -2"><span class='ocrx_word' id='word_1_410' title='bbox 1634 4779 1674 4790; x_wconf 54' lang='grc' dir='ltr'><strong>Δ,</strong></span> 
     </span>
    </p>
   </div>
   <div class='ocr_carea' id='block_1_39' title="bbox 445 4832 3290 4918">
    <p class='ocr_par' dir='ltr' id='par_1_39' title="bbox 445 4832 3290 4918">
     <span class='ocr_line' id='line_1_40' title="bbox 445 4832 3290 4918; baseline -0.008 -10"><span class='ocrx_word' id='word_1_411' title='bbox 445 4851 786 4910; x_wconf 75' lang='lat' dir='ltr'><strong>EPISTULA</strong></span> <span class='ocrx_word' id='word_1_412' title='bbox 821 4848 1038 4906; x_wconf 78' lang='lat' dir='ltr'><strong>PRIMA</strong></span> <span class='ocrx_word' id='word_1_413' title='bbox 1068 4847 1204 4918; x_wconf 66' lang='lat' dir='ltr'><strong>(l4).</strong></span> <span class='ocrx_word' id='word_1_414' title='bbox 1637 4851 1679 4908; x_wconf 86' lang='lat' dir='ltr'><strong>C.</strong></span> <span class='ocrx_word' id='word_1_415' title='bbox 1711 4852 1764 4899; x_wconf 90' lang='lat' dir='ltr'><strong>et</strong></span> <span class='ocrx_word' id='word_1_416' title='bbox 1786 4857 1896 4896; x_wconf 92' lang='lat' dir='ltr'><strong>non</strong></span> <span class='ocrx_word' id='word_1_417' title='bbox 1922 4838 2163 4895; x_wconf 84' lang='lat' dir='ltr'><strong>inﬁdeles</strong></span> <span class='ocrx_word' id='word_1_418' title='bbox 2190 4834 2562 4892; x_wconf 86' lang='lat' dir='ltr'><strong>inveniamini.</strong></span> <span class='ocrx_word' id='word_1_419' title='bbox 2595 4832 2772 4890; x_wconf 85' lang='lat' dir='ltr'><strong>Nolite</strong></span> <span class='ocrx_word' id='word_1_420' title='bbox 2807 4832 3013 4889; x_wconf 88' lang='lat' dir='ltr'><strong>imitari</strong></span> <span class='ocrx_word' id='word_1_421' title='bbox 3051 4832 3290 4898; x_wconf 91' lang='lat' dir='ltr'><strong>malum,</strong></span> 
     </span>
    </p>
   </div>
   <div class='ocr_carea' id='block_1_40' title="bbox 418 4925 3295 5003">
    <p class='ocr_par' dir='ltr' id='par_1_40' title="bbox 418 4925 3295 5003">
     <span class='ocr_line' id='line_1_41' title="bbox 418 4925 3295 5003; baseline -0.009 1"><span class='ocrx_word' id='word_1_422' title='bbox 418 4964 484 5002; x_wconf 64' lang='lat' dir='ltr'><strong>an</strong></span> <span class='ocrx_word' id='word_1_423' title='bbox 524 4961 696 5003; x_wconf 64' lang='lat' dir='ltr'><strong>omnes</strong></span> <span class='ocrx_word' id='word_1_424' title='bbox 731 4960 947 5000; x_wconf 79' lang='lat' dir='ltr'><strong>cunisrt</strong></span> <span class='ocrx_word' id='word_1_425' title='bbox 985 4957 1226 4998; x_wconf 76' lang='lat' dir='ltr'><strong>FlDELE-S.</strong></span> <span class='ocrx_word' id='word_1_426' title='bbox 1717 4934 1810 4990; x_wconf 85' lang='lat' dir='ltr'><strong>sed</strong></span> <span class='ocrx_word' id='word_1_427' title='bbox 1836 4932 1981 5002; x_wconf 93' lang='lat' dir='ltr'><strong>quod</strong></span> <span class='ocrx_word' id='word_1_428' title='bbox 1999 4931 2202 4985; x_wconf 91' lang='lat' dir='ltr'><strong>bonum</strong></span> <span class='ocrx_word' id='word_1_429' title='bbox 2220 4937 2302 4984; x_wconf 91' lang='lat' dir='ltr'><strong>est</strong></span> <span class='ocrx_word' id='word_1_430' title='bbox 2321 4927 2462 4999; x_wconf 80' lang='lat' dir='ltr'><strong>agite</strong></span> <span class='ocrx_word' id='word_1_431' title='bbox 2488 4943 2501 4980; x_wconf 90' lang='lat'><strong>:</strong></span> <span class='ocrx_word' id='word_1_432' title='bbox 2527 4927 2656 4998; x_wconf 90' lang='lat' dir='ltr'><strong>quia</strong></span> <span class='ocrx_word' id='word_1_433' title='bbox 2685 4927 2779 4998; x_wconf 92' lang='lat' dir='ltr'><strong>qui</strong></span> <span class='ocrx_word' id='word_1_434' title='bbox 2800 4941 2867 4982; x_wconf 77' lang='lat' dir='ltr'><strong>ex</strong></span> <span class='ocrx_word' id='word_1_435' title='bbox 2895 4925 3008 4980; x_wconf 90' lang='lat' dir='ltr'><strong>Deo</strong></span> <span class='ocrx_word' id='word_1_436' title='bbox 3027 4934 3129 4990; x_wconf 92' lang='lat' dir='ltr'><strong>est,</strong></span> <span class='ocrx_word' id='word_1_437' title='bbox 3155 4925 3295 4980; x_wconf 90' lang='lat' dir='ltr'><strong>bene</strong></span> 
     </span>
    </p>
   </div>
   <div class='ocr_carea' id='block_1_41' title="bbox 348 5015 3296 5109">
    <p class='ocr_par' dir='ltr' id='par_1_41' title="bbox 348 5015 3296 5109">
     <span class='ocr_line' id='line_1_42' title="bbox 348 5015 3296 5109; baseline -0.009 -15"><span class='ocrx_word' id='word_1_438' title='bbox 348 5039 421 5094; x_wconf 84' lang='lat' dir='ltr'><strong>De</strong></span> <span class='ocrx_word' id='word_1_439' title='bbox 456 5041 559 5109; x_wconf 83' lang='lat' dir='ltr'><strong>ﬁde</strong></span> <span class='ocrx_word' id='word_1_440' title='bbox 599 5049 650 5094; x_wconf 85' lang='lat' dir='ltr'><strong>ct</strong></span> <span class='ocrx_word' id='word_1_441' title='bbox 687 5040 1022 5092; x_wconf 73' lang='lat' dir='ltr'><strong>accusatione</strong></span> <span class='ocrx_word' id='word_1_442' title='bbox 1061 5034 1310 5104; x_wconf 79' lang='lat' dir='ltr'><strong>episcopi.</strong></span> <span class='ocrx_word' id='word_1_443' title='bbox 1720 5024 1877 5091; x_wconf 85' lang='lat' dir='ltr'><strong>facit;</strong></span> <span class='ocrx_word' id='word_1_444' title='bbox 1909 5023 2004 5092; x_wconf 91' lang='lat' dir='ltr'><strong>qui</strong></span> <span class='ocrx_word' id='word_1_445' title='bbox 2041 5031 2218 5076; x_wconf 92' lang='lat' dir='ltr'><strong>autem</strong></span> <span class='ocrx_word' id='word_1_446' title='bbox 2255 5021 2416 5085; x_wconf 90' lang='lat' dir='ltr'><strong>male,</strong></span> <span class='ocrx_word' id='word_1_447' title='bbox 2442 5035 2551 5074; x_wconf 93' lang='lat' dir='ltr'><strong>non</strong></span> <span class='ocrx_word' id='word_1_448' title='bbox 2582 5035 2652 5076; x_wconf 79' lang='lat' dir='ltr'><strong>ex</strong></span> <span class='ocrx_word' id='word_1_449' title='bbox 2681 5017 2812 5084; x_wconf 91' lang='lat' dir='ltr'><strong>Deo,</strong></span> <span class='ocrx_word' id='word_1_450' title='bbox 2843 5018 2937 5074; x_wconf 90' lang='lat' dir='ltr'><strong>sed</strong></span> <span class='ocrx_word' id='word_1_451' title='bbox 2977 5034 3043 5072; x_wconf 80' lang='lat' dir='ltr'><strong>ex</strong></span> <span class='ocrx_word' id='word_1_452' title='bbox 3071 5015 3296 5109; x_wconf 83' lang='lat' dir='ltr'><strong>diabolo</strong></span> 
     </span>
    </p>
   </div>
   <div class='ocr_carea' id='block_1_42' title="bbox 133 5105 3296 5186">
    <p class='ocr_par' dir='ltr' id='par_1_42' title="bbox 133 5105 3296 5186">
     <span class='ocr_line' id='line_1_43' title="bbox 133 5105 3296 5186; baseline -0.008 0"><span class='ocrx_word' id='word_1_453' title='bbox 133 5129 379 5186; x_wconf 82' lang='lat' dir='ltr'><strong>Omnibus</strong></span> <span class='ocrx_word' id='word_1_454' title='bbox 428 5105 484 5185; x_wconf 84' lang='lat' dir='ltr'><strong>in</strong></span> <span class='ocrx_word' id='word_1_455' title='bbox 523 5129 635 5184; x_wconf 92' lang='lat' dir='ltr'><strong>Deo</strong></span> <span class='ocrx_word' id='word_1_456' title='bbox 678 5128 838 5183; x_wconf 86' lang='lat' dir='ltr'><strong>Patre</strong></span> <span class='ocrx_word' id='word_1_457' title='bbox 887 5138 940 5184; x_wconf 91' lang='lat' dir='ltr'><strong>et</strong></span> <span class='ocrx_word' id='word_1_458' title='bbox 993 5127 1223 5181; x_wconf 91' lang='lat' dir='ltr'><strong>Domino</strong></span> <span class='ocrx_word' id='word_1_459' title='bbox 1265 5132 1454 5180; x_wconf 92' lang='lat' dir='ltr'><strong>nostro</strong></span> <span class='ocrx_word' id='word_1_460' title='bbox 1483 5121 1612 5180; x_wconf 80' lang='lat' dir='ltr'><strong>Jcsu</strong></span> <span class='ocrx_word' id='word_1_461' title='bbox 1714 5126 1816 5173; x_wconf 89' lang='lat' dir='ltr'><strong>est.</strong></span> <span class='ocrx_word' id='word_1_462' title='bbox 1847 5115 2034 5171; x_wconf 85' lang='lat' dir='ltr'><strong>Fidem</strong></span> <span class='ocrx_word' id='word_1_463' title='bbox 2065 5113 2208 5169; x_wconf 89' lang='lat' dir='ltr'><strong>enim</strong></span> <span class='ocrx_word' id='word_1_464' title='bbox 2243 5122 2446 5168; x_wconf 88' lang='lat' dir='ltr'><strong>rectam</strong></span> <span class='ocrx_word' id='word_1_465' title='bbox 2479 5127 2578 5168; x_wconf 83' lang='lat' dir='ltr'><strong>vos</strong></span> <span class='ocrx_word' id='word_1_466' title='bbox 2618 5121 2800 5166; x_wconf 90' lang='lat' dir='ltr'><strong>tenere</strong></span> <span class='ocrx_word' id='word_1_467' title='bbox 2837 5117 3070 5179; x_wconf 85' lang='lat' dir='ltr'><strong>Oportet,</strong></span> <span class='ocrx_word' id='word_1_468' title='bbox 3103 5119 3162 5160; x_wconf 92' lang='lat' dir='ltr'><strong>ut</strong></span> <span class='ocrx_word' id='word_1_469' title='bbox 3186 5105 3296 5160; x_wconf 85' lang='lat' dir='ltr'><strong>dis-</strong></span> 
     </span>
    </p>
   </div>
   <div class='ocr_carea' id='block_1_43' title="bbox 72 5196 3292 5287">
    <p class='ocr_par' dir='ltr' id='par_1_43' title="bbox 72 5196 3292 5287">
     <span class='ocr_line' id='line_1_44' title="bbox 72 5196 3292 5287; baseline -0.007 -9"><span class='ocrx_word' id='word_1_470' title='bbox 72 5224 271 5278; x_wconf 85' lang='lat' dir='ltr'><strong>Christo</strong></span> <span class='ocrx_word' id='word_1_471' title='bbox 289 5222 491 5279; x_wconf 88' lang='lat' dir='ltr'><strong>dilectis</strong></span> <span class='ocrx_word' id='word_1_472' title='bbox 513 5221 797 5287; x_wconf 88' lang='lat' dir='ltr'><strong>fratribus,</strong></span> <span class='ocrx_word' id='word_1_473' title='bbox 827 5211 883 5276; x_wconf 86' lang='lat' dir='ltr'><strong>in</strong></span> <span class='ocrx_word' id='word_1_474' title='bbox 907 5220 1174 5276; x_wconf 87' lang='lat' dir='ltr'><strong>charitate</strong></span> <span class='ocrx_word' id='word_1_475' title='bbox 1197 5215 1411 5272; x_wconf 90' lang='lat' dir='ltr'><strong>Domini</strong></span> <span class='ocrx_word' id='word_1_476' title='bbox 1442 5214 1614 5269; x_wconf 86' lang='lat' dir='ltr'><strong>nostri</strong></span> <span class='ocrx_word' id='word_1_477' title='bbox 1716 5208 2014 5263; x_wconf 88' lang='lat' dir='ltr'><strong>sentientes</strong></span> <span class='ocrx_word' id='word_1_478' title='bbox 2047 5207 2115 5261; x_wconf 92' lang='lat' dir='ltr'><strong>ab</strong></span> <span class='ocrx_word' id='word_1_479' title='bbox 2133 5205 2430 5275; x_wconf 89' lang='lat' dir='ltr'><strong>apostolica</strong></span> <span class='ocrx_word' id='word_1_480' title='bbox 2465 5220 2574 5260; x_wconf 86' lang='lat' dir='ltr'><strong>non</strong></span> <span class='ocrx_word' id='word_1_481' title='bbox 2601 5204 2722 5260; x_wconf 91' lang='lat' dir='ltr'><strong>sltis</strong></span> <span class='ocrx_word' id='word_1_482' title='bbox 2751 5201 3020 5257; x_wconf 87' lang='lat' dir='ltr'><strong>doctrina.</strong></span> <span class='ocrx_word' id='word_1_483' title='bbox 3042 5199 3086 5230; x_wconf 85' lang='grc'><strong>³⁸</strong></span> <span class='ocrx_word' id='word_1_484' title='bbox 3111 5196 3292 5253; x_wconf 87' lang='lat' dir='ltr'><strong>Unum</strong></span> 
     </span>
    </p>
   </div>
   <div class='ocr_carea' id='block_1_44' title="bbox 74 5290 3311 5381">
    <p class='ocr_par' dir='ltr' id='par_1_44' title="bbox 74 5290 3311 5381">
     <span class='ocr_line' id='line_1_45' title="bbox 74 5290 3311 5381; baseline -0.009 -11"><span class='ocrx_word' id='word_1_485' title='bbox 74 5315 190 5371; x_wconf 82' lang='lat' dir='ltr'><strong>Jesu</strong></span> <span class='ocrx_word' id='word_1_486' title='bbox 219 5315 428 5381; x_wconf 89' lang='lat' dir='ltr'><strong>Christi,</strong></span> <span class='ocrx_word' id='word_1_487' title='bbox 465 5314 651 5372; x_wconf 79' lang='lat' dir='ltr'><strong>Sixtus</strong></span> <span class='ocrx_word' id='word_1_488' title='bbox 680 5313 940 5370; x_wconf 74' lang='lat' dir='ltr'><strong>Romana:</strong></span> <span class='ocrx_word' id='word_1_489' title='bbox 960 5310 1218 5367; x_wconf 72' lang='lat' dir='ltr'><strong>Ecclesia:</strong></span> <span class='ocrx_word' id='word_1_490' title='bbox 1247 5306 1614 5364; x_wconf 83' lang='lat' dir='ltr'><strong>archiepisco-</strong></span> <span class='ocrx_word' id='word_1_491' title='bbox 1716 5299 1862 5354; x_wconf 87' lang='lat' dir='ltr'><strong>enim</strong></span> <span class='ocrx_word' id='word_1_492' title='bbox 1907 5313 2094 5352; x_wconf 91' lang='lat' dir='ltr'><strong>verum</strong></span> <span class='ocrx_word' id='word_1_493' title='bbox 2127 5296 2294 5353; x_wconf 90' lang='lat' dir='ltr'><strong>Deum</strong></span> <span class='ocrx_word' id='word_1_494' title='bbox 2329 5296 2548 5351; x_wconf 89' lang='lat' dir='ltr'><strong>Patrem</strong></span> <span class='ocrx_word' id='word_1_495' title='bbox 2601 5305 2654 5351; x_wconf 90' lang='lat' dir='ltr'><strong>et</strong></span> <span class='ocrx_word' id='word_1_496' title='bbox 2684 5295 2906 5359; x_wconf 86' lang='lat' dir='ltr'><strong>Filium,</strong></span> <span class='ocrx_word' id='word_1_497' title='bbox 2953 5308 2984 5348; x_wconf 91' lang='lat' dir='ltr'><strong>a</strong></span> <span class='ocrx_word' id='word_1_498' title='bbox 3013 5290 3311 5381; x_wconf 84' lang='lat' dir='ltr'><strong>prophetis.</strong></span> 
     </span>
    </p>
   </div>
   <div class='ocr_carea' id='block_1_45' title="bbox 79 5380 3294 5478">
    <p class='ocr_par' dir='ltr' id='par_1_45' title="bbox 79 5380 3294 5478">
     <span class='ocr_line' id='line_1_46' title="bbox 79 5380 3294 5478; baseline -0.01 -15"><span class='ocrx_word' id='word_1_499' title='bbox 79 5424 186 5478; x_wconf 87' lang='lat' dir='ltr'><strong>pus,</strong></span> <span class='ocrx_word' id='word_1_500' title='bbox 219 5380 453 5462; x_wconf 88' lang='lat' dir='ltr'><strong>salutem.</strong></span> <span class='ocrx_word' id='word_1_501' title='bbox 1719 5399 1775 5446; x_wconf 90' lang='lat' dir='ltr'><strong>et</strong></span> <span class='ocrx_word' id='word_1_502' title='bbox 1796 5389 2057 5460; x_wconf 91' lang='lat' dir='ltr'><strong>apostolis</strong></span> <span class='ocrx_word' id='word_1_503' title='bbox 2081 5388 2420 5444; x_wconf 89' lang='lat' dir='ltr'><strong>ostendimus</strong></span> <span class='ocrx_word' id='word_1_504' title='bbox 2444 5385 2816 5458; x_wconf 69' lang='lat' dir='ltr'><strong>prmdicatum,</strong></span> <span class='ocrx_word' id='word_1_505' title='bbox 2847 5399 2877 5438; x_wconf 90' lang='lat' dir='ltr'><strong>a</strong></span> <span class='ocrx_word' id='word_1_506' title='bbox 2901 5382 3104 5478; x_wconf 78' lang='lat' dir='ltr'><strong>quibus</strong></span> <span class='ocrx_word' id='word_1_507' title='bbox 3129 5380 3294 5434; x_wconf 85' lang='lat' dir='ltr'><strong>etiam</strong></span> 
     </span>
    </p>
   </div>
   <div class='ocr_carea' id='block_1_46' title="bbox 143 5474 3290 5564">
    <p class='ocr_par' dir='ltr' id='par_1_46' title="bbox 143 5474 3290 5564">
     <span class='ocr_line' id='line_1_47' title="bbox 143 5474 3290 5564; baseline -0.009 -13"><span class='ocrx_word' id='word_1_508' title='bbox 143 5495 466 5564; x_wconf 87' lang='lat' dir='ltr'><strong>Charissimi,</strong></span> <span class='ocrx_word' id='word_1_509' title='bbox 495 5494 726 5551; x_wconf 83' lang='lat' dir='ltr'><strong>ﬁdeliter</strong></span> <span class='ocrx_word' id='word_1_510' title='bbox 755 5493 897 5564; x_wconf 82' lang='lat' dir='ltr'><strong>agite</strong></span> <span class='ocrx_word' id='word_1_511' title='bbox 935 5492 992 5546; x_wconf 93' lang='lat' dir='ltr'><strong>in</strong></span> <span class='ocrx_word' id='word_1_512' title='bbox 1030 5489 1307 5555; x_wconf 89' lang='lat' dir='ltr'><strong>omnibus,</strong></span> <span class='ocrx_word' id='word_1_513' title='bbox 1340 5495 1400 5542; x_wconf 92' lang='lat' dir='ltr'><strong>ut</strong></span> <span class='ocrx_word' id='word_1_514' title='bbox 1437 5485 1619 5541; x_wconf 85' lang='lat' dir='ltr'><strong>lidelcs</strong></span> <span class='ocrx_word' id='word_1_515' title='bbox 1725 5482 1986 5553; x_wconf 89' lang='lat' dir='ltr'><strong>Spiritum</strong></span> <span class='ocrx_word' id='word_1_516' title='bbox 2033 5490 2282 5536; x_wconf 90' lang='lat' dir='ltr'><strong>sanctum</strong></span> <span class='ocrx_word' id='word_1_517' title='bbox 2325 5480 2600 5534; x_wconf 90' lang='lat' dir='ltr'><strong>credimus</strong></span> <span class='ocrx_word' id='word_1_518' title='bbox 2649 5492 2757 5533; x_wconf 90' lang='lat' dir='ltr'><strong>non</strong></span> <span class='ocrx_word' id='word_1_519' title='bbox 2807 5491 2929 5532; x_wconf 86' lang='lat' dir='ltr'><strong>esse</strong></span> <span class='ocrx_word' id='word_1_520' title='bbox 2971 5474 3290 5535; x_wconf 83' lang='lat' dir='ltr'><strong>discretum,</strong></span> 
     </span>
    </p>
   </div>
   <div class='ocr_carea' id='block_1_47' title="bbox 148 5629 1046 5695">
    <p class='ocr_par' dir='ltr' id='par_1_47' title="bbox 148 5629 1046 5695">
     <span class='ocr_line' id='line_1_48' title="bbox 148 5629 1046 5695; baseline -0.007 -7"><span class='ocrx_word' id='word_1_521' title='bbox 148 5635 189 5667; x_wconf 83' lang='grc'><strong><em>³⁸</em></strong></span> <span class='ocrx_word' id='word_1_522' title='bbox 217 5635 432 5690; x_wconf 78' lang='lat' dir='ltr'><strong>ltliacius</strong></span> <span class='ocrx_word' id='word_1_523' title='bbox 447 5641 633 5687; x_wconf 87' lang='lat' dir='ltr'><strong>contra</strong></span> <span class='ocrx_word' id='word_1_524' title='bbox 651 5631 901 5695; x_wconf 83' lang='lat' dir='ltr'><strong>Warim.,</strong></span> <span class='ocrx_word' id='word_1_525' title='bbox 923 5647 971 5684; x_wconf 90' lang='lat' dir='ltr'><strong>c.</strong></span> <span class='ocrx_word' id='word_1_526' title='bbox 991 5629 1046 5682; x_wconf 76' lang='lat'><strong>2.</strong></span> 
     </span>
    </p>
   </div>
   <div class='ocr_carea' id='block_1_48' title="bbox 148 5729 3294 5815">
    <p class='ocr_par' dir='ltr' id='par_1_48' title="bbox 148 5729 3294 5815">
     <span class='ocr_line' id='line_1_49' title="bbox 148 5729 3294 5815; baseline -0.006 -13"><span class='ocrx_word' id='word_1_527' title='bbox 148 5748 251 5815; x_wconf 23' lang='lat' dir='ltr'><strong>(lli)</strong></span> <span class='ocrx_word' id='word_1_528' title='bbox 292 5746 405 5802; x_wconf 73' lang='lat' dir='ltr'><strong>Hmc</strong></span> <span class='ocrx_word' id='word_1_529' title='bbox 449 5757 503 5800; x_wconf 90' lang='lat' dir='ltr'><strong>et</strong></span> <span class='ocrx_word' id='word_1_530' title='bbox 557 5760 790 5813; x_wconf 88' lang='lat' dir='ltr'><strong>sequens</strong></span> <span class='ocrx_word' id='word_1_531' title='bbox 841 5742 1166 5796; x_wconf 77' lang='grc' dir='ltr'><strong>νοθεύονται.</strong></span> <span class='ocrx_word' id='word_1_532' title='bbox 1196 5771 1262 5779; x_wconf 90' lang='grc'><strong><em>-</em></strong></span> <span class='ocrx_word' id='word_1_533' title='bbox 1296 5739 1536 5808; x_wconf 81' lang='lat' dir='ltr'><strong>Epistola</strong></span> <span class='ocrx_word' id='word_1_534' title='bbox 1569 5739 1620 5794; x_wconf 88' lang='grc'><strong>1.</strong></span> <span class='ocrx_word' id='word_1_535' title='bbox 1723 5739 2056 5815; x_wconf 75' lang='lat' dir='ltr'><strong>universalis</strong></span> <span class='ocrx_word' id='word_1_536' title='bbox 2111 5735 2376 5815; x_wconf 62' lang='lat' dir='ltr'><strong>Ecclesiae:</strong></span> <span class='ocrx_word' id='word_1_537' title='bbox 2409 5735 2722 5806; x_wconf 70' lang='lat' dir='ltr'><strong>apostolica:</strong></span> <span class='ocrx_word' id='word_1_538' title='bbox 2769 5729 3294 5815; x_wconf 53' lang='lat' dir='ltr'><strong>episcopusinsgri:</strong></span> 
     </span>
    </p>
   </div>
   <div class='ocr_carea' id='block_1_49' title="bbox 93 5800 3297 5889">
    <p class='ocr_par' dir='ltr' id='par_1_49' title="bbox 93 5800 3297 5889">
     <span class='ocr_line' id='line_1_50' title="bbox 93 5800 3297 5889; baseline -0.006 -17"><span class='ocrx_word' id='word_1_539' title='bbox 93 5800 513 5889; x_wconf 22' lang='lat' dir='ltr'><strong>Epistolasqduas</strong></span> <span class='ocrx_word' id='word_1_540' title='bbox 564 5800 815 5886; x_wconf 70' lang='lat' dir='ltr'><strong>scripsit,</strong></span> <span class='ocrx_word' id='word_1_541' title='bbox 864 5829 1099 5884; x_wconf 89' lang='lat' dir='ltr'><strong>quarum</strong></span> <span class='ocrx_word' id='word_1_542' title='bbox 1153 5800 1449 5881; x_wconf 75' lang='lat' dir='ltr'><strong>postrema,</strong></span> <span class='ocrx_word' id='word_1_543' title='bbox 1507 5827 1613 5881; x_wconf 83' lang='lat' dir='ltr'><strong>qua</strong></span> <span class='ocrx_word' id='word_1_544' title='bbox 1723 5811 1910 5877; x_wconf 89' lang='lat' dir='ltr'><strong>bitur,</strong></span> <span class='ocrx_word' id='word_1_545' title='bbox 1983 5807 2336 5865; x_wconf 86' lang='lat' dir='ltr'><strong>novatoribus</strong></span> <span class='ocrx_word' id='word_1_546' title='bbox 2368 5800 2374 5807; x_wconf 82' lang='grc'><em>’</em></span> <span class='ocrx_word' id='word_1_547' title='bbox 2410 5800 2771 5876; x_wconf 49' lang='grc' dir='ltr'><strong>,εὶιιιιιιιοιιετο</strong></span> <span class='ocrx_word' id='word_1_548' title='bbox 2803 5800 3102 5876; x_wconf 59' lang='grc' dir='ltr'><strong>’όὶερὶἰςει</strong></span> <span class='ocrx_word' id='word_1_549' title='bbox 3180 5800 3297 5855; x_wconf 76' lang='lat' dir='ltr'><strong>Sub</strong></span> 
     </span>
    </p>
   </div>
  </div>
