3802 6210
466 306 613 367 I075

1917 302 2094 360 SIXTI
2128 303 2146 356 I
2188 304 2385 358 ΡΑΡᾹΞ

3568 298 3690 356 I076

464 427 605 485 lsaIa
652 426 916 498 propheta
948 426 1200 482 dicente:
1258 443 1278 479 ι
1308 425 1421 497 Ego
1451 442 1572 482 sum
1605 425 1770 494 Deus,
1820 436 1873 482 et
1919 444 2028 482 non
2059 428 2257 488 Atalia
2303 426 2595 496 prtedicat,
2654 433 2709 479 et
2759 422 3010 477 eumdem
3048 421 3271 487 Filium,
3319 421 3493 476 Deum
3540 436 3689 491 super

461 530 547 581 est
581 520 722 576 alius
751 529 944 590 praeter
974 534 1079 574 me.
1130 517 1198 573 Et
1233 534 1330 589 per
1395 520 1659 589 mcipsum
1704 521 1867 589 juro,
1902 520 2030 592 quia

465 610 634 667 exivit
666 625 732 666 ex
766 624 858 664 ore
889 624 1011 664 meo
1038 609 1258 674 veritas,
1299 618 1354 665 et
1397 624 1578 665 sermo
1614 626 1770 666 meus
1804 628 1912 666 non
1946 628 2032 667 re-

464 710 725 765 vertetur,
772 702 901 771 quia
949 701 1082 755 mihi
1134 701 1487 756 inclinabitur
1536 717 1698 759 omne
1744 720 1923 775 genu,
1977 714 2032 759 et

462 791 642 846 omnis
669 791 852 860 lingua
880 791 1085 861 jurabit
1113 806 1208 861 per
1230 790 1541 860 Dominum,
1566 793 1785 849 dicens:
1810 794 2031 859 Iustitia

462 893 515 938 et
543 882 714 952 gloria
751 882 817 934 ad
848 897 973 937 eum
1004 883 1183 938 veniet
1206 884 1270 937 ³⁸.
1305 902 1323 935 ι
1367 883 1432 939 Εῑ
1462 893 1519 938 ιιι
1556 885 1611 940 in
1640 886 1745 941 hoc
1779 888 2027 942 testimo-

460 971 554 1033 nio
602 970 817 1026 Patrem
870 981 922 1026 et
959 970 1155 1026 Filium
1224 974 1387 1028 simul
1437 974 1606 1031 fuisse
1662 978 2024 1046 cognoscatis,

374 1106 375 1109 η
458 1061 689 1117 Paulum
741 1061 1049 1132 apostolum
1099 1062 1283 1119 audite
1336 1065 1648 1120 dicentem:
1691 1085 1709 1119 ι
1741 1064 1811 1123 Ut
1842 1068 1897 1121 in
1930 1082 2028 1121 no-

459 1153 629 1218 mine,
660 1154 859 1225 inquit,
888 1152 1015 1209 Jesu
1046 1169 1208 1210 omne
1237 1170 1376 1227 genu
1401 1156 1669 1223 flectatur,
1700 1158 2023 1229 caelestium,

458 1245 799 1303 terrestrium
833 1254 888 1300 et
917 1244 1284 1312 infernorum,
1314 1256 1368 1301 et
1402 1248 1583 1304 omnis
1634 1250 1819 1321 lingua
1850 1250 2023 1306 conli-

458 1344 658 1400 teatur,
695 1338 824 1407 quia
874 1337 1139 1393 Dominus
1168 1336 1328 1393 Jesus
1360 1338 1615 1395 Christus
1649 1342 1702 1395 in
1736 1343 1909 1411 gloria
1942 1351 2025 1400 est

456 1423 553 1478 Dei
581 1424 762 1480 Patris
813 1428 1208 1498 omnipotentis
1236 1428 1300 1483 ⁸⁷.
1339 1448 1357 1480 ι
1414 1429 1569 1496 Quod
1615 1432 1685 1495 si,
1719 1432 2020 1489 secundum

456 1516 692 1588 aliquos,
725 1515 897 1573 Filius
929 1528 1011 1574 est
1042 1520 1222 1573 minor
1248 1519 1411 1575 Patre
1447 1537 1567 1586 suo,
1592 1537 1721 1593 ergo
1750 1524 2021 1580 minorata

454 1616 541 1669 est
574 1616 627 1663 et
664 1608 835 1677 gloria
865 1607 1044 1663 Patris
1093 1608 1147 1663 in
1180 1609 1340 1664 Filio.
1395 1609 1460 1665 Et
1497 1612 1587 1665 ubi
1629 1623 1734 1675 est,
1776 1615 1920 1684 quod
1966 1616 2019 1669 in

456 1695 751 1757 Salomone
780 1697 1061 1769 Scriptura
1092 1702 1352 1772 loquitur,
1379 1704 1567 1758 dicens
1593 1721 1606 1758 :
1636 1722 1654 1755 ι
1690 1704 1841 1760 Sicut
1874 1707 2017 1759 enim

2133 520 2315 574 omnia
2345 519 2699 574 benedictum
2728 515 3007 571 insinuat?
3049 533 3069 567 ι
3103 514 3352 579 Quorum
3385 522 3586 583 patres,
3614 515 3686 567 in-

2131 612 2269 681 quit,
2313 628 2378 666 ex
2419 611 2619 680 quibus
2646 608 2898 664 Christus
2948 607 3251 663 secundum
3307 622 3552 671 carnem,
3602 608 3682 676 qui

2130 713 2213 759 est
2258 719 2422 772 super
2476 701 2661 756 omnia
2690 700 2832 756 Deus
2880 698 3194 753 benedictus
3243 696 3301 751 in
3348 698 3549 752 saecula
3574 696 3677 751 ⁸⁸.»

2129 791 2260 850 Item
2301 791 2467 847 Isaias
2505 790 2585 844 ait
2618 805 2631 841 :
2673 808 2691 840 ι
2726 788 2990 843 Dominus
3021 786 3166 841 Deus
3198 785 3398 850 Israel,
3432 786 3526 855 qui
3566 784 3683 842 Iibe-

2129 884 2270 939 ravit
2305 898 2431 937 eum
2474 882 2541 936 de
2562 881 2818 952 IEgypto.
2872 880 2986 949 Ego
3040 894 3163 934 sum
3214 880 3452 948 primus,
3498 888 3551 933 et
3594 895 3681 947 ego

2127 983 2251 1048 post
2301 976 2437 1039 haac,
2492 982 2545 1028 et
2592 984 2784 1043 praeter
2819 988 2905 1028 me
2951 988 3061 1027 non
3110 982 3194 1026 est
3222 971 3371 1026 Deus
3417 973 3559 1027 sicut
3593 987 3680 1040 ego

2127 1084 2271 1129 sum,
2304 1067 2397 1137 qui
2430 1075 2553 1130 stet,
2591 1074 2644 1119 et
2670 1074 2857 1131 vocet,
2898 1073 2953 1119 et
2996 1072 3263 1134 praeparet
3303 1064 3463 1126 mihi,
3494 1078 3558 1117 ex
3585 1078 3679 1130 quo

2126 1158 2403 1213 hominem
2435 1158 2533 1213 feci
2568 1158 2622 1210 in
2650 1157 2849 1211 saaculo
2873 1156 2970 1210 “.r
3009 1156 3143 1210 Item
3173 1155 3306 1209 alibi
3340 1172 3355 1210 :
3396 1174 3418 1207 ι
3454 1154 3512 1209 In
3543 1165 3589 1208 te
3611 1164 3681 1208 est

2125 1249 2291 1316 Deus,
2321 1260 2375 1304 et
2403 1250 2798 1311 nesciebamus,
2828 1257 2881 1303 et
2912 1263 3021 1304 non
3051 1248 3301 1304 estalius
3331 1246 3479 1301 Deus
3509 1255 3680 1314 praeter

2127 1350 2176 1396 te
2202 1342 2265 1395 ⁸⁸.
2299 1361 2317 1394 ι
2381 1340 2463 1395 Τιι
2506 1357 2566 1397 es
2611 1341 2755 1394 enim
2798 1340 2977 1407 Deus,
3031 1349 3085 1395 et
3114 1340 3525 1402 nesciebamus,
3555 1339 3679 1393 Deus

2123 1432 2287 1488 Israel
2311 1433 2576 1488 Salvator.
2603 1432 2756 1488 Unus
2779 1432 2922 1488 Deus
2944 1449 3051 1487 non
3080 1441 3207 1487 sunt
3233 1432 3396 1486 Pater
3420 1441 3474 1485 et
3498 1430 3679 1486 Filius?

2122 1525 2253 1593 Quis
2286 1534 2367 1581 est
2395 1527 2484 1581 hic
2507 1526 2669 1588 Deus,
2697 1526 2749 1579 in
2782 1540 2891 1595 quo
2918 1540 3039 1579 esse
3073 1525 3275 1580 dicitur
3308 1524 3478 1588 Deus,
3505 1533 3680 1593 preter

2120 1634 2281 1687 quem
2326 1618 2491 1673 alium
2516 1617 2677 1671 deum
2721 1632 2825 1671 non
2856 1631 2977 1671 esse
3004 1616 3268 1685 propheta
3318 1628 3678 1683 s:epenumero

2122 1708 2492 1778 protestetur?
2526 1708 2589 1763 Et
2614 1708 2841 1763 ‘Baruch
2878 1722 2937 1759 :c
2968 1705 3066 1763 Hic
3100 1707 3241 1761 Deus
3278 1718 3489 1773 noster,
3522 1707 3612 1771 ait,
3636 1715 3681 1759 et

453 1790 509 1857 in
537 1801 827 1861 conspectu
864 1807 1075 1859 eorum,
1104 1794 1301 1863 inquit,
1333 1796 1709 1865 magnificatus
1744 1813 1803 1852 es
1836 1798 1887 1851 in
1918 1815 2020 1852 no-
2053 1780 2095 1834 Β
2124 1817 2232 1856 non
2265 1802 2623 1871 applicabitur
2649 1802 2786 1855 alter
2813 1801 2878 1855 ad
2911 1816 3057 1867 eum,
3097 1802 3189 1869 qui
3225 1801 3435 1854 invenit
3481 1815 3677 1854 omnem

453 1879 562 1947 bis,
592 1882 664 1936 ita
698 1882 752 1937 in
783 1894 1079 1953 conspectu
1117 1896 1304 1939 nostro
1332 1888 1771 1956 magnifieaberis
1802 1890 1854 1942 in
1890 1890 2017 1955 illis,

451 1980 514 2033 ut
542 1984 876 2044 cognoscant
911 1983 1000 2041 te;
1040 1976 1181 2031 sicut
1224 1986 1278 2031 et
1315 1993 1415 2033 nos
1454 1981 1848 2050 cognovimus:
1879 1998 2019 2051 quo-

449 2064 601 2123 niam
644 2081 750 2120 non
781 2076 867 2122 est
894 2066 1037 2125 Deus
1078 2078 1273 2138 praeter
1315 2079 1367 2123 te
1387 2112 1400 2135 ,
1430 2069 1657 2125 Domine
1682 2073 1772 2126 ³η
1803 2092 1821 2125 ι
1881 2073 2018 2127 Dili-

448 2166 637 2238 genter
661 2159 900 2225 attende,
930 2169 984 2214 et
1018 2176 1252 2231 agnosce
1278 2161 1475 2225 Filium
1514 2179 1654 2230 esse,
1689 2166 1781 2234 qui
1809 2166 2021 2235 magni-

448 2249 707 2306 ﬁcabitur
758 2253 813 2307 in
840 2252 1070 2322 judicio,
1099 2255 1229 2309 dum
1256 2258 1469 2311 venerit
1496 2258 1652 2311 vivos
1688 2268 1743 2313 et
1772 2271 2018 2316 mortuos

443 2342 712 2415 judicare.
768 2344 902 2403 Item
947 2345 1117 2411 Isaias
1145 2364 1159 2401 :
1216 2365 1235 2401 ι
1268 2348 1497 2413 Audite,
1523 2350 1719 2405 domus
1747 2349 1937 2417 Iacob,
1966 2361 2019 2406 et

448 2434 655 2502 residui
702 2436 898 2493 domus
946 2436 1134 2505 Israel,
1170 2439 1262 2508 qui
1292 2439 1613 2510 egredimini
1657 2458 1722 2496 ex
1756 2451 1931 2508 utero,
1964 2451 2019 2497 et

444 2526 740 2587 erodimini
778 2543 809 2582 a
840 2544 1009 2599 puero
1033 2546 1207 2599 usque
1237 2533 1303 2589 ad
1342 2543 1676 2590 senectutem
1706 2552 1718 2588 :
1744 2534 1826 2588 Ab
1864 2535 2018 2591 initio

444 2630 550 2687 ego
583 2632 728 2687 sum,
768 2629 822 2675 et
857 2636 1145 2691 quousque
1194 2625 1515 2690 senescatis,
1547 2639 1649 2694 ego
1687 2640 1810 2680 sum
1853 2644 1867 2680 :
1917 2640 2017 2696 ego

442 2722 547 2775 vos
580 2709 703 2776 feci,
735 2721 790 2767 et
826 2728 926 2785 ego
960 2714 1206 2771 sustineo
1236 2732 1250 2770 :
1296 2730 1396 2787 ego
1438 2717 1731 2785 remittam,
1760 2733 1861 2788 ego
1890 2735 2017 2775 sus-

442 2800 677 2871 cipiam,
710 2802 845 2859 dicit
882 2803 1147 2869 Dominus
1168 2805 1233 2861 ³⁸.
1269 2824 1291 2867 ι
1344 2806 1411 2877 Ει
1444 2808 1639 2863 iterum
1668 2824 1683 2859 :
1716 2808 1866 2880 (Ego
1895 2826 2016 2866 sum

444 2892 711 2955 Dominus
755 2895 932 2964 Deus,
984 2907 1185 2968 prater
1230 2915 1320 2963 me
1372 2915 1482 2959 non
1529 2910 1613 2971 est
1666 2902 1804 2958 alius
1846 2902 2013 2970 Deus,

444 2988 782 3045 annuntians
826 2990 1157 3060 novissima,
1191 2993 1515 3063 priusquam
1550 2995 1713 3062 fiant,
1744 3007 1799 3053 et
1830 2998 2015 3052 statim

2122 1897 2262 1947 viam
2320 1894 2589 1960 scientia,
2621 1903 2675 1947 et
2705 1894 2851 1947 dedit
2895 1909 3014 1947 eam
3050 1892 3217 1947 Jacob
3265 1908 3441 1961 puero
3492 1908 3606 1957 suo,
3635 1901 3681 1945 et

2121 1984 2286 2039 Israel
2330 1986 2527 2039 dilecto
2580 2002 2700 2041 suo.
2746 1985 2876 2039 Post
2925 1985 3040 2039 hazc
3086 1985 3141 2036 in
3188 1985 3355 2038 terris
3401 1983 3551 2037 visus
3590 1993 3677 2047 est,

2120 2087 2171 2131 ct
2202 2077 2339 2131 inter
2368 2078 2615 2131 homines
2646 2085 3000 2131 conversatus
3030 2084 3115 2130 est
3138 2076 3207 2127 δ’.
3244 2094 3261 2125 ι
3324 2074 3393 2127 Et
3441 2076 3492 2127 in
3541 2073 3677 2127 Salo-

2121 2184 2281 2225 mone
2311 2171 2579 2225 habetur:
2616 2188 2635 2221 ‹
2666 2168 2919 2223 Miserere
2959 2168 3139 2232 nobis,
3164 2167 3309 2220 Deus
3340 2166 3609 2230 omnium,
3634 2176 3679 2217 et

2119 2260 2346 2316 ostende
2380 2262 2537 2316 nobis
2563 2262 2743 2315 lumen
2769 2260 3154 2324 miserationis,
3186 2273 3239 2312 et
3266 2259 3502 2313 immitte
3532 2258 3678 2310 timo-

2120 2367 2234 2406 rem
2275 2360 2429 2407 tuum
2461 2367 2623 2423 super
2659 2360 2869 2422 gentes,
2898 2366 3018 2421 qua:
3048 2366 3156 2405 non
3194 2350 3576 2418 exquisierunt
3613 2359 3675 2411 te,

2119 2454 2179 2498 ut
2211 2454 2545 2515 cognoscant
2574 2444 2701 2514 quia
2733 2459 2841 2497 non
2872 2452 2954 2497 est
2985 2443 3123 2497 alius
3152 2441 3322 2508 Deus,
3358 2442 3466 2496 nisi
3496 2452 3551 2494 tu
3572 2440 3630 2491 “.
3656 2457 3673 2489 ι

2119 2537 2252 2593 Item
2284 2537 2412 2590 alibi
2441 2555 2455 2591 :
2486 2556 2504 2587 ι
2532 2534 2760 2591 Domine
2792 2535 2933 2590 Deus
2963 2535 3151 2597 Israel,
3187 2549 3298 2588 non
3348 2540 3435 2588 est
3479 2532 3568 2585 tibi
3612 2531 3677 2584 si-

2118 2628 2263 2685 milis
2295 2628 2348 2681 in
2379 2628 2518 2683 caelo
2551 2643 2794 2695 sursum,
2825 2642 3001 2697 neque
3034 2628 3087 2681 in
3120 2636 3264 2689 terra
3294 2627 3553 2680 deorsum
3573 2624 3630 2676 “.
3656 2640 3672 2673 ι

2119 2721 2185 2776 Ει
2218 2721 2271 2775 in
2306 2721 2515 2791 psalmo
2547 2734 2658 2775 xvu
2689 2722 2763 2773 :"
2798 2740 2817 2773 ι
2846 2718 3115 2785 Quoniam
3166 2720 3293 2789 quis
3330 2717 3475 2771 Deus
3505 2724 3679 2787 praeter

2118 2811 2435 2877 Dominum,
2466 2822 2560 2866 aut
2588 2812 2711 2882 quis
2741 2810 2883 2871 Deus
2914 2820 3107 2881 praeter
3138 2809 3309 2863 Deum
3342 2818 3589 2864 nostrum
3610 2806 3630 2859 3
3655 2824 3673 2857 ι

2117 2903 2183 2971 Et
2209 2905 2264 2959 in
2286 2904 2483 2960 Genesi
2506 2904 2584 2958 "z
2613 2923 2632 2959 ι
2652 2903 2716 2957 Εῑ
2748 2904 2887 2974 pluit
2910 2902 3172 2958 Dominus
3199 2918 3230 2957 a
3254 2901 3490 2955 Domino
3519 2902 3675 2971 ignem

2117 3006 2172 3052 et
2204 2996 2380 3051 sulfur
2408 3012 2574 3067 super
2604 2994 2899 3059 Sodomam
2931 3005 2983 3050 et
3012 2995 3405 3061 Gomorrham,
3424 3004 3481 3049 et
3504 2993 3679 3049 evertit

443 3089 838 3176 consummata;
872 3091 1003 3147 sunt
1027 3083 1093 3137 ⁸⁸.
1128 3102 1147 3137 ι
1176 3083 1307 3140 Item
1335 3086 1465 3140 alibi
1500 3105 1513 3141 :
1554 3105 1572 3139 ι
1601 3088 1743 3142 Audi
1776 3104 1885 3153 me,
1924 3089 2017 3144 Ia-
2044 3116 2086 3176 ο
2118 3090 2365 3157 civitates
2406 3089 2549 3145 illas.
2585 3107 2606 3142 ι
2660 3089 2717 3143 Si
2753 3090 2904 3153 solus
2936 3088 3096 3143 Pater
3128 3087 3272 3143 Deus
3304 3097 3413 3152 est,
3442 3086 3535 3154 qui
3561 3086 3679 3154 pluit

440 3171 548 3237 eob
595 3182 651 3229 et
678 3172 863 3240 Israel,
894 3176 1157 3246 quoniam
1213 3192 1315 3248 ego
1343 3176 1468 3232 feci.
1536 3177 1649 3250 Ego
1685 3195 1807 3234 sum
1832 3180 2019 3245 Domi-

442 3278 549 3325 nos
576 3263 721 3329 Deus
748 3266 981 3343 primus,
1016 3278 1073 3327 et
1103 3282 1203 3340 ego
1232 3270 1567 3341 novissimus
1592 3286 1606 3323 :
1632 3280 1687 3326 et
1721 3272 1775 3325 in
1809 3286 1873 3327 ea
1898 3288 2019 3342 qua:

441 3367 839 3426 “perventura
901 3368 1031 3427 sunt
1076 3359 1131 3415 in
1186 3361 1532 3425 novissimis,
1586 3376 1687 3430 ego
1741 3378 1863 3418 sum
1894 3363 1962 3419 υ.
1994 3380 2013 3415 ι

441 3446 574 3504 Item
612 3450 727 3507 ibi:
778 3470 797 3507 ι
826 3450 939 3523 Ego
980 3468 1104 3508 sum
1134 3452 1301 3522 Deus,
1350 3455 1444 3526 qui
1500 3464 1551 3510 te
1586 3457 1797 3521 creavi,
1835 3457 1927 3527 qui
1967 3464 2019 3511 te

441 3544 648 3613 ailjuvi,
682 3554 735 3609 et
763 3545 1100 3601 communivi
1148 3547 1375 3617 dextera
1403 3564 1523 3604 mea
1554 3549 1619 3603 δ’.
1654 3568 1673 3601 ι
1734 3548 1804 3604 Et
1837 3550 2019 3604 unita-

442 3645 551 3695 tem
594 3635 771 3705 Patris
825 3647 881 3694 et
929 3638 1056 3694 Filii
1105 3640 1395 3710 assignans
1442 3641 1728 3711 loquitur,
1783 3642 2013 3697 dicens:

447 3747 467 3782 ι
504 3728 618 3801 Ego
664 3731 823 3787 testis
861 3741 1060 3797 vester,
1110 3733 1243 3791 dicit
1284 3732 1547 3789 Dominus
1586 3734 1749 3799 Deus,
1796 3744 1849 3790 et
1883 3750 2019 3804 puer

440 3836 598 3891 tuens
627 3830 707 3889 tu,
732 3838 893 3893 quem
922 3840 1023 3895 ego
1052 3825 1211 3897 elegi,
1242 3834 1304 3887 ut
1328 3826 1514 3881 sciatis
1542 3835 1596 3881 et
1626 3827 1861 3881 credatis
1889 3827 2017 3897 quia

438 3929 543 3984 ego
572 3929 726 3987 sum,
771 3926 825 3970 et
856 3926 982 3971 ante
1024 3932 1110 3971 me
1142 3932 1251 3971 non
1292 3915 1397 3972 fuit
1430 3918 1572 3974 alius
1601 3916 1776 3985 Deus,
1808 3928 1862 3972 et
1896 3927 2019 3988 post

442 4021 531 4060 me
563 4022 668 4062 non
702 4007 808 4063 erit
837 4008 903 4062 “.
940 4025 958 4060 ι
1019 4007 1199 4063 Unum
1228 4009 1305 4075 hi,
1333 4010 1427 4079 qui
1462 4026 1571 4063 non
1608 4027 1740 4066 sane
1772 4012 2013 4080 sapiunt,

438 4098 643 4168 eligant
671 4113 739 4157 ex
769 4099 1020 4155 duobus:
1060 4110 1154 4156 aut
1190 4099 1463 4155 fateantur
1492 4100 1707 4157 Patrem
1740 4112 1793 4158 et
1817 4102 2015 4158 Filium

442 4188 614 4258 Deum
670 4205 883 4257 unum,
933 4202 1028 4247 aut
1077 4194 1125 4250 si
1173 4193 1349 4249 solum
1401 4192 1620 4249 Patrem
1675 4194 1844 4249 Deum
1897 4211 2017 4251 esse

439 4281 795 4348 contendunt,
829 4298 959 4354 ergo
992 4284 1099 4341 illis
1126 4283 1390 4341 Dominus
1438 4294 1625 4341 noster
1662 4285 1822 4341 Jesus
1852 4285 2016 4343 Chri-

438 4382 560 4439 stus
586 4373 634 4417 δε
662 4372 757 4430 Dei
790 4373 959 4431 Filius
989 4391 1099 4432 non
1131 4376 1237 4435 erit
1261 4374 1426 4443 Deus,
1457 4377 1586 4447 quia
1614 4377 1880 4447 scriptum
1907 4386 2011 4434 est:

2121 3180 2297 3252 ignem
2326 3190 2379 3236 et
2406 3180 2583 3237 sulfur
2608 3196 2638 3234 a
2660 3180 2889 3235 Domino
2916 3195 3079 3250 supra
3110 3180 3399 3250 praedictas
3426 3179 3677 3237 civitates.

2121 3282 2180 3329 ut
2204 3287 2297 3328 eas
2322 3281 2591 3327 everteret
2612 3273 2638 3326 2
2683 3287 2889 3342 quaeso,
2922 3272 3211 3341 responde.
3249 3269 3317 3324 Et
3346 3271 3403 3325 in
3433 3269 3677 3325 Deutero-

2120 3365 2308 3421 nomio
2332 3367 2379 3397 “
2406 3384 2420 3419 :
2462 3385 2481 3419 ι
2510 3364 2776 3419 Dominus
2824 3364 2978 3418 solus
3014 3362 3321 3417 deducebat
3354 3378 3473 3427 eos,
3506 3371 3678 3415 etnon

2118 3454 2223 3511 fuit
2252 3472 2375 3511 cum
2409 3456 2515 3511 illis
2550 3456 2684 3512 deus
2714 3456 2943 3509 alienus.
2980 3473 2997 3506 ι
3032 3451 3098 3508 Et
3130 3452 3336 3508 Paulus
3380 3453 3679 3520 apostolus:

2127 3547 2315 3604 «Unus
2363 3547 2532 3612 Deus,
2573 3548 2665 3619 qui
2692 3547 2956 3618 justiﬁcat
2989 3547 3464 3602 circumcisioncm
3498 3562 3559 3600 ex
3589 3544 3680 3598 ﬁde

2118 3648 2172 3693 et
2200 3639 2526 3709 praeputium
2576 3652 2671 3708 per
2716 3638 2873 3692 fidem
2906 3638 2951 3669 ⁸⁵
2979 3653 2993 3693 :
3024 3655 3043 3687 ι
3098 3635 3164 3689 Et
3221 3636 3287 3690 ad
3338 3633 3676 3691 Corinthios:

2125 3750 2143 3783 ι
2201 3731 2343 3786 Deus
2394 3740 2513 3785 erat
2562 3732 2618 3784 in
2658 3731 2918 3793 Christo,
2988 3730 3253 3784 mundum
3333 3727 3680 3783 reconcilians

2120 3822 2223 3877 sibi
2243 3824 2309 3877 ⁸⁸.
2346 3842 2364 3875 ι
2400 3821 2466 3877 Ει
2497 3823 2692 3878 iterum
2722 3839 2735 3874 :
2766 3841 2783 3874 ι
2812 3819 2929 3875 Non
2960 3832 3043 3877 est
3071 3820 3237 3885 Deus,
3270 3820 3377 3875 nisi
3412 3835 3552 3875 unus
3576 3818 3635 3871 ".
3658 3835 3674 3868 ι

2119 3915 2185 3970 Ει
2215 3916 2281 3970 ad
2316 3914 2535 3971 Galatas
2557 3916 2643 3972 l":
2677 3933 2696 3967 ι
2730 3914 2991 3969 Mediator
3027 3922 3207 3967 autem
3239 3913 3409 3967 unius
3444 3926 3551 3966 non
3584 3918 3674 3971 est,

2120 4008 2263 4064 Deus
2295 4020 2476 4063 autem
2506 4024 2649 4063 unus
2677 4016 2796 4062 est:
2831 4026 2849 4059 ι
2902 4006 2969 4059 Et
2996 4007 3260 4060 unitatem
3287 4004 3471 4060 Patris
3500 4015 3552 4058 et
3571 4001 3678 4057 Filii

2117 4111 2171 4155 et
2197 4102 2433 4172 Spiritus
2460 4100 2633 4155 sancti
2657 4100 3053 4161 demonstrans,
3080 4096 3334 4166 Ephesiis
3356 4098 3599 4152 scribens
3618 4096 3677 4156 ”.

2117 4192 2191 4246 ita
2218 4194 2502 4247 confirmat
2536 4210 2548 4246 :
2601 4210 2620 4245 ι
2653 4190 2983 4245 Suﬂ'erentes
3032 4189 3266 4243 invicem
3319 4188 3377 4241 in
3409 4187 3675 4251 charitate,

2118 4284 2337 4340 solliciti
2368 4300 2584 4340 servare
2623 4285 2887 4339 unitatem
2933 4281 3161 4351 spiritus
3189 4280 3245 4333 in
3271 4280 3491 4335 vinculo
3521 4280 3675 4349 pacis.

2119 4374 2299 4445 Unum
2335 4392 2534 4447 corpus
2562 4386 2617 4432 et
2642 4392 2783 4431 unus
2812 4376 3058 4444 spiritus,
3092 4375 3235 4429 sicut
3267 4374 3449 4428 vocati
3480 4374 3606 4427 estis
3630 4371 3677 4425 in

446 4488 465 4525 ι
494 4468 635 4523 Ante
678 4482 766 4523 me
817 4483 929 4523 non
979 4467 1085 4523 fuit
1132 4469 1274 4524 alius
1304 4468 1469 4538 Deus,
1518 4480 1572 4525 et
1623 4478 1747 4540 post
1783 4488 1870 4525 me
1897 4488 2007 4527 non
2040 4476 2084 4529 D
2114 4486 2220 4523 una
2251 4486 2345 4541 spe
2373 4470 2678 4524 vocationis
2706 4474 2922 4531 vestrae.
2981 4463 3135 4519 Unus
3169 4464 3460 4529 Dominus,
3491 4479 3591 4519 una
3621 4464 3677 4515 li-

436 4560 541 4613 erit
565 4560 632 4614 ".
666 4578 685 4615 ι
737 4558 794 4614 Si
823 4561 1124 4617 secundum
1163 4561 1299 4621 tales
1329 4561 1401 4615 ita
1429 4570 1547 4627 est,
1578 4578 1677 4618 cur
1708 4562 2007 4633 Apostolus

508 4656 553 4687 ³⁸
580 4658 689 4726 Isa.
718 4672 843 4721 xcv,
870 4656 1064 4712 22-25.
1104 4707 1113 4720 ,
1140 4658 1181 4688 ³⁷
1206 4657 1402 4727 Philip.
1436 4674 1497 4720 ll,
1524 4658 1608 4721 I0,
1657 4660 1743 4713 II.

434 4726 478 4757 “
512 4728 617 4797 Isa.
647 4740 796 4797 xnlv,
850 4743 974 4790 xcv,
1009 4726 1377 4783 intermistim’.
1455 4731 1501 4772 υ
1524 4730 1630 4785 Isa.
1671 4747 1781 4794 xu,
1814 4731 1901 4797 10.

436 4812 516 4859 ιιι,
555 4796 611 4865 5.
698 4796 747 4829 ⁷⁸⁷
776 4799 884 4851 Isa.
934 4814 1088 4863 ut",
1124 4798 1176 4864 6,
1209 4798 1259 4853 7.
1355 4800 1400 4831 ⁸⁸
1428 4802 1532 4854 Isa.
1572 4816 1695 4865 xnv,
1730 4799 1815 4854 I8.

1820 4660 1864 4691 ⁸⁸
1901 4660 2068 4715 Eccli.
2108 4677 2294 4727 xxxvi,
2330 4660 2385 4721 4,
2419 4660 2473 4713 5.
2580 4660 2624 4690 ³⁸
2649 4660 2753 4712 Isa.
2792 4674 2805 4709 ι

1820 4731 1901 4796 10.
1994 4732 2040 4763 ⁸³
2067 4733 2174 4785 Isa.
2217 4746 2372 4796 xu",
2406 4729 2491 4781 IO.
2568 4728 2615 4760 “
2644 4728 2805 4780 Deus.

1898 4794 1960 4833 ’δ’
1990 4801 2227 4855 Baruch.
2266 4794 2588 4865 111,756-38.
2664 4798 2709 4829 ⁵ο
2743 4797 2908 4852 Eccli.
2943 4813 3127 4859 xxxvi,
3164 4797 3214 4860 I,
3259 4795 3314 4848 2.

2113 4564 2231 4627 des,
2265 4579 2436 4618 unum
2473 4563 2764 4632 baptisma,
2793 4578 2936 4615 unus
2969 4559 3133 4613 Deus.
3175 4578 3193 4611 ι
3253 4559 3298 4589 ⁵⁸
3332 4558 3389 4613 Si
3424 4574 3528 4614 non
3560 4570 3676 4611 sane

2580 4659 2624 4690 ³⁸
2649 4659 2753 4712 Isa.
2792 4674 2935 4719 XLVI,
2966 4656 3019 4717 5,
3056 4657 3108 4709 4.
3226 4655 3272 4685 ⁸ο
3304 4656 3466 4717 Ibid.,
3501 4653 3551 4715 9,
3600 4650 3671 4704 I0.

2884 4730 2929 4759 "
2956 4729 3060 4780 Isa.
3103 4741 3259 4789 XLIII,
3294 4724 3379 4777 10.
3460 4725 3502 4755 ⁸⁸
3532 4724 3671 4775 Rom.

3393 4798 3435 4827 ⁸¹
3467 4797 3511 4847 II
3557 4793 3670 4847 Rex-

433 4882 557 4931 vm,
589 4861 681 4929 2'5.
756 4867 803 4938 ’ξ
827 4882 880 4922 v.
914 4868 1004 4921 52.
1075 4861 1128 4903 2”
1148 4861 1267 4938 cap.
1292 4885 1405 4936 nx,
1435 4871 1526 4933 24,
1558 4871 1649 4924 25.
1682 4861 1690 4865 ⁷
1726 4872 1773 4902 ⁸⁸
1806 4870 1962 4927 Deut.
1991 4888 2028 4925 ιι

2128 4873 2173 4903 ⁸⁸
2208 4861 2367 4926 Rom.
2402 4886 2483 4933 ιιι,
2514 4869 2603 4924 50.
2682 4869 2726 4899 ⁸⁸
2754 4870 2797 4921 II
2820 4870 2945 4922 Cor.
2981 4883 3032 4927 ν.
3059 4868 3145 4920 10.
3222 4868 3265 4897 ⁸⁷
3298 4868 3315 4917 I
3345 4867 3472 4920 Cor.
3504 4861 3670 4927 vm,.I.

434 4938 483 4979 ⁵⁸η
504 4952 629 5007 cap.
660 4952 745 5000 tu,
778 4935 867 4992 20.
945 4939 989 4969 "
1022 4954 1143 5009 cap.
1169 4935 1244 5005 ιγ’,
1268 4939 1388 4995 5-5.

433 5032 603 5103 hujus
672 5032 809 5105 Sixti
856 5049 1005 5104 papa:
1061 5035 1303 5099 nomine,
1361 5034 1497 5090 Sixti
1550 5036 1859 5104 philosophi
1899 5035 2005 5105 Py-

434 5104 723 5176 thagorati,
772 5104 1009 5176 hominis
1050 5106 1251 5176 ethnici
1310 5121 1374 5159 ac
1436 5106 1689 5167 infidelis,
1728 5104 2007 5176 commen-

432 5172 633 5243 tarium
673 5191 704 5229 a
743 5190 802 5230 se
839 5192 869 5229 e
904 5174 1093 5230 Graeco
1136 5174 1325 5235 Latine
1364 5176 1723 5239 translatum,
1760 5175 2005 5229 Ruﬂinus

431 5245 1116 5317 Aquileieqsis__presbyter
1153 5246 1425 5317 vulgavit;
1454 5247 1670 5317 dequo
1708 5246 1859 5317 illum
1906 5262 2007 5317 suo

433 5315 631 5387 merito
688 5314 1152 5387 S,._Hjeronymus
1207 5314 1649 5387 frequentissime
1709 5316 2005 5387 redarguit.

431 5382 511 5451 Ita
541 5387 686 5441 enim
718 5385 785 5455 ad
812 5382 1219 5455 Ctesiphontem
1252 5382 1518 5449 scribens,
1551 5385 1656 5439 ait:
1685 5404 1702 5437 ι
1735 5382 2009 5440 Illanfau-

432 5464 540 5508 tem
572 5454 1091 5521 temeritatemﬁmo
1136 5458 1426 5519 insaniam,
1456 5457 1578 5525 quis
1609 5454 1774 5525 digno
1812 5456 2010 5524 poterit

468 5526 704 5593 xplicare
744 5542 1015 5591 sermone,
1054 5527 1200 5596 quod
1241 5526 1441 5579 librum
1476 5524 1615 5580 SIXII
1647 5524 2004 5596 Pythagorzei.

468 5539 704 5593 xplicare
744 5542 1015 5591 sermone,
1054 5539 1200 5596 quod
1241 5539 1441 5579 IIDI'UIII
1478 5539 1615 5580 Stxu
1650 5539 2004 5596 Pythagoran,

431 5539 673 5675 geminis
724 5597 931 5675 absque
976 5599 1194 5675 Christo
1241 5606 1405 5675 atque
1446 5596 1676 5675 ethnici,
1706 5598 2004 5675 int-mutato

432 5666 675 5736 nomine,
724 5664 861 5725 Sixti
911 5666 1168 5736 mart)ris
1209 5678 1263 5719 et
1290 5665 1549 5719 Romanae
1592 5664 1851 5736 Ecclesia:
1885 5669 2004 5734 epi-

436 5734 610 5818 scOpj,
638 5736 992 5809 prcontavit‘!
1023 5734 1076 5789 in
1116 5750 1227 5811 quo
1254 5736 1410 5804 juxta
1446 5737 1642 5806 dogma
1685 5735 2003 5808 Pythagori-

1489 4941 1532 4973 ⁶⁰
1562 4956 1725 5009 supra
1773 4942 1825 4995 in
1870 4944 2030 5010 epist.
2071 4940 2307 4995 Evaristi
2340 4956 2491 5009 papa:
2530 4939 2715 4993 itidem
2744 4940 3044 5007 supposita.

2108 5053 2317 5102 corum,
2343 5037 2435 5105 qui
2475 5035 2750 5089 hominem
2791 5041 3077 5105 exmqttant
3116 5030 3265 5105 D_eo,_
3285 5040 3339 5085 et
3367 5030 3575 5105 degejus
3601 5026 3670 5080 di-

2109 5116 2240 5162 cunt
2263 5102 2383 5160 esse
2412 5106 2737 5166 substantia,
2758 5105 2923 5156 multa
2954 5104 3018 5156 de
3044 5102 3379 5171 perfectione
3404 5102 3665 5171 dicuntur;

2110 5190 2171 5230 ut
2208 5178 2300 5247 qui
2338 5177 2599 5247 volumen,
2640 5175 2949 5247 philosophi
2992 5169 3263 5247 nesciunt,
3304 5174 3408 5247 sub
3440 5169 3667 5247 martyris

2112 5242 2332 5301 nomine
2373 5247 2543 5299 libant
2571 5242 2841 5299 de‘aureo
2872 5245 3039 5297 calice
3078 5243 3397 5311 Babylonis.
3445 5242 3667 5306 Denique

2112 5318 2165 5371 in
2202 5320 2321 5387 ipso
2352 5317 2631 5387 volumine
2660 5316 2806 5369 nulla
2833 5315 3431 5387 prOphetaru‘tnLnulla
3460 5313 3657 5387 patriar-

2112 5380 2362 5455 charum,
2382 5386 2528 5440 nulla
2553 5380 2947 5453 apostolorum,
2976 5385 3118 5455 nulla
3148 5382 3205 5455 lit
3228 5382 3433 5455 Christi
3463 5380 3663 5455 mentio.

2116 5450 2177 5512 ut
2214 5450 2541 5527 episcopum
2565 5450 2618 5508 et
2659 5469 2949 5527 martyrem
2992 5454 3111 5506 sine
3142 5452 3245 5506 Iide
3266 5450 3475 5527 Christi
3517 5452 3665 5527 fuisse

2115 5520 2425 5587 contendat.
2452 5547 2468 5575 ι
2501 5524 2625 5579 IIch
2656 5528 2722 5579 ibi
2766 5520 3148 5592 Hieronymus,
3185 5523 3279 5592 qui
3326 5524 3453 5577 alibi
3500 5520 3661 5574 eadem

2112 5616 2176 5653 ex
2227 5615 2391 5655 causa
2441 5598 2491 5650 in
2545 5599 2793 5649 eumdem
2841 5597 3078 5662 graviter
3122 5593 3426 5649 invehitur.
3483 5592 3659 5644 Betui.

2112 5686 2255 5726 anno
2286 5668 2493 5729 Christi
2524 5666 2643 5732 M2,
2673 5681 2824 5723 nutu.
2855 5666 2909 5719 5.
2950 5664 3075 5720 Ser.
3109 5662 3225 5718 Bm.
