3802 6210
91 284 210 340 1077

92 493 335 562 recipere,
366 506 438 546 ex
476 492 581 544 hoc
615 490 799 559 itaque
829 490 1164 557 testimonio,
1196 490 1251 544 in
1306 506 1414 545 uno
1444 488 1648 557 Spiritu

96 590 329 654 poterunt
363 582 535 637 simul
566 579 741 636 Patris
772 588 827 635 et
852 578 970 634 Filii
1012 580 1277 634 unitatem
1312 578 1648 634 condiscere.

94 673 289 728 Patrem
329 673 522 743 igitur,
560 680 620 725 ut
650 672 902 741 superius
947 672 1407 739 comprehensum
1450 679 1555 733 est,
1591 668 1645 721 in

96 765 276 822 divinis
328 766 553 829 litteris,
606 764 923 835 ingenitum,
974 764 1193 834 proprie
1238 762 1497 833 positum,
1551 778 1652 817 nec

96 860 254 928 legere
282 865 523 946 possunt
552 858 786 926 penitus,
821 872 919 912 nec
957 857 1207 927 probare.
1264 853 1371 908 Sed
1401 855 1527 924 quia
1560 854 1643 909 id-
1686 846 1689 849 6

98 960 254 1029 ipsum
284 956 421 1013 ﬁdes
448 956 620 1026 exigit
645 953 975 1018 Christiana,
1023 952 1232 1022 absque
1280 951 1391 1005 ulla
1430 948 1649 1003 dubita-

97 1050 228 1105 tione
267 1047 547 1120 ingenitus
583 1042 844 1109 creditur,
878 1044 970 1113 qui
1004 1053 1183 1098 tamen
1225 1043 1523 1098 secundum
1566 1056 1650 1096 se-

98 1140 660 1211 riemSeripturarum
686 1180 701 1206 ,
732 1139 785 1194 in
815 1137 953 1193 Filio
983 1153 1013 1193 a
1040 1153 1099 1193 se
1136 1137 1316 1207 genito
1343 1136 1497 1190 visus
1530 1148 1649 1188 esse

95 1241 435 1289 monstratur.
475 1232 555 1287 De
583 1239 777 1292 caetero
807 1230 1028 1302 placuit,
1065 1230 1104 1263 θ’
1133 1237 1356 1299 propter
1382 1227 1648 1282 malorum

96 1326 357 1383 hominum
406 1325 814 1389 infestationes,
863 1333 923 1378 ut
964 1323 1019 1378 in
1063 1322 1410 1378 accusatione
1433 1319 1648 1375 Domini

95 1420 474 1486 ministrorum,
504 1419 682 1489 primo
711 1432 964 1487 persona,
994 1416 1147 1481 ﬁdes,
1176 1416 1309 1479 vita,
1338 1422 1392 1470 et
1423 1429 1650 1469 conver-

96 1514 219 1568 satio
278 1513 782 1581 blasphemantium
847 1511 1175 1566 enucleatim
1249 1518 1643 1579 perscrutetur.

95 1602 209 1659 Nam
238 1605 370 1660 ﬁdes
394 1607 441 1639 ⁶²
468 1620 664 1660 omnes
692 1613 844 1659 actus
871 1603 1109 1659 hominis
1132 1603 1436 1674 praecedere
1466 1604 1643 1669 debet;

93 1697 200 1765 quia
237 1696 437 1753 dubius
475 1697 532 1751 in
577 1696 702 1762 ﬁde,
736 1696 968 1753 inﬁdelis
999 1704 1102 1752 est.
1163 1694 1276 1751 Nec
1314 1696 1394 1750 eis
1421 1695 1645 1750 omnino

95 1789 420 1854 credendum,
458 1790 556 1859 qui
583 1790 830 1846 veritatis
860 1790 1020 1846 fidem
1054 1789 1327 1860 ignorant,
1356 1802 1455 1841 nec
1484 1795 1645 1842 rectae

95 1883 505 1938 conversationis
551 1882 720 1938 vitam
758 1883 991 1947 ducunt;
1031 1882 1291 1951 quoniam
1319 1881 1456 1935 tales
1484 1879 1643 1934 facile

95 1981 139 2027 et
161 1975 520 2030 indifferenter
550 1976 795 2030 lacerant
831 1984 886 2030 et
912 1975 1273 2029 criminantur
1303 1980 1448 2027 recte
1476 1982 1528 2027 et
1555 1973 1643 2042 pie

96 2064 328 2122 viventes.
379 2067 594 2123 Idcirco
642 2067 885 2137 suspicio
928 2082 1120 2122 eorum
1171 2065 1509 2121 discutienda
1559 2074 1643 2120 est

98 2159 323 2225 primum,
352 2169 409 2215 et
433 2160 782 2228 corrigenda,
809 2173 986 2232 neque
1014 2157 1427 2214 accusatoribus
1456 2174 1645 2228 suspe-

96 2244 200 2307 ctis,
234 2246 311 2299 vel
356 2246 425 2301 de
471 2247 823 2302 inimicorum
869 2246 1034 2301 domo
1076 2240 1504 2316 prodeuntibus,
1552 2257 1638 2303 est

98 2336 422 2393 credendum.
477 2337 652 2392 Erant
693 2337 837 2393 enim
887 2337 1133 2408 quidam,
1161 2339 1255 2408 qui
1305 2337 1458 2409 prius
1488 2338 1643 2393 vide-

100 2425 273 2480 bantur
306 2443 427 2484 esse
463 2443 536 2482 ex
571 2428 752 2495 nobis,
805 2446 825 2481 ι
856 2427 952 2483 sed
1002 2443 1110 2482 non
1155 2437 1311 2484 erant
1347 2444 1414 2485 ex
1460 2429 1640 2485 nobis.

101 2515 148 2571 Si
173 2534 289 2574 vero
317 2520 553 2577 fuissent
578 2535 645 2576 ex
671 2520 851 2587 nobis,
883 2521 1215 2576 mansissent
1244 2521 1432 2591 utique
1454 2521 1643 2578 nobis-

101 2621 205 2661 cum
231 2609 324 2675 ⁸³,ι
355 2619 407 2665 et
426 2626 536 2664 non
568 2611 990 2666 couturbassent
1006 2610 1219 2666 fratres.
1253 2629 1272 2664 ‹
1298 2610 1645 2668 Exacuerunt

101 2699 243 2766 enim,
272 2710 330 2757 ut
361 2702 437 2759 ait
452 2702 986 2773 Propheta,linguas
1005 2714 1138 2758 suas
1159 2704 1302 2759 sicut
1336 2714 1635 2773 serpentes,

103 2804 339 2848 venenum
372 2795 628 2865 aspidum
662 2794 766 2851 sub
792 2794 953 2851 labiis
998 2810 1187 2851 eorum
1214 2796 1280 2849 “.
1310 2814 1329 2848 ι
1380 2795 1633 2869 Quapro-

105 2890 205 2950 pter
241 2884 291 2939 hi
320 2887 615 2958 respuendi
646 2894 799 2954 sunt,
840 2887 889 2943 si
933 2877 1331 2956 inéorrigibiles
1366 2903 1641 2958 apparue~

107 2972 221 3040 rint,
251 2984 302 3031 et
326 2978 568 3045 vitandi,
620 2993 691 3033 ne
720 2977 950 3035 Domino
978 2978 1305 3033 famulantes
1339 2978 1638 3049 decipiant.

1525 277 1908 334 EPISTULA-3.

91 402 344 471 sapientes
401 399 666 452 unitatem
718 395 840 451 ﬁdei
885 397 1156 454 voluerlnt
1207 397 1441 467 simplici
1488 397 1651 452 corde
1679 404 1726 458 Α

3188 284 3326 340 1078

2527 402 2565 457 1.

2313 492 2387 547 De
2411 496 2580 548 sacris
2606 496 2765 549 vasis.

1822 584 1868 615 ⁸⁸
1901 583 2207 654 Cognoscat
2232 594 2413 641 vestra
2441 588 2729 658 sapientia,
2767 572 3081 655 charissimi
3108 588 3326 657 fratres,

1752 675 1882 745 quia
1913 676 1969 731 in
2002 676 2106 732 hac
2140 687 2327 733 sancta
2364 678 2492 735 sede
2524 681 2823 750 apostolica
2854 699 2884 737 a
2924 683 3084 739 nobis
3108 662 3167 738 et
3194 682 3328 738 reli-

1751 770 1879 839 quis
1935 768 2242 840 episcopis,
2302 772 2622 843 cteterisque
2676 773 2895 829 Domini
2946 773 3329 831 sacerdotibus

1751 870 2014 916 statutum
2044 872 2154 928 est,
2187 872 2248 917 ut
2288 879 2447 919 sacra
2492 881 2622 920 vasa
2668 882 2775 921 non
2811 866 2879 923 ab
2925 867 3267 945 aliis,.quam
3296 883 3327 921 a

1753 954 1981 1008 sacratis
2024 953 2367 1027 Dominoque
2410 956 2604 1012 dicatis
2645 968 3055 1017 eontrectentur
3086 961 3328 1017 homini—

1751 1045 1877 1101 bus.
1926 1044 2212 1118 Indignuin
2257 1048 2406 1105 enim
2455 1050 2614 1105 valde
2660 1060 2773 1119 est,
2806 1062 2863 1106 ut
2905 1067 3061 1107 sacra
3110 1052 3324 1109 Domini

1750 1152 1904 1203 vasa,
1930 1154 2271 1210 quaecunque
2296 1142 2424 1204 sint,
2445 1141 2703 1198 humanis
2731 1143 2923 1199 usibus
2946 1144 3206 1212 serviant,
3236 1154 3330 1200 aut

1752 1227 1821 1281 ab
1852 1227 1975 1282 aliis
2008 1245 2170 1299 quam
2202 1224 2233 1284 a
2262 1231 2498 1286 Domino
2526 1231 2917 1290 famulantibus
2945 1235 3104 1304 eique
3131 1234 3329 1289 dicatis

1753 1327 2055 1394 tractentur
2100 1320 2255 1387 viris,
2298 1338 2368 1377 ne
2414 1339 2515 1394 pro
2562 1325 2763 1380 talibus
2807 1326 3327 1396 pratsumptionibus

1752 1410 1925 1466 iratus
1966 1412 2254 1482 Dominus,
2285 1416 2499 1486 plagam
2534 1418 2577 1450 °’
2612 1418 2859 1487 imponat
2888 1419 3090 1489 populo
3124 1434 3245 1487 suo,
3276 1430 3330 1475 et

1750 1503 1807 1557 bi
1838 1504 2022 1571 etiam,
2056 1507 2149 1575 qui
2182 1523 2290 1562 non
2314 1519 2701 1578 peccaverunt,
2736 1512 2876 1565 mala
2904 1510 3201 1582 patiantur,
3235 1522 3331 1566 aut

1751 1606 2009 1665 pereant,
2045 1599 2173 1669 quia
2220 1602 2363 1669 perit
2409 1601 2593 1671 justus
2645 1603 2944 1673 saepissime
2995 1619 3093 1674 pro
3138 1605 3327 1675 impio.

1751 1689 2048 1757 Attendite,
2079 1690 2296 1759 fratres,
2330 1708 2399 1747 ne
2434 1692 2560 1747 talia
2589 1694 2784 1749 vestris
2824 1695 2877 1748 in
2918 1692 3179 1751 Ecclesiis
3210 1711 3331 1765 per-

1675 1758 1718 1813 B
1748 1780 1976 1837 mittatis
2028 1782 2286 1853 deinceps
2338 1785 2492 1850 fieri,
2543 1801 2611 1841 ne
2662 1800 2794 1857 grex
2840 1787 3079 1856 pretioso
3128 1786 3332 1842 Christi

1745 1874 2013 1944 sanguine
2057 1875 2395 1946 redemptus,
2435 1880 2490 1933 in
2518 1880 2902 1948 praecipitium,
2947 1880 3095 1949 quod
3147 1879 3327 1935 absit!

1692 2042 1695 2047 Α
1744 1976 1886 2021 ruat.
1918 1966 2146 2038 Propter
2180 1968 2327 2039 quod
2371 1987 2389 2020 ι
2413 1970 2678 2025 assumite
2710 1980 3047 2047 armaturam
3083 1970 3199 2035 Dei,
3222 1989 3241 2023 ι
3272 1981 3332 2025 ut

1744 2059 1968 2132 possitis
2014 2062 2271 2117 resistere
2303 2062 2388 2118 his
2435 2063 2526 2133 qui
2566 2063 2952 2118 contradicunt
2982 2063 3243 2119 veritati:
3274 2074 3329 2117 et

1751 2153 2001 2220 «induite
2051 2168 2147 2209 vos
2196 2154 2427 2209 loricam
2466 2155 2729 2225 justitiae,
2782 2155 3013 2211 calceati
3058 2156 3224 2228 pedes
3271 2156 3327 2211 in

1744 2248 2142 2318 praeparatione
2173 2236 2455 2319 Evangelii
2483 2248 2634 2318 pacis
2659 2250 2727 2303 ".
2750 2267 2771 2300 ι

2502 2339 2569 2394 Π.

2063 2430 2138 2485 De
2174 2430 2496 2501 appellanda
2535 2432 2655 2486 sede
2690 2432 3001 2503 apostolica.

1814 2524 1857 2558 "
1895 2525 1953 2582 Si
1984 2526 2111 2597 quis
2138 2540 2267 2581 vero
2298 2535 2545 2581 vestrum
2574 2526 2828 2597 pulsatus
2860 2525 3026 2583 fuerit
3051 2526 3107 2581 in
3141 2524 3326 2597 aliqua
3354 2596 3360 2605 I

1743 2614 2095 2685 adversitate,
2127 2615 2373 2683 licenter,
2411 2617 2554 2673 hanc
2589 2624 2835 2673 sanctam
2879 2624 2935 2672 et
2966 2617 3326 2687 apostolicam

1745 2708 1975 2779 appellet
2019 2708 2223 2777 sedem,
2265 2717 2321 2764 et
2350 2709 2417 2764 ad
2449 2724 2592 2775 eam,
2621 2709 2780 2780 quasi
2826 2709 2893 2765 ad
2930 2718 3116 2780 caput,
3156 2710 3332 2766 suﬁ‘u-

1702 2864 1705 2865 7
1745 2801 1893 2873 gium
1935 2800 2152 2866 habeat,
2187 2817 2258 2856 ne
2288 2802 2556 2859 innocens
2607 2801 2918 2868 damnetur,
2957 2812 3052 2858 aut
3084 2802 3330 2859 Ecclesia

1744 2909 1843 2949 sua
1875 2894 2262 2949 detrimentum
2288 2894 2545 2964 patiatur.
2587 2893 2645 2949 Si
2668 2905 2851 2950 autem
2876 2896 2927 2951 ei
2951 2911 3177 2951 necesse
3204 2896 3329 2951 fue-

1743 2986 1817 3040 rit
1839 2986 1883 3017 7’
1908 3000 2140 3055 eamque
2169 2985 2444 3055 appellare
2479 2985 2706 3041 minime
2730 3001 2900 3043 ausus
2929 2986 3115 3053 fuerit,
3143 2997 3199 3043 et
3227 3004 3329 3043 vo-

113 3080 130 3115 t
163 3064 293 3123 State
320 3084 470 3141 ergo,
530 3070 879 3126 dilectissimi
906 3112 921 3138 ,
955 3086 1119 3141 super
1148 3071 1286 3136 vias,
1320 3071 1641 3141 aspicientes
1671 3094 1715 3153 ο
1747 3084 1903 3132 catus
1934 3084 2113 3131 tamen
2146 3077 2214 3131 ab
2244 3077 2346 3131 hac
2386 3086 2577 3133 sancta
2609 3080 2738 3133 sede
2769 3078 2953 3145 fuerit,
2989 3094 3100 3133 non
3134 3090 3330 3135 renuat

108 3167 151 3211 et
174 3159 556 3235 interrogantes
581 3163 650 3218 de
674 3164 885 3219 semitis
909 3164 1122 3221 Domini
1178 3164 1445 3234 antiquis,
1479 3176 1535 3219 et
1559 3165 1643 3219 vi-

111 3252 211 3309 dete
236 3273 348 3327 qua:
378 3270 461 3315 est
488 3261 577 3314 via
598 3259 811 3314 Domini
837 3259 981 3316 bona
1015 3269 1067 3315 et
1092 3269 1263 3327 recta,
1296 3268 1349 3315 et
1374 3259 1648 3315 ambulate

114 3342 157 3397 lu
182 3362 254 3415 ea,
284 3360 334 3405 et
364 3351 656 3409 invenietis
690 3353 934 3421 requiem
979 3352 1267 3408 animabus
1296 3354 1493 3409 vestris
1518 3354 1585 3408 ⁸⁸.
1620 3371 1642 3406 ι

111 3434 217 3493 Data
240 3457 321 3496 xvi
345 3444 388 3475 ⁶⁶
411 3444 640 3502 Kalend.
672 3444 818 3510 Maii,
848 3445 950 3501 sub
970 3444 1210 3499 Adriano
1236 3456 1290 3501 et
1310 3445 1453 3502 Vero
1476 3447 1540 3501 ⁸⁷.

639 3535 970 3593 EPISTULA
1009 3536 1072 3591 ll.

548 3644 619 3685 AD
659 3644 830 3684 ΟΜΝ-15
861 3644 1161 3685 ECCLESIAS.

169 3714 351 3786 Sixtus,
383 3721 714 3777 universalis
748 3721 1061 3791 apostolica:
1093 3722 1205 3792 (15)
1239 3721 1494 3778 Ecclesire
1522 3722 1643 3793 epi-

113 3820 297 3879 scopas,
319 3814 574 3870 omnibus
598 3812 870 3884 episcopis
900 3811 954 3866 in
980 3812 1234 3879 Domino;
1263 3814 1520 3869 salutem.

170 3948 204 3981 “
231 3951 361 4006 Idem
391 3953 530 4010 infra
563 3954 616 4008 in
649 3952 808 4023 epist.
856 3949 986 4005 Julii
1021 3966 1173 4021 papze
1206 3950 1270 4017 ll,
1307 3967 1426 4074 car.

170 4033 354 4074 summa
381 4026 651 4074 sententia
704 4032 786 4074 est
824 4022 945 4074 156.
977 4038 1039 4074 ex
1069 4024 1324 4074 versione
1392 4023 1426 4074 ll

116 4016 354 4091 desumpta
381 4026 651 4079 sententia
683 4016 786 4077 'est
824 4022 945 4088 156,
977 4016 1039 4075 ei
1069 4016 1324 4077 versione
1373 4016 1451 4078 [tu

1747 3166 1963 3234 venire;
1998 3167 2094 3223 sed
2136 3166 2461 3234 confestim,
2487 3175 2548 3221 ttt
2574 3166 2627 3221 ei
2660 3168 2972 3222 nuntiatum
3014 3166 3200 3235 fuerit,
3230 3183 3329 3223 ve-

1752 3261 1871 3315 nire
1916 3260 2157 3327 festinet,
2194 3269 2250 3316 et
2294 3276 2511 3327 causas,
2546 3276 2647 3331 pro
2695 3260 2898 3331 quibus
2939 3268 3166 3316 vocatus
3221 3269 3327 3327 est,

1750 3351 2045 3422 prudenter
2073 3352 2348 3421 disponat,
2379 3362 2542 3421 atque
2569 3352 2616 3408 si
2644 3366 2873 3407 necesse
2909 3350 3117 3425 aliquid
3154 3351 3332 3406 corri-

1750 3457 1875 3516 gere
1905 3442 2090 3509 fuerit,
2114 3458 2238 3498 cum
2271 3444 2356 3498 his
2382 3457 2522 3514 quos
2547 3443 2635 3498 hic
2656 3442 2862 3512 primos
2892 3442 3179 3506 invenerit,
3210 3458 3337 3498 cor-

1755 3522 1995 3605 rigat."
2022 3531 2103 3589 Ad
2124 3533 2425 3590 Ecclesiam
2457 3545 2640 3589 tamen
2672 3550 2827 3589 suam
2861 3532 2977 3603 (16)
3033 3548 3144 3587 non
3175 3532 3331 3601 prius

1753 3633 2091 3701 revertatur,
2138 3640 2303 3695 quam
2347 3624 2543 3681 litteris
2581 3624 2897 3695 apostolicis
2942 3622 3028 3677 vel
3080 3622 3331 3677 formatis

1751 3717 1983 3789 pleuiter
2035 3717 2337 3772 instructus
2388 3725 2551 3787 atque
2595 3725 2859 3788 purgatus
2905 3715 3008 3781 sit,
3066 3714 3113 3769 si
3164 3712 3331 3769 fuerit

1752 3810 1917 3878 unde,
1953 3818 2013 3865 ut
2053 3820 2339 3882 postquam
2370 3808 2594 3865 domum
2628 3823 2878 3865 reversus
2909 3805 3096 3870 fuerit,
3124 3821 3330 3877 cogno-

1477 3952 1564 4025 μ,
1587 3956 1652 4010 ad
1672 3952 1836 4009 Hadr.
1870 3956 1996 4010 coll.
2031 3971 2154 4025 cap.
2188 3957 2242 4010 ιι.
2318 3955 2361 3987 ⁸⁸
2394 3970 2458 4008 ex
2496 3951 2801 4009 Enchiridio
2827 3950 2983 4025 X__vsti
3019 3949 3330 4025 philosophi

1459 4022 1569 4077 [lini
1600 4026 1696 4093 qui
1731 4025 1838 4080 $60
1879 4036 2001 4093 post
2039 4022 2253 4081 Sixtum
2285 4027 2305 4079 Ι
2338 4040 2531 4093 papam
2584 4026 2755 4093 antiis
2774 4023 2924 4077 vixit.

3034 4021 3078 4051 ⁸³
3110 4022 3127 4072 l
3167 4019 3325 4074 Joau.

114 4101 165 4157 ι),
190 4091 262 4145 l9.
362 4094 407 4126 “
429 4096 572 4151 Psal.
607 4108 826 4157 cxxxtx,
849 4093 901 4145 4.
998 4093 1042 4123 ⁸⁸
1069 4091 1179 4145 Jer.
1214 4109 1287 4156 vt,
1329 4094 1413 4147 16.
1515 4093 1559 4125 ⁸⁸
1586 4091 1671 4149 va

1816 4098 1858 4128 ⁸⁷
1882 4091 2025 4153 falsa
2059 4091 2378 4152 consulatus
2406 4091 2553 4147 nota.
2632 4096 2675 4124 ⁸⁸
2725 4092 2800 4147 De
2828 4107 3057 4148 consecr.
3104 4092 3231 4144 dist.
3263 4091 3283 4144 l
3312 4109 3325 4144 :

118 4154 365 4235 _l_n_saucta
395 4154 877 4235 apostolicarldem
906 4161 1052 4235 infra
1089 4154 1389 4235 in_decret.i
1418 4162 1677 4235 Stephani
1712 4167 1754 4226 Ι,
1798 4168 1958 4235 cuius
1999 4167 2214 4222 initium
2250 4176 2331 4235 est
2358 4184 2369 4218 :
2401 4164 2719 4235 Quanquam
2740 4179 2967 4235 sperem.
3008 4233 3021 4235 _
3044 4163 3343 4235 “plagam

116 4224 350 4300 "Ephes.
395 4224 467 4301 vi,
534 4236 621 4298 ll,
669 4233 755 4294 H.
792 4233 880 4302 15.
920 4263 991 4272 -
1038 4232 1093 4285 1η
1147 4232 1283 4288 Luc.
1330 4224 1580 4289 additur;
1619 4224 1753 4288 Item
1787 4224 1969 4291 Six'tus
1997 4236 2053 4290 in
2075 4232 2305 4290 secunda
2330 4224 2587 4302 epistola:
2708 4224 2839 4292 "'2.
2889 4248 2942 4300 q.
2997 4233 3061 4286 6:
3100 4224 3158 4286 Si
3211 4224 3328 4301 quis

117 4310 326 4356 vestrum.
396 4307 439 4338 ⁷¹
466 4307 515 4361 ei
550 4306 797 4360 evenerit.
832 4301 1056 4362 Luc.:ei
1075 4304 1247 4357 venire
1287 4314 1441 4374 atque
1476 4305 1741 4374 appellare
1778 4309 1991 4362 minime
2023 4310 2205 4377 fuerit.
2281 4306 2326 4336 ⁷³
2356 4301 2410 4373 8,
2442 4323 2498 4377 q.
2526 4307 2559 4361 5
2596 4326 2609 4361 :
2644 4303 2874 4370 Quilibet
2897 4303 3148 4371 fratrum.

175 4416 281 4492 (ιελ
308 4421 626 4479 Universalis
668 4422 993 4492 apostolicae.
1025 4418 1081 4473 ln
1115 4421 1279 4489 hujus
1307 4422 1547 4491 epistola:
1577 4422 1646 4475 ti-

1754 4440 1916 4479 mano
1972 4425 2215 4485 pontifici
2268 4425 2369 4479 soli
2427 4423 2720 4480 convenire
2772 4420 3047 4475 evidenter
3106 4416 3334 4473 convin-

120 4486 210 4539 tulo
249 4489 431 4564 Status
474 4484 753 4564 pontifeit,
791 4508 923 4564 non,
971 4500 1029 4544 ut
1084 4484 1308 4559 quidam
1340 4484 1648 4564 'novatores
1682 4484 1723 4537 Ι)
1754 4505 1904 4550 cunt.
1944 4494 2014 4550 Ut
2062 4496 2289 4564 reliquis
2335 4491 2986 4564 Christiantereligionis
3031 4487 3330 4564 episcopis.

119 4560 261 4634 {mostri
286 4560 539 4634 temporis
562 4570 847 4625 notarunt,
876 4561 1018 4616 fastu
1045 4563 1333 4634 superbire,
1367 4570 1461 4634 aut
1490 4563 1647 4634 titulo

122 4631 524 4703 inconvenienter
577 4643 844 4703 usurpato
905 4648 963 4686 se
1015 4633 1340 4703 universalis
1394 4631 1652 4703 Ecclesiae

121 4697 395 4771 SPiSQOpum
425 4706 692 4769 nominat,
716 4697 808 4757 sed
827 4702 950 4769 jure
971 4715 1035 4754 ac
1056 4702 1212 4755 titulo
1234 4702 1651 4756 successoribus

121 4761 508 4844 Petri,'pr0pter
554 4761 725 4843 legem
759 4761 1238 4844 et'iustitutionem
1280 4771 1506 4844 Christi,
1529 4772 1651 4844 jus-_

124 4836 520 4899 tissime'debito.
561 4836 662 4900 cui
705 4844 846 4898 enim
880 4842 1118 4896 universi
1149 4844 1325 4911 gregis
1355 4836 1653 4895 Christiani

125 4912 373 4986 pastoralis
398 4931 523 4969 cura
556 4915 878 4986 demandata
901 4921 1011 4977 .est,
1033 4911 1231 4986 Joann.
1260 4927 1380 4979 cap.
1407 4928 1519 4986 xm,
1545 4928 1655 4965 non

128 4982 284 5046 Inique
313 4983 522 5039 titulum
580 4986 684 5040 sibi
736 4985 802 5036 de
848 4983 970 5051 jure
1014 4983 1198 5036 divino
1246 4982 1655 5035 convenientem

128 5056 339 5125 usurpat.
362 5055 548 5125 Quid?
574 5054 719 5125 quod
751 5053 1091 5125 Tertulliano
1124 5052 1264 5105 libro
1301 5051 1372 5104 Dc
1397 5054 1658 5125 pudicitia

128 5116 274 5197 Capite
298 5116 462 5190 primo
486 5116 799 5197 atto-stante,
825 5122 1011 5197 Victor
1037 5134 1063 5162 ι
1094 5138 1228 5191 papa
1260 5136 1319 5175 se
1347 5116 1655 5197 pontificem

131 5193 390 5263 maximum
438 5206 489 5250 et
541 5196 857 5263 episcopum
924 5195 1305 5263 episcoporum
1378 5193 1657 5245 nominet?

136 5254 341 5334 t._Atulio.
365 5264 537 5334 inquit
569 5254 974 5326 Terttt'llianus;
988 5254 1152 5318 etiam
1181 5264 1419 5334 edictum
1452 5277 1656 5334 propo-

131 5332 286 5407 ξηιιιξι,
322 5342 372 5386 et
399 5331 614 5404 quidem
643 5336 1060 5407 peremptorium
1092 5352 1105 5386 :
1147 5331 1412 5407 pontifex,
1452 5332 1659 5407 scilicet

135 5401 388 5477 maximus,
413 5401 465 5477 et
506 5401 799 5477 cpiscopus
830 5401 1220 5477 ’episc0porum
1258 5403 1390 5477 dicit
1420 5421 1431 5456 :
1456 5401 1571 5469 Ego
1595 5411 1660 5477 _et

136 5469 330 5540 "multis
359 5484 408 5528 et
451 5469 828 5531 fornicationis
871 5469 1086 5539 delicta,
1119 5493 1136 5524 ι
1170 5484 1273 5527 etc.
1324 5472 1454 5537 Quae
1497 5473 1661 5527 verba

140 5537 230 5614 Si“?
264 5537 590 5614 Tertulliani,
635 5547 768 5612 sive,
798 5546 944 5614 quod
980 5537 1328 5614 probabilius
1358 5552 1460 5607 est,
1498 5543 1661 5614 θάξςιί

137 5611 257 5671 ⁸³¹¹ιι
294 5614 546 5674 universa:
577 5611 857 5673 Ecclesiae
895 5611 1141 5685 regimen
1195 5630 1259 5669 ac
1298 5613 1513 5671 titulum
1563 5612 1665 5670 Ro-

202 5750 227 5781 ⁸
251 5742 590 5826 Ὶθριιγτίιιυῐη
626 5758 806 5831 potius
838 5759 1106 5835 intelligit.

1797 4566 1850 4619 ui
1876 4581 2072 4620 omnes
2099 4558 2252 4634 teque
2282 4565 2482 4619 summi
2514 4558 2830 4634 sacerdotes
2856 4570 3019 4634 atque
3049 4558 3334 4634 pontifices

1798 4635 2075 4690 icehantur
2113 4626 2197 4703 (ιιί
2229 4635 2425 4688 Baron.
2466 4633 2652 4686 multis
2692 4626 2959 4703 exemplis
3000 4626 3229 4703 inmotis
3264 4626 3333 4680 ad

1758 4703 1919 4758 Rom.
1970 4700 2197 4776 martyr.
2248 4706 2335 4759 die
2377 4703 2645 4776 9_Aprilis_
2692 4702 3007 4776 declarat),
3055 4700 3337 4776 Romanus

1758 4776 2040 4844 pontifex,
2077 4768 2229 4829 urbis
2270 4783 2323 4829 et
2359 4768 2510 4827 orbis
2545 4774 2712 4826 totius
2746 4772 3058 4844 episcopus,
3095 4769 3241 4824 Petri
3278 4768 3333 4820 in

1760 4833 1956 4899 ciliciis
1986 4833 2039 4898 et
2073 4844 2366 4913 privilegiis
2410 4859 2720 4907 successor,
2754 4833 3175 4913 tl'isceriieretnr,
3199 4833 3379 4913 Aine-1.

1762 4916 1897 4977 rito,
1934 4910 2154 4984 propter
2188 4910 2575 4983 praerogativas
2624 4914 2997 4982 apostolorum
3038 4910 3267 4980 principi
3304 4926 3336 4962 a

1758 4984 1981 5058 Christo
2033 5000 2348 5058 conetassas,
2398 4984 2641 5052 pontifex
2661 4984 2990 5058 __t_uax_itm_ts,
3046 4984 3336 5058 episcopus

1761 5056 2142 5124 episcoporum
2181 5056 2481 5123 appellatus
2516 5064 2618 5108 est.
2661 5052 2754 5108 llis
2790 5053 2961 5106 titulis
3009 5052 3337 5124 nou‘umni-

1760 5119 1864 5179 bus
1910 5119 1965 5177 in
2001 5128 2163 5179 rebus
2200 5119 2275 5178 uti
2313 5134 2754 5187 consueverunt,
2803 5124 2896 5177 sed
2956 5132 3067 5174 tum
3117 5119 3334 5171 demum

1761 5208 1885 5248 cum
1923 5196 2052 5264 quid
2089 5196 2302 5264 publice
2338 5196 2389 5246 in
2420 5195 2712 5264 universali
2752 5192 2994 5264 Ecclesia
3018 5189 3336 5264 edicendum

1762 5258 2019 5328 essetfut
2066 5258 2263 5319 accidit
2316 5272 2558 5334 tempore
2616 5260 3039 5334 Tertulliauiiu
3091 5258 3334 5334 promul-

1764 5336 1941 5403 gaudo
1976 5336 2194 5388 decreto
2229 5336 2296 5388 de
2332 5333 2653 5405 recipiendis
2684 5334 2740 5405 in
2770 5331 3063 5405 Ecclesium
3095 5330 3337 5405 fornica-

1764 5398 1860 5465 riis
1894 5406 2305 5475 paenitentibus.
2336 5398 2467 5457 Vide
2499 5403 2790 5458 Baronium
2815 5398 3181 5475 anu_o‘(_)ht_'isti
3213 5398 3339 5475 inii,

1766 5492 1821 5529 tt.
1859 5466 1908 5531 4·
1925 5487 1975 5530 et
2007 5476 2133 5538 216,
2173 5492 2316 5529 num.
2349 5475 2382 5527 4
2409 5481 2461 5525 et
2492 5489 2645 5542 seqq.
2677 5472 2927 5542 usquead
2952 5471 3034 5542 l2.
3074 5469 3195 5542 Ser.

1840 5547 1951 5615 (l6)
1990 5547 2069 5598 Ad
2104 5546 2401 5619 Ecclesia»:
2431 5539 2624 5597 tamen
2650 5539 2820 5597 suam.
2871 5539 3000 5619 Vide
3029 5556 3149 5619 qua;
3181 5540 3341 5617 habet

1769 5611 2024 5674 Bellarm.
2064 5619 2157 5674 lib.
2196 5635 2211 5675 ι
2250 5617 2323 5672 De
2364 5615 2513 5672 Rom.
2557 5624 2733 5685 pout.,
2754 5628 2873 5683 cap.
2922 5611 3151 5681 ‘21.,ubi
3198 5611 3338 5665 inter
