3766 6322
412 329 551 386 1079

1708 326 2136 387 TELESPHORI
2172 326 2376 385 PAPIE

3519 323 3645 379 NBG

409 457 566 504 scant
593 447 758 503 vicini
789 446 895 514 sui,
918 446 1151 515 qualiter
1179 446 1268 501 hic
1301 461 1399 507 sua
1438 446 1781 515 aliorumque
1808 462 1975 502 causa
2006 454 2047 505 A
2077 456 2255 500 autem
2302 445 2458 502 aliter
2504 457 2665 517 agere
2706 441 3133 515 przesumpserit,
3166 448 3312 496 sciat
3359 454 3641 494 censuram

405 537 659 595 discussa
685 536 870 602 fuerit,
907 546 1180 607 quatenus
1206 551 1325 592 eam
1352 537 1558 605 absque
1589 537 1767 605 aliqua
1798 537 1973 595 ambi-

407 626 611 697 guitate
635 626 887 687 nuntiare
911 636 964 681 et
992 626 1285 696 praedicare
1314 626 1569 681 omnibus
1598 626 1799 696 possit;
1829 625 1874 655 "
1904 625 1972 679 ab

407 721 511 779 hac
547 720 693 775 enim
732 729 923 776 sancta
968 721 1116 785 sede,
1157 735 1189 774 a
1231 720 1436 774 sanctis
1478 719 1763 788 apostolis,
1806 719 1967 784 tueri,

403 808 619 866 defendi
646 818 702 866 et
727 810 948 871 liberari
980 811 1220 883 episcopi
1245 811 1385 881 jussi
1423 818 1571 875 sunt,
1605 818 1666 864 ut
1699 810 1840 866 sicut
1877 824 1971 863 eo-

402 918 526 958 rum
558 901 936 972 dispositione,
968 902 1257 958 ordinante
1285 901 1539 969 Domino,
1564 902 1814 973 primitus
1843 912 1970 968 sunt

402 993 709 1060 constituti,
727 993 809 1049 sic
833 994 998 1064 hujus
1024 1004 1227 1060 sanctae
1252 994 1418 1059 sedis,
1439 995 1597 1065 cujus
1622 994 1967 1063 dispositioni

399 1099 592 1143 earum
634 1099 831 1140 causas
868 1093 923 1140 et
958 1084 1163 1156 judicia
1208 1094 1577 1149 servaverunt,
1607 1085 1965 1159 protectione,

399 1175 966 1246 futuristemporibus
994 1176 1104 1231 sint
1130 1177 1198 1231 ab
1228 1177 1484 1235 omnibus
1517 1174 1967 1247 perversitatibus

400 1282 615 1336 semper
652 1267 826 1333 liberi.
872 1266 1027 1323 Unde
1067 1268 1356 1338 culpantur
1395 1268 1452 1323 hi
1488 1268 1580 1339 qui
1623 1268 1782 1325 aliter
1820 1267 1965 1322 circa

398 1357 596 1418 fratres
619 1360 846 1430 egerint,
867 1376 1035 1430 quam
1058 1360 1223 1432 hujus
1254 1361 1400 1417 sedis
1423 1360 1727 1422 rectoribus
1752 1360 1965 1435 placere

397 1454 774 1524 cognoverint.

392 1698 400 1707 I
467 1632 545 1695 De
576 1634 832 1704 episcopis
853 1635 1004 1691 rebus
1036 1636 1298 1707 spoliatis,
1325 1636 1404 1691 vel
1432 1652 1464 1689 a
1488 1635 1609 1689 sede
1641 1633 1886 1704 pulsatis.

465 1723 565 1784 His
601 1726 781 1781 taliter
820 1726 1216 1795 consideratis,
1251 1734 1415 1797 atque
1460 1742 1586 1782 cum
1623 1726 1959 1796 reliquorum

2072 537 2236 610 hujus
2262 537 2406 592 sedis
2430 552 2555 592 cum
2587 535 2839 590 omnibus
2866 534 3127 590 membris
3156 532 3279 589 suis
3312 531 3424 587 sibi
3463 544 3643 587 ventu-

2070 644 2209 683 ram.
2244 626 2308 681 Et
2338 628 2479 682 sicut
2503 626 2695 697 egerit,
2732 626 2805 680 ita
2831 624 3084 699 recipiet;
3120 624 3171 677 si
3205 623 3375 688 bene,
3406 621 3575 689 bene;
3601 624 3643 675 si

2071 733 2252 789 grave,
2272 733 2462 789 grave;
2487 718 2532 773 si
2558 717 2812 787 pessime,
2831 716 3095 784 pessime:
3119 731 3139 766 ‹
3164 712 3438 783 quoniam
3462 713 3647 779 dignas

2069 820 2152 864 est
2177 804 2459 879 operarius
2485 808 2731 863 mercede
2755 822 2853 862 sua
2875 808 2941 861 ⁷⁸.
2965 825 2983 857 ι
3017 805 3151 868 Nos,
3181 805 3415 869 fratres,
3447 804 3644 859 nullum

2068 902 2291 971 perdere
2320 901 2589 965 volumus,
2606 899 2711 955 .sed
2751 899 2868 969 ipse
2892 913 2951 952 se
2979 896 3179 968 perdit,
3209 896 3310 967 qui
3342 896 3435 965 pie
3470 896 3646 950 consin

2068 991 2256 1057 derata
2284 991 2500 1056 avertit,
2527 998 2582 1045 et
2613 988 2707 1059 qui
2738 988 3108 1059 apostolorum
3150 997 3206 1041 et
3235 986 3417 1056 hujus
3456 995 3647 1039 sanes:

2067 1082 2211 1137 sedis
2241 1082 2458 1139 decreta
2483 1080 2714 1135 libenter
2739 1078 2923 1133 violat.
2956 1078 3000 1110 "
3041 1096 3061 1131 ι
3088 1076 3197 1133 Sed
3224 1092 3408 1141 nuc,
3438 1075 3643 1139 fratrm,

2066 1172 2513 1228 commendamus
2544 1186 2640 1226 vos
2662 1185 2852 1226 omnes
2886 1168 3140 1235 Domino,
3167 1176 3224 1223 et
3247 1168 3436 1222 verbo
3473 1166 3645 1236 grati:

2063 1263 2203 1334 ejus,
2234 1262 2326 1332 qui
2352 1271 2532 1333 potest
2561 1262 2819 1332 perlicere
2842 1270 2896 1317 et
2924 1262 3054 1317 dare
3081 1260 3478 1317 hmreditatem
3502 1258 3645 1313 ταὼ

2062 1370 2188 1411 cum
2232 1354 2485 1410 omnibus
2532 1354 2737 1410 sanctis
2764 1354 2831 1408 ⁷⁸.
2870 1372 2890 1406 ι
2925 1354 3049 1424 Ipse
3083 1361 3273 1407 autem
3307 1349 3466 1406 Deus
3509 1350 3646 1421 pacis

2062 1456 2118 1503 et
2155 1447 2566 1512 consolationis,
2600 1465 2619 1500 ι
2641 1447 2732 1502 det
2758 1446 2913 1502 vobis
2954 1446 3193 1517 idipsum
3234 1459 3450 1514 sapere
3488 1443 3544 1498 in
3574 1443 3645 1496 al-

2061 1547 2393 1603 terutrum,»
2441 1547 2501 1593 ut
2540 1536 2696 1593 vobis
2744 1538 2974 1592 invicem
3017 1535 3413 1600 succurratis,
3455 1544 3513 1589 et
3547 1549 3644 1588 nea

2062 1629 2182 1685 sitis
2230 1629 2409 1696 divisi,
2442 1647 2461 1682 ι
2484 1637 2547 1684 ιιι
2588 1629 2905 1696 unanimes,
2942 1643 3052 1682 uno
3091 1643 3193 1684 ore
3234 1637 3299 1682 et
3338 1641 3462 1682 uno
3495 1626 3645 1680 corde

2061 1720 2482 1777 honorificemus
2501 1735 2625 1777 eum
2654 1721 2709 1776 in
2739 1719 3030 1776 concordia
3052 1720 3098 1752 τ’
3120 1739 3140 1773 ι
3177 1729 3233 1774 et
3258 1718 3645 1774 consolatione

393 1816 777 1887 episcoporum
820 1818 1074 1884 decretis,
1114 1795 1375 1894 tanquam
1402 1817 1451 1850 "
1482 1795 1958 1870 omniumicuram
1990 1795 2032 1849 Β
2061 1812 2327 1876 fratrum,
2377 1812 2512 1884 «qui
2563 1822 2756 1883 potens
2806 1823 2889 1869 est
2930 1813 3266 1868 continuare
3343 1810 3640 1865 secundum

392 1916 666 1978 gerentes,
694 1918 913 1979 prOpter
937 1909 1080 1964 sedis
1102 1909 1336 1981 propriae
1362 1908 1572 1979 apicem
1592 1906 1959 1972 decernimus,

395 2007 453 2059 ut
495 2014 656 2063 nemo
691 1999 1027 2069 pontificum,
1059 2000 1294 2071 aliquem
1334 2001 1451 2055 suis
1490 1999 1655 2055 rebus
1690 1997 1971 2067 exspolia-

390 2099 507 2147 tum
553 2092 894 2169 episcopum,
931 2100 1026 2146 aut
1063 2106 1093 2146 a
1133 2092 1260 2147 sede
1303 2091 1543 2161 pulsum,
1582 2087 1962 2146 excommuni-

388 2192 519 2236 care
547 2188 643 2236 aut
663 2181 912 2252 judicare
949 2190 1277 2252 praesumat;
1309 2183 1437 2254 quia
1473 2197 1583 2237 non
1614 2190 1699 2238 est
1738 2180 1961 2251 privile-

389 2271 562 2343 gium,
593 2287 704 2343 quo
746 2271 1037 2343 exspoliari
1081 2273 1257 2347 possit
1291 2273 1407 2345 jam
1436 2274 1695 2339 nudatus.
1742 2270 1801 2326 Si
1834 2272 1959 2343 quis

1971 2452 2040 2475 ’ᾳ

2061 1902 2415 1989 Evangelium
2458 1904 2599 1974 ejus,
2629 1904 2786 1974 juxta
2826 1903 3215 1960 revelationem
3265 1903 3529 1975 mysterii
3561 1903 3636 1954 ⁸⁹ι

2064 1996 2272 2061 teterni,
2311 1992 2647 2065 temporibus
2677 1993 2884 2049 scilicet
2912 1993 3217 2064 perpetuis,
3250 1992 3472 2062 quibus
3499 1990 3641 2047 vobis

2057 2100 2291 2145 munera
2319 2086 2624 2142 futurorum
2648 2085 2971 2157 gaudiorum
2996 2084 3288 2155 largienda
3323 2092 3485 2139 sunt.

2132 2177 2265 2233 Data
2306 2194 2361 2232 ut
2395 2176 2625 2233 Kalend.
2668 2176 2894 2246 Aprilis,
2922 2176 3168 2233 Adriano
3212 2183 3271 2231 et
3317 2172 3476 2230 Vero
3518 2173 3642 2229 viris

2060 2269 2381 2326 clarissimis
2408 2269 2726 2325 consulibus
2747 2268 2816 2324 ⁸³.

393 2572 735 2637 Decretum
775 2574 935 2638 Sixti
967 2590 1047 2640 ex
1083 2575 1303 2641 codice
1330 2577 1406 2639 16
1442 2576 1785 2655 librorum,
1829 2576 1945 2641 lib.
1976 2595 2086 2719 1rvl,
2119 2592 2256 2717 esp.
2293 2576 2354 2650 5,
2389 2573 2656 2643 dubium
2687 2577 2925 2648 tamen,
2983 2586 3061 2634 an
3103 2569 3337 2650 primi,
3380 2570 3635 2635 secundi

1893 2674 1967 2719 ve
2076 2675 2142 2719 er
2178 2674 2244 2716 ιι.

1893 2674 1994 2719 vel
2051 2674 2244 2720 lCI‘lll.

387 2813 469 2869 De
489 2814 825 2886 presbyteris,
857 2833 1198 2890 perquorum
1224 2820 1595 2890 negligentiam
1621 2821 1733 2874 sine
1760 2820 1959 2890 baptis-

738 2898 876 2941 mate
904 2888 1107 2958 .aliquis
1142 2888 1380 2944 mortuus
1422 2890 1602 2959 fuerit.

457 2994 800 3068 Perpendant
850 3001 1184 3079 presbyteri,
1226 3003 1414 3073 quanti
1461 2984 1954 3069 discriminis‘sit,

386 3088 599 3145 animas
620 3089 971 3147 innocentum
995 3109 1089 3163 per
1113 3109 1302 3150 eorum
1329 3096 1707 3167 negligentiam
1734 3111 1765 3149 a
1790 3110 1957 3166 regno

386 3177 482 3233 Dei
528 3180 763 3246 excludi.
796 3180 853 3237 Si
892 3185 1040 3239 enim
1080 3187 1338 3256 gaudium
1384 3178 1469 3241 est
1514 3187 1568 3241 in
1614 3187 1753 3242 coelo
1794 3200 1957 3255 super

386 3285 499 3326 uno
536 3281 824 3355 peccatore
855 3276 1234 3355 pmuitentiam
1279 3287 1474 3350 agente
1495 3279 1577 3346 ⁸²;
1608 3278 1738 3349 quid
1774 3286 1953 3347 putas.

384 3371 587 3429 quanta
630 3363 711 3425 ira
747 3373 803 3420 et
842 3367 1142 3439 indignatio
1177 3385 1343 3441 super
1377 3372 1530 3439 illum
1572 3371 1709 3437 erit,
1735 3369 1828 3441 qui
1859 3384 1955 3439 per

2064 2833 2219 2873 suam
2266 2816 2649 2889 negligentiam
2691 2816 2916 2902 januam
2962 2814 3210 2887 paradisi
3258 2815 3642 2871 innocentibus

2062 2909 2302 2965 claudit?
2349 2908 2416 2963 Et
2462 2909 2584 2964 ideo
2621 2907 2921 2980 presbyteri
2956 2921 3173 2963 summa
3218 2907 3524 2978 diligentia
3560 2921 3639 2961 ca-

2061 3009 2242 3067 veant,
2269 3016 2337 3056 ne
2372 3000 2588 3064 animae,
2616 3014 2718 3070 pro
2753 2999 2953 3070 quibus
2994 2998 3226 3067 sanguis
3257 2997 3490 3055 Christi
3522 2997 3641 3053 elu-

2062 3111 2158 3152 sus
2193 3105 2298 3160 est,
2331 3111 2429 3167 per
2462 3112 2616 3151 suam
2657 3095 2926 3151 incuriam
2967 3110 2999 3149 a
3040 3095 3264 3151 cmlcsti
3303 3094 3643 3151 beatitudine

2061 3195 2410 3258 separentur;
2450 3188 2543 3242 sed
2570 3187 2636 3255 si,
2663 3186 2809 3257 quod
2832 3187 3001 3245 absit!
3028 3188 3302 3255 evenerit,
3338 3190 3509 3259 gravi
3535 3204 3643 3260 po-

2057 3277 2299 3333 nitentiae
2335 3278 2505 3333 luctui
2546 3293 2606 3333 se
2643 3278 2948 3348 submittat,
2980 3293 3076 3349 per
3111 3278 3285 3349 cujus
3327 3281 3639 3352 neglectum

2060 3380 2318 3425 evenerit.

480 3528 591 3586 Ἐι
629 3530 1022 3588 sententialiter
1062 3531 1117 3585 in
1146 3530 1296 3587 decr.
1328 3530 1469 3586 Sixti
1499 3530 1570 3595 Il,
1594 3539 1650 3584 et
1690 3529 1745 3582 in
1778 3529 1926 3583 decr.
1953 3525 2082 3582 Iulii
2110 3543 2283 3598 papae.
2358 3531 2403 3563 ⁷⁵
2432 3527 2608 3583 Verba
2641 3528 2943 3597 Tripartitaz
2971 3543 3047 3594 tv,
3085 3527 3175 3591 15,
3210 3542 3281 3584 ex
3316 3529 3463 3586 Soz.
3492 3546 3570 3593 nt,
3593 3531 3642 3584 7.

384 3600 533 3657 Idem
564 3601 795 3659 habetur
842 3601 983 3663 infra
1021 3601 1073 3654 in
1125 3601 1273 3664 decr.
1310 3600 1451 3656 Sixti
1488 3600 1557 3667 ΙΙ,
1598 3599 1756 3668 cujus
1792 3599 2049 3655 initium:
2084 3598 2279 3668 Magno
2312 3617 2459 3655 mun.
2509 3598 2575 3652 Et
2622 3598 2676 3652 in
2709 3601 2857 3653 decr.
2891 3599 3269 3654 Julii-contra
3303 3598 3640 3655 Orientales.

383 3672 432 3703 "
474 3669 610 3736 an.
652 3689 710 3737 κ.
767 3671 820 3733 7.

976 3669 1250 3753 yartinus
1277 3672 1386 3753 line
1411 3687 1532 3753 sin.
1556 3668 1938 3753 Alfateranensi
1985 3670 2128 3753 pnde
2162 3680 2216 3753 et
2250 3670 2386 3753 [his
2416 3669 2767 3753 prgecedentis
2820 3669 3080 3741 epistolae.
3157 3670 3203 3701 "
3230 3669 3367 3726 Act.
3430 3688 3533 3739 xx;
3560 3673 3639 3727 32.

328 3768 331 3771 -
383 3740 434 3773 "
464 3734 627 3797 Rom.
657 3734 749 3811 xv,
774 3742 830 3799 5.
902 3741 950 3774 ‘°
976 3734 1142 3798 Rom.
1163 3734 1275 3811 xvi,
1296 3734 1387 3798 95.
1443 3734 1504 3775 ⁷⁸³
1555 3734 1687 3800 falsa
1711 3738 1894 3794 itidem
1917 3734 2293 3809 subscriptio.'
2342 3742 2387 3774 “
2415 3734 2549 3825 Luc.
2581 3754 2670 3806 xv,
2706 3739 2756 3792 7.

383 3899 769 4004 Ρΐὲταεεῖἷνίίε
784 3904 943 4004 ,Ρθίτῖ
964 3930 1224 4004 ,ηωηὲςε
1239 3961 1254 3987 ν
1286 3922 1432 4004 (ιιιρά
1466 3921 1532 4004 in,
1556 3909 1807 4004 formata.
1828 3919 1946 4004 epi-

384 3986 547 4054 stola,
570 3986 741 4059 cujus
782 3987 1071 4045 formulam
1116 3986 1321 4054 ibidem
1359 3992 1685 4064 descriptam
1719 3986 1943 4059 habent,

2087 3926 2174 3974 ost
2204 3917 2576 3989 Patris,iFiliii
2602 3926 2657 3972 et
2679 3914 2937 3989 [Spiritus
2958 3916 3155 3989 sancti
3171 3932 3385 3989 nomen
3421 3925 3643 3988 aposto-

2072 4004 2228 4047 orum
2253 3988 2517 4060 principis
2548 3988 2694 4051 Petri
2722 3987 3108 4060 adjungebaut.
3133 3988 3266 4045 Sev.
3296 3987 3433 4043 Bm.

1013 4356 2378 4525 TELESPHORUS
2481 4357 2971 4517 PAPA

1756 4776 2267 4883 NOTITIA

473 4971 568 5035 (Ex
600 4972 750 5025 Libro
766 4976 1034 5038 pontiﬁcali
1058 4976 1254 5030 Damasi
1273 4992 1428 5041 papae,
1448 4993 1525 5043 ap.
1557 4982 1729 5043 must,
1754 4978 1957 5041 ConciL,
1994 4981 2035 5043 Ι,
2059 4980 2167 5031 655.
2190 5008 2253 5019 --
2268 4981 2379 5032 Vid.
2412 4979 2701 5049 Patrologiaz
2724 4974 2905 5033 Latina:
2925 4984 2963 5032 ι.
2990 4979 3223 5041 CXXVII,
3241 4981 3341 5032 col.
3367 4979 3539 5044 1175.)

1950 5155 2022 5168 _

412 5272 841 5357 “Telesphorus,
878 5276 1388 5357 nationeGrazcus,
1417 5294 1483 5335 ex
1516 5281 2053 5357 anachoreta_,__sedit
2086 5297 2260 5357 annos
2294 5283 2382 5349 ll,
2417 5296 2636 5336 menses
2667 5280 2870 5357 §,_dies
2901 5278 2990 5357 2f.
3027 5276 3158 5332 Fuit
3191 5286 3627 5357 autemtempo-

380 5344 533 5427 ribus
565 5344 826 5428 Antonini
859 5355 913 5428 et
945 5345 1115 5428 Marci
1141 5350 1780 5428 Amartyrio_corpna_t_ur_.
1841 5351 1954 5428 Hic
1977 5353 2267 5428 constituit
2311 5344 2622 5428 ut'_septem
2670 5350 3036 5428 hebdomadas
3081 5357 3212 5428 ante
3239 5348 3455 5403 Pascha
3479 5344 3628 5418 jeju-

380 5415 535 5497 nium
578 5415 968 5497 celebraretur.
1003 5416 1103 5473 Hic
1137 5415 1287 5497 fecit,
1311 5415 1397 5474 ἰιι
1428 5420 1493 5497 in
1527 5419 1703 5477 Natali
1740 5422 1958 5497 Domini
2003 5423 2175 5479 nostri
2219 5422 2346 5479 Jesu
2382 5415 2587 5497 Christi
2638 5430 2803 5497 noctu
2838 5422 3022 5497 missa_
3048 5415 3622 5497 celebrareturfeum

380 5486 531 5568 omni
564 5486 672 5541 alio
706 5495 951 5568 tempore
982 5500 1109 5553 ante
1138 5489 1286 5544 hora:
1321 5492 1492 5546 tertia:
1525 5506 1746 5547 cursum
1781 5493 1967 5568 nullus
1999 5492 2585 5568 pratsumeretmissas
2613 5490 2906 5568 celebrare,
2932 5488 3060 5568 quia
3091 5503 3157 5542 ea
3194 5490 3332 5543 hora
3348 5488 3623 5568 Dominus

378 5564 577 5638 noster
616 5557 961 5638 a's‘cenditnin
1001 5574 1262 5638 erucem}.
1306 5568 1453 5638 et_ut
1499 5571 1626 5617 ante
1672 5557 2018 5618 sacriﬁcium
2047 5564 2282 5638 hymnus
2323 5562 2595 5638 diceretur
2639 5557 2962 5638 angelicas,
2988 5559 3091 5638 hoc
3131 5568 3221 5638 est
3248 5579 3261 5613 :
3292 5578 3313 5610 ι
3341 5558 3526 5638 quria

379 5625 612 5679 excelsis
646 5625 783 5703 Deo_._
802 5644 822 5677 ι
862 5624 1125 5703 Hic_fecit
1143 5630 1522 5703 ordinationes
1556 5642 1791 5703 quatuor
1823 5650 1920 5703 per
1952 5624 2192 5703 mensem
2229 5632 2601 5703 Decembrem,
2624 5624 2969 5703 presbyteros
2992 5629 3082 5694 l2,
3117 5629 3386 5703 diaconos

3419 5629 3621 5697 ενενίέ

382 5709 580 5776 ggopos
605 5710 707 5776 per
732 5696 945 5776 diversa
980 5699 1099 5753 loca
1137 5700 1221 5776 εξ».
1251 5699 1355 5776 Qui
1391 5704 1555 5761 etiam
1574 5696 1840 5776 'sepultus'
1868 5711 1951 5759 est
1976 5702 2135 5775 juxta
2166 5718 2365 5774 corpus
2399 5702 2542 5760 beati
2576 5696 2721 5757 Petri
2752 5696 2804 5756 in
2837 5698 3103 5757 Vaticano
3136 5696 3319 5756 Nonis
3350 5696 3611 5754 Januarii.

381 5761 453 5821 Iit
482 5761 715 5821 Cessavit
747 5766 1091 5839 episcopatus
1126 5770 1241 5826 dies
1263 5761 1328 5824 "l.
