  <div class='ocr_page' id='page_1' title='image "/cluster/home/n/w/nwhite01/storage/ocr_20150623/5/hvd.32044019206598/549.png"; bbox 0 0 3802 6210; ppageno 0'>
   <div class='ocr_carea' id='block_1_1' title="bbox 450 289 591 350">
    <p class='ocr_par' dir='ltr' id='par_1_1' title="bbox 450 289 591 350">
     <span class='ocr_line' id='line_1_1' title="bbox 450 289 591 350; baseline -0.014 0"><span class='ocrx_word' id='word_1_1' title='bbox 450 289 591 350; x_wconf 71' lang='grc'><strong>1083</strong></span> 
     </span>
    </p>
   </div>
   <div class='ocr_carea' id='block_1_2' title="bbox 1811 280 2485 337">
    <p class='ocr_par' dir='ltr' id='par_1_2' title="bbox 1811 280 2485 337">
     <span class='ocr_line' id='line_1_2' title="bbox 1811 280 2485 337; baseline -0.001 -1"><span class='ocrx_word' id='word_1_2' title='bbox 1811 281 2238 337; x_wconf 77' lang='lat' dir='ltr'><strong>TELESPIIURI</strong></span> <span class='ocrx_word' id='word_1_3' title='bbox 2278 280 2485 337; x_wconf 65' lang='lat' dir='ltr'><strong>PAPE</strong></span> 
     </span>
    </p>
   </div>
   <div class='ocr_carea' id='block_1_3' title="bbox 3550 273 3685 328">
    <p class='ocr_par' dir='ltr' id='par_1_3' title="bbox 3550 273 3685 328">
     <span class='ocr_line' id='line_1_3' title="bbox 3550 273 3685 328; baseline 0 0"><span class='ocrx_word' id='word_1_4' title='bbox 3550 273 3685 328; x_wconf 61' lang='lat'><strong>10$!</strong></span> 
     </span>
    </p>
   </div>
   <div class='ocr_carea' id='block_1_4' title="bbox 448 391 3685 474">
    <p class='ocr_par' dir='ltr' id='par_1_4' title="bbox 448 391 3685 474">
     <span class='ocr_line' id='line_1_4' title="bbox 448 391 3685 474; baseline -0.005 -10"><span class='ocrx_word' id='word_1_5' title='bbox 448 423 574 465; x_wconf 89' lang='lat' dir='ltr'><strong>cum</strong></span> <span class='ocrx_word' id='word_1_6' title='bbox 608 404 661 461; x_wconf 88' lang='lat' dir='ltr'><strong>in</strong></span> <span class='ocrx_word' id='word_1_7' title='bbox 699 402 777 459; x_wconf 85' lang='lat' dir='ltr'><strong>eis</strong></span> <span class='ocrx_word' id='word_1_8' title='bbox 817 403 929 474; x_wconf 79' lang='grc'><strong>(21)</strong></span> <span class='ocrx_word' id='word_1_9' title='bbox 963 400 1278 458; x_wconf 82' lang='lat' dir='ltr'><strong>solemniter</strong></span> <span class='ocrx_word' id='word_1_10' title='bbox 1305 399 1621 465; x_wconf 79' lang='lat' dir='ltr'><strong>decanteat,</strong></span> <span class='ocrx_word' id='word_1_11' title='bbox 1648 400 1907 471; x_wconf 92' lang='lat' dir='ltr'><strong>quoniam</strong></span> <span class='ocrx_word' id='word_1_12' title='bbox 1955 410 2010 455; x_wconf 93' lang='lat' dir='ltr'><strong>et</strong></span> <span class='ocrx_word' id='word_1_13' title='bbox 2037 408 2083 461; x_wconf 77' lang='grc' dir='ltr'>Α</span> <span class='ocrx_word' id='word_1_14' title='bbox 2110 400 2383 455; x_wconf 87' lang='lat' dir='ltr'><strong>centium:</strong></span> <span class='ocrx_word' id='word_1_15' title='bbox 2417 399 2602 455; x_wconf 83' lang='lat' dir='ltr'><strong>Gloria</strong></span> <span class='ocrx_word' id='word_1_16' title='bbox 2648 397 2703 451; x_wconf 92' lang='lat' dir='ltr'><strong>in</strong></span> <span class='ocrx_word' id='word_1_17' title='bbox 2737 394 3021 452; x_wconf 77' lang='lat' dir='ltr'><strong>altissimis</strong></span> <span class='ocrx_word' id='word_1_18' title='bbox 3055 392 3200 459; x_wconf 85' lang='lat' dir='ltr'><strong>Deo,</strong></span> <span class='ocrx_word' id='word_1_19' title='bbox 3234 391 3373 449; x_wconf 88' lang='lat' dir='ltr'><strong>etin</strong></span> <span class='ocrx_word' id='word_1_20' title='bbox 3414 400 3555 445; x_wconf 84' lang='lat' dir='ltr'><strong>terra</strong></span> <span class='ocrx_word' id='word_1_21' title='bbox 3588 407 3685 461; x_wconf 81' lang='lat' dir='ltr'><strong>pax</strong></span> 
     </span>
    </p>
   </div>
   <div class='ocr_carea' id='block_1_5' title="bbox 448 491 2012 561">
    <p class='ocr_par' dir='ltr' id='par_1_5' title="bbox 448 491 2012 561">
     <span class='ocr_line' id='line_1_5' title="bbox 448 491 2012 561; baseline -0.004 -9"><span class='ocrx_word' id='word_1_22' title='bbox 448 496 638 551; x_wconf 84' lang='lat' dir='ltr'><strong>eadem</strong></span> <span class='ocrx_word' id='word_1_23' title='bbox 689 502 850 548; x_wconf 90' lang='lat' dir='ltr'><strong>nocte</strong></span> <span class='ocrx_word' id='word_1_24' title='bbox 900 492 968 547; x_wconf 89' lang='lat' dir='ltr'><strong>ab</strong></span> <span class='ocrx_word' id='word_1_25' title='bbox 996 491 1187 561; x_wconf 78' lang='lat' dir='ltr'><strong>angelo</strong></span> <span class='ocrx_word' id='word_1_26' title='bbox 1234 492 1545 561; x_wconf 78' lang='lat' dir='ltr'><strong>pastoribus</strong></span> <span class='ocrx_word' id='word_1_27' title='bbox 1596 492 1877 547; x_wconf 77' lang='lat' dir='ltr'><strong>nuntiatus</strong></span> <span class='ocrx_word' id='word_1_28' title='bbox 1907 500 2012 555; x_wconf 88' lang='lat' dir='ltr'><strong>est.</strong></span> 
     </span>
    </p>
   </div>
   <div class='ocr_carea' id='block_1_6' title="bbox 448 579 2018 654">
    <p class='ocr_par' dir='ltr' id='par_1_6' title="bbox 448 579 2018 654">
     <span class='ocr_line' id='line_1_6' title="bbox 448 579 2018 654; baseline -0.004 -12"><span class='ocrx_word' id='word_1_29' title='bbox 448 588 593 643; x_wconf 93' lang='lat' dir='ltr'><strong>sicut</strong></span> <span class='ocrx_word' id='word_1_30' title='bbox 620 586 735 654; x_wconf 77' lang='lat' dir='ltr'><strong>ipsa</strong></span> <span class='ocrx_word' id='word_1_31' title='bbox 765 581 979 638; x_wconf 88' lang='lat' dir='ltr'><strong>Veritas</strong></span> <span class='ocrx_word' id='word_1_32' title='bbox 1008 592 1258 649; x_wconf 90' lang='lat' dir='ltr'><strong>testatur,</strong></span> <span class='ocrx_word' id='word_1_33' title='bbox 1276 581 1497 636; x_wconf 91' lang='lat' dir='ltr'><strong>dicens:</strong></span> <span class='ocrx_word' id='word_1_34' title='bbox 1536 599 1554 632; x_wconf 73' lang='grc' dir='ltr'><strong>ι</strong></span> <span class='ocrx_word' id='word_1_35' title='bbox 1590 579 1841 637; x_wconf 89' lang='lat' dir='ltr'><strong>Pastores</strong></span> <span class='ocrx_word' id='word_1_36' title='bbox 1861 590 2018 636; x_wconf 91' lang='lat' dir='ltr'><strong>erant</strong></span> 
     </span>
    </p>
   </div>
   <div class='ocr_carea' id='block_1_7' title="bbox 448 672 2019 746">
    <p class='ocr_par' dir='ltr' id='par_1_7' title="bbox 448 672 2019 746">
     <span class='ocr_line' id='line_1_7' title="bbox 448 672 2019 746; baseline 0 -15"><span class='ocrx_word' id='word_1_37' title='bbox 448 676 503 731; x_wconf 93' lang='lat' dir='ltr'><strong>in</strong></span> <span class='ocrx_word' id='word_1_38' title='bbox 535 676 753 746; x_wconf 81' lang='lat' dir='ltr'><strong>regione</strong></span> <span class='ocrx_word' id='word_1_39' title='bbox 782 672 972 729; x_wconf 91' lang='lat' dir='ltr'><strong>eadem</strong></span> <span class='ocrx_word' id='word_1_40' title='bbox 996 672 1302 743; x_wconf 77' lang='lat' dir='ltr'><strong>vigilantes,</strong></span> <span class='ocrx_word' id='word_1_41' title='bbox 1331 681 1383 727; x_wconf 93' lang='lat' dir='ltr'><strong>et</strong></span> <span class='ocrx_word' id='word_1_42' title='bbox 1408 673 1774 728; x_wconf 87' lang='lat' dir='ltr'><strong>custodientes</strong></span> <span class='ocrx_word' id='word_1_43' title='bbox 1802 673 2019 745; x_wconf 76' lang='lat' dir='ltr'><strong>vigilias</strong></span> 
     </span>
    </p>
   </div>
   <div class='ocr_carea' id='block_1_8' title="bbox 447 764 2020 837">
    <p class='ocr_par' dir='ltr' id='par_1_8' title="bbox 447 764 2020 837">
     <span class='ocr_line' id='line_1_8' title="bbox 447 764 2020 837; baseline -0.002 -14"><span class='ocrx_word' id='word_1_44' title='bbox 447 768 627 824; x_wconf 88' lang='lat' dir='ltr'><strong>noctis</strong></span> <span class='ocrx_word' id='word_1_45' title='bbox 651 782 814 837; x_wconf 84' lang='lat' dir='ltr'><strong>supra</strong></span> <span class='ocrx_word' id='word_1_46' title='bbox 842 781 1057 837; x_wconf 86' lang='lat' dir='ltr'><strong>gregem</strong></span> <span class='ocrx_word' id='word_1_47' title='bbox 1085 780 1269 820; x_wconf 91' lang='lat' dir='ltr'><strong>suum.</strong></span> <span class='ocrx_word' id='word_1_48' title='bbox 1295 764 1362 819; x_wconf 87' lang='lat' dir='ltr'><strong>Et</strong></span> <span class='ocrx_word' id='word_1_49' title='bbox 1388 780 1516 821; x_wconf 87' lang='lat' dir='ltr'><strong>ecce</strong></span> <span class='ocrx_word' id='word_1_50' title='bbox 1536 765 1761 837; x_wconf 84' lang='lat' dir='ltr'><strong>angelus</strong></span> <span class='ocrx_word' id='word_1_51' title='bbox 1802 764 2020 820; x_wconf 88' lang='lat' dir='ltr'><strong>Domini</strong></span> 
     </span>
    </p>
   </div>
   <div class='ocr_carea' id='block_1_9' title="bbox 444 855 2023 927">
    <p class='ocr_par' dir='ltr' id='par_1_9' title="bbox 444 855 2023 927">
     <span class='ocr_line' id='line_1_9' title="bbox 444 855 2023 927; baseline -0.001 -14"><span class='ocrx_word' id='word_1_52' title='bbox 444 858 594 913; x_wconf 82' lang='lat' dir='ltr'><strong>stetit</strong></span> <span class='ocrx_word' id='word_1_53' title='bbox 635 856 791 927; x_wconf 91' lang='lat' dir='ltr'><strong>juxta</strong></span> <span class='ocrx_word' id='word_1_54' title='bbox 837 858 980 923; x_wconf 93' lang='lat' dir='ltr'><strong>illos,</strong></span> <span class='ocrx_word' id='word_1_55' title='bbox 1030 867 1085 911; x_wconf 92' lang='lat' dir='ltr'><strong>et</strong></span> <span class='ocrx_word' id='word_1_56' title='bbox 1131 855 1431 910; x_wconf 88' lang='lat' dir='ltr'><strong>timuerunt</strong></span> <span class='ocrx_word' id='word_1_57' title='bbox 1475 855 1672 912; x_wconf 86' lang='lat' dir='ltr'><strong>timore</strong></span> <span class='ocrx_word' id='word_1_58' title='bbox 1708 872 1926 927; x_wconf 92' lang='lat' dir='ltr'><strong>magno,</strong></span> <span class='ocrx_word' id='word_1_59' title='bbox 1966 864 2023 911; x_wconf 88' lang='lat' dir='ltr'><strong>et</strong></span> 
     </span>
    </p>
   </div>
   <div class='ocr_carea' id='block_1_10' title="bbox 443 946 2017 1020">
    <p class='ocr_par' dir='ltr' id='par_1_10' title="bbox 443 946 2017 1020">
     <span class='ocr_line' id='line_1_10' title="bbox 443 946 2017 1020; baseline -0.003 -15"><span class='ocrx_word' id='word_1_60' title='bbox 443 950 583 1005; x_wconf 88' lang='lat' dir='ltr'><strong>dixit</strong></span> <span class='ocrx_word' id='word_1_61' title='bbox 617 949 725 1005; x_wconf 87' lang='lat' dir='ltr'><strong>illis</strong></span> <span class='ocrx_word' id='word_1_62' title='bbox 774 949 1028 1020; x_wconf 87' lang='lat' dir='ltr'><strong>angelus:</strong></span> <span class='ocrx_word' id='word_1_63' title='bbox 1062 946 1240 1003; x_wconf 86' lang='lat' dir='ltr'><strong>Nolite</strong></span> <span class='ocrx_word' id='word_1_64' title='bbox 1273 948 1497 1013; x_wconf 88' lang='lat' dir='ltr'><strong>timere;</strong></span> <span class='ocrx_word' id='word_1_65' title='bbox 1526 962 1652 1002; x_wconf 92' lang='lat' dir='ltr'><strong>ecce</strong></span> <span class='ocrx_word' id='word_1_66' title='bbox 1672 948 1815 1003; x_wconf 93' lang='lat' dir='ltr'><strong>enim</strong></span> <span class='ocrx_word' id='word_1_67' title='bbox 1848 964 2017 1003; x_wconf 86' lang='lat' dir='ltr'><strong>evan-</strong></span> 
     </span>
    </p>
   </div>
   <div class='ocr_carea' id='block_1_11' title="bbox 443 1039 2020 1113">
    <p class='ocr_par' dir='ltr' id='par_1_11' title="bbox 443 1039 2020 1113">
     <span class='ocr_line' id='line_1_11' title="bbox 443 1039 2020 1113; baseline -0.001 -19"><span class='ocrx_word' id='word_1_68' title='bbox 443 1041 617 1113; x_wconf 81' lang='lat' dir='ltr'><strong>gelizo</strong></span> <span class='ocrx_word' id='word_1_69' title='bbox 641 1040 797 1097; x_wconf 81' lang='lat' dir='ltr'><strong>vobis</strong></span> <span class='ocrx_word' id='word_1_70' title='bbox 835 1040 1093 1111; x_wconf 85' lang='lat' dir='ltr'><strong>gaudium</strong></span> <span class='ocrx_word' id='word_1_71' title='bbox 1128 1054 1406 1109; x_wconf 91' lang='lat' dir='ltr'><strong>magnum,</strong></span> <span class='ocrx_word' id='word_1_72' title='bbox 1438 1039 1582 1109; x_wconf 90' lang='lat' dir='ltr'><strong>quod</strong></span> <span class='ocrx_word' id='word_1_73' title='bbox 1611 1040 1716 1096; x_wconf 89' lang='lat' dir='ltr'><strong>erit</strong></span> <span class='ocrx_word' id='word_1_74' title='bbox 1746 1040 1892 1094; x_wconf 91' lang='lat' dir='ltr'><strong>omni</strong></span> <span class='ocrx_word' id='word_1_75' title='bbox 1922 1054 2020 1110; x_wconf 85' lang='lat' dir='ltr'><strong>po—</strong></span> 
     </span>
    </p>
   </div>
   <div class='ocr_carea' id='block_1_12' title="bbox 442 1130 2016 1204">
    <p class='ocr_par' dir='ltr' id='par_1_12' title="bbox 442 1130 2016 1204">
     <span class='ocr_line' id='line_1_12' title="bbox 442 1130 2016 1204; baseline 0.001 -18"><span class='ocrx_word' id='word_1_76' title='bbox 442 1133 594 1201; x_wconf 89' lang='lat' dir='ltr'><strong>pulo,</strong></span> <span class='ocrx_word' id='word_1_77' title='bbox 617 1132 745 1204; x_wconf 89' lang='lat' dir='ltr'><strong>quia</strong></span> <span class='ocrx_word' id='word_1_78' title='bbox 785 1141 949 1188; x_wconf 89' lang='lat' dir='ltr'><strong>natus</strong></span> <span class='ocrx_word' id='word_1_79' title='bbox 990 1144 1073 1188; x_wconf 88' lang='lat' dir='ltr'><strong>est</strong></span> <span class='ocrx_word' id='word_1_80' title='bbox 1104 1132 1259 1187; x_wconf 88' lang='lat' dir='ltr'><strong>vobis</strong></span> <span class='ocrx_word' id='word_1_81' title='bbox 1302 1130 1465 1187; x_wconf 85' lang='lat' dir='ltr'><strong>hodie</strong></span> <span class='ocrx_word' id='word_1_82' title='bbox 1501 1130 1771 1198; x_wconf 80' lang='lat' dir='ltr'><strong>Salvator,</strong></span> <span class='ocrx_word' id='word_1_83' title='bbox 1802 1131 1894 1202; x_wconf 91' lang='lat' dir='ltr'><strong>qui</strong></span> <span class='ocrx_word' id='word_1_84' title='bbox 1934 1139 2016 1188; x_wconf 86' lang='lat' dir='ltr'><strong>est</strong></span> 
     </span>
    </p>
   </div>
   <div class='ocr_carea' id='block_1_13' title="bbox 441 1222 2013 1291">
    <p class='ocr_par' dir='ltr' id='par_1_13' title="bbox 441 1222 2013 1291">
     <span class='ocr_line' id='line_1_13' title="bbox 441 1222 2013 1291; baseline 0.001 -11"><span class='ocrx_word' id='word_1_85' title='bbox 441 1224 696 1282; x_wconf 86' lang='lat' dir='ltr'><strong>Christus</strong></span> <span class='ocrx_word' id='word_1_86' title='bbox 728 1224 1016 1291; x_wconf 86' lang='lat' dir='ltr'><strong>Dominus,</strong></span> <span class='ocrx_word' id='word_1_87' title='bbox 1052 1224 1105 1279; x_wconf 93' lang='lat' dir='ltr'><strong>in</strong></span> <span class='ocrx_word' id='word_1_88' title='bbox 1141 1225 1361 1280; x_wconf 84' lang='lat' dir='ltr'><strong>civitate</strong></span> <span class='ocrx_word' id='word_1_89' title='bbox 1394 1222 1585 1280; x_wconf 86' lang='lat' dir='ltr'><strong>David.</strong></span> <span class='ocrx_word' id='word_1_90' title='bbox 1620 1222 1689 1279; x_wconf 83' lang='lat' dir='ltr'><strong>Et</strong></span> <span class='ocrx_word' id='word_1_91' title='bbox 1721 1225 1823 1279; x_wconf 88' lang='lat' dir='ltr'><strong>hoc</strong></span> <span class='ocrx_word' id='word_1_92' title='bbox 1858 1225 2013 1281; x_wconf 85' lang='lat' dir='ltr'><strong>vobis</strong></span> 
     </span>
    </p>
   </div>
   <div class='ocr_carea' id='block_1_14' title="bbox 2118 483 3684 555">
    <p class='ocr_par' dir='ltr' id='par_1_14' title="bbox 2118 483 3684 555">
     <span class='ocr_line' id='line_1_14' title="bbox 2118 483 3684 555; baseline -0.008 -8"><span class='ocrx_word' id='word_1_93' title='bbox 2118 492 2431 547; x_wconf 89' lang='lat' dir='ltr'><strong>hominibus</strong></span> <span class='ocrx_word' id='word_1_94' title='bbox 2477 492 2634 546; x_wconf 66' lang='lat' dir='ltr'><strong>bonae</strong></span> <span class='ocrx_word' id='word_1_95' title='bbox 2679 487 2977 545; x_wconf 87' lang='lat' dir='ltr'><strong>voluntatis</strong></span> <span class='ocrx_word' id='word_1_96' title='bbox 3020 485 3134 542; x_wconf 73' lang='lat' dir='ltr'><strong>&quot;.s</strong></span> <span class='ocrx_word' id='word_1_97' title='bbox 3178 486 3225 518; x_wconf 81' lang='lat'><strong>’°</strong></span> <span class='ocrx_word' id='word_1_98' title='bbox 3249 483 3501 555; x_wconf 78' lang='lat' dir='ltr'><strong>Reliquis</strong></span> <span class='ocrx_word' id='word_1_99' title='bbox 3549 486 3684 538; x_wconf 86' lang='lat' dir='ltr'><strong>enim</strong></span> 
     </span>
    </p>
   </div>
   <div class='ocr_carea' id='block_1_15' title="bbox 2117 576 3686 655">
    <p class='ocr_par' dir='ltr' id='par_1_15' title="bbox 2117 576 3686 655">
     <span class='ocr_line' id='line_1_15' title="bbox 2117 576 3686 655; baseline -0.008 -15"><span class='ocrx_word' id='word_1_100' title='bbox 2117 585 2470 655; x_wconf 86' lang='lat' dir='ltr'><strong>temporibus,</strong></span> <span class='ocrx_word' id='word_1_101' title='bbox 2492 584 2785 639; x_wconf 90' lang='lat' dir='ltr'><strong>missarum</strong></span> <span class='ocrx_word' id='word_1_102' title='bbox 2810 578 3203 635; x_wconf 87' lang='lat' dir='ltr'><strong>celebrationes</strong></span> <span class='ocrx_word' id='word_1_103' title='bbox 3225 587 3355 633; x_wconf 86' lang='lat' dir='ltr'><strong>ante</strong></span> <span class='ocrx_word' id='word_1_104' title='bbox 3379 577 3572 631; x_wconf 80' lang='lat' dir='ltr'><strong>horam</strong></span> <span class='ocrx_word' id='word_1_105' title='bbox 3584 576 3686 629; x_wconf 91' lang='lat' dir='ltr'><strong>diei</strong></span> 
     </span>
    </p>
   </div>
   <div class='ocr_carea' id='block_1_16' title="bbox 2121 667 3685 742">
    <p class='ocr_par' dir='ltr' id='par_1_16' title="bbox 2121 667 3685 742">
     <span class='ocr_line' id='line_1_16' title="bbox 2121 667 3685 742; baseline -0.007 -11"><span class='ocrx_word' id='word_1_106' title='bbox 2121 678 2335 731; x_wconf 85' lang='lat' dir='ltr'><strong>tertiam</strong></span> <span class='ocrx_word' id='word_1_107' title='bbox 2362 676 2583 731; x_wconf 90' lang='lat' dir='ltr'><strong>minime</strong></span> <span class='ocrx_word' id='word_1_108' title='bbox 2604 684 2730 729; x_wconf 92' lang='lat' dir='ltr'><strong>sunt</strong></span> <span class='ocrx_word' id='word_1_109' title='bbox 2752 672 3086 730; x_wconf 64' lang='lat' dir='ltr'><strong>celebranda:</strong></span> <span class='ocrx_word' id='word_1_110' title='bbox 3107 670 3244 742; x_wconf 80' lang='grc'><strong>(22),</strong></span> <span class='ocrx_word' id='word_1_111' title='bbox 3269 670 3401 741; x_wconf 92' lang='lat' dir='ltr'><strong>quia</strong></span> <span class='ocrx_word' id='word_1_112' title='bbox 3429 676 3483 723; x_wconf 91' lang='lat' dir='ltr'><strong>et</strong></span> <span class='ocrx_word' id='word_1_113' title='bbox 3506 667 3685 723; x_wconf 86' lang='lat' dir='ltr'><strong>eadem</strong></span> 
     </span>
    </p>
   </div>
   <div class='ocr_carea' id='block_1_17' title="bbox 2124 759 3686 832">
    <p class='ocr_par' dir='ltr' id='par_1_17' title="bbox 2124 759 3686 832">
     <span class='ocr_line' id='line_1_17' title="bbox 2124 759 3686 832; baseline -0.006 -10"><span class='ocrx_word' id='word_1_114' title='bbox 2124 767 2258 822; x_wconf 89' lang='lat' dir='ltr'><strong>bora</strong></span> <span class='ocrx_word' id='word_1_115' title='bbox 2294 766 2558 822; x_wconf 92' lang='lat' dir='ltr'><strong>Dominus</strong></span> <span class='ocrx_word' id='word_1_116' title='bbox 2609 764 2905 820; x_wconf 83' lang='lat' dir='ltr'><strong>crucifixus</strong></span> <span class='ocrx_word' id='word_1_117' title='bbox 2956 771 3061 829; x_wconf 89' lang='lat' dir='ltr'><strong>est,</strong></span> <span class='ocrx_word' id='word_1_118' title='bbox 3107 770 3162 817; x_wconf 93' lang='lat' dir='ltr'><strong>et</strong></span> <span class='ocrx_word' id='word_1_119' title='bbox 3204 776 3372 832; x_wconf 84' lang='lat' dir='ltr'><strong>super</strong></span> <span class='ocrx_word' id='word_1_120' title='bbox 3416 759 3686 830; x_wconf 86' lang='lat' dir='ltr'><strong>apostolos</strong></span> 
     </span>
    </p>
   </div>
   <div class='ocr_carea' id='block_1_18' title="bbox 2127 854 3230 929">
    <p class='ocr_par' dir='ltr' id='par_1_18' title="bbox 2127 854 3230 929">
     <span class='ocr_line' id='line_1_18' title="bbox 2127 854 3230 929; baseline -0.006 -16"><span class='ocrx_word' id='word_1_121' title='bbox 2127 858 2363 929; x_wconf 88' lang='lat' dir='ltr'><strong>Spiritus</strong></span> <span class='ocrx_word' id='word_1_122' title='bbox 2384 865 2606 913; x_wconf 90' lang='lat' dir='ltr'><strong>sanctus</strong></span> <span class='ocrx_word' id='word_1_123' title='bbox 2633 855 2981 912; x_wconf 90' lang='lat' dir='ltr'><strong>descendisse</strong></span> <span class='ocrx_word' id='word_1_124' title='bbox 3012 854 3230 924; x_wconf 85' lang='lat' dir='ltr'><strong>legitur.</strong></span> 
     </span>
    </p>
   </div>
   <div class='ocr_carea' id='block_1_19' title="bbox 2854 946 2943 1001">
    <p class='ocr_par' dir='ltr' id='par_1_19' title="bbox 2854 946 2943 1001">
     <span class='ocr_line' id='line_1_19' title="bbox 2854 946 2943 1001; baseline 0.011 -1"><span class='ocrx_word' id='word_1_125' title='bbox 2854 946 2943 1001; x_wconf 83' lang='lat' dir='ltr'><strong>Ill.</strong></span> 
     </span>
    </p>
   </div>
   <div class='ocr_carea' id='block_1_20' title="bbox 2256 1037 3694 1125">
    <p class='ocr_par' dir='ltr' id='par_1_20' title="bbox 2256 1037 3694 1125">
     <span class='ocr_line' id='line_1_20' title="bbox 2256 1037 3694 1125; baseline -0.005 -30"><span class='ocrx_word' id='word_1_126' title='bbox 2256 1040 2332 1096; x_wconf 92' lang='lat' dir='ltr'><strong>De</strong></span> <span class='ocrx_word' id='word_1_127' title='bbox 2357 1041 2613 1112; x_wconf 78' lang='lat' dir='ltr'><strong>episcopis</strong></span> <span class='ocrx_word' id='word_1_128' title='bbox 2643 1040 2969 1095; x_wconf 76' lang='lat' dir='ltr'><strong>honorandis</strong></span> <span class='ocrx_word' id='word_1_129' title='bbox 2997 1046 3047 1094; x_wconf 84' lang='lat' dir='ltr'><strong>et</strong></span> <span class='ocrx_word' id='word_1_130' title='bbox 3082 1056 3184 1094; x_wconf 83' lang='lat' dir='ltr'><strong>non</strong></span> <span class='ocrx_word' id='word_1_131' title='bbox 3207 1037 3569 1093; x_wconf 77' lang='lat' dir='ltr'><strong>detrahendis.</strong></span> <span class='ocrx_word' id='word_1_132' title='bbox 3689 1118 3694 1125; x_wconf 30' lang='lat'>&#39;</span> 
     </span>
    </p>
   </div>
   <div class='ocr_carea' id='block_1_21' title="bbox 2187 1129 3681 1205">
    <p class='ocr_par' dir='ltr' id='par_1_21' title="bbox 2187 1129 3681 1205">
     <span class='ocr_line' id='line_1_21' title="bbox 2187 1129 3681 1205; baseline -0.003 -18"><span class='ocrx_word' id='word_1_133' title='bbox 2187 1136 2231 1168; x_wconf 77' lang='grc' dir='ltr'><strong>’ί</strong></span> <span class='ocrx_word' id='word_1_134' title='bbox 2255 1134 2336 1189; x_wconf 84' lang='lat' dir='ltr'><strong>Ab</strong></span> <span class='ocrx_word' id='word_1_135' title='bbox 2356 1134 2624 1205; x_wconf 84' lang='lat' dir='ltr'><strong>episcopis</strong></span> <span class='ocrx_word' id='word_1_136' title='bbox 2648 1142 2829 1188; x_wconf 92' lang='lat' dir='ltr'><strong>autem</strong></span> <span class='ocrx_word' id='word_1_137' title='bbox 2853 1132 2994 1189; x_wconf 89' lang='lat' dir='ltr'><strong>idem</strong></span> <span class='ocrx_word' id='word_1_138' title='bbox 3015 1132 3294 1202; x_wconf 90' lang='lat' dir='ltr'><strong>angelicus</strong></span> <span class='ocrx_word' id='word_1_139' title='bbox 3319 1131 3559 1202; x_wconf 84' lang='lat' dir='ltr'><strong>hymnus</strong></span> <span class='ocrx_word' id='word_1_140' title='bbox 3576 1129 3681 1197; x_wconf 74' lang='lat'><strong>(23)</strong></span> 
     </span>
    </p>
   </div>
   <div class='ocr_carea' id='block_1_22' title="bbox 2114 1221 3685 1296">
    <p class='ocr_par' dir='ltr' id='par_1_22' title="bbox 2114 1221 3685 1296">
     <span class='ocr_line' id='line_1_22' title="bbox 2114 1221 3685 1296; baseline -0.004 -16"><span class='ocrx_word' id='word_1_141' title='bbox 2114 1240 2215 1296; x_wconf 91' lang='lat' dir='ltr'><strong>pro</strong></span> <span class='ocrx_word' id='word_1_142' title='bbox 2242 1236 2483 1295; x_wconf 86' lang='lat' dir='ltr'><strong>tempore</strong></span> <span class='ocrx_word' id='word_1_143' title='bbox 2522 1235 2577 1281; x_wconf 91' lang='lat' dir='ltr'><strong>et</strong></span> <span class='ocrx_word' id='word_1_144' title='bbox 2617 1226 2740 1280; x_wconf 92' lang='lat' dir='ltr'><strong>loco</strong></span> <span class='ocrx_word' id='word_1_145' title='bbox 2766 1225 3057 1279; x_wconf 89' lang='lat' dir='ltr'><strong>missarum</strong></span> <span class='ocrx_word' id='word_1_146' title='bbox 3091 1222 3379 1279; x_wconf 86' lang='lat' dir='ltr'><strong>solemniis</strong></span> <span class='ocrx_word' id='word_1_147' title='bbox 3411 1221 3685 1278; x_wconf 82' lang='lat' dir='ltr'><strong>celebran-</strong></span> 
     </span>
    </p>
   </div>
   <div class='ocr_carea' id='block_1_23' title="bbox 443 1315 3681 1389">
    <p class='ocr_par' dir='ltr' id='par_1_23' title="bbox 443 1315 3681 1389">
     <span class='ocr_line' id='line_1_23' title="bbox 443 1315 3681 1389; baseline -0.002 -18"><span class='ocrx_word' id='word_1_148' title='bbox 443 1316 662 1387; x_wconf 89' lang='lat' dir='ltr'><strong>signum</strong></span> <span class='ocrx_word' id='word_1_149' title='bbox 692 1334 706 1371; x_wconf 91' lang='lat'>:</span> <span class='ocrx_word' id='word_1_150' title='bbox 743 1316 1031 1371; x_wconf 88' lang='lat' dir='ltr'><strong>invenietis</strong></span> <span class='ocrx_word' id='word_1_151' title='bbox 1075 1315 1336 1371; x_wconf 80' lang='lat' dir='ltr'><strong>infantem</strong></span> <span class='ocrx_word' id='word_1_152' title='bbox 1368 1315 1565 1386; x_wconf 89' lang='lat' dir='ltr'><strong>pannis</strong></span> <span class='ocrx_word' id='word_1_153' title='bbox 1602 1315 1927 1382; x_wconf 91' lang='lat' dir='ltr'><strong>involutum,</strong></span> <span class='ocrx_word' id='word_1_154' title='bbox 1960 1326 2016 1371; x_wconf 90' lang='lat' dir='ltr'><strong>et</strong></span> <span class='ocrx_word' id='word_1_155' title='bbox 2113 1318 2217 1373; x_wconf 90' lang='lat' dir='ltr'><strong>dus</strong></span> <span class='ocrx_word' id='word_1_156' title='bbox 2247 1328 2332 1373; x_wconf 85' lang='lat' dir='ltr'><strong>est</strong></span> <span class='ocrx_word' id='word_1_157' title='bbox 2362 1327 2526 1389; x_wconf 83' lang='lat' dir='ltr'><strong>atque</strong></span> <span class='ocrx_word' id='word_1_158' title='bbox 2561 1319 2876 1374; x_wconf 91' lang='lat' dir='ltr'><strong>solemniter</strong></span> <span class='ocrx_word' id='word_1_159' title='bbox 2906 1318 3236 1373; x_wconf 89' lang='lat' dir='ltr'><strong>recitandus.</strong></span> <span class='ocrx_word' id='word_1_160' title='bbox 3272 1315 3381 1386; x_wconf 83' lang='lat' dir='ltr'><strong>ipsi</strong></span> <span class='ocrx_word' id='word_1_161' title='bbox 3414 1317 3559 1371; x_wconf 88' lang='lat' dir='ltr'><strong>enim</strong></span> <span class='ocrx_word' id='word_1_162' title='bbox 3598 1315 3681 1385; x_wconf 91' lang='lat' dir='ltr'><strong>qui</strong></span> 
     </span>
    </p>
   </div>
   <div class='ocr_carea' id='block_1_24' title="bbox 442 1405 2011 1478">
    <p class='ocr_par' dir='ltr' id='par_1_24' title="bbox 442 1405 2011 1478">
     <span class='ocr_line' id='line_1_24' title="bbox 442 1405 2011 1478; baseline 0.003 -19"><span class='ocrx_word' id='word_1_163' title='bbox 442 1406 679 1476; x_wconf 88' lang='lat' dir='ltr'><strong>positum</strong></span> <span class='ocrx_word' id='word_1_164' title='bbox 709 1405 763 1459; x_wconf 90' lang='lat' dir='ltr'><strong>in</strong></span> <span class='ocrx_word' id='word_1_165' title='bbox 794 1407 1078 1477; x_wconf 67' lang='lat' dir='ltr'><strong>praesepio.</strong></span> <span class='ocrx_word' id='word_1_166' title='bbox 1103 1406 1168 1461; x_wconf 85' lang='lat' dir='ltr'><strong>Et</strong></span> <span class='ocrx_word' id='word_1_167' title='bbox 1190 1408 1370 1461; x_wconf 91' lang='lat' dir='ltr'><strong>subito</strong></span> <span class='ocrx_word' id='word_1_168' title='bbox 1392 1406 1532 1461; x_wconf 91' lang='lat' dir='ltr'><strong>facta</strong></span> <span class='ocrx_word' id='word_1_169' title='bbox 1563 1415 1648 1463; x_wconf 90' lang='lat' dir='ltr'><strong>est</strong></span> <span class='ocrx_word' id='word_1_170' title='bbox 1671 1422 1792 1461; x_wconf 94' lang='lat' dir='ltr'><strong>cum</strong></span> <span class='ocrx_word' id='word_1_171' title='bbox 1820 1409 2011 1478; x_wconf 85' lang='lat' dir='ltr'><strong>angelo</strong></span> 
     </span>
    </p>
   </div>
   <div class='ocr_carea' id='block_1_25' title="bbox 444 1498 2013 1566">
    <p class='ocr_par' dir='ltr' id='par_1_25' title="bbox 444 1498 2013 1566">
     <span class='ocr_line' id='line_1_25' title="bbox 444 1498 2013 1566; baseline 0.003 -14"><span class='ocrx_word' id='word_1_172' title='bbox 444 1498 735 1554; x_wconf 87' lang='lat' dir='ltr'><strong>multitudo</strong></span> <span class='ocrx_word' id='word_1_173' title='bbox 760 1499 966 1553; x_wconf 76' lang='lat' dir='ltr'><strong>militia:</strong></span> <span class='ocrx_word' id='word_1_174' title='bbox 996 1499 1255 1566; x_wconf 70' lang='lat' dir='ltr'><strong>caelestis,</strong></span> <span class='ocrx_word' id='word_1_175' title='bbox 1287 1500 1624 1556; x_wconf 88' lang='lat' dir='ltr'><strong>laudantium</strong></span> <span class='ocrx_word' id='word_1_176' title='bbox 1655 1500 1821 1556; x_wconf 91' lang='lat' dir='ltr'><strong>Deum</strong></span> <span class='ocrx_word' id='word_1_177' title='bbox 1848 1513 1901 1557; x_wconf 89' lang='lat' dir='ltr'><strong>et</strong></span> <span class='ocrx_word' id='word_1_178' title='bbox 1928 1502 2013 1556; x_wconf 86' lang='lat' dir='ltr'><strong>di-</strong></span> 
     </span>
    </p>
   </div>
   <div class='ocr_carea' id='block_1_26' title="bbox 506 1676 1012 1741">
    <p class='ocr_par' dir='ltr' id='par_1_26' title="bbox 506 1676 1012 1741">
     <span class='ocr_line' id='line_1_26' title="bbox 506 1676 1012 1741; baseline 0.002 -13"><span class='ocrx_word' id='word_1_179' title='bbox 506 1678 551 1711; x_wconf 84' lang='grc'><strong>⁸⁹</strong></span> <span class='ocrx_word' id='word_1_180' title='bbox 581 1676 713 1731; x_wconf 87' lang='lat' dir='ltr'><strong>Luc.</strong></span> <span class='ocrx_word' id='word_1_181' title='bbox 748 1692 820 1741; x_wconf 89' lang='grc' dir='ltr'><strong>ιι,</strong></span> <span class='ocrx_word' id='word_1_182' title='bbox 857 1676 1012 1731; x_wconf 75' lang='lat' dir='ltr'><strong>8—H.</strong></span> 
     </span>
    </p>
   </div>
   <div class='ocr_carea' id='block_1_27' title="bbox 2114 1407 3682 1481">
    <p class='ocr_par' dir='ltr' id='par_1_27' title="bbox 2114 1407 3682 1481">
     <span class='ocr_line' id='line_1_27' title="bbox 2114 1407 3682 1481; baseline -0.003 -18"><span class='ocrx_word' id='word_1_183' title='bbox 2114 1410 2335 1481; x_wconf 88' lang='lat' dir='ltr'><strong>proprio</strong></span> <span class='ocrx_word' id='word_1_184' title='bbox 2367 1426 2461 1466; x_wconf 91' lang='lat' dir='ltr'><strong>ore</strong></span> <span class='ocrx_word' id='word_1_185' title='bbox 2487 1426 2683 1480; x_wconf 86' lang='lat' dir='ltr'><strong>corpus</strong></span> <span class='ocrx_word' id='word_1_186' title='bbox 2710 1409 2923 1467; x_wconf 89' lang='lat' dir='ltr'><strong>Domini</strong></span> <span class='ocrx_word' id='word_1_187' title='bbox 2947 1409 3059 1479; x_wconf 74' lang='grc'><strong>(24)</strong></span> <span class='ocrx_word' id='word_1_188' title='bbox 3080 1409 3399 1473; x_wconf 84' lang='lat' dir='ltr'><strong>coniiciunt,</strong></span> <span class='ocrx_word' id='word_1_189' title='bbox 3427 1408 3497 1461; x_wconf 91' lang='lat' dir='ltr'><strong>ab</strong></span> <span class='ocrx_word' id='word_1_190' title='bbox 3518 1407 3682 1460; x_wconf 89' lang='lat' dir='ltr'><strong>omni-</strong></span> 
     </span>
    </p>
   </div>
   <div class='ocr_carea' id='block_1_28' title="bbox 2116 1499 3681 1572">
    <p class='ocr_par' dir='ltr' id='par_1_28' title="bbox 2116 1499 3681 1572">
     <span class='ocr_line' id='line_1_28' title="bbox 2116 1499 3681 1572; baseline -0.006 -12"><span class='ocrx_word' id='word_1_191' title='bbox 2116 1504 2220 1561; x_wconf 89' lang='lat' dir='ltr'><strong>bus</strong></span> <span class='ocrx_word' id='word_1_192' title='bbox 2246 1513 2372 1559; x_wconf 93' lang='lat' dir='ltr'><strong>sunt</strong></span> <span class='ocrx_word' id='word_1_193' title='bbox 2396 1503 2671 1572; x_wconf 89' lang='lat' dir='ltr'><strong>audiendi,</strong></span> <span class='ocrx_word' id='word_1_194' title='bbox 2697 1502 3004 1569; x_wconf 89' lang='lat' dir='ltr'><strong>obediendi,</strong></span> <span class='ocrx_word' id='word_1_195' title='bbox 3038 1510 3202 1572; x_wconf 87' lang='lat' dir='ltr'><strong>atque</strong></span> <span class='ocrx_word' id='word_1_196' title='bbox 3237 1499 3472 1554; x_wconf 86' lang='lat' dir='ltr'><strong>timendi</strong></span> <span class='ocrx_word' id='word_1_197' title='bbox 3504 1510 3556 1553; x_wconf 89' lang='lat' dir='ltr'><strong>et</strong></span> <span class='ocrx_word' id='word_1_198' title='bbox 3584 1513 3681 1552; x_wconf 87' lang='lat' dir='ltr'><strong>non</strong></span> 
     </span>
    </p>
   </div>
   <div class='ocr_carea' id='block_1_29' title="bbox 1110 1676 3679 1749">
    <p class='ocr_par' dir='ltr' id='par_1_29' title="bbox 1110 1676 3679 1749">
     <span class='ocr_line' id='line_1_29' title="bbox 1110 1676 3679 1749; baseline -0.002 -19"><span class='ocrx_word' id='word_1_199' title='bbox 1110 1678 1155 1710; x_wconf 77' lang='lat'><strong>’°</strong></span> <span class='ocrx_word' id='word_1_200' title='bbox 1185 1677 1235 1731; x_wconf 92' lang='lat' dir='ltr'><strong>in</strong></span> <span class='ocrx_word' id='word_1_201' title='bbox 1262 1694 1362 1733; x_wconf 92' lang='lat' dir='ltr'><strong>ms.</strong></span> <span class='ocrx_word' id='word_1_202' title='bbox 1397 1676 1535 1733; x_wconf 83' lang='lat' dir='ltr'><strong>Just.</strong></span> <span class='ocrx_word' id='word_1_203' title='bbox 1567 1692 1726 1749; x_wconf 85' lang='lat' dir='ltr'><strong>quem</strong></span> <span class='ocrx_word' id='word_1_204' title='bbox 1752 1678 1998 1749; x_wconf 88' lang='lat' dir='ltr'><strong>sequitur</strong></span> <span class='ocrx_word' id='word_1_205' title='bbox 2028 1678 2193 1734; x_wconf 87' lang='lat' dir='ltr'><strong>editio</strong></span> <span class='ocrx_word' id='word_1_206' title='bbox 2219 1678 2448 1749; x_wconf 81' lang='lat' dir='ltr'><strong>Merlini,</strong></span> <span class='ocrx_word' id='word_1_207' title='bbox 2476 1678 2788 1749; x_wconf 79' lang='lat' dir='ltr'><strong>inseruntur</strong></span> <span class='ocrx_word' id='word_1_208' title='bbox 2811 1677 2978 1749; x_wconf 82' lang='lat' dir='ltr'><strong>multa</strong></span> <span class='ocrx_word' id='word_1_209' title='bbox 3008 1692 3072 1729; x_wconf 89' lang='lat' dir='ltr'><strong>ex</strong></span> <span class='ocrx_word' id='word_1_210' title='bbox 3106 1676 3321 1749; x_wconf 85' lang='lat' dir='ltr'><strong>psalmo</strong></span> <span class='ocrx_word' id='word_1_211' title='bbox 3347 1690 3512 1749; x_wconf 69' lang='lat' dir='ltr'><strong>xxm</strong></span> <span class='ocrx_word' id='word_1_212' title='bbox 3533 1682 3595 1749; x_wconf 72' lang='lat' dir='ltr'><strong>et</strong></span> <span class='ocrx_word' id='word_1_213' title='bbox 3614 1689 3679 1735; x_wconf 78' lang='grc' dir='ltr'><strong>ιι,</strong></span> 
     </span>
    </p>
   </div>
   <div class='ocr_carea' id='block_1_30' title="bbox 442 1746 3685 1872">
    <p class='ocr_par' dir='ltr' id='par_1_30' title="bbox 442 1746 3685 1872">
     <span class='ocr_line' id='line_1_30' title="bbox 442 1746 3685 1872; baseline -0.002 -70"><span class='ocrx_word' id='word_1_214' title='bbox 442 1763 566 1872; x_wconf 58' lang='lat' dir='ltr'><strong>13m</strong></span> <span class='ocrx_word' id='word_1_215' title='bbox 588 1748 835 1803; x_wconf 86' lang='lat' dir='ltr'><strong>Crabbus</strong></span> <span class='ocrx_word' id='word_1_216' title='bbox 862 1756 915 1799; x_wconf 80' lang='lat' dir='ltr'><strong>et</strong></span> <span class='ocrx_word' id='word_1_217' title='bbox 946 1748 1034 1829; x_wconf 77' lang='lat' dir='ltr'><strong>alii</strong></span> <span class='ocrx_word' id='word_1_218' title='bbox 1054 1749 1474 1829; x_wconf 42' lang='lat' dir='ltr'><strong>.submoverunt.</strong></span> <span class='ocrx_word' id='word_1_219' title='bbox 1552 1746 1597 1780; x_wconf 67' lang='grc' dir='ltr'><strong>’ί</strong></span> <span class='ocrx_word' id='word_1_220' title='bbox 1621 1748 1696 1802; x_wconf 88' lang='lat' dir='ltr'><strong>De</strong></span> <span class='ocrx_word' id='word_1_221' title='bbox 1720 1746 1947 1803; x_wconf 75' lang='lat' dir='ltr'><strong>consecr.</strong></span> <span class='ocrx_word' id='word_1_222' title='bbox 1978 1750 2111 1831; x_wconf 41' lang='lat' dir='ltr'><strong>.dist.</strong></span> <span class='ocrx_word' id='word_1_223' title='bbox 2142 1750 2203 1805; x_wconf 81' lang='lat' dir='ltr'><strong>l:</strong></span> <span class='ocrx_word' id='word_1_224' title='bbox 2236 1748 2401 1803; x_wconf 86' lang='lat' dir='ltr'><strong>Nocte</strong></span> <span class='ocrx_word' id='word_1_225' title='bbox 2428 1758 2598 1802; x_wconf 84' lang='lat' dir='ltr'><strong>sanct.</strong></span> <span class='ocrx_word' id='word_1_226' title='bbox 2631 1748 2696 1801; x_wconf 83' lang='lat' dir='ltr'><strong>Et</strong></span> <span class='ocrx_word' id='word_1_227' title='bbox 2729 1749 2782 1801; x_wconf 92' lang='lat' dir='ltr'><strong>in</strong></span> <span class='ocrx_word' id='word_1_228' title='bbox 2815 1748 2969 1803; x_wconf 86' lang='lat' dir='ltr'><strong>Dccr.</strong></span> <span class='ocrx_word' id='word_1_229' title='bbox 2997 1750 3072 1800; x_wconf 80' lang='grc' dir='ltr'><strong>ιν.</strong></span> <span class='ocrx_word' id='word_1_230' title='bbox 3135 1748 3227 1800; x_wconf 89' lang='lat' dir='ltr'><strong>lib.</strong></span> <span class='ocrx_word' id='word_1_231' title='bbox 3260 1762 3318 1812; x_wconf 89' lang='grc' dir='ltr'><strong>ιι,</strong></span> <span class='ocrx_word' id='word_1_232' title='bbox 3359 1746 3453 1799; x_wconf 92' lang='lat' dir='ltr'><strong>ubi</strong></span> <span class='ocrx_word' id='word_1_233' title='bbox 3482 1746 3685 1799; x_wconf 86' lang='lat' dir='ltr'><strong>additur</strong></span> 
     </span>
     <span class='ocr_line' id='line_1_31' title="bbox 494 1816 2012 1872; baseline 0.001 -1"><span class='ocrx_word' id='word_1_234' title='bbox 494 1827 679 1872; x_wconf 76' lang='lat' dir='ltr'><strong>xcevta</strong></span> <span class='ocrx_word' id='word_1_235' title='bbox 706 1829 854 1872; x_wconf 87' lang='lat' dir='ltr'><strong>nocte</strong></span> <span class='ocrx_word' id='word_1_236' title='bbox 880 1816 1107 1872; x_wconf 78' lang='lat' dir='ltr'><strong>Natum.</strong></span> <span class='ocrx_word' id='word_1_237' title='bbox 1143 1820 1197 1872; x_wconf 90' lang='lat'><strong>6.</strong></span> <span class='ocrx_word' id='word_1_238' title='bbox 1231 1829 1423 1872; x_wconf 64' lang='lat' dir='ltr'><strong>(tuaest.</strong></span> <span class='ocrx_word' id='word_1_239' title='bbox 1459 1819 1479 1872; x_wconf 97' lang='grc'><strong>1</strong></span> <span class='ocrx_word' id='word_1_240' title='bbox 1508 1837 1521 1872; x_wconf 91' lang='lat'><strong>:</strong></span> <span class='ocrx_word' id='word_1_241' title='bbox 1555 1816 1861 1872; x_wconf 83' lang='lat' dir='ltr'><strong>Sacerdotes</strong></span> <span class='ocrx_word' id='word_1_242' title='bbox 1900 1836 2012 1872; x_wconf 83' lang='lat' dir='ltr'><strong>aut.</strong></span> 
     </span>
    </p>
   </div>
   <div class='ocr_carea' id='block_1_31' title="bbox 494 1816 2012 1891">
    <p class='ocr_par' dir='ltr' id='par_1_31' title="bbox 494 1816 2012 1891">
     <span class='ocr_line' id='line_1_32' title="bbox 494 1816 2012 1891; baseline 0.002 -20"><span class='ocrx_word' id='word_1_243' title='bbox 494 1827 679 1889; x_wconf 76' lang='lat' dir='ltr'><strong>xcepta</strong></span> <span class='ocrx_word' id='word_1_244' title='bbox 706 1829 854 1872; x_wconf 87' lang='lat' dir='ltr'><strong>nocte</strong></span> <span class='ocrx_word' id='word_1_245' title='bbox 880 1816 1107 1872; x_wconf 82' lang='lat' dir='ltr'><strong>Nativit.</strong></span> <span class='ocrx_word' id='word_1_246' title='bbox 1143 1820 1197 1883; x_wconf 90' lang='lat'><strong>6,</strong></span> <span class='ocrx_word' id='word_1_247' title='bbox 1231 1829 1423 1891; x_wconf 68' lang='lat' dir='ltr'><strong>qumst.</strong></span> <span class='ocrx_word' id='word_1_248' title='bbox 1459 1819 1479 1873; x_wconf 95' lang='grc'><strong>1</strong></span> <span class='ocrx_word' id='word_1_249' title='bbox 1508 1837 1521 1874; x_wconf 90' lang='lat'><strong>:</strong></span> <span class='ocrx_word' id='word_1_250' title='bbox 1555 1816 1861 1874; x_wconf 79' lang='lat' dir='ltr'><strong>Sacerdotes</strong></span> <span class='ocrx_word' id='word_1_251' title='bbox 1900 1821 2012 1890; x_wconf 82' lang='lat' dir='ltr'><strong>qui.</strong></span> 
     </span>
    </p>
   </div>
   <div class='ocr_carea' id='block_1_32' title="bbox 443 1968 3687 2041">
    <p class='ocr_par' dir='ltr' id='par_1_32' title="bbox 443 1968 3687 2041">
     <span class='ocr_line' id='line_1_33' title="bbox 443 1968 3687 2041; baseline -0.001 -16"><span class='ocrx_word' id='word_1_252' title='bbox 443 1971 564 2041; x_wconf 83' lang='lat' dir='ltr'><strong>ejus</strong></span> <span class='ocrx_word' id='word_1_253' title='bbox 607 1970 712 2027; x_wconf 81' lang='lat' dir='ltr'><strong>diei</strong></span> <span class='ocrx_word' id='word_1_254' title='bbox 755 1968 1126 2026; x_wconf 87' lang='lat' dir='ltr'><strong>sacratissima</strong></span> <span class='ocrx_word' id='word_1_255' title='bbox 1171 1980 1295 2025; x_wconf 90' lang='lat' dir='ltr'><strong>ante</strong></span> <span class='ocrx_word' id='word_1_256' title='bbox 1328 1986 1580 2026; x_wconf 89' lang='lat' dir='ltr'><strong>auroram</strong></span> <span class='ocrx_word' id='word_1_257' title='bbox 1612 1971 1835 2027; x_wconf 87' lang='lat' dir='ltr'><strong>missam</strong></span> <span class='ocrx_word' id='word_1_258' title='bbox 1882 1973 2023 2026; x_wconf 83' lang='lat' dir='ltr'><strong>cele-</strong></span> <span class='ocrx_word' id='word_1_259' title='bbox 2052 1976 2095 2031; x_wconf 80' lang='grc' dir='ltr'><strong>Β</strong></span> <span class='ocrx_word' id='word_1_260' title='bbox 2122 1972 2447 2041; x_wconf 90' lang='lat' dir='ltr'><strong>completum</strong></span> <span class='ocrx_word' id='word_1_261' title='bbox 2475 1988 2581 2026; x_wconf 92' lang='lat' dir='ltr'><strong>una</strong></span> <span class='ocrx_word' id='word_1_262' title='bbox 2615 1988 2737 2027; x_wconf 90' lang='lat' dir='ltr'><strong>cum</strong></span> <span class='ocrx_word' id='word_1_263' title='bbox 2778 1972 3071 2041; x_wconf 79' lang='lat' dir='ltr'><strong>pontificali</strong></span> <span class='ocrx_word' id='word_1_264' title='bbox 3103 1982 3330 2027; x_wconf 75' lang='lat' dir='ltr'><strong>auctore</strong></span> <span class='ocrx_word' id='word_1_265' title='bbox 3360 1974 3414 2026; x_wconf 91' lang='lat' dir='ltr'><strong>in</strong></span> <span class='ocrx_word' id='word_1_266' title='bbox 3442 1970 3561 2025; x_wconf 84' lang='lat' dir='ltr'><strong>Vita</strong></span> <span class='ocrx_word' id='word_1_267' title='bbox 3588 1969 3687 2023; x_wconf 71' lang='lat' dir='ltr'><strong>Te~</strong></span> 
     </span>
    </p>
   </div>
   <div class='ocr_carea' id='block_1_33' title="bbox 444 2040 2021 2111">
    <p class='ocr_par' dir='ltr' id='par_1_33' title="bbox 444 2040 2021 2111">
     <span class='ocr_line' id='line_1_34' title="bbox 444 2040 2021 2111; baseline 0.001 -15"><span class='ocrx_word' id='word_1_268' title='bbox 444 2040 606 2096; x_wconf 86' lang='lat' dir='ltr'><strong>brare</strong></span> <span class='ocrx_word' id='word_1_269' title='bbox 656 2041 960 2111; x_wconf 43' lang='lat' dir='ltr'><strong>liceatLita</strong></span> <span class='ocrx_word' id='word_1_270' title='bbox 1012 2040 1177 2094; x_wconf 90' lang='lat' dir='ltr'><strong>etiam</strong></span> <span class='ocrx_word' id='word_1_271' title='bbox 1222 2042 1397 2096; x_wconf 89' lang='lat' dir='ltr'><strong>eidem</strong></span> <span class='ocrx_word' id='word_1_272' title='bbox 1446 2042 1553 2096; x_wconf 91' lang='lat' dir='ltr'><strong>diei</strong></span> <span class='ocrx_word' id='word_1_273' title='bbox 1588 2041 1880 2111; x_wconf 84' lang='lat' dir='ltr'><strong>singularis</strong></span> <span class='ocrx_word' id='word_1_274' title='bbox 1919 2044 2021 2098; x_wconf 89' lang='lat' dir='ltr'><strong>ista</strong></span> 
     </span>
    </p>
   </div>
   <div class='ocr_carea' id='block_1_34' title="bbox 443 2109 2023 2182">
    <p class='ocr_par' dir='ltr' id='par_1_34' title="bbox 443 2109 2023 2182">
     <span class='ocr_line' id='line_1_35' title="bbox 443 2109 2023 2182; baseline 0.001 -16"><span class='ocrx_word' id='word_1_275' title='bbox 443 2114 800 2182; x_wconf 68' lang='lat' dir='ltr'><strong>praerogativa</strong></span> <span class='ocrx_word' id='word_1_276' title='bbox 846 2109 1163 2182; x_wconf 83' lang='lat' dir='ltr'><strong>Telesphori</strong></span> <span class='ocrx_word' id='word_1_277' title='bbox 1206 2113 1477 2181; x_wconf 88' lang='lat' dir='ltr'><strong>pontificis</strong></span> <span class='ocrx_word' id='word_1_278' title='bbox 1524 2109 1844 2168; x_wconf 79' lang='lat' dir='ltr'><strong>auctoritate</strong></span> <span class='ocrx_word' id='word_1_279' title='bbox 1887 2129 2023 2168; x_wconf 85' lang='lat' dir='ltr'><strong>con-</strong></span> 
     </span>
    </p>
   </div>
   <div class='ocr_carea' id='block_1_35' title="bbox 443 2180 2024 2253">
    <p class='ocr_par' dir='ltr' id='par_1_35' title="bbox 443 2180 2024 2253">
     <span class='ocr_line' id='line_1_36' title="bbox 443 2180 2024 2253; baseline 0 -16"><span class='ocrx_word' id='word_1_280' title='bbox 443 2180 597 2237; x_wconf 87' lang='lat' dir='ltr'><strong>cessa</strong></span> <span class='ocrx_word' id='word_1_281' title='bbox 632 2180 733 2248; x_wconf 81' lang='lat' dir='ltr'><strong>est,</strong></span> <span class='ocrx_word' id='word_1_282' title='bbox 770 2180 916 2253; x_wconf 87' lang='lat' dir='ltr'><strong>quod</strong></span> <span class='ocrx_word' id='word_1_283' title='bbox 952 2181 1135 2253; x_wconf 59' lang='lat' dir='ltr'><strong>liceat,</strong></span> <span class='ocrx_word' id='word_1_284' title='bbox 1155 2180 1259 2235; x_wconf 78' lang='lat' dir='ltr'><strong>nan</strong></span> <span class='ocrx_word' id='word_1_285' title='bbox 1287 2199 1448 2253; x_wconf 86' lang='lat' dir='ltr'><strong>unam</strong></span> <span class='ocrx_word' id='word_1_286' title='bbox 1471 2183 1755 2245; x_wconf 84' lang='lat' dir='ltr'><strong>duntaxat,</strong></span> <span class='ocrx_word' id='word_1_287' title='bbox 1784 2190 1875 2238; x_wconf 87' lang='lat' dir='ltr'><strong>sed</strong></span> <span class='ocrx_word' id='word_1_288' title='bbox 1906 2186 2024 2253; x_wconf 89' lang='lat' dir='ltr'><strong>pln-</strong></span> 
     </span>
    </p>
   </div>
   <div class='ocr_carea' id='block_1_36' title="bbox 445 2251 2022 2323">
    <p class='ocr_par' dir='ltr' id='par_1_36' title="bbox 445 2251 2022 2323">
     <span class='ocr_line' id='line_1_37' title="bbox 445 2251 2022 2323; baseline 0.001 -16"><span class='ocrx_word' id='word_1_289' title='bbox 445 2268 539 2307; x_wconf 88' lang='lat' dir='ltr'><strong>res</strong></span> <span class='ocrx_word' id='word_1_290' title='bbox 575 2251 902 2309; x_wconf 41' lang='lat' dir='ltr'><strong>missas&#39;illo</strong></span> <span class='ocrx_word' id='word_1_291' title='bbox 934 2251 1029 2323; x_wconf 80' lang='lat' dir='ltr'><strong>die</strong></span> <span class='ocrx_word' id='word_1_292' title='bbox 1060 2251 1273 2306; x_wconf 81' lang='lat' dir='ltr'><strong>oﬂ&#39;erre.</strong></span> <span class='ocrx_word' id='word_1_293' title='bbox 1326 2251 1525 2307; x_wconf 87' lang='lat' dir='ltr'><strong>Scribit</strong></span> <span class='ocrx_word' id='word_1_294' title='bbox 1557 2254 1701 2306; x_wconf 90' lang='lat' dir='ltr'><strong>enim</strong></span> <span class='ocrx_word' id='word_1_295' title='bbox 1739 2253 1793 2306; x_wconf 91' lang='lat' dir='ltr'><strong>in</strong></span> <span class='ocrx_word' id='word_1_296' title='bbox 1829 2251 2022 2323; x_wconf 83' lang='lat' dir='ltr'><strong>plurali</strong></span> 
     </span>
    </p>
   </div>
   <div class='ocr_carea' id='block_1_37' title="bbox 445 2320 2022 2389">
    <p class='ocr_par' dir='ltr' id='par_1_37' title="bbox 445 2320 2022 2389">
     <span class='ocr_line' id='line_1_38' title="bbox 445 2320 2022 2389; baseline 0.002 -13"><span class='ocrx_word' id='word_1_297' title='bbox 445 2338 701 2389; x_wconf 88' lang='lat' dir='ltr'><strong>numero,</strong></span> <span class='ocrx_word' id='word_1_298' title='bbox 728 2324 921 2378; x_wconf 85' lang='lat' dir='ltr'><strong>missas</strong></span> <span class='ocrx_word' id='word_1_299' title='bbox 952 2320 1227 2376; x_wconf 82' lang='lat' dir='ltr'><strong>celebrent.</strong></span> <span class='ocrx_word' id='word_1_300' title='bbox 1248 2323 1425 2386; x_wconf 90' lang='lat' dir='ltr'><strong>Onare</strong></span> <span class='ocrx_word' id='word_1_301' title='bbox 1448 2323 1660 2377; x_wconf 90' lang='lat' dir='ltr'><strong>etiamsi</strong></span> <span class='ocrx_word' id='word_1_302' title='bbox 1692 2323 1757 2376; x_wconf 91' lang='lat' dir='ltr'><strong>de</strong></span> <span class='ocrx_word' id='word_1_303' title='bbox 1781 2320 2022 2379; x_wconf 81' lang='lat' dir='ltr'><strong>ternario</strong></span> 
     </span>
    </p>
   </div>
   <div class='ocr_carea' id='block_1_38' title="bbox 444 2391 2024 2449">
    <p class='ocr_par' dir='ltr' id='par_1_38' title="bbox 444 2391 2024 2449">
     <span class='ocr_line' id='line_1_39' title="bbox 444 2391 2024 2449; baseline 0.001 -2"><span class='ocrx_word' id='word_1_304' title='bbox 444 2408 678 2449; x_wconf 87' lang='lat' dir='ltr'><strong>numero</strong></span> <span class='ocrx_word' id='word_1_305' title='bbox 714 2407 1000 2449; x_wconf 90' lang='lat' dir='ltr'><strong>sacrorum</strong></span> <span class='ocrx_word' id='word_1_306' title='bbox 1043 2392 1097 2445; x_wconf 93' lang='lat' dir='ltr'><strong>in</strong></span> <span class='ocrx_word' id='word_1_307' title='bbox 1132 2393 1218 2446; x_wconf 89' lang='lat' dir='ltr'><strong>die</strong></span> <span class='ocrx_word' id='word_1_308' title='bbox 1254 2391 1459 2449; x_wconf 85' lang='lat' dir='ltr'><strong>Natalis</strong></span> <span class='ocrx_word' id='word_1_309' title='bbox 1493 2391 1707 2447; x_wconf 93' lang='lat' dir='ltr'><strong>Domini</strong></span> <span class='ocrx_word' id='word_1_310' title='bbox 1746 2391 2024 2449; x_wconf 88' lang='lat' dir='ltr'><strong>faciendo-</strong></span> 
     </span>
    </p>
   </div>
   <div class='ocr_carea' id='block_1_39' title="bbox 445 2460 2024 2534">
    <p class='ocr_par' dir='ltr' id='par_1_39' title="bbox 445 2460 2024 2534">
     <span class='ocr_line' id='line_1_40' title="bbox 445 2460 2024 2534; baseline 0.001 -17"><span class='ocrx_word' id='word_1_311' title='bbox 445 2478 567 2517; x_wconf 89' lang='lat' dir='ltr'><strong>rum</strong></span> <span class='ocrx_word' id='word_1_312' title='bbox 595 2479 851 2534; x_wconf 89' lang='lat' dir='ltr'><strong>expresse</strong></span> <span class='ocrx_word' id='word_1_313' title='bbox 876 2462 1010 2534; x_wconf 83' lang='lat' dir='ltr'><strong>nihil</strong></span> <span class='ocrx_word' id='word_1_314' title='bbox 1033 2460 1312 2534; x_wconf 83' lang='lat' dir='ltr'><strong>decretum</strong></span> <span class='ocrx_word' id='word_1_315' title='bbox 1336 2478 1457 2534; x_wconf 80' lang='lat' dir='ltr'><strong>esse</strong></span> <span class='ocrx_word' id='word_1_316' title='bbox 1479 2464 1881 2534; x_wconf 84' lang='lat' dir='ltr'><strong>reperiatur,ab</strong></span> <span class='ocrx_word' id='word_1_317' title='bbox 1906 2464 2024 2533; x_wconf 91' lang='lat' dir='ltr'><strong>ipso</strong></span> 
     </span>
    </p>
   </div>
   <div class='ocr_carea' id='block_1_40' title="bbox 441 2530 2023 2601">
    <p class='ocr_par' dir='ltr' id='par_1_40' title="bbox 441 2530 2023 2601">
     <span class='ocr_line' id='line_1_41' title="bbox 441 2530 2023 2601; baseline 0.001 -14"><span class='ocrx_word' id='word_1_318' title='bbox 441 2540 627 2587; x_wconf 83' lang='lat' dir='ltr'><strong>tamen</strong></span> <span class='ocrx_word' id='word_1_319' title='bbox 656 2530 877 2588; x_wconf 80' lang='lat' dir='ltr'><strong>auctore</strong></span> <span class='ocrx_word' id='word_1_320' title='bbox 912 2532 1082 2601; x_wconf 86' lang='lat' dir='ltr'><strong>legem</strong></span> <span class='ocrx_word' id='word_1_321' title='bbox 1110 2530 1254 2601; x_wconf 88' lang='lat' dir='ltr'><strong>hanc</strong></span> <span class='ocrx_word' id='word_1_322' title='bbox 1278 2530 1553 2586; x_wconf 87' lang='lat' dir='ltr'><strong>conditam</strong></span> <span class='ocrx_word' id='word_1_323' title='bbox 1583 2547 1725 2594; x_wconf 89' lang='lat' dir='ltr'><strong>esse,</strong></span> <span class='ocrx_word' id='word_1_324' title='bbox 1757 2532 1880 2587; x_wconf 89' lang='lat' dir='ltr'><strong>inde</strong></span> <span class='ocrx_word' id='word_1_325' title='bbox 1914 2530 2023 2588; x_wconf 82' lang='lat' dir='ltr'><strong>non</strong></span> 
     </span>
    </p>
   </div>
   <div class='ocr_carea' id='block_1_41' title="bbox 442 2600 2024 2673">
    <p class='ocr_par' dir='ltr' id='par_1_41' title="bbox 442 2600 2024 2673">
     <span class='ocr_line' id='line_1_42' title="bbox 442 2600 2024 2673; baseline 0 -16"><span class='ocrx_word' id='word_1_326' title='bbox 442 2603 934 2673; x_wconf 62' lang='lat' dir='ltr'><strong>malertilligitur,</strong></span> <span class='ocrx_word' id='word_1_327' title='bbox 972 2600 1123 2670; x_wconf 87' lang='lat' dir='ltr'><strong>quod</strong></span> <span class='ocrx_word' id='word_1_328' title='bbox 1169 2602 1229 2673; x_wconf 66' lang='lat' dir='ltr'><strong>S.</strong></span> <span class='ocrx_word' id='word_1_329' title='bbox 1260 2601 1553 2667; x_wconf 82' lang='lat' dir='ltr'><strong>Gregorius</strong></span> <span class='ocrx_word' id='word_1_330' title='bbox 1588 2601 1641 2655; x_wconf 92' lang='lat' dir='ltr'><strong>in</strong></span> <span class='ocrx_word' id='word_1_331' title='bbox 1694 2602 1913 2657; x_wconf 90' lang='lat' dir='ltr'><strong>bomilia</strong></span> <span class='ocrx_word' id='word_1_332' title='bbox 1947 2603 2024 2658; x_wconf 87' lang='lat' dir='ltr'><strong>De</strong></span> 
     </span>
    </p>
   </div>
   <div class='ocr_carea' id='block_1_42' title="bbox 447 2669 2021 2741">
    <p class='ocr_par' dir='ltr' id='par_1_42' title="bbox 447 2669 2021 2741">
     <span class='ocr_line' id='line_1_43' title="bbox 447 2669 2021 2741; baseline 0.002 -17"><span class='ocrx_word' id='word_1_333' title='bbox 447 2669 638 2726; x_wconf 81' lang='lat' dir='ltr'><strong>Natali</strong></span> <span class='ocrx_word' id='word_1_334' title='bbox 673 2669 885 2726; x_wconf 68' lang='lat' dir='ltr'><strong>Domini</strong></span> <span class='ocrx_word' id='word_1_335' title='bbox 912 2669 1327 2741; x_wconf 86' lang='lat' dir='ltr'><strong>consuetudinis</strong></span> <span class='ocrx_word' id='word_1_336' title='bbox 1358 2673 1441 2726; x_wconf 88' lang='lat' dir='ltr'><strong>vel</strong></span> <span class='ocrx_word' id='word_1_337' title='bbox 1472 2673 1607 2741; x_wconf 82' lang='lat' dir='ltr'><strong>legis</strong></span> <span class='ocrx_word' id='word_1_338' title='bbox 1642 2673 1806 2740; x_wconf 88' lang='lat' dir='ltr'><strong>hujus</strong></span> <span class='ocrx_word' id='word_1_339' title='bbox 1829 2673 2021 2727; x_wconf 90' lang='lat' dir='ltr'><strong>memi-</strong></span> 
     </span>
    </p>
   </div>
   <div class='ocr_carea' id='block_1_43' title="bbox 442 2740 2022 2811">
    <p class='ocr_par' dir='ltr' id='par_1_43' title="bbox 442 2740 2022 2811">
     <span class='ocr_line' id='line_1_44' title="bbox 442 2740 2022 2811; baseline 0.002 -16"><span class='ocrx_word' id='word_1_340' title='bbox 442 2741 610 2808; x_wconf 82' lang='lat' dir='ltr'><strong>nerit,</strong></span> <span class='ocrx_word' id='word_1_341' title='bbox 661 2742 955 2811; x_wconf 88' lang='lat' dir='ltr'><strong>nullusque</strong></span> <span class='ocrx_word' id='word_1_342' title='bbox 1008 2740 1151 2796; x_wconf 90' lang='lat' dir='ltr'><strong>alius</strong></span> <span class='ocrx_word' id='word_1_343' title='bbox 1198 2751 1405 2811; x_wconf 17' lang='lat' dir='ltr'><strong>auctor,</strong></span> <span class='ocrx_word' id='word_1_344' title='bbox 1440 2740 1702 2797; x_wconf 87' lang='lat' dir='ltr'><strong>hactenus</strong></span> <span class='ocrx_word' id='word_1_345' title='bbox 1750 2744 2022 2798; x_wconf 91' lang='lat' dir='ltr'><strong>nominari</strong></span> 
     </span>
    </p>
   </div>
   <div class='ocr_carea' id='block_1_44' title="bbox 522 2810 2023 2879">
    <p class='ocr_par' dir='ltr' id='par_1_44' title="bbox 522 2810 2023 2879">
     <span class='ocr_line' id='line_1_45' title="bbox 522 2810 2023 2879; baseline 0.001 -14"><span class='ocrx_word' id='word_1_346' title='bbox 522 2813 708 2870; x_wconf 91' lang='lat' dir='ltr'><strong>tuerit.</strong></span> <span class='ocrx_word' id='word_1_347' title='bbox 736 2812 841 2879; x_wconf 83' lang='lat' dir='ltr'><strong>Qui</strong></span> <span class='ocrx_word' id='word_1_348' title='bbox 868 2810 1004 2879; x_wconf 81' lang='lat' dir='ltr'><strong>ergo</strong></span> <span class='ocrx_word' id='word_1_349' title='bbox 1031 2812 1219 2865; x_wconf 85' lang='lat' dir='ltr'><strong>eodem</strong></span> <span class='ocrx_word' id='word_1_350' title='bbox 1248 2812 1337 2866; x_wconf 91' lang='lat' dir='ltr'><strong>die</strong></span> <span class='ocrx_word' id='word_1_351' title='bbox 1364 2810 1570 2867; x_wconf 84' lang='lat' dir='ltr'><strong>Natalis</strong></span> <span class='ocrx_word' id='word_1_352' title='bbox 1598 2812 1814 2869; x_wconf 85' lang='lat' dir='ltr'><strong>Domini</strong></span> <span class='ocrx_word' id='word_1_353' title='bbox 1849 2814 2023 2867; x_wconf 86' lang='lat' dir='ltr'><strong>sacri-</strong></span> 
     </span>
    </p>
   </div>
   <div class='ocr_carea' id='block_1_45' title="bbox 464 2882 2023 2952">
    <p class='ocr_par' dir='ltr' id='par_1_45' title="bbox 464 2882 2023 2952">
     <span class='ocr_line' id='line_1_46' title="bbox 464 2882 2023 2952; baseline 0.002 -16"><span class='ocrx_word' id='word_1_354' title='bbox 464 2882 553 2936; x_wconf 90' lang='lat' dir='ltr'><strong>icii</strong></span> <span class='ocrx_word' id='word_1_355' title='bbox 581 2882 920 2937; x_wconf 87' lang='lat' dir='ltr'><strong>iterationem</strong></span> <span class='ocrx_word' id='word_1_356' title='bbox 941 2882 1043 2937; x_wconf 91' lang='lat' dir='ltr'><strong>hac</strong></span> <span class='ocrx_word' id='word_1_357' title='bbox 1062 2882 1291 2950; x_wconf 85' lang='lat' dir='ltr'><strong>epistola</strong></span> <span class='ocrx_word' id='word_1_358' title='bbox 1312 2898 1566 2952; x_wconf 81' lang='lat' dir='ltr'><strong>expresse</strong></span> <span class='ocrx_word' id='word_1_359' title='bbox 1585 2898 1693 2937; x_wconf 94' lang='lat' dir='ltr'><strong>non</strong></span> <span class='ocrx_word' id='word_1_360' title='bbox 1718 2882 1836 2938; x_wconf 90' lang='lat' dir='ltr'><strong>sine</strong></span> <span class='ocrx_word' id='word_1_361' title='bbox 1856 2899 2023 2939; x_wconf 82' lang='lat' dir='ltr'><strong>causa</strong></span> 
     </span>
    </p>
   </div>
   <div class='ocr_carea' id='block_1_46' title="bbox 443 2952 2023 3025">
    <p class='ocr_par' dir='ltr' id='par_1_46' title="bbox 443 2952 2023 3025">
     <span class='ocr_line' id='line_1_47' title="bbox 443 2952 2023 3025; baseline 0.001 -18"><span class='ocrx_word' id='word_1_362' title='bbox 443 2953 674 3025; x_wconf 86' lang='lat' dir='ltr'><strong>mystica</strong></span> <span class='ocrx_word' id='word_1_363' title='bbox 709 2954 981 3023; x_wconf 67' lang='lat' dir='ltr'><strong>praecepit,</strong></span> <span class='ocrx_word' id='word_1_364' title='bbox 1015 2952 1079 3025; x_wconf 89' lang='lat' dir='ltr'><strong>ad</strong></span> <span class='ocrx_word' id='word_1_365' title='bbox 1124 2961 1331 3007; x_wconf 88' lang='lat' dir='ltr'><strong>certum</strong></span> <span class='ocrx_word' id='word_1_366' title='bbox 1380 2954 1699 3025; x_wconf 84' lang='lat' dir='ltr'><strong>mysterium</strong></span> <span class='ocrx_word' id='word_1_367' title='bbox 1734 2962 1883 3025; x_wconf 87' lang='lat' dir='ltr'><strong>certo</strong></span> <span class='ocrx_word' id='word_1_368' title='bbox 1915 2969 2023 3008; x_wconf 86' lang='lat' dir='ltr'><strong>nu-</strong></span> 
     </span>
    </p>
   </div>
   <div class='ocr_carea' id='block_1_47' title="bbox 445 3024 2022 3095">
    <p class='ocr_par' dir='ltr' id='par_1_47' title="bbox 445 3024 2022 3095">
     <span class='ocr_line' id='line_1_48' title="bbox 445 3024 2022 3095; baseline 0.001 -18"><span class='ocrx_word' id='word_1_369' title='bbox 445 3038 599 3077; x_wconf 89' lang='lat' dir='ltr'><strong>mero</strong></span> <span class='ocrx_word' id='word_1_370' title='bbox 632 3024 1155 3095; x_wconf 73' lang='lat' dir='ltr'><strong>reprzesentandum,</strong></span> <span class='ocrx_word' id='word_1_371' title='bbox 1190 3024 1488 3095; x_wconf 85' lang='lat' dir='ltr'><strong>ternarium</strong></span> <span class='ocrx_word' id='word_1_372' title='bbox 1534 3024 1875 3095; x_wconf 28' lang='lat' dir='ltr'><strong>Adetinivisse,</strong></span> <span class='ocrx_word' id='word_1_373' title='bbox 1912 3039 2022 3079; x_wconf 92' lang='lat' dir='ltr'><strong>non</strong></span> 
     </span>
    </p>
   </div>
   <div class='ocr_carea' id='block_1_48' title="bbox 445 3093 2023 3165">
    <p class='ocr_par' dir='ltr' id='par_1_48' title="bbox 445 3093 2023 3165">
     <span class='ocr_line' id='line_1_49' title="bbox 445 3093 2023 3165; baseline 0.001 -17"><span class='ocrx_word' id='word_1_374' title='bbox 445 3108 672 3165; x_wconf 84' lang='lat' dir='ltr'><strong>possum</strong></span> <span class='ocrx_word' id='word_1_375' title='bbox 698 3093 837 3165; x_wconf 59' lang='lat' dir='ltr'><strong>&#39;non</strong></span> <span class='ocrx_word' id='word_1_376' title='bbox 883 3094 1098 3165; x_wconf 86' lang='lat' dir='ltr'><strong>sentire</strong></span> <span class='ocrx_word' id='word_1_377' title='bbox 1143 3110 1207 3149; x_wconf 89' lang='lat' dir='ltr'><strong>ac</strong></span> <span class='ocrx_word' id='word_1_378' title='bbox 1254 3094 1496 3165; x_wconf 84' lang='lat' dir='ltr'><strong>credere.</strong></span> <span class='ocrx_word' id='word_1_379' title='bbox 1531 3093 1786 3165; x_wconf 85' lang='lat' dir='ltr'><strong>Mysticas</strong></span> <span class='ocrx_word' id='word_1_380' title='bbox 1825 3108 2023 3150; x_wconf 88' lang='lat' dir='ltr'><strong>causas</strong></span> 
     </span>
    </p>
   </div>
   <div class='ocr_carea' id='block_1_49' title="bbox 441 3163 2023 3231">
    <p class='ocr_par' dir='ltr' id='par_1_49' title="bbox 441 3163 2023 3231">
     <span class='ocr_line' id='line_1_50' title="bbox 441 3163 2023 3231; baseline 0.001 -14"><span class='ocrx_word' id='word_1_381' title='bbox 441 3163 611 3217; x_wconf 87' lang='lat' dir='ltr'><strong>trium</strong></span> <span class='ocrx_word' id='word_1_382' title='bbox 664 3163 1057 3219; x_wconf 87' lang='lat' dir='ltr'><strong>sacrificiorum</strong></span> <span class='ocrx_word' id='word_1_383' title='bbox 1107 3166 1210 3219; x_wconf 91' lang='lat' dir='ltr'><strong>hoc</strong></span> <span class='ocrx_word' id='word_1_384' title='bbox 1265 3165 1352 3219; x_wconf 89' lang='lat' dir='ltr'><strong>die</strong></span> <span class='ocrx_word' id='word_1_385' title='bbox 1401 3163 1837 3231; x_wconf 75' lang='lat' dir='ltr'><strong>offerendorum,</strong></span> <span class='ocrx_word' id='word_1_386' title='bbox 1886 3166 2023 3219; x_wconf 89' lang='lat' dir='ltr'><strong>alias</strong></span> 
     </span>
    </p>
   </div>
   <div class='ocr_carea' id='block_1_50' title="bbox 441 3232 2023 3304">
    <p class='ocr_par' dir='ltr' id='par_1_50' title="bbox 441 3232 2023 3304">
     <span class='ocr_line' id='line_1_51' title="bbox 441 3232 2023 3304; baseline 0.002 -18"><span class='ocrx_word' id='word_1_387' title='bbox 441 3232 505 3304; x_wconf 62' lang='grc' dir='ltr'><strong>ξ.</strong></span> <span class='ocrx_word' id='word_1_388' title='bbox 539 3232 779 3290; x_wconf 87' lang='lat' dir='ltr'><strong>Thomas</strong></span> <span class='ocrx_word' id='word_1_389' title='bbox 818 3250 877 3289; x_wconf 91' lang='grc' dir='ltr'><strong>ιιι</strong></span> <span class='ocrx_word' id='word_1_390' title='bbox 916 3246 1091 3304; x_wconf 16' lang='lat' dir='ltr'><strong>rpart.,</strong></span> <span class='ocrx_word' id='word_1_391' title='bbox 1126 3244 1318 3304; x_wconf 68' lang='lat' dir='ltr'><strong>quaest.</strong></span> <span class='ocrx_word' id='word_1_392' title='bbox 1363 3235 1453 3297; x_wconf 81' lang='lat'><strong>85.</strong></span> <span class='ocrx_word' id='word_1_393' title='bbox 1482 3244 1587 3290; x_wconf 93' lang='lat' dir='ltr'><strong>art.</strong></span> <span class='ocrx_word' id='word_1_394' title='bbox 1632 3235 1666 3288; x_wconf 88' lang='grc'><strong>2</strong></span> <span class='ocrx_word' id='word_1_395' title='bbox 1698 3233 1765 3287; x_wconf 91' lang='lat' dir='ltr'><strong>ad</strong></span> <span class='ocrx_word' id='word_1_396' title='bbox 1793 3234 1848 3300; x_wconf 87' lang='grc'>2,</span> <span class='ocrx_word' id='word_1_397' title='bbox 1886 3236 2023 3289; x_wconf 88' lang='lat' dir='ltr'><strong>alias</strong></span> 
     </span>
    </p>
   </div>
   <div class='ocr_carea' id='block_1_51' title="bbox 437 3302 2025 3372">
    <p class='ocr_par' dir='ltr' id='par_1_51' title="bbox 437 3302 2025 3372">
     <span class='ocr_line' id='line_1_52' title="bbox 437 3302 2025 3372; baseline 0.001 -15"><span class='ocrx_word' id='word_1_398' title='bbox 437 3302 634 3358; x_wconf 73' lang='lat' dir='ltr'><strong>Glossa</strong></span> <span class='ocrx_word' id='word_1_399' title='bbox 658 3305 710 3358; x_wconf 92' lang='lat' dir='ltr'><strong>in</strong></span> <span class='ocrx_word' id='word_1_400' title='bbox 734 3320 852 3372; x_wconf 88' lang='lat' dir='ltr'><strong>cap.</strong></span> <span class='ocrx_word' id='word_1_401' title='bbox 875 3303 1043 3359; x_wconf 82' lang='lat' dir='ltr'><strong>Nocte</strong></span> <span class='ocrx_word' id='word_1_402' title='bbox 1066 3302 1269 3369; x_wconf 71' lang='lat' dir='ltr'><strong>sancta,</strong></span> <span class='ocrx_word' id='word_1_403' title='bbox 1299 3305 1371 3359; x_wconf 87' lang='lat' dir='ltr'><strong>De</strong></span> <span class='ocrx_word' id='word_1_404' title='bbox 1393 3315 1681 3361; x_wconf 84' lang='lat' dir='ltr'><strong>consecrat.</strong></span> <span class='ocrx_word' id='word_1_405' title='bbox 1706 3305 1947 3361; x_wconf 85' lang='lat' dir='ltr'><strong>distinct.</strong></span> <span class='ocrx_word' id='word_1_406' title='bbox 1971 3306 2025 3372; x_wconf 89' lang='grc'>1,</span> 
     </span>
    </p>
   </div>
   <div class='ocr_carea' id='block_1_52' title="bbox 434 3373 2024 3446">
    <p class='ocr_par' dir='ltr' id='par_1_52' title="bbox 434 3373 2024 3446">
     <span class='ocr_line' id='line_1_53' title="bbox 434 3373 2024 3446; baseline 0.001 -18"><span class='ocrx_word' id='word_1_407' title='bbox 434 3384 711 3430; x_wconf 76' lang='lat' dir='ltr'><strong>recenset.</strong></span> <span class='ocrx_word' id='word_1_408' title='bbox 763 3373 944 3429; x_wconf 84' lang='lat' dir='ltr'><strong>Prima</strong></span> <span class='ocrx_word' id='word_1_409' title='bbox 979 3376 1145 3430; x_wconf 86' lang='lat' dir='ltr'><strong>missa</strong></span> <span class='ocrx_word' id='word_1_410' title='bbox 1177 3378 1473 3432; x_wconf 82' lang='lat' dir='ltr'><strong>secundum</strong></span> <span class='ocrx_word' id='word_1_411' title='bbox 1506 3376 1772 3430; x_wconf 87' lang='lat' dir='ltr'><strong>Thomam</strong></span> <span class='ocrx_word' id='word_1_412' title='bbox 1814 3376 2024 3446; x_wconf 85' lang='lat' dir='ltr'><strong>signifi-</strong></span> 
     </span>
    </p>
   </div>
   <div class='ocr_carea' id='block_1_53' title="bbox 438 3446 2022 3517">
    <p class='ocr_par' dir='ltr' id='par_1_53' title="bbox 438 3446 2022 3517">
     <span class='ocr_line' id='line_1_54' title="bbox 438 3446 2022 3517; baseline 0.001 -18"><span class='ocrx_word' id='word_1_413' title='bbox 438 3452 534 3499; x_wconf 78' lang='lat' dir='ltr'><strong>cat</strong></span> <span class='ocrx_word' id='word_1_414' title='bbox 555 3454 821 3517; x_wconf 62' lang='lat' dir='ltr'><strong>aeternam</strong></span> <span class='ocrx_word' id='word_1_415' title='bbox 853 3446 996 3499; x_wconf 86' lang='lat' dir='ltr'><strong>illam</strong></span> <span class='ocrx_word' id='word_1_416' title='bbox 1022 3462 1086 3501; x_wconf 89' lang='lat' dir='ltr'><strong>ac</strong></span> <span class='ocrx_word' id='word_1_417' title='bbox 1110 3447 1347 3500; x_wconf 87' lang='lat' dir='ltr'><strong>divinam</strong></span> <span class='ocrx_word' id='word_1_418' title='bbox 1380 3448 1806 3517; x_wconf 88' lang='lat' dir='ltr'><strong>generationem,</strong></span> <span class='ocrx_word' id='word_1_419' title='bbox 1832 3447 1898 3501; x_wconf 90' lang='lat' dir='ltr'><strong>de</strong></span> <span class='ocrx_word' id='word_1_420' title='bbox 1918 3462 2022 3516; x_wconf 91' lang='lat' dir='ltr'><strong>qna</strong></span> 
     </span>
    </p>
   </div>
   <div class='ocr_carea' id='block_1_54' title="bbox 449 3514 2028 3588">
    <p class='ocr_par' dir='ltr' id='par_1_54' title="bbox 449 3514 2028 3588">
     <span class='ocr_line' id='line_1_55' title="bbox 449 3514 2028 3588; baseline 0.003 -21"><span class='ocrx_word' id='word_1_421' title='bbox 449 3514 665 3588; x_wconf 83' lang='lat' dir='ltr'><strong>psalmo</strong></span> <span class='ocrx_word' id='word_1_422' title='bbox 699 3532 734 3588; x_wconf 87' lang='grc' dir='ltr'><strong>ιι</strong></span> <span class='ocrx_word' id='word_1_423' title='bbox 757 3534 771 3569; x_wconf 91' lang='lat'><strong>:</strong></span> <span class='ocrx_word' id='word_1_424' title='bbox 796 3534 814 3566; x_wconf 77' lang='grc' dir='ltr'><strong>ι</strong></span> <span class='ocrx_word' id='word_1_425' title='bbox 844 3517 1082 3588; x_wconf 86' lang='lat' dir='ltr'><strong>Dixit_ad</strong></span> <span class='ocrx_word' id='word_1_426' title='bbox 1112 3533 1197 3571; x_wconf 92' lang='lat' dir='ltr'><strong>me</strong></span> <span class='ocrx_word' id='word_1_427' title='bbox 1221 3536 1234 3571; x_wconf 89' lang='lat'><strong>:</strong></span> <span class='ocrx_word' id='word_1_428' title='bbox 1254 3514 1587 3588; x_wconf 51' lang='lat' dir='ltr'><strong>Filiusmeus</strong></span> <span class='ocrx_word' id='word_1_429' title='bbox 1614 3533 1675 3571; x_wconf 90' lang='lat' dir='ltr'><strong>es</strong></span> <span class='ocrx_word' id='word_1_430' title='bbox 1699 3526 1779 3581; x_wconf 90' lang='lat' dir='ltr'><strong>tu,</strong></span> <span class='ocrx_word' id='word_1_431' title='bbox 1800 3532 1901 3588; x_wconf 89' lang='lat' dir='ltr'><strong>ego</strong></span> <span class='ocrx_word' id='word_1_432' title='bbox 1934 3514 2028 3572; x_wconf 88' lang='lat' dir='ltr'><strong>bo-</strong></span> 
     </span>
    </p>
   </div>
   <div class='ocr_carea' id='block_1_55' title="bbox 440 3585 2026 3665">
    <p class='ocr_par' dir='ltr' id='par_1_55' title="bbox 440 3585 2026 3665">
     <span class='ocr_line' id='line_1_56' title="bbox 440 3585 2026 3665; baseline 0.002 -26"><span class='ocrx_word' id='word_1_433' title='bbox 440 3585 533 3639; x_wconf 86' lang='lat' dir='ltr'><strong>die</strong></span> <span class='ocrx_word' id='word_1_434' title='bbox 566 3587 725 3665; x_wconf 87' lang='lat' dir='ltr'><strong>genui</strong></span> <span class='ocrx_word' id='word_1_435' title='bbox 763 3596 832 3651; x_wconf 87' lang='lat' dir='ltr'><strong>te,</strong></span> <span class='ocrx_word' id='word_1_436' title='bbox 855 3605 873 3638; x_wconf 81' lang='grc' dir='ltr'><strong>ι</strong></span> <span class='ocrx_word' id='word_1_437' title='bbox 914 3597 967 3641; x_wconf 90' lang='lat' dir='ltr'><strong>et</strong></span> <span class='ocrx_word' id='word_1_438' title='bbox 992 3586 1290 3665; x_wconf 81' lang='lat' dir='ltr'><strong>Joann.___c.</strong></span> <span class='ocrx_word' id='word_1_439' title='bbox 1326 3603 1503 3665; x_wconf 31' lang='lat' dir='ltr'><strong>t,.qua</strong></span> <span class='ocrx_word' id='word_1_440' title='bbox 1536 3587 1697 3665; x_wconf 81' lang='lat' dir='ltr'><strong>Pater</strong></span> <span class='ocrx_word' id='word_1_441' title='bbox 1732 3585 1886 3665; x_wconf 71' lang='lat' dir='ltr'><strong>suain</strong></span> <span class='ocrx_word' id='word_1_442' title='bbox 1939 3604 2026 3642; x_wconf 87' lang='lat' dir='ltr'><strong>es-</strong></span> 
     </span>
    </p>
   </div>
   <div class='ocr_carea' id='block_1_56' title="bbox 440 3654 2022 3728">
    <p class='ocr_par' dir='ltr' id='par_1_56' title="bbox 440 3654 2022 3728">
     <span class='ocr_line' id='line_1_57' title="bbox 440 3654 2022 3728; baseline -0.001 -15"><span class='ocrx_word' id='word_1_443' title='bbox 440 3654 674 3728; x_wconf 78' lang='lat' dir='ltr'><strong>sentiam</strong></span> <span class='ocrx_word' id='word_1_444' title='bbox 706 3672 784 3728; x_wconf 64' lang='lat' dir='ltr'><strong>ac</strong></span> <span class='ocrx_word' id='word_1_445' title='bbox 802 3666 1051 3711; x_wconf 88' lang='lat' dir='ltr'><strong>naturam</strong></span> <span class='ocrx_word' id='word_1_446' title='bbox 1085 3654 1432 3728; x_wconf 83' lang='lat' dir='ltr'><strong>intelligendo</strong></span> <span class='ocrx_word' id='word_1_447' title='bbox 1462 3657 1715 3728; x_wconf 74' lang='lat' dir='ltr'><strong>producit</strong></span> <span class='ocrx_word' id='word_1_448' title='bbox 1760 3654 2022 3728; x_wconf 78' lang='lat' dir='ltr'><strong>Verbum,</strong></span> 
     </span>
    </p>
   </div>
   <div class='ocr_carea' id='block_1_57' title="bbox 438 3725 2025 3797">
    <p class='ocr_par' dir='ltr' id='par_1_57' title="bbox 438 3725 2025 3797">
     <span class='ocr_line' id='line_1_58' title="bbox 438 3725 2025 3797; baseline 0.003 -19"><span class='ocrx_word' id='word_1_449' title='bbox 438 3726 587 3797; x_wconf 82' lang='lat' dir='ltr'><strong>quod</strong></span> <span class='ocrx_word' id='word_1_450' title='bbox 621 3737 704 3781; x_wconf 86' lang='lat' dir='ltr'><strong>est</strong></span> <span class='ocrx_word' id='word_1_451' title='bbox 747 3725 920 3783; x_wconf 86' lang='lat' dir='ltr'><strong>Filius</strong></span> <span class='ocrx_word' id='word_1_452' title='bbox 947 3738 1001 3783; x_wconf 89' lang='lat' dir='ltr'><strong>et</strong></span> <span class='ocrx_word' id='word_1_453' title='bbox 1034 3725 1431 3797; x_wconf 81' lang='lat' dir='ltr'><strong>perfectissima</strong></span> <span class='ocrx_word' id='word_1_454' title='bbox 1466 3725 1652 3797; x_wconf 82' lang='lat' dir='ltr'><strong>imago</strong></span> <span class='ocrx_word' id='word_1_455' title='bbox 1690 3726 1886 3781; x_wconf 87' lang='lat' dir='ltr'><strong>Patris.</strong></span> <span class='ocrx_word' id='word_1_456' title='bbox 1925 3726 2025 3781; x_wconf 87' lang='lat' dir='ltr'><strong>Se-</strong></span> 
     </span>
    </p>
   </div>
   <div class='ocr_carea' id='block_1_58' title="bbox 436 3796 2029 3867">
    <p class='ocr_par' dir='ltr' id='par_1_58' title="bbox 436 3796 2029 3867">
     <span class='ocr_line' id='line_1_59' title="bbox 436 3796 2029 3867; baseline 0.001 -18"><span class='ocrx_word' id='word_1_457' title='bbox 436 3796 620 3851; x_wconf 78' lang='lat' dir='ltr'><strong>cunda</strong></span> <span class='ocrx_word' id='word_1_458' title='bbox 669 3798 833 3852; x_wconf 87' lang='lat' dir='ltr'><strong>missa</strong></span> <span class='ocrx_word' id='word_1_459' title='bbox 878 3796 1277 3867; x_wconf 84' lang='lat' dir='ltr'><strong>generationem</strong></span> <span class='ocrx_word' id='word_1_460' title='bbox 1307 3799 1512 3853; x_wconf 89' lang='lat' dir='ltr'><strong>Christi</strong></span> <span class='ocrx_word' id='word_1_461' title='bbox 1547 3796 1691 3851; x_wconf 84' lang='lat' dir='ltr'><strong>illam</strong></span> <span class='ocrx_word' id='word_1_462' title='bbox 1728 3812 2029 3865; x_wconf 59' lang='lat' dir='ltr'><strong>represen-</strong></span> 
     </span>
    </p>
   </div>
   <div class='ocr_carea' id='block_1_59' title="bbox 442 3868 2027 3938">
    <p class='ocr_par' dir='ltr' id='par_1_59' title="bbox 442 3868 2027 3938">
     <span class='ocr_line' id='line_1_60' title="bbox 442 3868 2027 3938; baseline 0.003 -19"><span class='ocrx_word' id='word_1_463' title='bbox 442 3875 542 3930; x_wconf 90' lang='lat' dir='ltr'><strong>tat,</strong></span> <span class='ocrx_word' id='word_1_464' title='bbox 566 3881 672 3938; x_wconf 87' lang='lat' dir='ltr'><strong>qna</strong></span> <span class='ocrx_word' id='word_1_465' title='bbox 706 3868 757 3921; x_wconf 94' lang='lat' dir='ltr'><strong>in</strong></span> <span class='ocrx_word' id='word_1_466' title='bbox 786 3879 938 3921; x_wconf 89' lang='lat' dir='ltr'><strong>utero</strong></span> <span class='ocrx_word' id='word_1_467' title='bbox 968 3869 1031 3922; x_wconf 90' lang='grc' dir='ltr'><strong>Β.</strong></span> <span class='ocrx_word' id='word_1_468' title='bbox 1063 3868 1243 3923; x_wconf 67' lang='lat' dir='ltr'><strong>Maria:</strong></span> <span class='ocrx_word' id='word_1_469' title='bbox 1273 3868 1533 3938; x_wconf 75' lang='lat' dir='ltr'><strong>Virginis,</strong></span> <span class='ocrx_word' id='word_1_470' title='bbox 1556 3870 1755 3922; x_wconf 87' lang='lat' dir='ltr'><strong>virtute</strong></span> <span class='ocrx_word' id='word_1_471' title='bbox 1791 3869 2027 3936; x_wconf 83' lang='lat' dir='ltr'><strong>Spiritus</strong></span> 
     </span>
    </p>
   </div>
   <div class='ocr_carea' id='block_1_60' title="bbox 440 3937 2029 4006">
    <p class='ocr_par' dir='ltr' id='par_1_60' title="bbox 440 3937 2029 4006">
     <span class='ocr_line' id='line_1_61' title="bbox 440 3937 2029 4006; baseline 0.002 -18"><span class='ocrx_word' id='word_1_472' title='bbox 440 3937 619 3999; x_wconf 72' lang='lat' dir='ltr'><strong>sancti</strong></span> <span class='ocrx_word' id='word_1_473' title='bbox 648 3950 979 4006; x_wconf 87' lang='lat' dir='ltr'><strong>conceptus,</strong></span> <span class='ocrx_word' id='word_1_474' title='bbox 1014 3954 1180 3993; x_wconf 89' lang='lat' dir='ltr'><strong>carne</strong></span> <span class='ocrx_word' id='word_1_475' title='bbox 1214 3940 1453 3993; x_wconf 91' lang='lat' dir='ltr'><strong>humana</strong></span> <span class='ocrx_word' id='word_1_476' title='bbox 1497 3940 1751 4002; x_wconf 90' lang='lat' dir='ltr'><strong>indutus,</strong></span> <span class='ocrx_word' id='word_1_477' title='bbox 1790 3940 1844 3991; x_wconf 91' lang='lat' dir='ltr'><strong>in</strong></span> <span class='ocrx_word' id='word_1_478' title='bbox 1882 3939 2029 3992; x_wconf 90' lang='lat' dir='ltr'><strong>hunc</strong></span> 
     </span>
    </p>
   </div>
   <div class='ocr_carea' id='block_1_61' title="bbox 446 4006 2024 4078">
    <p class='ocr_par' dir='ltr' id='par_1_61' title="bbox 446 4006 2024 4078">
     <span class='ocr_line' id='line_1_62' title="bbox 446 4006 2024 4078; baseline 0.003 -21"><span class='ocrx_word' id='word_1_479' title='bbox 446 4006 711 4078; x_wconf 77' lang='lat' dir='ltr'><strong>mundum</strong></span> <span class='ocrx_word' id='word_1_480' title='bbox 743 4022 903 4061; x_wconf 91' lang='lat' dir='ltr'><strong>verus</strong></span> <span class='ocrx_word' id='word_1_481' title='bbox 935 4008 1100 4078; x_wconf 79' lang='lat' dir='ltr'><strong>homo</strong></span> <span class='ocrx_word' id='word_1_482' title='bbox 1134 4016 1293 4062; x_wconf 89' lang='lat' dir='ltr'><strong>natus</strong></span> <span class='ocrx_word' id='word_1_483' title='bbox 1322 4018 1438 4074; x_wconf 88' lang='lat' dir='ltr'><strong>est;</strong></span> <span class='ocrx_word' id='word_1_484' title='bbox 1464 4009 1530 4062; x_wconf 92' lang='lat' dir='ltr'><strong>de</strong></span> <span class='ocrx_word' id='word_1_485' title='bbox 1563 4025 1670 4078; x_wconf 90' lang='lat' dir='ltr'><strong>qua</strong></span> <span class='ocrx_word' id='word_1_486' title='bbox 1695 4007 1869 4063; x_wconf 86' lang='lat' dir='ltr'><strong>Lucas</strong></span> <span class='ocrx_word' id='word_1_487' title='bbox 1892 4026 1941 4062; x_wconf 88' lang='lat' dir='ltr'><strong>c.</strong></span> <span class='ocrx_word' id='word_1_488' title='bbox 1964 4025 2024 4075; x_wconf 88' lang='grc' dir='ltr'><strong>ιι,</strong></span> 
     </span>
    </p>
   </div>
   <div class='ocr_carea' id='block_1_62' title="bbox 438 4072 2026 4144">
    <p class='ocr_par' dir='ltr' id='par_1_62' title="bbox 438 4072 2026 4144">
     <span class='ocr_line' id='line_1_63' title="bbox 438 4072 2026 4144; baseline 0.003 -17"><span class='ocrx_word' id='word_1_489' title='bbox 438 4072 641 4144; x_wconf 56' lang='lat' dir='ltr'><strong>Joann.</strong></span> <span class='ocrx_word' id='word_1_490' title='bbox 695 4090 817 4144; x_wconf 90' lang='lat' dir='ltr'><strong>cap.</strong></span> <span class='ocrx_word' id='word_1_491' title='bbox 862 4091 900 4139; x_wconf 90' lang='grc' dir='ltr'><strong>ι,</strong></span> <span class='ocrx_word' id='word_1_492' title='bbox 952 4095 971 4128; x_wconf 84' lang='grc'><em>‹</em></span> <span class='ocrx_word' id='word_1_493' title='bbox 1017 4076 1253 4132; x_wconf 87' lang='lat' dir='ltr'><strong>Verbum</strong></span> <span class='ocrx_word' id='word_1_494' title='bbox 1289 4072 1432 4133; x_wconf 84' lang='lat' dir='ltr'><strong>caro</strong></span> <span class='ocrx_word' id='word_1_495' title='bbox 1472 4072 1671 4133; x_wconf 80' lang='lat' dir='ltr'><strong>factum</strong></span> <span class='ocrx_word' id='word_1_496' title='bbox 1706 4088 1824 4143; x_wconf 86' lang='lat' dir='ltr'><strong>est,</strong></span> <span class='ocrx_word' id='word_1_497' title='bbox 1859 4097 1878 4129; x_wconf 74' lang='grc' dir='ltr'><strong>ι</strong></span> <span class='ocrx_word' id='word_1_498' title='bbox 1917 4072 2026 4132; x_wconf 80' lang='lat' dir='ltr'><strong>etc.</strong></span> 
     </span>
    </p>
   </div>
   <div class='ocr_carea' id='block_1_63' title="bbox 445 4143 2029 4217">
    <p class='ocr_par' dir='ltr' id='par_1_63' title="bbox 445 4143 2029 4217">
     <span class='ocr_line' id='line_1_64' title="bbox 445 4143 2029 4217; baseline 0.002 -19"><span class='ocrx_word' id='word_1_499' title='bbox 445 4143 631 4199; x_wconf 88' lang='lat' dir='ltr'><strong>Tertia</strong></span> <span class='ocrx_word' id='word_1_500' title='bbox 663 4143 835 4217; x_wconf 81' lang='lat' dir='ltr'><strong>missa</strong></span> <span class='ocrx_word' id='word_1_501' title='bbox 865 4147 1139 4217; x_wconf 73' lang='lat' dir='ltr'><strong>signiﬁcat</strong></span> <span class='ocrx_word' id='word_1_502' title='bbox 1168 4149 1505 4217; x_wconf 89' lang='lat' dir='ltr'><strong>spiritualem</strong></span> <span class='ocrx_word' id='word_1_503' title='bbox 1544 4150 1691 4202; x_wconf 88' lang='lat' dir='ltr'><strong>illam</strong></span> <span class='ocrx_word' id='word_1_504' title='bbox 1726 4149 2029 4217; x_wconf 86' lang='lat' dir='ltr'><strong>generatio-</strong></span> 
     </span>
    </p>
   </div>
   <div class='ocr_carea' id='block_1_64' title="bbox 443 4216 2028 4286">
    <p class='ocr_par' dir='ltr' id='par_1_64' title="bbox 443 4216 2028 4286">
     <span class='ocr_line' id='line_1_65' title="bbox 443 4216 2028 4286; baseline 0.001 -15"><span class='ocrx_word' id='word_1_505' title='bbox 443 4230 592 4286; x_wconf 84' lang='lat' dir='ltr'><strong>nem,</strong></span> <span class='ocrx_word' id='word_1_506' title='bbox 622 4231 727 4285; x_wconf 93' lang='lat' dir='ltr'><strong>qua</strong></span> <span class='ocrx_word' id='word_1_507' title='bbox 759 4216 906 4270; x_wconf 88' lang='lat' dir='ltr'><strong>velut</strong></span> <span class='ocrx_word' id='word_1_508' title='bbox 935 4216 1154 4271; x_wconf 84' lang='lat' dir='ltr'><strong>Lucifer</strong></span> <span class='ocrx_word' id='word_1_509' title='bbox 1188 4216 1407 4286; x_wconf 79' lang='lat' dir='ltr'><strong>quidam</strong></span> <span class='ocrx_word' id='word_1_510' title='bbox 1450 4219 1501 4271; x_wconf 91' lang='lat' dir='ltr'><strong>in</strong></span> <span class='ocrx_word' id='word_1_511' title='bbox 1538 4216 1792 4273; x_wconf 86' lang='lat' dir='ltr'><strong>cordibus</strong></span> <span class='ocrx_word' id='word_1_512' title='bbox 1822 4220 2028 4273; x_wconf 83' lang='lat' dir='ltr'><strong>nostris</strong></span> 
     </span>
    </p>
   </div>
   <div class='ocr_carea' id='block_1_65' title="bbox 441 4285 2030 4358">
    <p class='ocr_par' dir='ltr' id='par_1_65' title="bbox 441 4285 2030 4358">
     <span class='ocr_line' id='line_1_66' title="bbox 441 4285 2030 4358; baseline 0.003 -20"><span class='ocrx_word' id='word_1_513' title='bbox 441 4285 643 4358; x_wconf 75' lang='lat' dir='ltr'><strong>oritur,</strong></span> <span class='ocrx_word' id='word_1_514' title='bbox 672 4287 739 4341; x_wconf 88' lang='lat' dir='ltr'><strong>de</strong></span> <span class='ocrx_word' id='word_1_515' title='bbox 753 4302 867 4358; x_wconf 84' lang='lat' dir='ltr'><strong>qua</strong></span> <span class='ocrx_word' id='word_1_516' title='bbox 892 4288 1095 4357; x_wconf 90' lang='lat' dir='ltr'><strong>passim</strong></span> <span class='ocrx_word' id='word_1_517' title='bbox 1125 4289 1177 4341; x_wconf 93' lang='lat' dir='ltr'><strong>in</strong></span> <span class='ocrx_word' id='word_1_518' title='bbox 1204 4285 1713 4357; x_wconf 86' lang='lat' dir='ltr'><strong>Scriptura.Clossa</strong></span> <span class='ocrx_word' id='word_1_519' title='bbox 1736 4304 1862 4342; x_wconf 88' lang='lat' dir='ltr'><strong>vero</strong></span> <span class='ocrx_word' id='word_1_520' title='bbox 1891 4304 2030 4358; x_wconf 71' lang='lat' dir='ltr'><strong>prce-</strong></span> 
     </span>
    </p>
   </div>
   <div class='ocr_carea' id='block_1_66' title="bbox 447 4355 2029 4427">
    <p class='ocr_par' dir='ltr' id='par_1_66' title="bbox 447 4355 2029 4427">
     <span class='ocr_line' id='line_1_67' title="bbox 447 4355 2029 4427; baseline 0.004 -20"><span class='ocrx_word' id='word_1_521' title='bbox 447 4355 597 4409; x_wconf 89' lang='lat' dir='ltr'><strong>dicto</strong></span> <span class='ocrx_word' id='word_1_522' title='bbox 644 4355 824 4427; x_wconf 85' lang='lat' dir='ltr'><strong>capite</strong></span> <span class='ocrx_word' id='word_1_523' title='bbox 874 4355 1036 4412; x_wconf 78' lang='lat' dir='ltr'><strong>etiam</strong></span> <span class='ocrx_word' id='word_1_524' title='bbox 1074 4374 1181 4413; x_wconf 92' lang='lat' dir='ltr'><strong>non</strong></span> <span class='ocrx_word' id='word_1_525' title='bbox 1228 4355 1674 4414; x_wconf 80' lang='lat' dir='ltr'><strong>inconvenienter</strong></span> <span class='ocrx_word' id='word_1_526' title='bbox 1719 4355 2029 4422; x_wconf 43' lang='lat' dir='ltr'><strong>dicitftres</strong></span> 
     </span>
    </p>
   </div>
   <div class='ocr_carea' id='block_1_67' title="bbox 446 4427 2029 4499">
    <p class='ocr_par' dir='ltr' id='par_1_67' title="bbox 446 4427 2029 4499">
     <span class='ocr_line' id='line_1_68' title="bbox 446 4427 2029 4499; baseline 0.004 -21"><span class='ocrx_word' id='word_1_527' title='bbox 446 4434 626 4499; x_wconf 80' lang='lat' dir='ltr'><strong>status</strong></span> <span class='ocrx_word' id='word_1_528' title='bbox 658 4427 943 4499; x_wconf 88' lang='lat' dir='ltr'><strong>hominum</strong></span> <span class='ocrx_word' id='word_1_529' title='bbox 992 4444 1088 4498; x_wconf 87' lang='lat' dir='ltr'><strong>per</strong></span> <span class='ocrx_word' id='word_1_530' title='bbox 1136 4439 1245 4485; x_wconf 88' lang='lat' dir='ltr'><strong>tres</strong></span> <span class='ocrx_word' id='word_1_531' title='bbox 1293 4431 1493 4485; x_wconf 84' lang='lat' dir='ltr'><strong>missas</strong></span> <span class='ocrx_word' id='word_1_532' title='bbox 1526 4429 1931 4499; x_wconf 70' lang='lat' dir='ltr'><strong>reprassentari,</strong></span> <span class='ocrx_word' id='word_1_533' title='bbox 1966 4444 2029 4484; x_wconf 89' lang='lat' dir='ltr'><strong>ac</strong></span> 
     </span>
    </p>
   </div>
   <div class='ocr_carea' id='block_1_68' title="bbox 448 4496 2030 4571">
    <p class='ocr_par' dir='ltr' id='par_1_68' title="bbox 448 4496 2030 4571">
     <span class='ocr_line' id='line_1_69' title="bbox 448 4496 2030 4571; baseline 0.003 -22"><span class='ocrx_word' id='word_1_534' title='bbox 448 4496 748 4571; x_wconf 76' lang='lat' dir='ltr'><strong>significari</strong></span> <span class='ocrx_word' id='word_1_535' title='bbox 799 4496 1005 4571; x_wconf 76' lang='lat' dir='ltr'><strong>statum</strong></span> <span class='ocrx_word' id='word_1_536' title='bbox 1046 4509 1256 4554; x_wconf 71' lang='lat' dir='ltr'><strong>natura:</strong></span> <span class='ocrx_word' id='word_1_537' title='bbox 1284 4496 1627 4571; x_wconf 75' lang='lat' dir='ltr'><strong>antelegem,</strong></span> <span class='ocrx_word' id='word_1_538' title='bbox 1663 4501 1767 4554; x_wconf 91' lang='lat' dir='ltr'><strong>sub</strong></span> <span class='ocrx_word' id='word_1_539' title='bbox 1806 4501 1942 4570; x_wconf 88' lang='lat' dir='ltr'><strong>lege,</strong></span> <span class='ocrx_word' id='word_1_540' title='bbox 1974 4509 2030 4554; x_wconf 90' lang='lat' dir='ltr'><strong>et</strong></span> 
     </span>
    </p>
   </div>
   <div class='ocr_carea' id='block_1_69' title="bbox 445 4568 2028 4641">
    <p class='ocr_par' dir='ltr' id='par_1_69' title="bbox 445 4568 2028 4641">
     <span class='ocr_line' id='line_1_70' title="bbox 445 4568 2028 4641; baseline 0.003 -21"><span class='ocrx_word' id='word_1_541' title='bbox 445 4568 791 4641; x_wconf 65' lang='lat' dir='ltr'><strong>pustlegem,</strong></span> <span class='ocrx_word' id='word_1_542' title='bbox 819 4570 900 4624; x_wconf 89' lang='lat' dir='ltr'><strong>vel</strong></span> <span class='ocrx_word' id='word_1_543' title='bbox 924 4570 1027 4641; x_wconf 76' lang='lat' dir='ltr'><strong>sub</strong></span> <span class='ocrx_word' id='word_1_544' title='bbox 1055 4571 1171 4641; x_wconf 87' lang='lat' dir='ltr'><strong>lcgc</strong></span> <span class='ocrx_word' id='word_1_545' title='bbox 1191 4572 1397 4638; x_wconf 56' lang='lat' dir='ltr'><strong>gratiae.</strong></span> <span class='ocrx_word' id='word_1_546' title='bbox 1422 4568 1556 4625; x_wconf 77' lang='lat' dir='ltr'><strong>Vide</strong></span> <span class='ocrx_word' id='word_1_547' title='bbox 1579 4572 1827 4641; x_wconf 87' lang='lat' dir='ltr'><strong>Glossam</strong></span> <span class='ocrx_word' id='word_1_548' title='bbox 1855 4568 2028 4640; x_wconf 80' lang='lat' dir='ltr'><strong>ipsam</strong></span> 
     </span>
    </p>
   </div>
   <div class='ocr_carea' id='block_1_70' title="bbox 2123 2042 3683 2112">
    <p class='ocr_par' dir='ltr' id='par_1_70' title="bbox 2123 2042 3683 2112">
     <span class='ocr_line' id='line_1_71' title="bbox 2123 2042 3683 2112; baseline -0.003 -16"><span class='ocrx_word' id='word_1_549' title='bbox 2123 2043 2382 2112; x_wconf 85' lang='lat' dir='ltr'><strong>lesphori,</strong></span> <span class='ocrx_word' id='word_1_550' title='bbox 2432 2042 2659 2112; x_wconf 86' lang='lat' dir='ltr'><strong>ejusque</strong></span> <span class='ocrx_word' id='word_1_551' title='bbox 2690 2042 2915 2112; x_wconf 85' lang='lat' dir='ltr'><strong>epistola</strong></span> <span class='ocrx_word' id='word_1_552' title='bbox 2960 2043 3237 2105; x_wconf 80' lang='lat' dir='ltr'><strong>decretali,</strong></span> <span class='ocrx_word' id='word_1_553' title='bbox 3286 2043 3487 2097; x_wconf 82' lang='lat' dir='ltr'><strong>asserit</strong></span> <span class='ocrx_word' id='word_1_554' title='bbox 3533 2043 3683 2095; x_wconf 84' lang='lat' dir='ltr'><strong>etiam</strong></span> 
     </span>
    </p>
   </div>
   <div class='ocr_carea' id='block_1_71' title="bbox 2123 2111 3687 2182">
    <p class='ocr_par' dir='ltr' id='par_1_71' title="bbox 2123 2111 3687 2182">
     <span class='ocr_line' id='line_1_72' title="bbox 2123 2111 3687 2182; baseline -0.002 -16"><span class='ocrx_word' id='word_1_555' title='bbox 2123 2111 2473 2169; x_wconf 82' lang='lat' dir='ltr'><strong>Innocentius</strong></span> <span class='ocrx_word' id='word_1_556' title='bbox 2511 2112 2611 2177; x_wconf 90' lang='lat' dir='ltr'><strong>lll,</strong></span> <span class='ocrx_word' id='word_1_557' title='bbox 2654 2111 2747 2169; x_wconf 87' lang='lat' dir='ltr'><strong>lib.</strong></span> <span class='ocrx_word' id='word_1_558' title='bbox 2780 2128 2817 2167; x_wconf 91' lang='grc' dir='ltr'><strong>ιι</strong></span> <span class='ocrx_word' id='word_1_559' title='bbox 2864 2113 2938 2165; x_wconf 89' lang='lat' dir='ltr'><strong>De</strong></span> <span class='ocrx_word' id='word_1_560' title='bbox 2975 2116 3151 2168; x_wconf 77' lang='lat' dir='ltr'><strong>missw</strong></span> <span class='ocrx_word' id='word_1_561' title='bbox 3178 2115 3371 2182; x_wconf 69' lang='lat' dir='ltr'><strong>sacri].</strong></span> <span class='ocrx_word' id='word_1_562' title='bbox 3397 2154 3412 2177; x_wconf 85' lang='lat'><strong>,</strong></span> <span class='ocrx_word' id='word_1_563' title='bbox 3452 2130 3501 2168; x_wconf 92' lang='lat' dir='ltr'><strong>c.</strong></span> <span class='ocrx_word' id='word_1_564' title='bbox 3527 2113 3610 2168; x_wconf 80' lang='grc'><strong>20.</strong></span> <span class='ocrx_word' id='word_1_565' title='bbox 3640 2112 3687 2163; x_wconf 80' lang='grc' dir='ltr'><strong>Α</strong></span> 
     </span>
    </p>
   </div>
   <div class='ocr_carea' id='block_1_72' title="bbox 2126 2182 3684 2253">
    <p class='ocr_par' dir='ltr' id='par_1_72' title="bbox 2126 2182 3684 2253">
     <span class='ocr_line' id='line_1_73' title="bbox 2126 2182 3684 2253; baseline -0.004 -17"><span class='ocrx_word' id='word_1_566' title='bbox 2126 2184 2453 2253; x_wconf 86' lang='lat' dir='ltr'><strong>Symmacho</strong></span> <span class='ocrx_word' id='word_1_567' title='bbox 2498 2199 2634 2253; x_wconf 92' lang='lat' dir='ltr'><strong>papa</strong></span> <span class='ocrx_word' id='word_1_568' title='bbox 2692 2184 3049 2253; x_wconf 80' lang='lat' dir='ltr'><strong>compositum</strong></span> <span class='ocrx_word' id='word_1_569' title='bbox 3099 2199 3220 2238; x_wconf 90' lang='lat' dir='ltr'><strong>esse</strong></span> <span class='ocrx_word' id='word_1_570' title='bbox 3284 2185 3453 2238; x_wconf 88' lang='lat' dir='ltr'><strong>sentit</strong></span> <span class='ocrx_word' id='word_1_571' title='bbox 3497 2182 3684 2245; x_wconf 82' lang='lat' dir='ltr'><strong>Berno,</strong></span> 
     </span>
    </p>
   </div>
   <div class='ocr_carea' id='block_1_73' title="bbox 2126 2251 3682 2322">
    <p class='ocr_par' dir='ltr' id='par_1_73' title="bbox 2126 2251 3682 2322">
     <span class='ocr_line' id='line_1_74' title="bbox 2126 2251 3682 2322; baseline -0.001 -16"><span class='ocrx_word' id='word_1_572' title='bbox 2126 2252 2201 2306; x_wconf 84' lang='lat' dir='ltr'><strong>De</strong></span> <span class='ocrx_word' id='word_1_573' title='bbox 2225 2254 2389 2322; x_wconf 72' lang='lat' dir='ltr'><strong>oﬂicio</strong></span> <span class='ocrx_word' id='word_1_574' title='bbox 2412 2251 2587 2308; x_wconf 70' lang='lat' dir='ltr'><strong>misere</strong></span> <span class='ocrx_word' id='word_1_575' title='bbox 2615 2269 2663 2307; x_wconf 93' lang='lat' dir='ltr'><strong>c.</strong></span> <span class='ocrx_word' id='word_1_576' title='bbox 2688 2254 2777 2309; x_wconf 84' lang='grc'><strong>25.</strong></span> <span class='ocrx_word' id='word_1_577' title='bbox 2810 2254 2891 2307; x_wconf 85' lang='lat' dir='ltr'><strong>Ab</strong></span> <span class='ocrx_word' id='word_1_578' title='bbox 2913 2251 3119 2307; x_wconf 85' lang='lat' dir='ltr'><strong>Hilario</strong></span> <span class='ocrx_word' id='word_1_579' title='bbox 3143 2263 3324 2308; x_wconf 89' lang='lat' dir='ltr'><strong>autem</strong></span> <span class='ocrx_word' id='word_1_580' title='bbox 3364 2253 3682 2307; x_wconf 80' lang='lat' dir='ltr'><strong>Pictaviensi</strong></span> 
     </span>
    </p>
   </div>
   <div class='ocr_carea' id='block_1_74' title="bbox 2125 2323 3684 2395">
    <p class='ocr_par' dir='ltr' id='par_1_74' title="bbox 2125 2323 3684 2395">
     <span class='ocr_line' id='line_1_75' title="bbox 2125 2323 3684 2395; baseline -0.004 -18"><span class='ocrx_word' id='word_1_581' title='bbox 2125 2323 2239 2395; x_wconf 68' lang='lat' dir='ltr'><strong>haec</strong></span> <span class='ocrx_word' id='word_1_582' title='bbox 2261 2325 2421 2381; x_wconf 89' lang='lat' dir='ltr'><strong>verba</strong></span> <span class='ocrx_word' id='word_1_583' title='bbox 2436 2324 2696 2395; x_wconf 79' lang='lat' dir='ltr'><strong>angelicis</strong></span> <span class='ocrx_word' id='word_1_584' title='bbox 2712 2324 2891 2395; x_wconf 85' lang='lat' dir='ltr'><strong>verbis</strong></span> <span class='ocrx_word' id='word_1_585' title='bbox 2908 2323 3259 2395; x_wconf 75' lang='lat' dir='ltr'><strong>superaddita</strong></span> <span class='ocrx_word' id='word_1_586' title='bbox 3277 2339 3403 2378; x_wconf 85' lang='lat' dir='ltr'><strong>esse</strong></span> <span class='ocrx_word' id='word_1_587' title='bbox 3418 2330 3684 2395; x_wconf 81' lang='lat' dir='ltr'><strong>asserunt.</strong></span> 
     </span>
    </p>
   </div>
   <div class='ocr_carea' id='block_1_75' title="bbox 2124 2392 3685 2463">
    <p class='ocr_par' dir='ltr' id='par_1_75' title="bbox 2124 2392 3685 2463">
     <span class='ocr_line' id='line_1_76' title="bbox 2124 2392 3685 2463; baseline -0.001 -17"><span class='ocrx_word' id='word_1_588' title='bbox 2124 2392 2385 2449; x_wconf 83' lang='lat' dir='ltr'><strong>Alcuinus</strong></span> <span class='ocrx_word' id='word_1_589' title='bbox 2411 2392 2613 2463; x_wconf 43' lang='lat' dir='ltr'><strong>libIDg</strong></span> <span class='ocrx_word' id='word_1_590' title='bbox 2658 2394 2850 2448; x_wconf 84' lang='lat' dir='ltr'><strong>divinis</strong></span> <span class='ocrx_word' id='word_1_591' title='bbox 2898 2394 3101 2463; x_wconf 69' lang='lat' dir='ltr'><strong>ofﬁciis,</strong></span> <span class='ocrx_word' id='word_1_592' title='bbox 3142 2408 3191 2447; x_wconf 89' lang='lat' dir='ltr'><strong>c.</strong></span> <span class='ocrx_word' id='word_1_593' title='bbox 3223 2392 3300 2448; x_wconf 88' lang='lat' dir='ltr'><strong>De</strong></span> <span class='ocrx_word' id='word_1_594' title='bbox 3347 2393 3685 2447; x_wconf 81' lang='lat' dir='ltr'><strong>celebratione</strong></span> 
     </span>
    </p>
   </div>
   <div class='ocr_carea' id='block_1_76' title="bbox 2124 2461 3681 2534">
    <p class='ocr_par' dir='ltr' id='par_1_76' title="bbox 2124 2461 3681 2534">
     <span class='ocr_line' id='line_1_77' title="bbox 2124 2461 3681 2534; baseline -0.001 -18"><span class='ocrx_word' id='word_1_595' title='bbox 2124 2465 2330 2534; x_wconf 61' lang='lat' dir='ltr'><strong>prime;</strong></span> <span class='ocrx_word' id='word_1_596' title='bbox 2380 2463 2532 2534; x_wconf 76' lang='lat' dir='ltr'><strong>litigo</strong></span> <span class='ocrx_word' id='word_1_597' title='bbox 2573 2461 3055 2526; x_wconf 13' lang='lat' dir='ltr'><strong>Victorintts,vlib.</strong></span> <span class='ocrx_word' id='word_1_598' title='bbox 3117 2479 3154 2517; x_wconf 89' lang='lat' dir='ltr'><strong>ll</strong></span> <span class='ocrx_word' id='word_1_599' title='bbox 3195 2464 3269 2519; x_wconf 88' lang='lat' dir='ltr'><strong>De</strong></span> <span class='ocrx_word' id='word_1_600' title='bbox 3319 2463 3681 2534; x_wconf 79' lang='lat' dir='ltr'><strong>sacramentis.</strong></span> 
     </span>
    </p>
   </div>
   <div class='ocr_carea' id='block_1_77' title="bbox 2125 2531 3687 2605">
    <p class='ocr_par' dir='ltr' id='par_1_77' title="bbox 2125 2531 3687 2605">
     <span class='ocr_line' id='line_1_78' title="bbox 2125 2531 3687 2605; baseline -0.003 -17"><span class='ocrx_word' id='word_1_601' title='bbox 2125 2531 2412 2605; x_wconf 85' lang='lat' dir='ltr'><strong>Utcunque</strong></span> <span class='ocrx_word' id='word_1_602' title='bbox 2440 2531 2566 2588; x_wconf 83' lang='lat' dir='ltr'><strong>vero</strong></span> <span class='ocrx_word' id='word_1_603' title='bbox 2594 2535 2684 2598; x_wconf 90' lang='lat' dir='ltr'><strong>sit,</strong></span> <span class='ocrx_word' id='word_1_604' title='bbox 2717 2544 2932 2589; x_wconf 82' lang='lat' dir='ltr'><strong>constat</strong></span> <span class='ocrx_word' id='word_1_605' title='bbox 2956 2549 3093 2605; x_wconf 87' lang='lat' dir='ltr'><strong>eum_</strong></span> <span class='ocrx_word' id='word_1_606' title='bbox 3110 2548 3319 2605; x_wconf 88' lang='lat' dir='ltr'><strong>morem</strong></span> <span class='ocrx_word' id='word_1_607' title='bbox 3350 2542 3406 2587; x_wconf 93' lang='lat' dir='ltr'><strong>et</strong></span> <span class='ocrx_word' id='word_1_608' title='bbox 3430 2532 3687 2601; x_wconf 83' lang='lat' dir='ltr'><strong>antiquis-</strong></span> 
     </span>
    </p>
   </div>
   <div class='ocr_carea' id='block_1_78' title="bbox 2124 2602 3686 2660">
    <p class='ocr_par' dir='ltr' id='par_1_78' title="bbox 2124 2602 3686 2660">
     <span class='ocr_line' id='line_1_79' title="bbox 2124 2602 3686 2660; baseline -0.003 -3"><span class='ocrx_word' id='word_1_609' title='bbox 2124 2602 2338 2658; x_wconf 80' lang='lat' dir='ltr'><strong>simum</strong></span> <span class='ocrx_word' id='word_1_610' title='bbox 2354 2614 2407 2659; x_wconf 90' lang='lat' dir='ltr'><strong>et</strong></span> <span class='ocrx_word' id='word_1_611' title='bbox 2455 2604 2858 2660; x_wconf 90' lang='lat' dir='ltr'><strong>sanctissimum</strong></span> <span class='ocrx_word' id='word_1_612' title='bbox 2896 2619 3037 2659; x_wconf 89' lang='lat' dir='ltr'><strong>esse.</strong></span> <span class='ocrx_word' id='word_1_613' title='bbox 3066 2602 3368 2659; x_wconf 89' lang='lat' dir='ltr'><strong>Dissidium</strong></span> <span class='ocrx_word' id='word_1_614' title='bbox 3404 2612 3686 2657; x_wconf 86' lang='lat' dir='ltr'><strong>auctorum</strong></span> 
     </span>
    </p>
   </div>
   <div class='ocr_carea' id='block_1_79' title="bbox 2124 2672 3688 2755">
    <p class='ocr_par' dir='ltr' id='par_1_79' title="bbox 2124 2672 3688 2755">
     <span class='ocr_line' id='line_1_80' title="bbox 2124 2672 3688 2755; baseline -0.003 -28"><span class='ocrx_word' id='word_1_615' title='bbox 2124 2675 2203 2729; x_wconf 91' lang='lat' dir='ltr'><strong>sic</strong></span> <span class='ocrx_word' id='word_1_616' title='bbox 2229 2675 2508 2755; x_wconf 78' lang='lat' dir='ltr'><strong>conciliari</strong></span> <span class='ocrx_word' id='word_1_617' title='bbox 2520 2690 2685 2755; x_wconf 79' lang='lat' dir='ltr'><strong>posse</strong></span> <span class='ocrx_word' id='word_1_618' title='bbox 2706 2675 3361 2755; x_wconf 41' lang='lat' dir='ltr'><strong>exist-iin0,nut_bymnum</strong></span> <span class='ocrx_word' id='word_1_619' title='bbox 3388 2672 3688 2755; x_wconf 71' lang='lat' dir='ltr'><strong>angelicum</strong></span> 
     </span>
    </p>
   </div>
   <div class='ocr_carea' id='block_1_80' title="bbox 2123 2742 3690 2814">
    <p class='ocr_par' dir='ltr' id='par_1_80' title="bbox 2123 2742 3690 2814">
     <span class='ocr_line' id='line_1_81' title="bbox 2123 2742 3690 2814; baseline -0.003 -17"><span class='ocrx_word' id='word_1_620' title='bbox 2123 2745 2353 2814; x_wconf 87' lang='lat' dir='ltr'><strong>apostoli</strong></span> <span class='ocrx_word' id='word_1_621' title='bbox 2386 2746 2451 2799; x_wconf 91' lang='lat' dir='ltr'><strong>ad</strong></span> <span class='ocrx_word' id='word_1_622' title='bbox 2484 2742 2713 2814; x_wconf 88' lang='lat' dir='ltr'><strong>gloriam</strong></span> <span class='ocrx_word' id='word_1_623' title='bbox 2760 2745 2925 2799; x_wconf 92' lang='lat' dir='ltr'><strong>totius</strong></span> <span class='ocrx_word' id='word_1_624' title='bbox 2973 2743 3032 2798; x_wconf 90' lang='lat' dir='ltr'><strong>S.</strong></span> <span class='ocrx_word' id='word_1_625' title='bbox 3065 2742 3355 2814; x_wconf 71' lang='lat' dir='ltr'><strong>Trinitatis</strong></span> <span class='ocrx_word' id='word_1_626' title='bbox 3397 2742 3690 2813; x_wconf 72' lang='lat' dir='ltr'><strong>praedican-</strong></span> 
     </span>
    </p>
   </div>
   <div class='ocr_carea' id='block_1_81' title="bbox 2123 2813 3687 2885">
    <p class='ocr_par' dir='ltr' id='par_1_81' title="bbox 2123 2813 3687 2885">
     <span class='ocr_line' id='line_1_82' title="bbox 2123 2813 3687 2885; baseline -0.003 -17"><span class='ocrx_word' id='word_1_627' title='bbox 2123 2813 2246 2868; x_wconf 90' lang='lat' dir='ltr'><strong>dam</strong></span> <span class='ocrx_word' id='word_1_628' title='bbox 2280 2830 2477 2885; x_wconf 83' lang='lat' dir='ltr'><strong>augere</strong></span> <span class='ocrx_word' id='word_1_629' title='bbox 2495 2813 2762 2883; x_wconf 67' lang='lat' dir='ltr'><strong>coeperint</strong></span> <span class='ocrx_word' id='word_1_630' title='bbox 2809 2815 3050 2885; x_wconf 88' lang='lat' dir='ltr'><strong>quidem,</strong></span> <span class='ocrx_word' id='word_1_631' title='bbox 3104 2813 3481 2885; x_wconf 84' lang='lat' dir='ltr'><strong>Telesphorus</strong></span> <span class='ocrx_word' id='word_1_632' title='bbox 3518 2821 3687 2885; x_wconf 72' lang='lat' dir='ltr'><strong>amem</strong></span> 
     </span>
    </p>
   </div>
   <div class='ocr_carea' id='block_1_82' title="bbox 2122 2881 3691 2965">
    <p class='ocr_par' dir='ltr' id='par_1_82' title="bbox 2122 2881 3691 2965">
     <span class='ocr_line' id='line_1_83' title="bbox 2122 2881 3691 2965; baseline -0.003 -26"><span class='ocrx_word' id='word_1_633' title='bbox 2122 2900 2261 2965; x_wconf 87' lang='lat' dir='ltr'><strong>eum_</strong></span> <span class='ocrx_word' id='word_1_634' title='bbox 2279 2881 2422 2940; x_wconf 78' lang='lat' dir='ltr'><strong>sicut</strong></span> <span class='ocrx_word' id='word_1_635' title='bbox 2444 2881 2601 2940; x_wconf 78' lang='lat' dir='ltr'><strong>nunc</strong></span> <span class='ocrx_word' id='word_1_636' title='bbox 2614 2881 3181 2965; x_wconf 11' lang='lat' dir='ltr'><strong>erxstat‘compley‘erit,</strong></span> <span class='ocrx_word' id='word_1_637' title='bbox 3210 2881 3525 2965; x_wconf 36' lang='lat' dir='ltr'><strong>tat—demum</strong></span> <span class='ocrx_word' id='word_1_638' title='bbox 3539 2881 3691 2965; x_wconf 58' lang='lat' dir='ltr'><strong>Sym-</strong></span> 
     </span>
    </p>
   </div>
   <div class='ocr_carea' id='block_1_83' title="bbox 2124 2951 3694 3025">
    <p class='ocr_par' dir='ltr' id='par_1_83' title="bbox 2124 2951 3694 3025">
     <span class='ocr_line' id='line_1_84' title="bbox 2124 2951 3694 3025; baseline -0.002 -16"><span class='ocrx_word' id='word_1_639' title='bbox 2124 2955 2353 3011; x_wconf 90' lang='lat' dir='ltr'><strong>machus</strong></span> <span class='ocrx_word' id='word_1_640' title='bbox 2394 2970 2553 3025; x_wconf 89' lang='lat' dir='ltr'><strong>papa,</strong></span> <span class='ocrx_word' id='word_1_641' title='bbox 2600 2963 2657 3009; x_wconf 93' lang='lat' dir='ltr'><strong>ut</strong></span> <span class='ocrx_word' id='word_1_642' title='bbox 2699 2956 2745 3010; x_wconf 91' lang='lat' dir='ltr'><strong>is</strong></span> <span class='ocrx_word' id='word_1_643' title='bbox 2789 2954 2845 3008; x_wconf 92' lang='lat' dir='ltr'><strong>in</strong></span> <span class='ocrx_word' id='word_1_644' title='bbox 2896 2951 2984 3009; x_wconf 90' lang='lat' dir='ltr'><strong>die</strong></span> <span class='ocrx_word' id='word_1_645' title='bbox 3024 2953 3308 3025; x_wconf 81' lang='lat' dir='ltr'><strong>Dominico</strong></span> <span class='ocrx_word' id='word_1_646' title='bbox 3345 2951 3694 3025; x_wconf 78' lang='lat' dir='ltr'><strong>etNatalitiis</strong></span> 
     </span>
    </p>
   </div>
   <div class='ocr_carea' id='block_1_84' title="bbox 2124 3020 3694 3096">
    <p class='ocr_par' dir='ltr' id='par_1_84' title="bbox 2124 3020 3694 3096">
     <span class='ocr_line' id='line_1_85' title="bbox 2124 3020 3694 3096; baseline -0.004 -17"><span class='ocrx_word' id='word_1_647' title='bbox 2124 3020 2422 3096; x_wconf 80' lang='lat' dir='ltr'><strong>martyrum</strong></span> <span class='ocrx_word' id='word_1_648' title='bbox 2457 3020 2858 3096; x_wconf 83' lang='lat' dir='ltr'><strong>decantaretnr,</strong></span> <span class='ocrx_word' id='word_1_649' title='bbox 2908 3025 3243 3093; x_wconf 73' lang='lat' dir='ltr'><strong>praeceperit.</strong></span> <span class='ocrx_word' id='word_1_650' title='bbox 3274 3022 3352 3096; x_wconf 79' lang='lat' dir='ltr'><strong>Ita</strong></span> <span class='ocrx_word' id='word_1_651' title='bbox 3390 3024 3503 3078; x_wconf 90' lang='lat' dir='ltr'><strong>fere</strong></span> <span class='ocrx_word' id='word_1_652' title='bbox 3537 3020 3694 3096; x_wconf 83' lang='lat' dir='ltr'><strong>Inno-</strong></span> 
     </span>
    </p>
   </div>
   <div class='ocr_carea' id='block_1_85' title="bbox 2123 3092 3692 3164">
    <p class='ocr_par' dir='ltr' id='par_1_85' title="bbox 2123 3092 3692 3164">
     <span class='ocr_line' id='line_1_86' title="bbox 2123 3092 3692 3164; baseline -0.004 -15"><span class='ocrx_word' id='word_1_653' title='bbox 2123 3092 2334 3151; x_wconf 79' lang='lat' dir='ltr'><strong>centius</strong></span> <span class='ocrx_word' id='word_1_654' title='bbox 2366 3094 2625 3164; x_wconf 66' lang='lat' dir='ltr'><strong>praedicto</strong></span> <span class='ocrx_word' id='word_1_655' title='bbox 2648 3096 2767 3149; x_wconf 92' lang='lat' dir='ltr'><strong>loco</strong></span> <span class='ocrx_word' id='word_1_656' title='bbox 2797 3092 2935 3150; x_wconf 78' lang='lat' dir='ltr'><strong>hanc</strong></span> <span class='ocrx_word' id='word_1_657' title='bbox 2964 3092 3249 3164; x_wconf 87' lang='lat' dir='ltr'><strong>auctorum</strong></span> <span class='ocrx_word' id='word_1_658' title='bbox 3274 3092 3692 3164; x_wconf 83' lang='lat' dir='ltr'><strong>discrepantiam</strong></span> 
     </span>
    </p>
   </div>
   <div class='ocr_carea' id='block_1_86' title="bbox 2122 3162 3691 3229">
    <p class='ocr_par' dir='ltr' id='par_1_86' title="bbox 2122 3162 3691 3229">
     <span class='ocr_line' id='line_1_87' title="bbox 2122 3162 3691 3229; baseline -0.004 -8"><span class='ocrx_word' id='word_1_659' title='bbox 2122 3162 2397 3221; x_wconf 80' lang='lat' dir='ltr'><strong>conciliat.</strong></span> <span class='ocrx_word' id='word_1_660' title='bbox 2424 3164 2556 3219; x_wconf 88' lang='lat' dir='ltr'><strong>Vide</strong></span> <span class='ocrx_word' id='word_1_661' title='bbox 2587 3166 2788 3220; x_wconf 85' lang='lat' dir='ltr'><strong>Suarez</strong></span> <span class='ocrx_word' id='word_1_662' title='bbox 2813 3176 2945 3219; x_wconf 90' lang='lat' dir='ltr'><strong>tom.</strong></span> <span class='ocrx_word' id='word_1_663' title='bbox 2971 3163 3055 3228; x_wconf 92' lang='lat' dir='ltr'><strong>lll,</strong></span> <span class='ocrx_word' id='word_1_664' title='bbox 3082 3163 3156 3217; x_wconf 90' lang='lat' dir='ltr'><strong>De</strong></span> <span class='ocrx_word' id='word_1_665' title='bbox 3181 3174 3529 3227; x_wconf 84' lang='lat' dir='ltr'><strong>sacrament.,</strong></span> <span class='ocrx_word' id='word_1_666' title='bbox 3555 3162 3691 3229; x_wconf 90' lang='lat' dir='ltr'><strong>disp.</strong></span> 
     </span>
    </p>
   </div>
   <div class='ocr_carea' id='block_1_87' title="bbox 2124 3231 3697 3305">
    <p class='ocr_par' dir='ltr' id='par_1_87' title="bbox 2124 3231 3697 3305">
     <span class='ocr_line' id='line_1_88' title="bbox 2124 3231 3697 3305; baseline -0.005 -12"><span class='ocrx_word' id='word_1_667' title='bbox 2124 3237 2213 3301; x_wconf 78' lang='grc'><strong>85,</strong></span> <span class='ocrx_word' id='word_1_668' title='bbox 2263 3245 2394 3292; x_wconf 86' lang='lat' dir='ltr'><strong>sect.</strong></span> <span class='ocrx_word' id='word_1_669' title='bbox 2428 3237 2497 3305; x_wconf 12' lang='grc'><strong>,1.</strong></span> <span class='ocrx_word' id='word_1_670' title='bbox 2546 3235 2657 3291; x_wconf 93' lang='lat' dir='ltr'><strong>Cur</strong></span> <span class='ocrx_word' id='word_1_671' title='bbox 2710 3236 2942 3305; x_wconf 84' lang='lat' dir='ltr'><strong>hymnus</strong></span> <span class='ocrx_word' id='word_1_672' title='bbox 2989 3234 3267 3304; x_wconf 89' lang='lat' dir='ltr'><strong>angelicus</strong></span> <span class='ocrx_word' id='word_1_673' title='bbox 3315 3249 3599 3305; x_wconf 87' lang='lat' dir='ltr'><strong>nunquam</strong></span> <span class='ocrx_word' id='word_1_674' title='bbox 3639 3231 3697 3285; x_wconf 82' lang='lat' dir='ltr'><strong>in</strong></span> 
     </span>
    </p>
   </div>
   <div class='ocr_carea' id='block_1_88' title="bbox 2054 3304 3698 3375">
    <p class='ocr_par' dir='ltr' id='par_1_88' title="bbox 2054 3304 3698 3375">
     <span class='ocr_line' id='line_1_89' title="bbox 2054 3304 3698 3375; baseline -0.006 -11"><span class='ocrx_word' id='word_1_675' title='bbox 2054 3312 2100 3375; x_wconf 87' lang='lat' dir='ltr'><strong>C</strong></span> <span class='ocrx_word' id='word_1_676' title='bbox 2130 3308 2317 3374; x_wconf 87' lang='lat' dir='ltr'><strong>missis</strong></span> <span class='ocrx_word' id='word_1_677' title='bbox 2346 3304 2759 3369; x_wconf 67' lang='lat' dir='ltr'><strong>defunctorum,</strong></span> <span class='ocrx_word' id='word_1_678' title='bbox 2783 3306 2834 3358; x_wconf 93' lang='lat' dir='ltr'><strong>in</strong></span> <span class='ocrx_word' id='word_1_679' title='bbox 2882 3304 3074 3359; x_wconf 89' lang='lat' dir='ltr'><strong>diebus</strong></span> <span class='ocrx_word' id='word_1_680' title='bbox 3109 3304 3698 3375; x_wconf 36' lang='lat' dir='ltr'><strong>luctusljejuniorum,</strong></span> 
     </span>
    </p>
   </div>
   <div class='ocr_carea' id='block_1_89' title="bbox 2129 3372 3699 3435">
    <p class='ocr_par' dir='ltr' id='par_1_89' title="bbox 2129 3372 3699 3435">
     <span class='ocr_line' id='line_1_90' title="bbox 2129 3372 3699 3435; baseline -0.006 -2"><span class='ocrx_word' id='word_1_681' title='bbox 2129 3395 2193 3433; x_wconf 90' lang='lat' dir='ltr'><strong>ac</strong></span> <span class='ocrx_word' id='word_1_682' title='bbox 2217 3372 2483 3432; x_wconf 87' lang='lat' dir='ltr'><strong>ferialium</strong></span> <span class='ocrx_word' id='word_1_683' title='bbox 2513 3376 2788 3430; x_wconf 89' lang='lat' dir='ltr'><strong>ordinarie</strong></span> <span class='ocrx_word' id='word_1_684' title='bbox 2811 3376 3147 3435; x_wconf 88' lang='lat' dir='ltr'><strong>decantetur.</strong></span> <span class='ocrx_word' id='word_1_685' title='bbox 3182 3373 3245 3429; x_wconf 93' lang='lat' dir='ltr'><strong>D.</strong></span> <span class='ocrx_word' id='word_1_686' title='bbox 3286 3372 3489 3428; x_wconf 87' lang='lat' dir='ltr'><strong>Thom.</strong></span> <span class='ocrx_word' id='word_1_687' title='bbox 3521 3372 3554 3426; x_wconf 72' lang='grc'><strong>4</strong></span> <span class='ocrx_word' id='word_1_688' title='bbox 3578 3387 3699 3426; x_wconf 84' lang='lat' dir='ltr'><strong>sen-</strong></span> 
     </span>
    </p>
   </div>
   <div class='ocr_carea' id='block_1_90' title="bbox 2127 3441 3701 3514">
    <p class='ocr_par' dir='ltr' id='par_1_90' title="bbox 2127 3441 3701 3514">
     <span class='ocr_line' id='line_1_91' title="bbox 2127 3441 3701 3514; baseline -0.005 -11"><span class='ocrx_word' id='word_1_689' title='bbox 2127 3459 2285 3514; x_wconf 84' lang='lat' dir='ltr'><strong>tent.,</strong></span> <span class='ocrx_word' id='word_1_690' title='bbox 2313 3449 2443 3503; x_wconf 91' lang='lat' dir='ltr'><strong>dist.</strong></span> <span class='ocrx_word' id='word_1_691' title='bbox 2477 3447 2568 3512; x_wconf 82' lang='grc'><strong>25,</strong></span> <span class='ocrx_word' id='word_1_692' title='bbox 2601 3447 2740 3500; x_wconf 90' lang='lat' dir='ltr'><strong>hanc</strong></span> <span class='ocrx_word' id='word_1_693' title='bbox 2770 3447 3030 3501; x_wconf 89' lang='lat' dir='ltr'><strong>rationem</strong></span> <span class='ocrx_word' id='word_1_694' title='bbox 3056 3446 3231 3498; x_wconf 88' lang='lat' dir='ltr'><strong>reddit</strong></span> <span class='ocrx_word' id='word_1_695' title='bbox 3264 3444 3455 3513; x_wconf 88' lang='lat' dir='ltr'><strong>:quod</strong></span> <span class='ocrx_word' id='word_1_696' title='bbox 3488 3458 3609 3514; x_wconf 87' lang='lat' dir='ltr'><strong>cum</strong></span> <span class='ocrx_word' id='word_1_697' title='bbox 3641 3441 3701 3495; x_wconf 84' lang='lat' dir='ltr'><strong>in</strong></span> 
     </span>
    </p>
   </div>
   <div class='ocr_carea' id='block_1_91' title="bbox 2126 3513 3703 3590">
    <p class='ocr_par' dir='ltr' id='par_1_91' title="bbox 2126 3513 3703 3590">
     <span class='ocr_line' id='line_1_92' title="bbox 2126 3513 3703 3590; baseline -0.006 -16"><span class='ocrx_word' id='word_1_698' title='bbox 2126 3520 2327 3590; x_wconf 87' lang='lat' dir='ltr'><strong>hymno</strong></span> <span class='ocrx_word' id='word_1_699' title='bbox 2359 3519 2473 3590; x_wconf 62' lang='lat' dir='ltr'><strong>hoc</strong></span> <span class='ocrx_word' id='word_1_700' title='bbox 2519 3525 2976 3590; x_wconf 77' lang='lat' dir='ltr'><strong>commemoretur</strong></span> <span class='ocrx_word' id='word_1_701' title='bbox 3002 3516 3241 3590; x_wconf 73' lang='lat' dir='ltr'><strong>cmlestis</strong></span> <span class='ocrx_word' id='word_1_702' title='bbox 3268 3515 3466 3590; x_wconf 80' lang='lat' dir='ltr'><strong>gloria,</strong></span> <span class='ocrx_word' id='word_1_703' title='bbox 3507 3513 3559 3567; x_wconf 89' lang='lat' dir='ltr'><strong>in</strong></span> <span class='ocrx_word' id='word_1_704' title='bbox 3586 3526 3703 3590; x_wconf 86' lang='lat' dir='ltr'><strong>_so-</strong></span> 
     </span>
    </p>
   </div>
   <div class='ocr_carea' id='block_1_92' title="bbox 2126 3582 3703 3650">
    <p class='ocr_par' dir='ltr' id='par_1_92' title="bbox 2126 3582 3703 3650">
     <span class='ocr_line' id='line_1_93' title="bbox 2126 3582 3703 3650; baseline -0.006 -7"><span class='ocrx_word' id='word_1_705' title='bbox 2126 3582 2484 3643; x_wconf 77' lang='lat' dir='ltr'><strong>lémnioribns</strong></span> <span class='ocrx_word' id='word_1_706' title='bbox 2522 3603 2631 3641; x_wconf 93' lang='lat' dir='ltr'><strong>non</strong></span> <span class='ocrx_word' id='word_1_707' title='bbox 2669 3586 3051 3641; x_wconf 91' lang='lat' dir='ltr'><strong>communibus</strong></span> <span class='ocrx_word' id='word_1_708' title='bbox 3090 3582 3359 3650; x_wconf 47' lang='lat' dir='ltr'><strong>feriisfad</strong></span> <span class='ocrx_word' id='word_1_709' title='bbox 3410 3582 3703 3637; x_wconf 84' lang='lat' dir='ltr'><strong>ostenden-</strong></span> 
     </span>
    </p>
   </div>
   <div class='ocr_carea' id='block_1_93' title="bbox 2126 3653 3702 3718">
    <p class='ocr_par' dir='ltr' id='par_1_93' title="bbox 2126 3653 3702 3718">
     <span class='ocr_line' id='line_1_94' title="bbox 2126 3653 3702 3718; baseline -0.008 -3"><span class='ocrx_word' id='word_1_710' title='bbox 2126 3662 2249 3715; x_wconf 88' lang='lat' dir='ltr'><strong>dam</strong></span> <span class='ocrx_word' id='word_1_711' title='bbox 2299 3657 2654 3712; x_wconf 76' lang='lat' dir='ltr'><strong>differentiam</strong></span> <span class='ocrx_word' id='word_1_712' title='bbox 2712 3658 2887 3711; x_wconf 89' lang='lat' dir='ltr'><strong>cultus</strong></span> <span class='ocrx_word' id='word_1_713' title='bbox 2944 3655 3135 3718; x_wconf 88' lang='lat' dir='ltr'><strong>divini,</strong></span> <span class='ocrx_word' id='word_1_714' title='bbox 3175 3665 3451 3718; x_wconf 90' lang='lat' dir='ltr'><strong>cantetur,</strong></span> <span class='ocrx_word' id='word_1_715' title='bbox 3480 3662 3533 3707; x_wconf 89' lang='lat' dir='ltr'><strong>et</strong></span> <span class='ocrx_word' id='word_1_716' title='bbox 3572 3653 3702 3705; x_wconf 88' lang='lat' dir='ltr'><strong>dum</strong></span> 
     </span>
    </p>
   </div>
   <div class='ocr_carea' id='block_1_94' title="bbox 2126 3721 3705 3800">
    <p class='ocr_par' dir='ltr' id='par_1_94' title="bbox 2126 3721 3705 3800">
     <span class='ocr_line' id='line_1_95' title="bbox 2126 3721 3705 3800; baseline -0.007 -16"><span class='ocrx_word' id='word_1_717' title='bbox 2126 3728 2401 3800; x_wconf 88' lang='lat' dir='ltr'><strong>propriam</strong></span> <span class='ocrx_word' id='word_1_718' title='bbox 2443 3730 2742 3783; x_wconf 89' lang='lat' dir='ltr'><strong>amicorum</strong></span> <span class='ocrx_word' id='word_1_719' title='bbox 2783 3727 3056 3782; x_wconf 90' lang='lat' dir='ltr'><strong>miseriam</strong></span> <span class='ocrx_word' id='word_1_720' title='bbox 3088 3725 3361 3795; x_wconf 86' lang='lat' dir='ltr'><strong>lugemus,</strong></span> <span class='ocrx_word' id='word_1_721' title='bbox 3395 3724 3590 3778; x_wconf 89' lang='lat' dir='ltr'><strong>merito</strong></span> <span class='ocrx_word' id='word_1_722' title='bbox 3617 3721 3705 3773; x_wconf 56' lang='lat' dir='ltr'><strong>in-</strong></span> 
     </span>
    </p>
   </div>
   <div class='ocr_carea' id='block_1_95' title="bbox 2130 3799 2579 3855">
    <p class='ocr_par' dir='ltr' id='par_1_95' title="bbox 2130 3799 2579 3855">
     <span class='ocr_line' id='line_1_96' title="bbox 2130 3799 2579 3855; baseline -0.004 0"><span class='ocrx_word' id='word_1_723' title='bbox 2130 3799 2475 3855; x_wconf 86' lang='lat' dir='ltr'><strong>termittatnr.</strong></span> <span class='ocrx_word' id='word_1_724' title='bbox 2500 3800 2579 3853; x_wconf 85' lang='lat' dir='ltr'><strong>lo.</strong></span> 
     </span>
    </p>
   </div>
   <div class='ocr_carea' id='block_1_96' title="bbox 2199 3859 3702 3940">
    <p class='ocr_par' dir='ltr' id='par_1_96' title="bbox 2199 3859 3702 3940">
     <span class='ocr_line' id='line_1_97' title="bbox 2199 3859 3702 3940; baseline -0.007 -18"><span class='ocrx_word' id='word_1_725' title='bbox 2199 3869 2313 3940; x_wconf 89' lang='grc'><strong>(22)</strong></span> <span class='ocrx_word' id='word_1_726' title='bbox 2353 3867 2584 3939; x_wconf 84' lang='lat' dir='ltr'><strong>Reliquis</strong></span> <span class='ocrx_word' id='word_1_727' title='bbox 2610 3866 3107 3940; x_wconf 16' lang='lat' dir='ltr'><strong>enimrtemporibus,</strong></span> <span class='ocrx_word' id='word_1_728' title='bbox 3138 3867 3429 3940; x_wconf 77' lang='lat' dir='ltr'><strong>missarum</strong></span> <span class='ocrx_word' id='word_1_729' title='bbox 3469 3859 3702 3940; x_wconf 78' lang='lat' dir='ltr'><strong>celebra-</strong></span> 
     </span>
    </p>
   </div>
   <div class='ocr_carea' id='block_1_97' title="bbox 2131 3930 3705 3996">
    <p class='ocr_par' dir='ltr' id='par_1_97' title="bbox 2131 3930 3705 3996">
     <span class='ocr_line' id='line_1_98' title="bbox 2131 3930 3705 3996; baseline -0.009 -1"><span class='ocrx_word' id='word_1_730' title='bbox 2131 3930 2306 3996; x_wconf 43' lang='lat' dir='ltr'><strong>tio‘nes&#39;</strong></span> <span class='ocrx_word' id='word_1_731' title='bbox 2337 3930 2684 3992; x_wconf 46' lang='lat' dir='ltr'><strong>ante-horam</strong></span> <span class='ocrx_word' id='word_1_732' title='bbox 2728 3938 2832 3991; x_wconf 82' lang='lat' dir='ltr'><strong>diei</strong></span> <span class='ocrx_word' id='word_1_733' title='bbox 2871 3930 3102 3992; x_wconf 30' lang='lat' dir='ltr'><strong>&#39;tertiam&#39;</strong></span> <span class='ocrx_word' id='word_1_734' title='bbox 3137 3938 3353 3989; x_wconf 86' lang='lat' dir='ltr'><strong>minime</strong></span> <span class='ocrx_word' id='word_1_735' title='bbox 3407 3942 3531 3986; x_wconf 81' lang='lat' dir='ltr'><strong>sunt</strong></span> <span class='ocrx_word' id='word_1_736' title='bbox 3578 3930 3705 3984; x_wconf 81' lang='lat' dir='ltr'><strong>cele-</strong></span> 
     </span>
    </p>
   </div>
   <div class='ocr_carea' id='block_1_98' title="bbox 2130 4002 3705 4081">
    <p class='ocr_par' dir='ltr' id='par_1_98' title="bbox 2130 4002 3705 4081">
     <span class='ocr_line' id='line_1_99' title="bbox 2130 4002 3705 4081; baseline -0.01 -15"><span class='ocrx_word' id='word_1_737' title='bbox 2130 4009 2365 4081; x_wconf 75' lang='lat' dir='ltr'><strong>brandw.</strong></span> <span class='ocrx_word' id='word_1_738' title='bbox 2398 4006 2596 4064; x_wconf 86' lang='lat' dir='ltr'><strong>Totum</strong></span> <span class='ocrx_word' id='word_1_739' title='bbox 2635 4008 2741 4081; x_wconf 88' lang='lat' dir='ltr'><strong>hoc</strong></span> <span class='ocrx_word' id='word_1_740' title='bbox 2770 4010 3046 4081; x_wconf 73' lang='lat' dir='ltr'><strong>decretum</strong></span> <span class='ocrx_word' id='word_1_741' title='bbox 3086 4016 3265 4062; x_wconf 85' lang='lat' dir='ltr'><strong>exstat</strong></span> <span class='ocrx_word' id='word_1_742' title='bbox 3296 4021 3347 4060; x_wconf 88' lang='lat' dir='ltr'><strong>c.</strong></span> <span class='ocrx_word' id='word_1_743' title='bbox 3381 4002 3553 4081; x_wconf 73' lang='lat' dir='ltr'><strong>Nocte</strong></span> <span class='ocrx_word' id='word_1_744' title='bbox 3582 4018 3705 4081; x_wconf 45' lang='lat' dir='ltr'><strong>san-.-</strong></span> 
     </span>
    </p>
   </div>
   <div class='ocr_carea' id='block_1_99' title="bbox 2129 4073 3703 4149">
    <p class='ocr_par' dir='ltr' id='par_1_99' title="bbox 2129 4073 3703 4149">
     <span class='ocr_line' id='line_1_100' title="bbox 2129 4073 3703 4149; baseline -0.01 -12"><span class='ocrx_word' id='word_1_745' title='bbox 2129 4092 2236 4147; x_wconf 88' lang='lat' dir='ltr'><strong>cta,</strong></span> <span class='ocrx_word' id='word_1_746' title='bbox 2264 4079 2338 4135; x_wconf 87' lang='lat' dir='ltr'><strong>De</strong></span> <span class='ocrx_word' id='word_1_747' title='bbox 2376 4088 2666 4134; x_wconf 81' lang='lat' dir='ltr'><strong>consecrat.</strong></span> <span class='ocrx_word' id='word_1_748' title='bbox 2696 4080 2820 4133; x_wconf 89' lang='lat' dir='ltr'><strong>dist.</strong></span> <span class='ocrx_word' id='word_1_749' title='bbox 2850 4079 2899 4132; x_wconf 84' lang='lat' dir='ltr'><strong>l.</strong></span> <span class='ocrx_word' id='word_1_750' title='bbox 2939 4079 3063 4134; x_wconf 66' lang='lat' dir='ltr'><strong>llzcc</strong></span> <span class='ocrx_word' id='word_1_751' title='bbox 3094 4087 3277 4149; x_wconf 86' lang='lat' dir='ltr'><strong>autem</strong></span> <span class='ocrx_word' id='word_1_752' title='bbox 3303 4074 3472 4149; x_wconf 55' lang='lat' dir='ltr'><strong>verba</strong></span> <span class='ocrx_word' id='word_1_753' title='bbox 3503 4073 3703 4149; x_wconf 71' lang='lat' dir='ltr'><strong>decreti</strong></span> 
     </span>
    </p>
   </div>
   <div class='ocr_carea' id='block_1_100' title="bbox 2127 4142 3703 4231">
    <p class='ocr_par' dir='ltr' id='par_1_100' title="bbox 2127 4142 3703 4231">
     <span class='ocr_line' id='line_1_101' title="bbox 2127 4142 3703 4231; baseline -0.008 -23"><span class='ocrx_word' id='word_1_754' title='bbox 2127 4142 2556 4231; x_wconf 47' lang='lat' dir='ltr'><strong>yel&#39;exponenda</strong></span> <span class='ocrx_word' id='word_1_755' title='bbox 2585 4150 2841 4231; x_wconf 50' lang='lat' dir='ltr'><strong>suntnsic,</strong></span> <span class='ocrx_word' id='word_1_756' title='bbox 2877 4158 2935 4231; x_wconf 88' lang='lat' dir='ltr'><strong>ut</strong></span> <span class='ocrx_word' id='word_1_757' title='bbox 2956 4150 3023 4231; x_wconf 85' lang='lat' dir='ltr'><strong>de</strong></span> <span class='ocrx_word' id='word_1_758' title='bbox 3056 4144 3397 4231; x_wconf 56' lang='lat' dir='ltr'><strong>missisndiei</strong></span> <span class='ocrx_word' id='word_1_759' title='bbox 3432 4142 3703 4231; x_wconf 51' lang='lat' dir='ltr'><strong>solemni.-</strong></span> 
     </span>
    </p>
   </div>
   <div class='ocr_carea' id='block_1_101' title="bbox 2128 4211 3702 4288">
    <p class='ocr_par' dir='ltr' id='par_1_101' title="bbox 2128 4211 3702 4288">
     <span class='ocr_line' id='line_1_102' title="bbox 2128 4211 3702 4288; baseline -0.011 -10"><span class='ocrx_word' id='word_1_760' title='bbox 2128 4223 2251 4288; x_wconf 87' lang='lat' dir='ltr'><strong>bus,</strong></span> <span class='ocrx_word' id='word_1_761' title='bbox 2278 4211 2391 4276; x_wconf 85' lang='lat' dir='ltr'><strong>sive</strong></span> <span class='ocrx_word' id='word_1_762' title='bbox 2416 4211 2866 4274; x_wconf 80' lang='lat' dir='ltr'><strong>conventualibus</strong></span> <span class='ocrx_word' id='word_1_763' title='bbox 2894 4228 3105 4273; x_wconf 89' lang='lat' dir='ltr'><strong>tantum</strong></span> <span class='ocrx_word' id='word_1_764' title='bbox 3142 4216 3555 4288; x_wconf 83' lang='lat' dir='ltr'><strong>intelligantur;</strong></span> <span class='ocrx_word' id='word_1_765' title='bbox 3596 4211 3702 4288; x_wconf 65' lang='lat' dir='ltr'><strong>vel,</strong></span> 
     </span>
    </p>
   </div>
   <div class='ocr_carea' id='block_1_102' title="bbox 2130 4280 3705 4361">
    <p class='ocr_par' dir='ltr' id='par_1_102' title="bbox 2130 4280 3705 4361">
     <span class='ocr_line' id='line_1_103' title="bbox 2130 4280 3705 4361; baseline -0.011 -12"><span class='ocrx_word' id='word_1_766' title='bbox 2130 4294 2176 4349; x_wconf 87' lang='lat' dir='ltr'><strong>si</strong></span> <span class='ocrx_word' id='word_1_767' title='bbox 2207 4280 2504 4361; x_wconf 81' lang='lat' dir='ltr'><strong>generatim</strong></span> <span class='ocrx_word' id='word_1_768' title='bbox 2550 4289 2979 4361; x_wconf 27' lang='lat' dir='ltr'><strong>intelligidvelis,</strong></span> <span class='ocrx_word' id='word_1_769' title='bbox 3017 4280 3455 4361; x_wconf 56' lang='lat' dir='ltr'><strong>dicendum&#39;est,</strong></span> <span class='ocrx_word' id='word_1_770' title='bbox 3480 4282 3583 4361; x_wconf 79' lang='lat' dir='ltr'><strong>hoc</strong></span> <span class='ocrx_word' id='word_1_771' title='bbox 3610 4280 3705 4361; x_wconf 47' lang='lat' dir='ltr'><strong>de:</strong></span> 
     </span>
    </p>
   </div>
   <div class='ocr_carea' id='block_1_103' title="bbox 2130 4350 3702 4428">
    <p class='ocr_par' dir='ltr' id='par_1_103' title="bbox 2130 4350 3702 4428">
     <span class='ocr_line' id='line_1_104' title="bbox 2130 4350 3702 4428; baseline -0.01 -11"><span class='ocrx_word' id='word_1_772' title='bbox 2130 4350 2338 4418; x_wconf 76' lang='lat' dir='ltr'><strong>cretum</strong></span> <span class='ocrx_word' id='word_1_773' title='bbox 2383 4375 2548 4426; x_wconf 90' lang='lat' dir='ltr'><strong>nunc,</strong></span> <span class='ocrx_word' id='word_1_774' title='bbox 2582 4367 2641 4412; x_wconf 91' lang='lat' dir='ltr'><strong>ut</strong></span> <span class='ocrx_word' id='word_1_775' title='bbox 2682 4350 2750 4413; x_wconf 66' lang='lat' dir='ltr'><strong>ei</strong></span> <span class='ocrx_word' id='word_1_776' title='bbox 2779 4358 2845 4413; x_wconf 93' lang='lat' dir='ltr'><strong>iis</strong></span> <span class='ocrx_word' id='word_1_777' title='bbox 2874 4350 2995 4428; x_wconf 75' lang='lat' dir='ltr'><strong>qua:</strong></span> <span class='ocrx_word' id='word_1_778' title='bbox 3026 4373 3189 4427; x_wconf 87' lang='lat' dir='ltr'><strong>supra</strong></span> <span class='ocrx_word' id='word_1_779' title='bbox 3222 4358 3322 4409; x_wconf 91' lang='lat' dir='ltr'><strong>hac</strong></span> <span class='ocrx_word' id='word_1_780' title='bbox 3371 4352 3602 4423; x_wconf 90' lang='lat' dir='ltr'><strong>epistola</strong></span> <span class='ocrx_word' id='word_1_781' title='bbox 3636 4350 3702 4402; x_wconf 88' lang='lat' dir='ltr'><strong>ad</strong></span> 
     </span>
    </p>
   </div>
   <div class='ocr_carea' id='block_1_104' title="bbox 2129 4430 3705 4500">
    <p class='ocr_par' dir='ltr' id='par_1_104' title="bbox 2129 4430 3705 4500">
     <span class='ocr_line' id='line_1_105' title="bbox 2129 4430 3705 4500; baseline -0.011 -13"><span class='ocrx_word' id='word_1_782' title='bbox 2129 4434 2377 4497; x_wconf 90' lang='lat' dir='ltr'><strong>verbum,</strong></span> <span class='ocrx_word' id='word_1_783' title='bbox 2440 4430 2629 4493; x_wconf 85' lang='lat' dir='ltr'><strong>Nocte,</strong></span> <span class='ocrx_word' id='word_1_784' title='bbox 2682 4430 3079 4493; x_wconf 89' lang='lat' dir='ltr'><strong>adnotavimus,</strong></span> <span class='ocrx_word' id='word_1_785' title='bbox 3119 4436 3305 4495; x_wconf 90' lang='lat' dir='ltr'><strong>aperte</strong></span> <span class='ocrx_word' id='word_1_786' title='bbox 3336 4431 3705 4500; x_wconf 50' lang='lat' dir='ltr'><strong>coristatLper</strong></span> 
     </span>
    </p>
   </div>
   <div class='ocr_carea' id='block_1_105' title="bbox 2130 4490 3698 4573">
    <p class='ocr_par' dir='ltr' id='par_1_105' title="bbox 2130 4490 3698 4573">
     <span class='ocr_line' id='line_1_106' title="bbox 2130 4490 3698 4573; baseline -0.011 -14"><span class='ocrx_word' id='word_1_787' title='bbox 2130 4490 2463 4559; x_wconf 81' lang='lat' dir='ltr'><strong>contrariam</strong></span> <span class='ocrx_word' id='word_1_788' title='bbox 2496 4490 2948 4573; x_wconf 82' lang='lat' dir='ltr'><strong>consuetudinem</strong></span> <span class='ocrx_word' id='word_1_789' title='bbox 2985 4490 3321 4573; x_wconf 52' lang='lat' dir='ltr'><strong>_rcv_oc&#39;atum</strong></span> <span class='ocrx_word' id='word_1_790' title='bbox 3369 4508 3514 4573; x_wconf 76' lang='lat' dir='ltr'><strong>esse.</strong></span> <span class='ocrx_word' id='word_1_791' title='bbox 3559 4490 3698 4572; x_wconf 79' lang='lat' dir='ltr'><strong>Qlitn</strong></span> 
     </span>
    </p>
   </div>
   <div class='ocr_carea' id='block_1_106' title="bbox 2132 4569 3704 4633">
    <p class='ocr_par' dir='ltr' id='par_1_106' title="bbox 2132 4569 3704 4633">
     <span class='ocr_line' id='line_1_107' title="bbox 2132 4569 3704 4633; baseline -0.012 -4"><span class='ocrx_word' id='word_1_792' title='bbox 2132 4574 2364 4632; x_wconf 85' lang='lat' dir='ltr'><strong>fortasse</strong></span> <span class='ocrx_word' id='word_1_793' title='bbox 2409 4573 2589 4626; x_wconf 72' lang='lat' dir='ltr'><strong>missa:</strong></span> <span class='ocrx_word' id='word_1_794' title='bbox 2638 4571 2845 4625; x_wconf 85' lang='lat' dir='ltr'><strong>tardius</strong></span> <span class='ocrx_word' id='word_1_795' title='bbox 2892 4569 3313 4624; x_wconf 88' lang='lat' dir='ltr'><strong>inchoabantur,</strong></span> <span class='ocrx_word' id='word_1_796' title='bbox 3350 4569 3480 4633; x_wconf 86' lang='lat' dir='ltr'><strong>quia</strong></span> <span class='ocrx_word' id='word_1_797' title='bbox 3526 4569 3704 4633; x_wconf 80' lang='lat' dir='ltr'><strong>minor</strong></span> 
     </span>
    </p>
   </div>
   <div class='ocr_carea' id='block_1_107' title="bbox 445 4630 3704 4711">
    <p class='ocr_par' dir='ltr' id='par_1_107' title="bbox 445 4630 3704 4711">
     <span class='ocr_line' id='line_1_108' title="bbox 445 4630 3704 4711; baseline -0.004 -16"><span class='ocrx_word' id='word_1_798' title='bbox 445 4630 713 4711; x_wconf 60' lang='lat' dir='ltr'><strong>praedicto</strong></span> <span class='ocrx_word' id='word_1_799' title='bbox 742 4630 881 4705; x_wconf 86' lang='lat' dir='ltr'><strong>loco,</strong></span> <span class='ocrx_word' id='word_1_800' title='bbox 927 4639 1088 4697; x_wconf 90' lang='lat' dir='ltr'><strong>Suar.</strong></span> <span class='ocrx_word' id='word_1_801' title='bbox 1108 4630 1154 4696; x_wconf 79' lang='grc' dir='ltr'><strong>ἶ.</strong></span> <span class='ocrx_word' id='word_1_802' title='bbox 1191 4630 1288 4706; x_wconf 82' lang='grc' dir='ltr'>ΪΙΙ,</span> <span class='ocrx_word' id='word_1_803' title='bbox 1313 4643 1454 4711; x_wconf 89' lang='lat' dir='ltr'><strong>disp.</strong></span> <span class='ocrx_word' id='word_1_804' title='bbox 1470 4643 1559 4707; x_wconf 90' lang='lat'><strong>80,</strong></span> <span class='ocrx_word' id='word_1_805' title='bbox 1587 4660 1632 4698; x_wconf 92' lang='lat' dir='ltr'><strong>s.</strong></span> <span class='ocrx_word' id='word_1_806' title='bbox 1659 4642 1710 4695; x_wconf 81' lang='grc'><strong>5.</strong></span> <span class='ocrx_word' id='word_1_807' title='bbox 1748 4630 1890 4697; x_wconf 58' lang='grc' dir='ltr'><strong>δενί</strong></span> <span class='ocrx_word' id='word_1_808' title='bbox 1910 4642 2028 4697; x_wconf 82' lang='lat' dir='ltr'><strong>BIN.</strong></span> <span class='ocrx_word' id='word_1_809' title='bbox 2063 4652 2108 4708; x_wconf 88' lang='lat' dir='ltr'><strong>D</strong></span> <span class='ocrx_word' id='word_1_810' title='bbox 2137 4630 2254 4705; x_wconf 82' lang='lat' dir='ltr'><strong>erat</strong></span> <span class='ocrx_word' id='word_1_811' title='bbox 2283 4642 2623 4698; x_wconf 88' lang='lat' dir='ltr'><strong>sacerdotum</strong></span> <span class='ocrx_word' id='word_1_812' title='bbox 2660 4656 2941 4705; x_wconf 87' lang='lat' dir='ltr'><strong>numerus,</strong></span> <span class='ocrx_word' id='word_1_813' title='bbox 2986 4639 3159 4707; x_wconf 88' lang='lat' dir='ltr'><strong>major</strong></span> <span class='ocrx_word' id='word_1_814' title='bbox 3191 4630 3432 4711; x_wconf 74' lang='lat' dir='ltr'><strong>fidelium</strong></span> <span class='ocrx_word' id='word_1_815' title='bbox 3461 4630 3704 4711; x_wconf 84' lang='lat' dir='ltr'><strong>devotio,</strong></span> 
     </span>
    </p>
   </div>
   <div class='ocr_carea' id='block_1_108' title="bbox 518 4706 2025 4785">
    <p class='ocr_par' dir='ltr' id='par_1_108' title="bbox 518 4706 2025 4785">
     <span class='ocr_line' id='line_1_109' title="bbox 518 4706 2025 4785; baseline 0.005 -25"><span class='ocrx_word' id='word_1_816' title='bbox 518 4706 632 4777; x_wconf 86' lang='grc'><strong>(21)</strong></span> <span class='ocrx_word' id='word_1_817' title='bbox 663 4707 931 4785; x_wconf 57' lang='lat' dir='ltr'><strong>[ignauam</strong></span> <span class='ocrx_word' id='word_1_818' title='bbox 952 4712 1244 4785; x_wconf 75' lang='lat' dir='ltr'><strong>angelicum</strong></span> <span class='ocrx_word' id='word_1_819' title='bbox 1272 4714 1327 4766; x_wconf 83' lang='lat' dir='ltr'><strong>in</strong></span> <span class='ocrx_word' id='word_1_820' title='bbox 1362 4706 1460 4769; x_wconf 78' lang='lat' dir='ltr'><strong>eis.</strong></span> <span class='ocrx_word' id='word_1_821' title='bbox 1496 4714 1767 4785; x_wconf 80' lang='lat' dir='ltr'><strong>Hymnum</strong></span> <span class='ocrx_word' id='word_1_822' title='bbox 1803 4718 2025 4785; x_wconf 83' lang='lat' dir='ltr'><strong>a_ngelo-</strong></span> 
     </span>
    </p>
   </div>
   <div class='ocr_carea' id='block_1_109' title="bbox 447 4780 2023 4855">
    <p class='ocr_par' dir='ltr' id='par_1_109' title="bbox 447 4780 2023 4855">
     <span class='ocr_line' id='line_1_110' title="bbox 447 4780 2023 4855; baseline 0.008 -27"><span class='ocrx_word' id='word_1_823' title='bbox 447 4791 594 4841; x_wconf 76' lang='lat' dir='ltr'><strong>rum,</strong></span> <span class='ocrx_word' id='word_1_824' title='bbox 624 4780 715 4855; x_wconf 81' lang='lat' dir='ltr'><strong>qui</strong></span> <span class='ocrx_word' id='word_1_825' title='bbox 750 4781 927 4855; x_wconf 83' lang='lat' dir='ltr'><strong>verbis</strong></span> <span class='ocrx_word' id='word_1_826' title='bbox 965 4783 1161 4855; x_wconf 84' lang='lat' dir='ltr'><strong>partim</strong></span> <span class='ocrx_word' id='word_1_827' title='bbox 1203 4782 1336 4839; x_wconf 87' lang='lat' dir='ltr'><strong>Luc.</strong></span> <span class='ocrx_word' id='word_1_828' title='bbox 1376 4802 1437 4850; x_wconf 88' lang='grc' dir='ltr'><strong>ιι,</strong></span> <span class='ocrx_word' id='word_1_829' title='bbox 1471 4780 1774 4855; x_wconf 59' lang='grc' dir='ltr'><strong>ειΙίτιηςυΙὶε</strong></span> <span class='ocrx_word' id='word_1_830' title='bbox 1805 4780 2023 4840; x_wconf 73' lang='lat' dir='ltr'><strong>Christo</strong></span> 
     </span>
    </p>
   </div>
   <div class='ocr_carea' id='block_1_110' title="bbox 449 4849 2023 4927">
    <p class='ocr_par' dir='ltr' id='par_1_110' title="bbox 449 4849 2023 4927">
     <span class='ocr_line' id='line_1_111' title="bbox 449 4849 2023 4927; baseline 0.004 -25"><span class='ocrx_word' id='word_1_831' title='bbox 449 4856 593 4927; x_wconf 41' lang='lat' dir='ltr'><strong>nato.</strong></span> <span class='ocrx_word' id='word_1_832' title='bbox 619 4849 944 4927; x_wconf 76' lang='lat' dir='ltr'><strong>decantatis,</strong></span> <span class='ocrx_word' id='word_1_833' title='bbox 966 4849 1203 4927; x_wconf 16' lang='lat' dir='ltr'><strong>&#39;par_timr</strong></span> <span class='ocrx_word' id='word_1_834' title='bbox 1241 4854 1311 4908; x_wconf 86' lang='lat' dir='ltr'><strong>ab</strong></span> <span class='ocrx_word' id='word_1_835' title='bbox 1369 4849 1610 4911; x_wconf 76' lang='lat' dir='ltr'><strong>Beclesia</strong></span> <span class='ocrx_word' id='word_1_836' title='bbox 1644 4849 2023 4927; x_wconf 60' lang='lat' dir='ltr'><strong>superadditis</strong></span> 
     </span>
    </p>
   </div>
   <div class='ocr_carea' id='block_1_111' title="bbox 449 4921 2023 4984">
    <p class='ocr_par' dir='ltr' id='par_1_111' title="bbox 449 4921 2023 4984">
     <span class='ocr_line' id='line_1_112' title="bbox 449 4921 2023 4984; baseline 0.012 -17"><span class='ocrx_word' id='word_1_837' title='bbox 449 4921 758 4976; x_wconf 79' lang='lat' dir='ltr'><strong>continetur</strong></span> <span class='ocrx_word' id='word_1_838' title='bbox 796 4921 929 4975; x_wconf 88' lang='lat' dir='ltr'><strong>his:</strong></span> <span class='ocrx_word' id='word_1_839' title='bbox 987 4940 1005 4973; x_wconf 76' lang='grc' dir='ltr'><strong>ι</strong></span> <span class='ocrx_word' id='word_1_840' title='bbox 1061 4923 1245 4979; x_wconf 85' lang='lat' dir='ltr'><strong>Gloria</strong></span> <span class='ocrx_word' id='word_1_841' title='bbox 1300 4927 1353 4981; x_wconf 90' lang='lat' dir='ltr'><strong>in</strong></span> <span class='ocrx_word' id='word_1_842' title='bbox 1397 4928 1628 4982; x_wconf 81' lang='lat' dir='ltr'><strong>excelsis</strong></span> <span class='ocrx_word' id='word_1_843' title='bbox 1674 4921 1807 4984; x_wconf 76' lang='lat' dir='ltr'><strong>Deo.</strong></span> <span class='ocrx_word' id='word_1_844' title='bbox 1856 4936 1908 4979; x_wconf 78' lang='lat' dir='ltr'><strong>et</strong></span> <span class='ocrx_word' id='word_1_845' title='bbox 1969 4926 2023 4978; x_wconf 78' lang='lat' dir='ltr'><strong>in</strong></span> 
     </span>
    </p>
   </div>
   <div class='ocr_carea' id='block_1_112' title="bbox 450 4990 2027 5057">
    <p class='ocr_par' dir='ltr' id='par_1_112' title="bbox 450 4990 2027 5057">
     <span class='ocr_line' id='line_1_113' title="bbox 450 4990 2027 5057; baseline 0.006 -17"><span class='ocrx_word' id='word_1_846' title='bbox 450 4999 592 5047; x_wconf 86' lang='lat' dir='ltr'><strong>terra</strong></span> <span class='ocrx_word' id='word_1_847' title='bbox 637 5004 740 5057; x_wconf 85' lang='lat' dir='ltr'><strong>pax</strong></span> <span class='ocrx_word' id='word_1_848' title='bbox 791 4990 1103 5047; x_wconf 85' lang='lat' dir='ltr'><strong>hominibus</strong></span> <span class='ocrx_word' id='word_1_849' title='bbox 1154 4996 1310 5051; x_wconf 79' lang='lat' dir='ltr'><strong>home</strong></span> <span class='ocrx_word' id='word_1_850' title='bbox 1367 4998 1703 5052; x_wconf 83' lang='lat' dir='ltr'><strong>voluntatis:</strong></span> <span class='ocrx_word' id='word_1_851' title='bbox 1738 4995 2027 5050; x_wconf 85' lang='lat' dir='ltr'><strong>laudamus</strong></span> 
     </span>
    </p>
   </div>
   <div class='ocr_carea' id='block_1_113' title="bbox 449 5058 2026 5140">
    <p class='ocr_par' dir='ltr' id='par_1_113' title="bbox 449 5058 2026 5140">
     <span class='ocr_line' id='line_1_114' title="bbox 449 5058 2026 5140; baseline 0.005 -29"><span class='ocrx_word' id='word_1_852' title='bbox 449 5067 503 5140; x_wconf 79' lang='lat' dir='ltr'><strong>te</strong></span> <span class='ocrx_word' id='word_1_853' title='bbox 530 5076 543 5112; x_wconf 91' lang='lat'>:</span> <span class='ocrx_word' id='word_1_854' title='bbox 567 5058 964 5140; x_wconf 33' lang='lat' dir='ltr'><strong>Obenedicimns</strong></span> <span class='ocrx_word' id='word_1_855' title='bbox 998 5072 1071 5140; x_wconf 75' lang='lat' dir='ltr'><strong>te,</strong></span> <span class='ocrx_word' id='word_1_856' title='bbox 1110 5084 1127 5116; x_wconf 74' lang='grc' dir='ltr'><strong>ι</strong></span> <span class='ocrx_word' id='word_1_857' title='bbox 1156 5076 1287 5131; x_wconf 91' lang='lat' dir='ltr'><strong>etc.,</strong></span> <span class='ocrx_word' id='word_1_858' title='bbox 1317 5069 1494 5137; x_wconf 90' lang='lat' dir='ltr'><strong>angeli</strong></span> <span class='ocrx_word' id='word_1_859' title='bbox 1529 5069 1882 5140; x_wconf 79' lang='lat' dir='ltr'><strong>ineboarnnt,</strong></span> <span class='ocrx_word' id='word_1_860' title='bbox 1920 5065 2026 5140; x_wconf 64' lang='lat' dir='ltr'><strong>Ec-</strong></span> 
     </span>
    </p>
   </div>
   <div class='ocr_carea' id='block_1_114' title="bbox 450 5128 2025 5209">
    <p class='ocr_par' dir='ltr' id='par_1_114' title="bbox 450 5128 2025 5209">
     <span class='ocr_line' id='line_1_115' title="bbox 450 5128 2025 5209; baseline 0.005 -28"><span class='ocrx_word' id='word_1_861' title='bbox 450 5128 615 5209; x_wconf 66' lang='lat' dir='ltr'><strong>clesia</strong></span> <span class='ocrx_word' id='word_1_862' title='bbox 676 5128 1097 5209; x_wconf 82' lang='lat' dir='ltr'><strong>consummavit,</strong></span> <span class='ocrx_word' id='word_1_863' title='bbox 1148 5128 1537 5209; x_wconf 16' lang='lat' dir='ltr'><strong>totusque&#39;rcst</strong></span> <span class='ocrx_word' id='word_1_864' title='bbox 1586 5139 1782 5209; x_wconf 84' lang='lat' dir='ltr'><strong>plenus</strong></span> <span class='ocrx_word' id='word_1_865' title='bbox 1826 5136 2025 5209; x_wconf 80' lang='lat' dir='ltr'><strong>divinis</strong></span> 
     </span>
    </p>
   </div>
   <div class='ocr_carea' id='block_1_115' title="bbox 448 5199 2023 5278">
    <p class='ocr_par' dir='ltr' id='par_1_115' title="bbox 448 5199 2023 5278">
     <span class='ocr_line' id='line_1_116' title="bbox 448 5199 2023 5278; baseline 0.006 -25"><span class='ocrx_word' id='word_1_866' title='bbox 448 5199 725 5278; x_wconf 54' lang='lat' dir='ltr'><strong>laudibus,</strong></span> <span class='ocrx_word' id='word_1_867' title='bbox 766 5204 1078 5278; x_wconf 68' lang='lat' dir='ltr'><strong>gratiarum</strong></span> <span class='ocrx_word' id='word_1_868' title='bbox 1096 5199 1393 5262; x_wconf 48' lang='lat' dir='ltr'><strong>actione-et</strong></span> <span class='ocrx_word' id='word_1_869' title='bbox 1418 5199 1818 5278; x_wconf 67' lang='lat' dir='ltr'><strong>deprecatione.</strong></span> <span class='ocrx_word' id='word_1_870' title='bbox 1843 5206 2023 5275; x_wconf 77' lang='lat' dir='ltr'><strong>Ange-</strong></span> 
     </span>
    </p>
   </div>
   <div class='ocr_carea' id='block_1_116' title="bbox 449 5271 2027 5344">
    <p class='ocr_par' dir='ltr' id='par_1_116' title="bbox 449 5271 2027 5344">
     <span class='ocr_line' id='line_1_117' title="bbox 449 5271 2027 5344; baseline 0.002 -19"><span class='ocrx_word' id='word_1_871' title='bbox 449 5271 554 5344; x_wconf 71' lang='lat' dir='ltr'><strong>lica</strong></span> <span class='ocrx_word' id='word_1_872' title='bbox 581 5280 711 5344; x_wconf 88' lang='lat' dir='ltr'><strong>sunt</strong></span> <span class='ocrx_word' id='word_1_873' title='bbox 739 5271 816 5331; x_wconf 23' lang='grc' dir='ltr'><strong>εί(</strong></span> <span class='ocrx_word' id='word_1_874' title='bbox 849 5274 1034 5334; x_wconf 86' lang='lat' dir='ltr'><strong>Gloria</strong></span> <span class='ocrx_word' id='word_1_875' title='bbox 1068 5276 1121 5330; x_wconf 92' lang='lat' dir='ltr'><strong>in</strong></span> <span class='ocrx_word' id='word_1_876' title='bbox 1153 5279 1384 5333; x_wconf 82' lang='lat' dir='ltr'><strong>excelsis</strong></span> <span class='ocrx_word' id='word_1_877' title='bbox 1422 5271 1553 5339; x_wconf 70' lang='lat' dir='ltr'><strong>Deo,</strong></span> <span class='ocrx_word' id='word_1_878' title='bbox 1578 5290 1631 5333; x_wconf 91' lang='lat' dir='ltr'><strong>et</strong></span> <span class='ocrx_word' id='word_1_879' title='bbox 1663 5278 1717 5331; x_wconf 90' lang='lat' dir='ltr'><strong>in</strong></span> <span class='ocrx_word' id='word_1_880' title='bbox 1744 5286 1882 5330; x_wconf 87' lang='lat' dir='ltr'><strong>terra</strong></span> <span class='ocrx_word' id='word_1_881' title='bbox 1923 5271 2027 5344; x_wconf 79' lang='lat' dir='ltr'><strong>pax</strong></span> 
     </span>
    </p>
   </div>
   <div class='ocr_carea' id='block_1_117' title="bbox 451 5342 2026 5418">
    <p class='ocr_par' dir='ltr' id='par_1_117' title="bbox 451 5342 2026 5418">
     <span class='ocr_line' id='line_1_118' title="bbox 451 5342 2026 5418; baseline -0.002 -17"><span class='ocrx_word' id='word_1_882' title='bbox 451 5342 766 5401; x_wconf 83' lang='lat' dir='ltr'><strong>hominibus</strong></span> <span class='ocrx_word' id='word_1_883' title='bbox 788 5344 943 5400; x_wconf 74' lang='lat' dir='ltr'><strong>bona:</strong></span> <span class='ocrx_word' id='word_1_884' title='bbox 970 5346 1298 5415; x_wconf 86' lang='lat' dir='ltr'><strong>voluntatis;</strong></span> <span class='ocrx_word' id='word_1_885' title='bbox 1331 5369 1349 5399; x_wconf 73' lang='grc' dir='ltr'><strong>ι</strong></span> <span class='ocrx_word' id='word_1_886' title='bbox 1381 5351 1590 5418; x_wconf 85' lang='lat' dir='ltr'><strong>reliqua</strong></span> <span class='ocrx_word' id='word_1_887' title='bbox 1635 5362 1757 5416; x_wconf 64' lang='lat' dir='ltr'><strong>quae</strong></span> <span class='ocrx_word' id='word_1_888' title='bbox 1782 5342 2026 5414; x_wconf 86' lang='lat' dir='ltr'><strong>sequun-</strong></span> 
     </span>
    </p>
   </div>
   <div class='ocr_carea' id='block_1_118' title="bbox 452 5418 2028 5487">
    <p class='ocr_par' dir='ltr' id='par_1_118' title="bbox 452 5418 2028 5487">
     <span class='ocr_line' id='line_1_119' title="bbox 452 5418 2028 5487; baseline 0.002 -22"><span class='ocrx_word' id='word_1_889' title='bbox 452 5421 542 5475; x_wconf 79' lang='lat' dir='ltr'><strong>tur</strong></span> <span class='ocrx_word' id='word_1_890' title='bbox 573 5429 739 5487; x_wconf 71' lang='lat' dir='ltr'><strong>aquo</strong></span> <span class='ocrx_word' id='word_1_891' title='bbox 768 5418 1118 5485; x_wconf 82' lang='lat' dir='ltr'><strong>superaddita</strong></span> <span class='ocrx_word' id='word_1_892' title='bbox 1146 5421 1278 5481; x_wconf 85' lang='lat' dir='ltr'><strong>sint,</strong></span> <span class='ocrx_word' id='word_1_893' title='bbox 1314 5435 1420 5472; x_wconf 89' lang='lat' dir='ltr'><strong>non</strong></span> <span class='ocrx_word' id='word_1_894' title='bbox 1469 5422 1603 5474; x_wconf 78' lang='lat' dir='ltr'><strong>satis</strong></span> <span class='ocrx_word' id='word_1_895' title='bbox 1655 5418 1855 5487; x_wconf 86' lang='lat' dir='ltr'><strong>liquide</strong></span> <span class='ocrx_word' id='word_1_896' title='bbox 1891 5432 2028 5470; x_wconf 88' lang='lat' dir='ltr'><strong>con-</strong></span> 
     </span>
    </p>
   </div>
   <div class='ocr_carea' id='block_1_119' title="bbox 453 5483 2031 5554">
    <p class='ocr_par' dir='ltr' id='par_1_119' title="bbox 453 5483 2031 5554">
     <span class='ocr_line' id='line_1_120' title="bbox 453 5483 2031 5554; baseline 0.001 -17"><span class='ocrx_word' id='word_1_897' title='bbox 453 5490 580 5545; x_wconf 83' lang='lat' dir='ltr'><strong>stat.</strong></span> <span class='ocrx_word' id='word_1_898' title='bbox 619 5483 697 5536; x_wconf 78' lang='lat' dir='ltr'><strong>Ex</strong></span> <span class='ocrx_word' id='word_1_899' title='bbox 744 5487 812 5541; x_wconf 91' lang='lat' dir='ltr'><strong>iis</strong></span> <span class='ocrx_word' id='word_1_900' title='bbox 838 5483 971 5554; x_wconf 66' lang='lat' dir='ltr'><strong>qua:</strong></span> <span class='ocrx_word' id='word_1_901' title='bbox 1013 5489 1108 5542; x_wconf 90' lang='lat' dir='ltr'><strong>lib.</strong></span> <span class='ocrx_word' id='word_1_902' title='bbox 1139 5505 1212 5546; x_wconf 87' lang='lat' dir='ltr'><strong>vn</strong></span> <span class='ocrx_word' id='word_1_903' title='bbox 1257 5489 1489 5544; x_wconf 83' lang='lat' dir='ltr'><strong>Constit.</strong></span> <span class='ocrx_word' id='word_1_904' title='bbox 1519 5507 1568 5544; x_wconf 90' lang='lat' dir='ltr'><strong>c.</strong></span> <span class='ocrx_word' id='word_1_905' title='bbox 1594 5490 1660 5543; x_wconf 83' lang='grc'><strong>57</strong></span> <span class='ocrx_word' id='word_1_906' title='bbox 1691 5483 1745 5541; x_wconf 74' lang='lat' dir='ltr'><strong>et</strong></span> <span class='ocrx_word' id='word_1_907' title='bbox 1784 5488 1873 5550; x_wconf 80' lang='lat'><strong>58,</strong></span> <span class='ocrx_word' id='word_1_908' title='bbox 1906 5486 2031 5540; x_wconf 81' lang='lat' dir='ltr'><strong>Cle-</strong></span> 
     </span>
    </p>
   </div>
   <div class='ocr_carea' id='block_1_120' title="bbox 451 5554 2033 5624">
    <p class='ocr_par' dir='ltr' id='par_1_120' title="bbox 451 5554 2033 5624">
     <span class='ocr_line' id='line_1_121' title="bbox 451 5554 2033 5624; baseline 0.001 -16"><span class='ocrx_word' id='word_1_909' title='bbox 451 5569 609 5617; x_wconf 81' lang='lat' dir='ltr'><strong>mens</strong></span> <span class='ocrx_word' id='word_1_910' title='bbox 634 5554 914 5611; x_wconf 79' lang='lat' dir='ltr'><strong>Romanus</strong></span> <span class='ocrx_word' id='word_1_911' title='bbox 941 5559 1151 5624; x_wconf 88' lang='lat' dir='ltr'><strong>scribit,</strong></span> <span class='ocrx_word' id='word_1_912' title='bbox 1198 5560 1243 5615; x_wconf 92' lang='lat' dir='ltr'><strong>si</strong></span> <span class='ocrx_word' id='word_1_913' title='bbox 1275 5561 1383 5615; x_wconf 90' lang='lat' dir='ltr'><strong>illis</strong></span> <span class='ocrx_word' id='word_1_914' title='bbox 1411 5562 1589 5615; x_wconf 86' lang='lat' dir='ltr'><strong>debita</strong></span> <span class='ocrx_word' id='word_1_915' title='bbox 1620 5562 1751 5614; x_wconf 84' lang='lat' dir='ltr'><strong>fides</strong></span> <span class='ocrx_word' id='word_1_916' title='bbox 1775 5557 2033 5612; x_wconf 85' lang='lat' dir='ltr'><strong>adhibea-</strong></span> 
     </span>
    </p>
   </div>
   <div class='ocr_carea' id='block_1_121' title="bbox 454 5626 2032 5699">
    <p class='ocr_par' dir='ltr' id='par_1_121' title="bbox 454 5626 2032 5699">
     <span class='ocr_line' id='line_1_122' title="bbox 454 5626 2032 5699; baseline -0.001 -20"><span class='ocrx_word' id='word_1_917' title='bbox 454 5634 569 5699; x_wconf 70' lang='lat' dir='ltr'><strong>tur,</strong></span> <span class='ocrx_word' id='word_1_918' title='bbox 599 5626 669 5680; x_wconf 84' lang='lat' dir='ltr'><strong>ab</strong></span> <span class='ocrx_word' id='word_1_919' title='bbox 697 5628 959 5699; x_wconf 84' lang='lat' dir='ltr'><strong>apostolis</strong></span> <span class='ocrx_word' id='word_1_920' title='bbox 987 5628 1101 5683; x_wconf 87' lang='lat' dir='ltr'><strong>fere</strong></span> <span class='ocrx_word' id='word_1_921' title='bbox 1128 5640 1300 5684; x_wconf 88' lang='lat' dir='ltr'><strong>totum</strong></span> <span class='ocrx_word' id='word_1_922' title='bbox 1333 5632 1694 5699; x_wconf 88' lang='lat' dir='ltr'><strong>compositum</strong></span> <span class='ocrx_word' id='word_1_923' title='bbox 1722 5645 1844 5684; x_wconf 86' lang='lat' dir='ltr'><strong>esse</strong></span> <span class='ocrx_word' id='word_1_924' title='bbox 1873 5627 2032 5682; x_wconf 89' lang='lat' dir='ltr'><strong>colli-</strong></span> 
     </span>
    </p>
   </div>
   <div class='ocr_carea' id='block_1_122' title="bbox 456 5696 2035 5777">
    <p class='ocr_par' dir='ltr' id='par_1_122' title="bbox 456 5696 2035 5777">
     <span class='ocr_line' id='line_1_123' title="bbox 456 5696 2035 5777; baseline 0.002 -29"><span class='ocrx_word' id='word_1_925' title='bbox 456 5697 644 5777; x_wconf 66' lang='lat' dir='ltr'><strong>gitur,</strong></span> <span class='ocrx_word' id='word_1_926' title='bbox 670 5696 1158 5777; x_wconf 76' lang='lat' dir='ltr'><strong>totus_enim_fcre</strong></span> <span class='ocrx_word' id='word_1_927' title='bbox 1187 5701 1423 5770; x_wconf 87' lang='lat' dir='ltr'><strong>hymnus</strong></span> <span class='ocrx_word' id='word_1_928' title='bbox 1460 5696 1661 5777; x_wconf 77' lang='lat' dir='ltr'><strong>ibidem</strong></span> <span class='ocrx_word' id='word_1_929' title='bbox 1696 5717 1725 5754; x_wconf 93' lang='lat' dir='ltr'><strong>a</strong></span> <span class='ocrx_word' id='word_1_930' title='bbox 1755 5700 2035 5777; x_wconf 74' lang='lat' dir='ltr'><strong>Clemente</strong></span> 
     </span>
    </p>
   </div>
   <div class='ocr_carea' id='block_1_123' title="bbox 460 5764 2021 5845">
    <p class='ocr_par' dir='ltr' id='par_1_123' title="bbox 460 5764 2021 5845">
     <span class='ocr_line' id='line_1_124' title="bbox 460 5764 2021 5845; baseline 0.001 -22"><span class='ocrx_word' id='word_1_931' title='bbox 460 5764 739 5832; x_wconf 66' lang='lat' dir='ltr'><strong>incitatur,</strong></span> <span class='ocrx_word' id='word_1_932' title='bbox 760 5770 805 5820; x_wconf 74' lang='grc' dir='ltr'>Α</span> <span class='ocrx_word' id='word_1_933' title='bbox 818 5764 1148 5841; x_wconf 75' lang='lat' dir='ltr'><strong>Telesphore</strong></span> <span class='ocrx_word' id='word_1_934' title='bbox 1164 5764 1345 5826; x_wconf 72' lang='lat' dir='ltr'><strong>autem</strong></span> <span class='ocrx_word' id='word_1_935' title='bbox 1367 5780 1539 5827; x_wconf 88' lang='lat' dir='ltr'><strong>totum</strong></span> <span class='ocrx_word' id='word_1_936' title='bbox 1565 5772 1823 5845; x_wconf 84' lang='lat' dir='ltr'><strong>hymnum</strong></span> <span class='ocrx_word' id='word_1_937' title='bbox 1851 5769 2021 5825; x_wconf 80' lang='lat' dir='ltr'><strong>fuisse</strong></span> 
     </span>
    </p>
   </div>
   <div class='ocr_carea' id='block_1_124' title="bbox 2128 4706 3702 4783">
    <p class='ocr_par' dir='ltr' id='par_1_124' title="bbox 2128 4706 3702 4783">
     <span class='ocr_line' id='line_1_125' title="bbox 2128 4706 3702 4783; baseline -0.013 -10"><span class='ocrx_word' id='word_1_938' title='bbox 2128 4728 2207 4783; x_wconf 87' lang='lat' dir='ltr'><strong>ut,</strong></span> <span class='ocrx_word' id='word_1_939' title='bbox 2240 4713 2453 4771; x_wconf 87' lang='lat' dir='ltr'><strong>etiamsi</strong></span> <span class='ocrx_word' id='word_1_940' title='bbox 2498 4711 2704 4783; x_wconf 90' lang='lat' dir='ltr'><strong>tardius</strong></span> <span class='ocrx_word' id='word_1_941' title='bbox 2748 4706 3159 4783; x_wconf 74' lang='lat' dir='ltr'><strong>inchoarentur,</strong></span> <span class='ocrx_word' id='word_1_942' title='bbox 3190 4706 3293 4774; x_wconf 90' lang='lat' dir='ltr'><strong>ipsi</strong></span> <span class='ocrx_word' id='word_1_943' title='bbox 3329 4713 3511 4783; x_wconf 72' lang='lat' dir='ltr'><strong>tamen</strong></span> <span class='ocrx_word' id='word_1_944' title='bbox 3550 4709 3702 4783; x_wconf 72' lang='lat' dir='ltr'><strong>post-</strong></span> 
     </span>
    </p>
   </div>
   <div class='ocr_carea' id='block_1_125' title="bbox 2126 4772 3697 4864">
    <p class='ocr_par' dir='ltr' id='par_1_125' title="bbox 2126 4772 3697 4864">
     <span class='ocr_line' id='line_1_126' title="bbox 2126 4772 3697 4864; baseline -0.007 -27"><span class='ocrx_word' id='word_1_945' title='bbox 2126 4772 2595 4864; x_wconf 49' lang='lat' dir='ltr'><strong>ﬁJSitisprivati&#39;s</strong></span> <span class='ocrx_word' id='word_1_946' title='bbox 2635 4781 2917 4864; x_wconf 84' lang='lat' dir='ltr'><strong>laboribus</strong></span> <span class='ocrx_word' id='word_1_947' title='bbox 2964 4780 3029 4864; x_wconf 83' lang='lat' dir='ltr'><strong>ad</strong></span> <span class='ocrx_word' id='word_1_948' title='bbox 3090 4772 3697 4864; x_wconf 28' lang='lat' dir='ltr'><strong>missarnﬂaudiendim</strong></span> 
     </span>
    </p>
   </div>
   <div class='ocr_carea' id='block_1_126' title="bbox 2126 4848 3699 4918">
    <p class='ocr_par' dir='ltr' id='par_1_126' title="bbox 2126 4848 3699 4918">
     <span class='ocr_line' id='line_1_127' title="bbox 2126 4848 3699 4918; baseline -0.017 1"><span class='ocrx_word' id='word_1_949' title='bbox 2126 4848 2499 4918; x_wconf 67' lang='lat' dir='ltr'><strong>convenirent.</strong></span> <span class='ocrx_word' id='word_1_950' title='bbox 2543 4849 2699 4905; x_wconf 90' lang='lat' dir='ltr'><strong>Nunc</strong></span> <span class='ocrx_word' id='word_1_951' title='bbox 2742 4861 2923 4904; x_wconf 89' lang='lat' dir='ltr'><strong>autem</strong></span> <span class='ocrx_word' id='word_1_952' title='bbox 2965 4860 3019 4904; x_wconf 89' lang='lat' dir='ltr'><strong>et</strong></span> <span class='ocrx_word' id='word_1_953' title='bbox 3058 4848 3409 4901; x_wconf 82' lang='lat' dir='ltr'><strong>sacerdotum</strong></span> <span class='ocrx_word' id='word_1_954' title='bbox 3440 4855 3699 4897; x_wconf 89' lang='lat' dir='ltr'><strong>numerus</strong></span> 
     </span>
    </p>
   </div>
   <div class='ocr_carea' id='block_1_127' title="bbox 2128 4919 3701 4999">
    <p class='ocr_par' dir='ltr' id='par_1_127' title="bbox 2128 4919 3701 4999">
     <span class='ocr_line' id='line_1_128' title="bbox 2128 4919 3701 4999; baseline -0.017 -11"><span class='ocrx_word' id='word_1_955' title='bbox 2128 4932 2315 4999; x_wconf 13' lang='lat' dir='ltr'><strong>major,</strong></span> <span class='ocrx_word' id='word_1_956' title='bbox 2354 4934 2457 4987; x_wconf 92' lang='lat' dir='ltr'><strong>est,</strong></span> <span class='ocrx_word' id='word_1_957' title='bbox 2507 4930 2561 4975; x_wconf 91' lang='lat' dir='ltr'><strong>et</strong></span> <span class='ocrx_word' id='word_1_958' title='bbox 2589 4922 2722 4999; x_wconf 66' lang='lat' dir='ltr'><strong>alite</strong></span> <span class='ocrx_word' id='word_1_959' title='bbox 2748 4920 3173 4999; x_wconf 69' lang='lat' dir='ltr'><strong>circumstantia:</strong></span> <span class='ocrx_word' id='word_1_960' title='bbox 3206 4931 3423 4999; x_wconf 31' lang='lat' dir='ltr'><strong>magna‘</strong></span> <span class='ocrx_word' id='word_1_961' title='bbox 3450 4928 3518 4999; x_wconf 56' lang='lat' dir='ltr'><strong>ea</strong></span> <span class='ocrx_word' id='word_1_962' title='bbox 3553 4919 3701 4999; x_wconf 64' lang='lat' dir='ltr'><strong>parte</strong></span> 
     </span>
    </p>
   </div>
   <div class='ocr_carea' id='block_1_128' title="bbox 2127 4991 3701 5059">
    <p class='ocr_par' dir='ltr' id='par_1_128' title="bbox 2127 4991 3701 5059">
     <span class='ocr_line' id='line_1_129' title="bbox 2127 4991 3701 5059; baseline -0.017 -2"><span class='ocrx_word' id='word_1_963' title='bbox 2127 4991 2256 5056; x_wconf 75' lang='lat' dir='ltr'><strong>sunt</strong></span> <span class='ocrx_word' id='word_1_964' title='bbox 2306 4998 2623 5056; x_wconf 69' lang='lat' dir='ltr'><strong>immutatae,</strong></span> <span class='ocrx_word' id='word_1_965' title='bbox 2675 4992 2904 5059; x_wconf 85' lang='lat' dir='ltr'><strong>ideoque</strong></span> <span class='ocrx_word' id='word_1_966' title='bbox 2946 4991 3145 5043; x_wconf 87' lang='lat' dir='ltr'><strong>mirum</strong></span> <span class='ocrx_word' id='word_1_967' title='bbox 3190 4991 3452 5059; x_wconf 73' lang='lat' dir='ltr'><strong>non__s_i_t,</strong></span> <span class='ocrx_word' id='word_1_968' title='bbox 3495 4992 3701 5059; x_wconf 64' lang='lat' dir='ltr'><strong>tempus</strong></span> 
     </span>
    </p>
   </div>
   <div class='ocr_carea' id='block_1_129' title="bbox 2128 5051 3704 5130">
    <p class='ocr_par' dir='ltr' id='par_1_129' title="bbox 2128 5051 3704 5130">
     <span class='ocr_line' id='line_1_130' title="bbox 2128 5051 3704 5130; baseline -0.016 -4"><span class='ocrx_word' id='word_1_969' title='bbox 2128 5051 2339 5126; x_wconf 72' lang='lat' dir='ltr'><strong>dicendi</strong></span> <span class='ocrx_word' id='word_1_970' title='bbox 2393 5051 2621 5117; x_wconf 79' lang='lat' dir='ltr'><strong>missam</strong></span> <span class='ocrx_word' id='word_1_971' title='bbox 2666 5051 3019 5130; x_wconf 83' lang='lat' dir='ltr'><strong>anticipatum</strong></span> <span class='ocrx_word' id='word_1_972' title='bbox 3072 5059 3262 5113; x_wconf 85' lang='lat' dir='ltr'><strong>fuisse.</strong></span> <span class='ocrx_word' id='word_1_973' title='bbox 3316 5054 3455 5110; x_wconf 88' lang='lat' dir='ltr'><strong>Vide</strong></span> <span class='ocrx_word' id='word_1_974' title='bbox 3505 5051 3704 5106; x_wconf 81' lang='lat' dir='ltr'><strong>Suarez</strong></span> 
     </span>
    </p>
   </div>
   <div class='ocr_carea' id='block_1_130' title="bbox 2130 5131 3035 5201">
    <p class='ocr_par' dir='ltr' id='par_1_130' title="bbox 2130 5131 3035 5201">
     <span class='ocr_line' id='line_1_131' title="bbox 2130 5131 3035 5201; baseline -0.015 -3"><span class='ocrx_word' id='word_1_975' title='bbox 2130 5152 2262 5197; x_wconf 90' lang='lat' dir='ltr'><strong>tom.</strong></span> <span class='ocrx_word' id='word_1_976' title='bbox 2293 5133 2381 5198; x_wconf 85' lang='lat' dir='ltr'><strong>Ill,</strong></span> <span class='ocrx_word' id='word_1_977' title='bbox 2414 5135 2555 5201; x_wconf 89' lang='lat' dir='ltr'><strong>disp.</strong></span> <span class='ocrx_word' id='word_1_978' title='bbox 2593 5132 2684 5191; x_wconf 89' lang='grc'><strong>80,</strong></span> <span class='ocrx_word' id='word_1_979' title='bbox 2718 5141 2851 5185; x_wconf 85' lang='lat' dir='ltr'><strong>sect.</strong></span> <span class='ocrx_word' id='word_1_980' title='bbox 2880 5132 2930 5186; x_wconf 71' lang='grc'><strong>4.</strong></span> <span class='ocrx_word' id='word_1_981' title='bbox 2959 5131 3035 5184; x_wconf 84' lang='grc' dir='ltr'><strong>Ιι).</strong></span> 
     </span>
    </p>
   </div>
   <div class='ocr_carea' id='block_1_131' title="bbox 2199 5195 3702 5281">
    <p class='ocr_par' dir='ltr' id='par_1_131' title="bbox 2199 5195 3702 5281">
     <span class='ocr_line' id='line_1_132' title="bbox 2199 5195 3702 5281; baseline -0.014 -17"><span class='ocrx_word' id='word_1_982' title='bbox 2199 5208 2309 5281; x_wconf 78' lang='grc'><strong>(25)</strong></span> <span class='ocrx_word' id='word_1_983' title='bbox 2354 5195 2427 5258; x_wconf 74' lang='grc' dir='ltr'><strong>Ᾱὸ</strong></span> <span class='ocrx_word' id='word_1_984' title='bbox 2453 5195 2708 5272; x_wconf 70' lang='grc' dir='ltr'><strong>ερἱδεορὶδ</strong></span> <span class='ocrx_word' id='word_1_985' title='bbox 2746 5212 2920 5281; x_wconf 84' lang='lat' dir='ltr'><strong>autem</strong></span> <span class='ocrx_word' id='word_1_986' title='bbox 2960 5202 3096 5281; x_wconf 69' lang='lat' dir='ltr'><strong>idem</strong></span> <span class='ocrx_word' id='word_1_987' title='bbox 3140 5197 3411 5281; x_wconf 65' lang='lat' dir='ltr'><strong>angelicus</strong></span> <span class='ocrx_word' id='word_1_988' title='bbox 3464 5195 3702 5281; x_wconf 17' lang='lat' dir='ltr'><strong>hynutjurs.</strong></span> 
     </span>
    </p>
   </div>
   <div class='ocr_carea' id='block_1_132' title="bbox 2130 5264 3703 5341">
    <p class='ocr_par' dir='ltr' id='par_1_132' title="bbox 2130 5264 3703 5341">
     <span class='ocr_line' id='line_1_133' title="bbox 2130 5264 3703 5341; baseline -0.012 -7"><span class='ocrx_word' id='word_1_989' title='bbox 2130 5264 2246 5334; x_wconf 70' lang='lat' dir='ltr'><strong>&quot;de.</strong></span> <span class='ocrx_word' id='word_1_990' title='bbox 2277 5264 2395 5334; x_wconf 76' lang='lat' dir='ltr'><strong>loco</strong></span> <span class='ocrx_word' id='word_1_991' title='bbox 2432 5264 2537 5327; x_wconf 72' lang='lat' dir='ltr'><strong>nun</strong></span> <span class='ocrx_word' id='word_1_992' title='bbox 2565 5264 2774 5327; x_wconf 79' lang='lat' dir='ltr'><strong>tantum</strong></span> <span class='ocrx_word' id='word_1_993' title='bbox 2806 5272 3101 5341; x_wconf 87' lang='lat' dir='ltr'><strong>episcopis,</strong></span> <span class='ocrx_word' id='word_1_994' title='bbox 3131 5264 3223 5324; x_wconf 86' lang='lat' dir='ltr'><strong>sed</strong></span> <span class='ocrx_word' id='word_1_995' title='bbox 3257 5264 3703 5341; x_wconf 77' lang='lat' dir='ltr'><strong>etiamsacerdu-</strong></span> 
     </span>
    </p>
   </div>
   <div class='ocr_carea' id='block_1_133' title="bbox 2133 5336 3703 5416">
    <p class='ocr_par' dir='ltr' id='par_1_133' title="bbox 2133 5336 3703 5416">
     <span class='ocr_line' id='line_1_134' title="bbox 2133 5336 3703 5416; baseline -0.014 -11"><span class='ocrx_word' id='word_1_996' title='bbox 2133 5353 2279 5405; x_wconf 89' lang='lat' dir='ltr'><strong>tibus</strong></span> <span class='ocrx_word' id='word_1_997' title='bbox 2326 5342 2636 5416; x_wconf 65' lang='lat' dir='ltr'><strong>praecipitur</strong></span> <span class='ocrx_word' id='word_1_998' title='bbox 2686 5352 2742 5416; x_wconf 78' lang='lat' dir='ltr'><strong>ut</strong></span> <span class='ocrx_word' id='word_1_999' title='bbox 2798 5336 3041 5416; x_wconf 77' lang='lat' dir='ltr'><strong>solemne</strong></span> <span class='ocrx_word' id='word_1_1000' title='bbox 3074 5356 3307 5416; x_wconf 72' lang='lat' dir='ltr'><strong>sacrum</strong></span> <span class='ocrx_word' id='word_1_1001' title='bbox 3357 5336 3703 5395; x_wconf 88' lang='lat' dir='ltr'><strong>celebraturi,</strong></span> 
     </span>
    </p>
   </div>
   <div class='ocr_carea' id='block_1_134' title="bbox 2131 5410 3703 5485">
    <p class='ocr_par' dir='ltr' id='par_1_134' title="bbox 2131 5410 3703 5485">
     <span class='ocr_line' id='line_1_135' title="bbox 2131 5410 3703 5485; baseline -0.012 -13"><span class='ocrx_word' id='word_1_1002' title='bbox 2131 5424 2293 5475; x_wconf 77' lang='lat' dir='ltr'><strong>etiam</strong></span> <span class='ocrx_word' id='word_1_1003' title='bbox 2326 5410 2653 5471; x_wconf 20' lang='lat' dir='ltr'><strong>&#39;extra‘diem</strong></span> <span class='ocrx_word' id='word_1_1004' title='bbox 2692 5411 2902 5467; x_wconf 87' lang='lat' dir='ltr'><strong>Natalis</strong></span> <span class='ocrx_word' id='word_1_1005' title='bbox 2936 5410 3203 5485; x_wconf 74' lang='lat' dir='ltr'><strong>Dominici</strong></span> <span class='ocrx_word' id='word_1_1006' title='bbox 3250 5411 3514 5485; x_wconf 84' lang='lat' dir='ltr'><strong>hymnum</strong></span> <span class='ocrx_word' id='word_1_1007' title='bbox 3547 5421 3703 5471; x_wconf 78' lang='lat' dir='ltr'><strong>ange-</strong></span> 
     </span>
    </p>
   </div>
   <div class='ocr_carea' id='block_1_135' title="bbox 2131 5482 3702 5553">
    <p class='ocr_par' dir='ltr' id='par_1_135' title="bbox 2131 5482 3702 5553">
     <span class='ocr_line' id='line_1_136' title="bbox 2131 5482 3702 5553; baseline -0.014 -7"><span class='ocrx_word' id='word_1_1008' title='bbox 2131 5493 2296 5545; x_wconf 85' lang='lat' dir='ltr'><strong>licunt</strong></span> <span class='ocrx_word' id='word_1_1009' title='bbox 2326 5488 2380 5540; x_wconf 93' lang='lat' dir='ltr'><strong>in</strong></span> <span class='ocrx_word' id='word_1_1010' title='bbox 2420 5486 2690 5541; x_wconf 88' lang='lat' dir='ltr'><strong>sacrilicio</strong></span> <span class='ocrx_word' id='word_1_1011' title='bbox 2726 5485 2969 5538; x_wconf 86' lang='lat' dir='ltr'><strong>recitent.</strong></span> <span class='ocrx_word' id='word_1_1012' title='bbox 3004 5482 3167 5537; x_wconf 90' lang='lat' dir='ltr'><strong>Solus</strong></span> <span class='ocrx_word' id='word_1_1013' title='bbox 3199 5490 3390 5553; x_wconf 86' lang='lat' dir='ltr'><strong>autem</strong></span> <span class='ocrx_word' id='word_1_1014' title='bbox 3423 5482 3702 5553; x_wconf 82' lang='lat' dir='ltr'><strong>episcopus</strong></span> 
     </span>
    </p>
   </div>
   <div class='ocr_carea' id='block_1_136' title="bbox 2134 5552 3700 5630">
    <p class='ocr_par' dir='ltr' id='par_1_136' title="bbox 2134 5552 3700 5630">
     <span class='ocr_line' id='line_1_137' title="bbox 2134 5552 3700 5630; baseline -0.013 -15"><span class='ocrx_word' id='word_1_1015' title='bbox 2134 5562 2224 5616; x_wconf 90' lang='lat' dir='ltr'><strong>hic</strong></span> <span class='ocrx_word' id='word_1_1016' title='bbox 2246 5558 2579 5630; x_wconf 83' lang='lat' dir='ltr'><strong>nominatur,</strong></span> <span class='ocrx_word' id='word_1_1017' title='bbox 2609 5556 2736 5630; x_wconf 82' lang='lat' dir='ltr'><strong>quia</strong></span> <span class='ocrx_word' id='word_1_1018' title='bbox 2772 5554 2839 5630; x_wconf 73' lang='lat' dir='ltr'><strong>ad</strong></span> <span class='ocrx_word' id='word_1_1019' title='bbox 2884 5554 3034 5608; x_wconf 89' lang='lat' dir='ltr'><strong>illum</strong></span> <span class='ocrx_word' id='word_1_1020' title='bbox 3068 5552 3318 5630; x_wconf 53' lang='lat' dir='ltr'><strong>maxime</strong></span> <span class='ocrx_word' id='word_1_1021' title='bbox 3348 5556 3557 5630; x_wconf 70' lang='lat' dir='ltr'><strong>spectat</strong></span> <span class='ocrx_word' id='word_1_1022' title='bbox 3586 5552 3700 5630; x_wconf 61' lang='lat' dir='ltr'><strong>mrs-</strong></span> 
     </span>
    </p>
   </div>
   <div class='ocr_carea' id='block_1_137' title="bbox 2136 5615 3702 5687">
    <p class='ocr_par' dir='ltr' id='par_1_137' title="bbox 2136 5615 3702 5687">
     <span class='ocr_line' id='line_1_138' title="bbox 2136 5615 3702 5687; baseline -0.011 -1"><span class='ocrx_word' id='word_1_1023' title='bbox 2136 5647 2226 5686; x_wconf 90' lang='lat' dir='ltr'><strong>sas</strong></span> <span class='ocrx_word' id='word_1_1024' title='bbox 2272 5615 2576 5684; x_wconf 63' lang='lat' dir='ltr'><strong>celebrare.</strong></span> <span class='ocrx_word' id='word_1_1025' title='bbox 2622 5615 2754 5681; x_wconf 74' lang='lat' dir='ltr'><strong>Vide</strong></span> <span class='ocrx_word' id='word_1_1026' title='bbox 2802 5624 3005 5679; x_wconf 86' lang='lat' dir='ltr'><strong>Suarez</strong></span> <span class='ocrx_word' id='word_1_1027' title='bbox 3053 5634 3190 5678; x_wconf 90' lang='lat' dir='ltr'><strong>tom.</strong></span> <span class='ocrx_word' id='word_1_1028' title='bbox 3254 5615 3553 5687; x_wconf 47' lang='lat' dir='ltr'><strong>lll,_disp.</strong></span> <span class='ocrx_word' id='word_1_1029' title='bbox 3602 5615 3702 5678; x_wconf 80' lang='lat'><strong>85,</strong></span> 
     </span>
    </p>
   </div>
   <div class='ocr_carea' id='block_1_138' title="bbox 2137 5698 3701 5842">
    <p class='ocr_par' dir='ltr' id='par_1_138' title="bbox 2137 5698 3701 5842">
     <span class='ocr_line' id='line_1_139' title="bbox 2137 5698 3701 5842; baseline -0.011 -14"><span class='ocrx_word' id='word_1_1030' title='bbox 2137 5698 2470 5842; x_wconf 55' lang='grc' dir='ltr'><strong>δθῗέξῗιΗιῗὲε</strong></span> <span class='ocrx_word' id='word_1_1031' title='bbox 2515 5768 2655 5823; x_wconf 77' lang='lat' dir='ltr'><strong>enim</strong></span> <span class='ocrx_word' id='word_1_1032' title='bbox 2703 5769 2796 5838; x_wconf 87' lang='lat' dir='ltr'><strong>qui</strong></span> <span class='ocrx_word' id='word_1_1033' title='bbox 2850 5768 3061 5838; x_wconf 79' lang='lat' dir='ltr'><strong>pro‘prio</strong></span> <span class='ocrx_word' id='word_1_1034' title='bbox 3110 5780 3198 5820; x_wconf 83' lang='lat' dir='ltr'><strong>ore</strong></span> <span class='ocrx_word' id='word_1_1035' title='bbox 3240 5777 3431 5816; x_wconf 79' lang='lat' dir='ltr'><strong>corvus</strong></span> <span class='ocrx_word' id='word_1_1036' title='bbox 3474 5758 3701 5813; x_wconf 71' lang='lat' dir='ltr'><strong>Domini.</strong></span> 
     </span>
    </p>
   </div>
  </div>
