3802 6210
104 296 226 355 1085

1279 283 1615 340 EPISTULA
1662 282 1752 335 AD
1780 281 2012 337 OMNES
2038 280 2348 336 FIDELES.

3210 273 3367 333 lm‘

96 403 415 468 dilacerandi
438 412 535 459 aut
567 398 916 458 detrahendi:
961 398 1087 466 quia
1118 396 1319 468 quibus
1354 412 1413 452 se
1442 395 1659 451 Domini
1691 398 1735 454 Α
1759 394 2135 464 recipiantur;
2166 393 2293 464 quia
2348 406 2539 446 eorum
2597 386 2879 444 aemulatio
2924 390 3130 445 lacerat
3179 389 3347 444 etiam

98 498 313 573 populus
359 492 636 559 benedici,
666 490 862 547 salvari
912 497 965 543 et
1003 488 1198 543 instrui
1228 486 1398 558 cupit,
1422 486 1656 540 nullate-

98 606 188 645 nus
222 587 380 643 debet
423 598 522 639 eos
557 595 803 651 arguere,
830 593 930 633 nec
966 578 1156 646 vulgus
1186 576 1242 629 in
1271 590 1460 630 eorum
1488 588 1655 629 accu-

96 680 287 736 satione
314 675 551 745 suscipi.
583 673 821 743 Populus
851 670 998 725 enim
1033 669 1101 724 ab
1129 668 1209 723 eis
1233 667 1513 722 docendus
1547 674 1653 732 est,

96 781 142 825 et
170 767 570 836 corripiendus,
597 780 703 819 non
740 762 844 833 ipsi
878 763 946 817 ab
969 776 1057 827 eo,
1091 761 1221 829 quia
1267 777 1285 810 ι
1316 772 1422 813 non
1453 766 1536 813 est
1567 757 1655 813 di-

95 860 319 931 scipulus
360 873 533 928 super
575 858 896 928 magistrum
921 856 992 909 ".
1019 872 1038 908 »
1089 852 1250 908 Nullo
1289 852 1453 907 modo
1490 850 1657 921 igitur

97 952 287 1007 Domini
320 950 615 1021 pontifices
645 957 696 1003 et
727 948 921 1017 reliqui
968 946 1294 1011 sacerdotes,
1321 944 1520 1008 quibus
1550 942 1659 997 Do-

96 1046 215 1100 mini
242 1043 544 1100 eommissa
566 1048 649 1097 est
677 1040 847 1111 plebs,
867 1038 969 1094 rite
987 1038 1248 1109 populum
1279 1044 1506 1107 possunt
1530 1050 1656 1089 cor-

99 1140 273 1209 rigere,
300 1136 347 1191 si
378 1132 722 1203 deeeptionis
775 1147 833 1187 se
883 1130 1241 1201 cognoverint
1270 1129 1467 1197 laqueo
1512 1124 1657 1181 infe-

96 1231 231 1285 stari.
262 1226 418 1283 Unde
454 1227 670 1297 justum
714 1234 800 1279 est
837 1236 1027 1278 omnes
1073 1222 1128 1276 in
1172 1220 1428 1280 universo
1456 1220 1501 1251 ’³
1527 1219 1659 1297 orbe

93 1324 324 1376 doctores
366 1317 544 1388 legis,
588 1331 651 1370 ea
694 1329 817 1385 qua:
847 1312 982 1383 legis
1028 1322 1156 1366 sunt
1208 1324 1418 1381 sapere,
1459 1318 1514 1364 et
1546 1324 1658 1364 non

91 1413 377 1467 sacerdotes
406 1407 630 1463 Domini
654 1406 815 1461 labiis
838 1405 951 1460 suis
977 1412 1073 1458 aut
1092 1401 1425 1473 quibuslibet
1453 1399 1660 1455 machi-

93 1500 383 1556 nationibus
439 1497 742 1553 tnaeulare.
796 1493 935 1547 Dum
989 1491 1134 1546 enim
1168 1491 1317 1561 ipsos
1359 1489 1659 1557 disponunt

1758 487 2097 541 innocentes.
2131 483 2286 540 Hunc
2317 497 2535 538 murum
2571 481 2950 537 firmissimum
2983 480 3007 512 ⁸
3037 488 3350 537 statuerunt

1757 590 1938 647 patres
1982 576 2177 643 nostri,
2206 583 2260 631 et
2302 589 2561 630 noscnm
2606 574 2706 639 eis,
2738 581 2933 629 contra
2965 581 3346 643 persecutores

1756 677 1977 723 nostros
1994 667 2036 733 ⁵,
2063 676 2123 721 ut
2144 668 2247 722 hoc
2276 666 2518 721 remedio
2542 680 2734 720 eorum
2754 664 3034 735 pellantur
3062 661 3348 717 machina-

1756 769 1960 827 menta,
2014 767 2069 813 et
2120 773 2218 813 vos
2266 758 2577 813 securiores
2624 764 2679 811 et
2726 755 3033 810 sanctiores
3087 750 3355 806 famulari

1755 848 2073 905 mereamini
2102 854 2284 903 vestro
2315 845 2605 901 Salvatori.
2643 843 2934 908 Caeterum,
2969 860 2988 893 t
3020 839 3340 895 considerat

1757 939 1957 1009 impius
1985 938 2216 1008 justum,
2253 944 2306 992 et
2335 938 2531 1007 quaerit
2566 944 2627 989 ut
2653 932 2865 988 occidat
2892 946 3042 986 eum.
3076 926 3342 983 Dominus

1756 1046 1865 1086 non
1900 1029 2242 1099 derelinquet
2288 1043 2410 1082 eum
2446 1028 2501 1081 in
2536 1040 2732 1080 manus
2770 1023 2923 1093 ejus,
2958 1030 3015 1075 et
3048 1035 3155 1074 non
3205 1032 3340 1072 eon-

1756 1120 2210 1182 demnabiteum,
2242 1132 2367 1173 cum
2415 1114 2752 1186 judicabitur
2786 1112 2883 1166 illi.
2926 1110 3193 1180 Exspecta
3232 1106 3341 1162 Do-

1757 1212 1967 1268 minum
2004 1220 2057 1266 et
2089 1210 2302 1268 custodi
2328 1208 2469 1264 viam
2504 1206 2655 1276 ejus:
2684 1214 2737 1259 et
2765 1202 3028 1259 exaltabit
3059 1209 3110 1255 te
3133 1209 3193 1254 ut
3216 1214 3343 1268 pos-

1757 1306 1935 1360 sideas
1966 1314 2197 1360 terram:
2226 1317 2351 1357 cum
2394 1298 2694 1354 interibunt
2729 1295 2913 1366 impii,
2951 1292 3178 1348 videbis.
3218 1288 3339 1343 Vidi

1758 1394 1984 1462 impium
2018 1393 2302 1448 robustum
2347 1397 2401 1445 et
2432 1387 2812 1451 fortissimum,
2848 1384 2993 1438 sicut
3028 1380 3339 1451 indigenam

1757 1486 2044 1541 virentem.
2080 1484 2146 1539 Et
2176 1482 2425 1548 transivi,
2450 1488 2506 1536 et
2534 1494 2662 1535 ecce
2696 1492 2805 1531 non
2837 1484 2988 1541 erat;
3021 1483 3075 1528 et
3108 1472 3337 1543 quatsivi

1757 1593 1906 1644 eum,
1940 1585 1995 1631 et
2026 1592 2135 1631 non
2160 1585 2243 1630 est
2278 1574 2552 1628 inventus.
2590 1567 2817 1624 Custodi
2848 1564 3258 1633 simplicitatem
3285 1570 3342 1616 ct

92 1600 173 1645 aut
201 1591 426 1661 cupiunt
452 1588 767 1652 maculare,
811 1584 993 1655 potius
1038 1583 1250 1651 scipsos
1283 1580 1560 1635 maculant
1604 1586 1658 1632 et

92 1684 373 1738 vulnerant.
405 1681 506 1736 Dei
530 1695 661 1747 ergo
696 1688 917 1733 accusat
960 1674 1385 1738 ordinationem,
1420 1672 1512 1741 qui
1541 1686 1654 1737 eos,
1686 1744 1709 1747 _
1758 1673 1881 1728 vide
1907 1684 2140 1738 rectum,
2176 1671 2307 1741 quia
2335 1670 2439 1725 erit
2468 1670 2526 1721 in
2557 1674 2862 1722 extremum
2888 1664 3009 1716 viro
3048 1676 3175 1730 pax.
3198 1658 3343 1712 Prae-

92 1776 171 1844 qui
208 1775 273 1829 ab
312 1790 379 1830 eo
429 1773 867 1833 constituuntur,
914 1767 1227 1822 sacerdotes
1275 1774 1517 1830 accusat,
1567 1764 1648 1819 vel
1682 1744 1725 1804 Β
1754 1766 2085 1820 varicatores
2120 1772 2299 1817 autem
2338 1760 2641 1815 interibunt
2688 1758 2922 1828 pariter,
2957 1763 3012 1809 et
3046 1754 3066 1785 ⁸
3099 1750 3341 1807 novissi-

93 1866 317 1921 damnari
343 1867 389 1898 “
418 1865 596 1935 cupit.
630 1865 675 1917 A
708 1863 908 1933 quibus
942 1876 998 1914 se
1025 1875 1217 1913 omnes
1244 1858 1427 1912 ﬁdeles
1459 1871 1651 1912 cavere
1752 1873 1901 1912 mum
1958 1856 2249 1926 impiorum
2310 1852 2526 1924 peribit.
2564 1850 2725 1905 Salus
2768 1857 2951 1903 autem
2996 1846 3268 1915 justorum
3305 1860 3337 1898 a

93 1959 283 2023 debent,
319 1959 448 2028 quia
482 1933 597 2011 non
633 1955 807 2010 solum
841 1954 933 2023 qui
973 1952 1201 2015 faciunt,
1233 1949 1328 2005 sed
1360 1950 1522 2004 etiam
1553 1947 1647 2018 qui
1751 1948 2004 2014 Domino,
2033 1947 2300 2002 fortitudo
2333 1960 2525 2000 eorum
2560 1952 2803 2010 tempore
2834 1935 3229 1993 tribulationis.
3264 1933 3336 1987 Et

94 2049 416 2104 consentiunt
452 2046 806 2110 facientibus,
833 2044 910 2097 rei
938 2051 1084 2096 sunt.
1111 2040 1360 2096 Christus
1384 2040 1527 2094 enim
1554 2037 1647 2094 Dei
1749 2041 2107 2096 auxiliabitur
2141 2041 2221 2095 eis
2246 2038 2511 2093 Dominus
2542 2046 2597 2090 et
2626 2033 2880 2088 liberabit
2912 2046 3008 2086 eos
3035 2032 3102 2085 ab
3129 2028 3333 2098 impiis,

94 2139 260 2205 Filius,
300 2139 574 2195 Dominus
607 2147 792 2192 noster
820 2136 892 2203 ",
925 2135 1165 2190 humano
1196 2133 1379 2202 generi
1418 2132 1647 2187 salutem
1748 2142 1801 2187 et
1827 2133 2020 2202 eripiet
2048 2147 2143 2186 eos
2179 2124 2247 2185 ab
2278 2129 2479 2198 impiis,
2512 2133 2567 2181 et
2595 2125 2830 2180 salvabit
2863 2124 3114 2192 eos,quia
3142 2136 3334 2190 spera-

94 2232 385 2287 condouans
420 2232 664 2302 plenam,
703 2232 771 2285 de
805 2229 963 2283 nobis
990 2226 1094 2282 ait:
1148 2225 1290 2292 (Qui
1328 2239 1429 2280 vos
1457 2224 1650 2294 recipit
1746 2216 1945 2277 verunt
1968 2223 2023 2277 in
2047 2222 2171 2277 eo".
2207 2239 2224 2273 ι
2257 2219 2323 2274 Et
2355 2219 2518 2274 alibi:
2557 2237 2576 2268 ι
2602 2215 2743 2282 Quid
2770 2214 3020 2284 gloriaris
3044 2214 3096 2266 in
3123 2211 3331 2265 malitia

95 2338 168 2377 me
207 2301 432 2392 recipiti
450 2332 507 2377 et
551 2320 646 2391 qui
688 2335 783 2375 vos
815 2317 1045 2387 spernit,
1076 2330 1165 2370 me
1196 2312 1404 2384 spernit
1431 2312 1498 2365 “.
1530 2331 1549 2364 ›
1590 2311 1647 2365 Si
1747 2313 1979 2384 potens?
2012 2310 2387 2367 Misericordia
2422 2309 2517 2363 Dei
2541 2315 2655 2361 tota
2683 2314 2767 2360 est
2790 2304 2897 2359 die.
2928 2301 3158 2356 Insidias
3181 2301 3333 2371 cogi—

94 2430 203 2482 ergo
243 2414 508 2469 Dominus
543 2413 598 2466 in
645 2412 725 2466 eis
776 2409 1036 2479 recipitur
1067 2416 1120 2462 et
1150 2405 1420 2475 rejicitur,
1458 2402 1647 2471 procul
1748 2406 1884 2461 tavit
1916 2406 2097 2475 lingua
2143 2414 2259 2468 tua,
2299 2400 2459 2472 quasi
2493 2398 2760 2454 novacula
2795 2406 2886 2451 tua
2922 2402 3081 2449 acuta
3125 2391 3332 2447 faciens

96 2504 236 2559 dubio
257 2505 425 2575 ipsius
450 2511 605 2568 sunt,
632 2502 725 2573 qui
760 2501 813 2555 in
839 2501 920 2555 eis
943 2498 1189 2569 rejicitur
1221 2496 1305 2550 vel
1325 2495 1588 2564 suscipitu

1832 2501 1957 2555 lum.
1984 2497 2229 2552 Dilexisti
2255 2495 2517 2549 malitiam
2538 2490 2711 2561 magis
2734 2503 2898 2558 quam
2924 2486 3154 2550 bonum,
3180 2497 3333 2536 men-

101 2593 192 2649 tEt
216 2607 268 2650 tu
284 2596 406 2666 quis
425 2611 510 2659 es,
531 2593 853 2664 quijudicas
877 2607 1095 2647 servum
1118 2589 1355 2644 alienum
1373 2588 1453 2641 ’7?
1476 2606 1495 2640 ›
1516 2586 1602 2641 Pri

1829 2591 1966 2648 cium
1990 2590 2164 2661 magis
2190 2602 2355 2658 quam
2385 2584 2534 2654 loqui
2565 2582 2855 2652 justitiam.
2877 2575 3119 2632 Dilexisti
3148 2573 3330 2628 omnia

99 2687 172 2741 eul
192 2665 347 2743 dubio
382 2697 762 2757 transgressor
810 2701 870 2740 es
901 2684 1037 2755 legis
1066 2682 1159 2736 Dei
1188 2691 1241 2736 et
1272 2680 1648 2751 apostolorum
1748 2688 1912 2741 verba
1949 2685 2015 2739 ad
2049 2681 2445 2745 devorandum,
2482 2677 2666 2746 lingua
2699 2672 2905 2729 dolosa.
2933 2669 3039 2725 Sed
3068 2667 3212 2722 Deus
3241 2665 3335 2719 de-

98 2788 236 2849 alque
254 2779 679 2850 prophetarum:
710 2786 762 2832 et
786 2791 894 2831 non
919 2776 1095 2831 solum
1121 2774 1337 2840 harum,
1364 2772 1455 2828 sed
1485 2772 1647 2827 etiam
1748 2785 1923 2832 struet
1969 2783 2022 2830 te
2052 2775 2105 2828 in
2142 2772 2557 2842 sempiternum,
2589 2765 2813 2822 terrebit
2846 2773 2897 2819 te
2918 2803 2933 2827 ,
2969 2770 3022 2816 et
3055 2759 3248 2815 evellet
3280 2766 3351 2810 te

98 2867 250 2939 ιθειιιιι
283 2869 675 2924 humanarum-
710 2866 913 2922 omnes
960 2867 1105 2921 enim
1139 2866 1284 2935 leges
1312 2875 1420 2919 tam
1453 2862 1650 2918 ὁὶνὶοω
1747 2869 1816 2924 de
1843 2856 2192 2923 tabernaculo
2220 2874 2334 2930 tuo,
2362 2873 2417 2919 et
2442 2860 2746 2919 eradicabit
2779 2866 2830 2910 te
2863 2855 2929 2909 de
2958 2863 3100 2926 terra
3142 2850 3332 2905 viven-

98 2936 236 3029 quam
266 2970 318 3015 et
349 2962 646 3026 humanas,
682 2959 921 3013 alienum
969 2972 1186 3012 servum
1232 2955 1481 3027 judicare
1518 2968 1649 3024 proe-
1751 2956 1913 3011 tium.
1944 2954 2218 3010 Videbunt
2240 2952 2373 3023 justi
2407 2962 2461 3006 et
2494 2950 2783 3011 timebunt,
2812 2953 2868 3000 et
2893 2956 3057 3011 super
3095 2954 3218 2993 eum
3251 2936 3330 2989 ri-

100 3050 276 3107 bibent.
308 3053 448 3120 Quid
476 3063 643 3124 putas
687 3052 792 3106 erit
838 3052 905 3106 de
938 3057 1014 3114 te,
1051 3065 1177 3105 cum
1212 3057 1646 3118 transgressores
1673 3092 1714 3124 ρ
1747 3050 1969 3105 debunt.
2007 3047 2145 3102 Ecce
2172 3047 2256 3100 vir
2281 3046 2375 3114 qui
2404 3058 2513 3098 non
2547 3041 2732 3112 posuit
2768 3034 3138 3091 fortitudinem
3173 3043 3328 3101 suam

98 3146 563 3200 eteoneulcatores
608 3142 744 3212 legis
778 3141 872 3197 Dei
916 3139 1355 3196 damnabantur?
1393 3136 1647 3192 Profecto
1673 3124 1715 3150 υ
1751 3143 1806 3197 in
1859 3141 2054 3202 Deum,
2107 3138 2200 3193 sed
2261 3135 2503 3206 speravit
2529 3135 2585 3188 in
2630 3128 2979 3187 multitudine
3016 3124 3328 3179 divitiarum

99 3245 209 3292 cttu
236 3236 604 3302 damnaberis,
641 3234 770 3305 quia
797 3233 1151 3305 postposuisti
1178 3232 1495 3286 mandatum
1531 3230 1648 3298 Dei,
1749 3249 1996 3295 suarum,
2032 3230 2371 3286 confortatus
2397 3240 2481 3284 est
2513 3228 2567 3282 in
2601 3225 2813 3281 insidiis
2840 3221 2973 3277 suis.
3002 3218 3114 3288 Ego
3148 3224 3328 3271 autem

99 3337 140 3381 et
168 3340 297 3384 tuam
333 3328 647 3400 adimplesti
696 3330 1048 3385 voluntatem.
1081 3326 1347 3394 Quoniam
1385 3326 1526 3379 sicut
1569 3324 1651 3378 di~
1750 3329 1894 3383 sicut
1928 3327 2076 3383 oliva
2110 3326 2294 3379 virens
2329 3324 2384 3377 in
2416 3322 2581 3377 domo
2612 3319 2741 3384 Dei,
2775 3312 2987 3385 speravi
3022 3312 3076 3366 in
3108 3306 3329 3364 miseri-

101 3416 171 3485 Εηί
208 3428 325 3474 sum
370 3421 480 3475 Vim
503 3462 521 3487 ,
545 3421 639 3490 qui
671 3420 987 3474 mandatum
1031 3416 1123 3472 Dei
1167 3416 1461 3486 εᾶίηιριθηι
1486 3425 1648 3485 atque
1748 3422 1931 3477 cordia
1960 3420 2055 3474 Dei
2092 3421 2145 3474 in
2174 3418 2434 3474 saeculum
2469 3423 2523 3470 et
2556 3413 2610 3467 in
2646 3420 2909 3466 aeternum
2931 3407 2972 3460 ⁸.
3020 3400 3329 3458 Confitebor

101 3511 396 3577 custodiunt,
441 3510 521 3564 ita
566 3509 649 3563 rei
682 3517 740 3563 et
779 3506 1026 3577 perdigni
1070 3514 1199 3559 sunt
1232 3511 1424 3569 morte,
1457 3502 1551 3571 qui
1583 3516 1602 3555 ε

1832 3516 1845 3567 i
1878 3513 1931 3566 in
1964 3511 2245 3575 saeculum,
2274 3508 2536 3578 quoniam
2571 3502 2749 3558 fecisti
2784 3510 2838 3555 et
2866 3494 3193 3566 exspectabo
3224 3506 3327 3544 no-

100 3610 416 3668 postponunt,
445 3609 503 3656 et
532 3601 593 3656 in
625 3615 827 3653 vanum
856 3598 1086 3653 ducunt.
1127 3595 1221 3651 Est
1247 3595 1391 3649 enim
1428 3595 1483 3648 in
1510 3609 1601 3664 apc

1824 3620 1871 3657 an
1910 3613 2092 3666 tuum,
2130 3600 2392 3671 quoniam
2441 3598 2644 3651 bonum
2682 3595 2737 3647 in
2772 3598 3065 3659 conspectu
3104 3593 3325 3639 sancto-

102 3691 274 3747 stolieis
297 3694 560 3763 scripturn
589 3691 853 3746 institutis
882 3708 896 3746 :
928 3691 972 3722 ’⁸
1001 3708 1020 3741 ι
1043 3690 1282 3744 Alterius
1306 3688 1465 3743 vitam
1486 3704 1644 3743 nemo
1746 3708 1869 3747 rum
1903 3694 1923 3723 ⁹
1956 3700 2176 3745 tuorum
2214 3691 2276 3742 ⁸ο.
2316 3687 2391 3741 De
2421 3687 2620 3741 talibus
2647 3684 2791 3739 enim
2822 3675 3233 3734 insidiatoribus
3273 3679 3330 3726 et

102 3774 294 3846 laceret.
329 3789 383 3835 ει
421 3782 490 3837 de
542 3782 692 3835 malo
747 3780 923 3835 alieno
954 3794 1017 3835 οε
1060 3795 1216 3835 suum
1251 3795 1360 3833 non
1395 3778 1645 3847 coinqui-
1746 3782 2162 3840 accusatoribus
2195 3794 2478 3836 servorum
2510 3790 2736 3833 suorum
2779 3771 3023 3840 loquitur
3060 3765 3329 3820 Dominus

103 3878 219 3923 net.»
265 3874 629 3930 Accusatores
653 3888 786 3928 vero
814 3884 868 3927 et
898 3873 1294 3936 accusationes,
1327 3886 1466 3940 quas
1495 3871 1641 3941 leges
1744 3892 1840 3947 per
1863 3877 2187 3944 Prophetam
2222 3874 2443 3929 dicens:
2486 3888 2504 3922 ι
2534 3869 2608 3924 Os
2643 3877 2800 3923 tuum
2827 3861 3086 3919 dimisisti
3118 3858 3184 3913 ad
3212 3871 3330 3910 rna-

102 3963 257 4019 είξωιί
293 3982 397 4021 non
421 3967 749 4032 admittunt,
783 3973 838 4020 et
873 3980 974 4019 nos
1004 3965 1417 4020 submovemus.
1743 3969 1937 4033 titiam,
1964 3977 2018 4022 et
2042 3966 2228 4036 lingua
2254 3976 2347 4020 tua
2377 3962 2729 4020 concinnavit
2756 3958 2966 4014 dolum.
3005 3951 3211 4009 Sedens
3232 3948 3330 4004 ad-

812 4054 902 4110 ”.
1741 4074 1933 4113 versus
1969 4057 2194 4115 fratrem
2220 4068 2374 4112 tuum
2400 4054 2735 4126 loquebaris,
2766 4059 2820 4105 et
2846 4050 2898 4103 in
2932 4049 3102 4102 lilium
3140 4044 3332 4107 matris

354 4149 427 4206 De
449 4147 849 4205 accusatoribus
885 4162 990 4201 non
1026 4147 1358 4214 recipiendis.
1740 4157 1849 4203 tua;
1886 4148 2245 4204 fabricabaris
2274 4148 2649 4219 opprobrium.
2688 4143 2813 4198 Haec
2842 4142 3040 4205 fecisti,
3077 4147 3131 4194 et
3159 4136 3333 4205 tacui,

157 4237 195 4270 "
222 4238 285 4293 Et
323 4242 631 4298 accusatori
674 4240 898 4294 omnino
934 4254 1043 4293 non
1074 4239 1220 4294 credi
1269 4238 1635 4303 decernimus,
1741 4240 2083 4297 Existimasti
2122 4242 2359 4297 similem
2413 4243 2489 4296 tui
2531 4256 2618 4295 me
2651 4237 2936 4293 futurum?
2983 4246 3205 4303 arguam
3252 4240 3333 4296 te,

102 4328 1017 4399 qui,absenteadversario,causam
1036 4332 1638 4402 suggeritanteutrius-
1738 4343 1794 4389 ct
1842 4350 2148 4404 proponam
2192 4344 2242 4390 te
2278 4346 2402 4388 ante
2448 4333 2640 4389 oculos
2674 4339 2819 4384 tuos.
2870 4325 3154 4395 Intelligitc
3186 4322 3332 4387 haec,

103 4430 188 4484 que
227 4423 384 4493 partis
425 4425 636 4494 justam
679 4422 1099 4477 diseussionem.
1144 4420 1255 4477 Nec
1292 4422 1371 4488 bi,
1405 4425 1499 4491 qui
1530 4436 1637 4475 non
1671 4430 1715 4486 1)
1744 4426 1838 4495 qui
1870 4426 2257 4482 obliviscimini
2287 4426 2494 4490 Deum,
2531 4440 2599 4480 ne
2625 4422 2766 4477 forte
2801 4419 2997 4495 rapiat,
3027 4428 3081 4470 et
3114 4430 3220 4468 non
3257 4412 3333 4473 sit

103 4519 208 4565 sunt
229 4513 418 4583 idonei,
442 4514 819 4584 suscipiantur
839 4516 908 4569 ad
939 4514 1436 4581 accusationem,et
1456 4528 1645 4588 omnes
1746 4517 1838 4586 qui
1874 4517 2066 4573 liberet
2092 4519 2158 4570 η.
2182 4538 2201 4570 ι
2232 4518 2578 4588 Languentes
2611 4522 2791 4568 autem
2829 4490 3016 4564 iuoisto
3040 4504 3337 4562 conamine

103 4600 177 4668 qui
204 4605 451 4663 adversus
481 4617 669 4677 patres
701 4616 1008 4670 armantur,
1039 4604 1270 4663 infames
1304 4621 1427 4661 esse
1458 4580 1653 4660 cense:
1742 4580 1973 4664 riotandi
2026 4618 2173 4675 sunt,
2222 4620 2279 4666 et
2311 4580 2379 4663 av
2398 4609 2596 4663 talibus
2630 4602 2944 4675 repellendi.
2990 4599 3151 4653 Tales
3182 4596 3334 4650 enim.

103 4702 219 4747 mus.
245 4692 421 4752 Patres
463 4698 616 4753 enim
649 4712 840 4751 omnes
890 4695 1181 4751 venerandi
1218 4704 1367 4761 sunt,
1399 4709 1507 4749 non
1554 4710 1645 4749 re-
1746 4700 1997 4754 membra
2028 4712 2159 4756 sunt
2190 4701 2416 4765 diaboli,
2444 4699 2536 4770 qui
2565 4700 2607 4730 "
2632 4710 2853 4753 sursum
2879 4702 3044 4762 atque
3067 4689 3331 4749 deorsum

103 4786 296 4885 “infandi
339 4797 433 4843 am
473 4790 490 4821 ¹
523 4788 821 4843 ίηδίίίίθησί
853 4788 893 4842 ὀ
935 4788 956 4818 ³
984 4785 1051 4841 Hi
1096 4800 1225 4840 "em
1259 4786 1353 4856 (ιυί
1387 4800 1511 4841 cum
1540 4785 1647 4839 ini-
1746 4792 2056 4861 pervolans,
2081 4795 2281 4863 quaerit
2303 4808 2447 4863 quos
2480 4790 2653 4862 possit
2682 4787 2954 4849 occidere,
2981 4797 3121 4853 quos
3152 4779 3330 4850 possit

104 4876 234 4931 micis
260 4892 560 4951 morantur,
589 4892 686 4937 aut
715 4881 807 4952 qui
834 4880 1071 4950 suspecti
1099 4879 1388 4942 habentur,
1414 4879 1643 4936 minime
1746 4898 2023 4954 separare,
2062 4902 2202 4955 quos
2236 4887 2413 4957 possit
2433 4886 2721 4940 devorare.
2751 4879 2980 4948 Propter
3012 4888 3178 4946 quam
3209 4885 3331 4935 rem

103 5086 139 5116 ,δ
157 5017 339 5116 rimo.
362 5023 557 5116 νιὲῆιο.
631 5022 677 5054 ⁸³
706 5021 969 5116 Damaslps
995 5021 1157 5075 citata
1178 5035 1264 5089 ep.
1290 5019 1359 5073 ad
1387 5017 1844 5085 Illyricosinserit
1875 5025 2028 5079 verb.
2048 5023 2445 5080 Romanorum.
2473 5024 2526 5088 6,
2552 5030 2746 5095 quaest.
2781 5020 2803 5074 l
2829 5040 2841 5074 :
2874 5018 3183 5073 Sacerdotes
3211 5014 3328 5083 qui,

181 5106 217 5116 ....
302 5108 355 5116 ...
541 5102 589 5116 ,ιι
653 5108 711 5116 ,.-.
771 5108 830 5116 ,ιη
935 5093 1033 5116 ...1-
1096 5092 1194 5116 ,.,ιη
1253 5106 1279 5116 ,ι
1327 5088 1348 5116 ι
1446 5091 1492 5116 Il
1526 5090 1659 5116 Dn...
1728 5108 1741 5116 .
1797 5094 1825 5116 ε
1925 5097 1971 5116 οι
2007 5095 2166 5116 ιι-..ι-
2236 5113 2261 5116 _-
2318 5096 2351 5116 n
2375 5113 2385 5116 _
2422 5096 2439 5116 ι
2468 5112 2530 5116 ---
2585 5112 2611 5116 --
2672 5092 2733 5116 nr.-
2861 5092 2904 5116 97
2938 5089 3072 5116 Dn...
3124 5100 3211 5116 νιιγ
3274 5084 3294 5116 ι

106 5086 270 5184 21.559.-
302 5084 728 5184 ιέιεὲξθιειηεῖξ,
768 5108 834 5184 εἱς)
871 5090 1053 5184 ἑίδάξέ
1078 5084 1227 5184 ,εοιιὶ
1251 5106 1301 5184 εις
1327 5088 1379 5141 ¹·
1402 5159 1422 5184 .
1446 5091 1492 5123 "
1526 5090 1607 5184 "9

1925 5095 2194 5184 “:Mattl}.
2234 5113 2287 5159 x,
2318 5096 2387 5184 2;
2420 5084 2638 5184 Duc.:x,
2669 5092 2754 5145 16.
2861 5092 2917 5184 ³⁷1
2938 5084 3324 5184 Ιξςξιηᾶκρῖνέι

171 5154 731 5245 ιεὶἀηδξέηοηξιῃιοτιιηξ
781 5178 841 5245 tt,
865 5163 921 5243 .9.
1000 5164 1045 5195 ⁸⁵
1077 5163 1131 5227 5,
1181 5177 1235 5245 q.
1258 5154 1762 5245 §zuflcflusa_tores,'
1813 5174 1919 5245 etc.
1957 5166 2107 5245 Elin
2141 5154 2292 5245 decr.
2318 5154 2767 5245 Stephani‘papze‘
2798 5159 3043 5241 acJulii,
3072 5157 3124 5245 ἦ,
3255 5154 3328 5245 95

107 5222 377 5309 24⁸⁸⁸9⁸⁸9Ῐῖ
402 5222 646 5309 (ψιξῖἱηο-Δ
718 5234 734 5263 ί
774 5222 1021 5309 ᾼῂἰξψυε
1051 5222 1228 5309 ορήεί.
1258 5231 1547 5309 9,_tit._39,
1588 5232 1682 5284 lib.
1714 5222 1789 5297 x't,
1822 5237 1942 5290 cod.
1986 5236 2195 5290 Theod.
2273 5239 2293 5267 ²
2327 5222 2631 5297 ξηείιδίιηάὶξ
2690 5222 2728 5262 ’³
2758 5235 2829 5284 ita
2864 5233 2916 5283 in
2956 5222 3228 5309 lllS..JUSL
3260 5235 3316 5279 et

107 5296 505 5394 i‘lllcdit.:Merlilti
528 5323 542 5371 ;
570 5304 775 5394 eri'mLus
795 5302 1300 5394 (‘Irabbus‘altera‘m
1328 5302 1608 5394 lec’tilpnelrn

1829 5307 2153 5394 ir‘cctlignem
2178 5308 2482 5394 substi't'uit.
2560 5307 2581 5337 δ
2607 5303 2980 5375 fortissimum.
3062 5296 3082 5328 ⁸
3107 5305 3324 5394 υεξῑτοδ.

149 5365 305 5452 ζιιὶᾳυὶ
358 5365 539 5453 autent
571 5365 920 5453 ἰιρειεεὺιιηιιιιςΔ
942 5373 1162 5453 pariter.
1210 5380 1279 5425 ει.
1366 5372 1410 5453 _"
1441 5370 1584 5425 Psal.
1618 5389 1802 5441 xxxvr,
1832 5378 1921 5441 5:2,
1958 5378 2048 5439 49,
2078 5393 2143 5431 ex
2176 5394 2320 5433 vers.
2353 5377 2500 5431 Hier.
2606 5365 2628 5406 δ
2662 5375 3055 5440 sempiternum.
3160 5366 3325 5453 ’"ms,

108 5438 812 5533 Eiéfffﬁ‘ffq'll‘mn‘gﬂmfﬂ”ﬁ
874 5434 1094 5533 in];
1129 5434 1205 5506 ιέιι
1243 5457 1338 5512 Per
1362 5449 1540 5496 tOlum
1592 5459 1680 5499 ex.
1724 5434 1864 5503 vers.
1904 5434 2051 5503 llier.
2164 5451 2203 5481 “
2248 5448 2393 5503 Psal.
2426 5462 2569 5513 χιιι,
2616 5434 2809 5509 lii—22',
2855 5457 2923 5497 ex
2977 5454 3121 5493 vers.
3170 5434 3323 5491 llier.

157 5504 443 5580 Flavianus,
474 5513 647 5579 Epist.
671 5512 740 5565 ad
772 5511 829 5567 S.
864 5510 1109 5565 Leonem.

1737 5639 1900 5686 tanta:
1928 5631 2205 5702 dignitatis
2236 5639 2370 5699 smt,
2407 5639 2467 5685 ut
2495 5642 2704 5702 corpus
2731 5625 2947 5702 Domini
2978 5618 3201 5702 proprie
3228 5635 3334 5694 era

106 5614 225 5677 Nihil
247 5625 331 5683 hic
356 5630 629 5684 concludit
662 5637 721 5681 ut
758 5626 1161 5680 calumniantur
1200 5625 1630 5696 Magdeburgen-

1741 5695 2064 5759 consecre'nt
2100 5714 2154 5761 et
2185 5695 2531 5765 confirment.
2567 5695 2698 5763 Sev.
2738 5695 2859 5769 Bm.

109 5702 197 5756 ses.
224 5698 306 5751 sed
335 5702 593 5753 rationem
625 5698 802 5753 reddit
832 5714 930 5751 cur
968 5697 1281 5751 sacerdotes
1308 5706 1362 5749 et
1392 5699 1629 5765 episropi

111 5750 198 5824 ιιοῐί
240 5750 345 5835 Iittt
366 5750 638 5835 @535
660 5750 853 5842 ilaicis
888 5750 1215 5837 accusandi;
1246 5750 1477 5839 scilicet,
1511 5750 1638 5847 «ια’ἶᾶ
