3802 6210
457 275 610 335 ξοδ-ι·

1827 287 2080 343 IIYGINII
2120 287 2317 343 ΡΑΡίΕ

3567 287 3692 345 1088

457 392 783 476 vigilandum
826 418 942 476 est,
994 416 1049 462 et
1089 407 1258 463 armis
1305 406 1617 464 coelestibus
1650 421 1843 460 sumus
1895 422 2018 460 mu—
2048 414 2093 469 Α
2123 408 2289 471 mine,
2316 406 2478 461 dilexi
2514 406 2889 462 habitaculum
2923 405 3121 463 domus
3159 414 3291 473 tuae,
3318 416 3377 463 et
3409 407 3594 464 locum
3620 420 3694 466 ta-

453 498 671 564 nicndi,
715 515 785 553 ne
830 498 886 555 in
935 498 1055 569 ejus
1088 498 1376 569 compedes
1420 497 1747 561 incidamus,
1782 507 1875 551 aut
1903 498 2023 567 ejus

450 587 626 646 foveis
656 589 1012 659 illaqueemur
1045 591 1109 645 ".
1134 588 1297 647 Decet
1327 590 1473 646 enim
1509 588 1563 643 in
1608 589 1807 644 talibus
1839 590 2023 645 causis

451 686 559 740 hoc
592 684 829 739 maxime
872 685 1181 755 provideri,
1218 695 1278 741 ut
1320 686 1437 741 sine
1468 684 1697 772 strepitu
1731 697 1985 741 concerta
2006 715 2019 727 ι

449 773 683 841 tionum,
711 783 765 830 et
796 774 1037 837 charitas
1069 774 1429 840 custodiatur,
1452 783 1506 828 et
1538 774 1733 829 veritas
1765 773 2021 829 defenda-

450 855 560 932 tur,
593 874 755 936 atque
788 867 1127 930 innocentes,
1157 880 1210 921 et
1242 866 1455 921 Domini
1484 866 1731 921 ministri
1761 866 1914 921 illaesi
1950 867 2018 921 li-

449 955 730 1011 berentur.
752 957 824 1013 Dc
852 958 1010 1014 bonis
1026 974 1155 1029 ergo
1178 967 1230 1013 et
1248 958 1413 1027 legem
1434 956 1647 1011 Domini
1664 958 2022 1012 custodienti-

450 1046 575 1112 bus,
596 1048 963 1119 fratribusque
983 1048 1027 1079 “
1043 1048 1446 1118 adjuvantibus,
1466 1056 1519 1101 et
1540 1063 1647 1101 non
1672 1048 2018 1115 nocentibus,

450 1138 543 1192 aed
574 1140 1043 1209 supportantibus,
1073 1141 1148 1194 ait
1179 1154 1276 1210 per
1298 1138 1621 1209 Prophetam
1646 1139 1910 1195 Dominus
1937 1140 1979 1171 ¹⁸
2006 1159 2019 1194 :

451 1246 475 1279 ι
508 1228 623 1285 Non
665 1232 779 1286 sedi
815 1248 939 1286 cum
984 1234 1117 1289 viris
1151 1234 1438 1300 vanitatis,
1473 1250 1598 1290 cum
1633 1236 1881 1305 superbis
1914 1251 2021 1289 non

449 1320 743 1391 ingrediar.
780 1321 935 1379 0divi
969 1326 1253 1381 ecclesiam
1293 1330 1674 1398 pessimorum,
1699 1336 1753 1382 et
1780 1343 1904 1383 cum
1928 1328 2026 1381 im-

448 1412 555 1482 piis
587 1430 690 1468 non
727 1416 945 1472 sedebo.
976 1416 1190 1473 Lavabo
1218 1420 1271 1473 in
1306 1420 1612 1474 innocentia
1634 1434 1829 1473 manus
1851 1434 2022 1482 meas,

448 1513 503 1557 et
522 1504 762 1561 circuibo
784 1508 955 1563 altare
977 1517 1151 1565 tuum.
1186 1511 1433 1576 Domine,
1470 1520 1529 1566 ut
1560 1512 1707 1566 clara
1729 1525 1863 1565 voce
1886 1525 2025 1580 pra:-

448 1593 624 1650 dicem
656 1596 892 1666 laudem,
919 1608 974 1653 et
1002 1615 1217 1655 narrem
1253 1602 1434 1657 omnia
1465 1600 1733 1656 mirabilia
1768 1608 1882 1655 tua.
1906 1599 2021 1655 Do-

439 1730 491 1831 ‘n
522 1750 567 1783 “
590 1751 647 1807 S.
671 1753 781 1810 Leo
804 1771 889 1825 ep.
925 1757 1003 1831 8._
1059 1758 1194 1813 “Ita
1240 1775 1343 1831 ms.
1387 1775 1488 1831 pro
1517 1761 1826 1829 fratresque.
1905 1761 1949 1791 "
1977 1758 2121 1813 Psal.‘
2147 1776 2276 1822 xxv,
2305 1762 2360 1827 4,
2398 1776 2570 1831 usque
2599 1760 2667 1816 ad
2699 1760 2906 1831 ﬁnem,
2930 1758 3080 1831 Hier.
3114 1758 3410 1831 interpret.

449 1816 720 1898 Damasus
752 1816 914 1897 supra
952 1826 1177 1898 citatus,
1207 1816 1532 1898 quibusdam
1578 1816 1870 1886 identidem
1901 1831 2146 1885 mutatis.
2223 1816 2275 1863 η’
2300 1816 2359 1885 in
2383 1816 2497 1887 ms:
2520 1832 2750 1888 Antonio
2772 1842 2821 1885 et
2841 1816 3189 1894 ll'artio;sed

448 1886 507 1944 hi
540 1886 837 1951 coasules.’
881 1898 923 1929 ⁸⁸
948 1896 1106 1954 Falsa
1131 1886 1482 1971 subscriptio.

2123 501 2397 556 bernaculi
2434 500 2621 571 gloria:
2644 509 2769 555 tuae.
2807 497 2885 553 Ne
2915 500 3131 555 auferas
3163 516 3291 556 cum
3321 501 3691 571 peccatoribus

2124 594 2361 647 animam
2419 608 2595 647 meam
2623 631 2638 657 ,
2682 599 2738 645 et
2797 606 2921 646 cum
2968 591 3100 645 viris
3146 594 3493 663 sanguinum
3540 594 3689 651 vitam

2122 701 2320 741 meam.
2364 682 2421 738 In
2465 699 2702 754 quorum
2748 683 3001 739 manibus
3043 685 3225 740 scelus
3270 696 3381 752 est,
3417 695 3473 740 et
3519 686 3688 743 dextra

2120 790 2310 831 eorum
2359 776 2561 845 repleta
2594 784 2677 829 est
2712 775 3052 830 muneribus.
3094 774 3211 846 Ego
3248 787 3441 831 autem
3476 777 3530 831 in
3570 778 3688 832 sim-

2120 866 2359 936 plicitate
2400 879 2521 918 mea
2550 863 2787 934 gradiar,
2828 864 3035 919 redime
3069 880 3155 919 me
3192 873 3249 918 et
3279 864 3548 919 miserere
3577 866 3687 921 mei.

2120 957 2222 1013 Pes
2247 971 2402 1012 meus
2430 956 2581 1011 stetit
2603 956 2657 1011 in
2684 964 2853 1023 recto,
2878 956 2935 1011 in
2962 954 3211 1011 ecclesiis
3244 956 3573 1010 benedicam
3597 955 3690 1019 Do-

2122 1049 2331 1103 minum
2363 1048 2427 1103 “.
2467 1064 2489 1101 ι
2521 1046 2867 1103 Concordem
2906 1046 3076 1117 igitur
3126 1061 3255 1102 cum
3312 1046 3578 1101 omnibus
3607 1046 3684 1103 Dei

2124 1140 2503 1198 sacerdotibus
2532 1143 2616 1197 ha:
2639 1142 2927 1198 cbaritatis
2958 1142 3265 1208 sententia,
3290 1142 3349 1197 in
3382 1142 3585 1212 quibus
3605 1158 3686 1197 vos

2123 1234 2264 1288 lixos
2289 1243 2343 1289 et
2372 1233 2560 1290 ﬁrmus
2582 1234 2843 1291 exsistere
2863 1235 3201 1305 judicamus.
3236 1233 3389 1289 Deus
3427 1250 3530 1290 vos
3558 1234 3691 1289 inco-

2122 1326 2296 1381 lumes
2327 1327 2618 1393 custodiat,
2652 1327 2747 1383 lilii
2780 1327 3111 1383 charissimi.

2194 1416 2327 1471 Data
2360 1417 2770 1487 decimoquinto
2809 1418 3080 1474 Kalendas
3108 1416 3315 1482 Martii,
3347 1416 3623 1474 Antonino
3646 1428 3690 1473 et

2124 1508 2307 1565 Marco
2332 1510 2372 1541 "
2397 1510 2531 1567 viris
2562 1511 2884 1568 clarissimis
2916 1508 3243 1567 consulibus
3280 1509 3349 1563 ⁸³.

3496 1757 3538 1788 ⁸⁸
3560 1755 3689 1811 idem

3300 1836 3438 1883 sunt
3478 1841 3511 1882 a
3551 1824 3687 1882 fastis

444 2031 3663 2079 Mm

1327 2202 2259 2363 HYGINIUS
2340 2199 2838 2361 PAPA

1818 2530 2326 2676 NOTITIA

444 2771 521 2824 ,ει
546 2771 691 2823 Libro
713 2771 1191 2835 pontiﬁcaliDamasi
1212 2791 1371 2843 papae,
1408 2790 1486 2843 ap.
1515 2778 1688 2843 Missi,
1729 2776 1933 2843 Concil.,
1974 2778 2015 2843 l_,
2038 2776 2145 2825 665.
2166 2802 2229 2812 —
2250 2773 2775 2843 Ygriaslectiones‘e‘t.
2791 2774 2932 2843 notas
2960 2768 3020 2818 ad
3052 2767 3186 2817 hunc
3214 2767 3385 2817 lOCum
3410 2764 3547 2817 Libri
3579 2777 3681 2830 pon-

1301 2832 1489 2889 tiﬁcalis
1515 2841 1623 2889 vide
1646 2832 1942 2905 Patrologia:
1984 2832 2165 2889 Latina:
2188 2844 2223 2886 t.
2247 2835 2478 2895 CXXVII,
2508 2835 2607 2883 col.
2654 2832 2818 2894 1185.)

512 3000 775 3073 Hyginius
802 3005 1021 3062 natione
1046 3006 1287 3073 Graecus,
1310 3023 1376 3063 ex
1404 3010 1751 3079 philosopho,
1783 3011 1851 3065 de
1901 3008 2151 3073 Athenis,
2182 3006 2340 3079 cujus
2382 3003 2749 3079 genealogiam
2788 3018 2893 3057 non
2934 3000 3139 3079 inveni,
3175 2999 3321 3079 sedit
3351 3014 3533 3079 annos
3568 3014 3685 3079 qua-

440 3083 588 3139 ἰιοτν
615 3090 826 3149 ηιθειεςε
862 3085 994 3149 t_I'_es,
1036 3079 1152 3133 dies
1172 3088 1430 3149 quatuor.
1473 3080 1595 3135 Fuit
1635 3089 1815 3135 autem
1856 3080 2189 3149 temporibus

2265 3077 2341 3129 eri
2383 3070 2443 3130 'ct
2478 3070 2664 3137 Marci,
2704 3091 2734 3126 ει
2763 3073 3048 3127 consulatu
3087 3070 3270 3140 Magni
3312 3080 3370 3125 et
3401 3070 3683 3131 Camerini,

444 3157 617 3212 usque
649 3144 717 3197 ad
756 3140 1042 3219 Orphitum
1084 3159 1137 3203 et
1167 3140 1434 3206 P'riscum.
1483 3150 1578 3205 Hie
1611 3153 1815 3206 clerum
1848 3140 2159 3219 com-posuit
2194 3157 2248 3203 et
2279 3147 2559 3219 distribuit
2596 3146 2817 3219 gradus.
2866 3142 2967 3198 Hic
3004 3142 3130 3219 fecit
3160 3140 3546 3219 ordinationes
3590 3149 3687 3219 tres

442 3210 544 3292 per
582 3210 849 3292 mensem'
870 3215 1242 3292 Decembrem,
1278 3222 1620 3292 presbyteros
1640 3210 2272 3292 _quindecim_,'diacnnos
2300 3218 2561 3292 quinque,
2591 3210 2880 3292 episcopos
2905 3230 3001 3292 per
3029 3211 3567 3292 diversahlocasex.
3596 3210 3689 3275 Qui

440 3282 603 3360 etiam
629 3285 873 3354 sepultus
896 3296 979 3343 est
1012 3289 1168 3360 juxta
1204 3282 1403 3360 coipus
1443 3282 1595 3347 'beati
1638 3282 1785 3346 Petri
1822 3293 1877 3347 in
1921 3289 2204 3357 Vaticano,
2254 3282 2412 3343 tertio
2450 3282 2575 3341 Idus
2621 3282 2993 3339 Januarii.’Et
3041 3282 3289 3338 cessavit
3351 3282 3688 3352 episc0patus

441 3351 564 3410 dies
584 3351 712 3410 tres}

452 3532 956 3560 ...ο-1.*

958 3534 3687 3561 mm

1458 3692 2103 3874 .IjYGINII
2196 3690 2643 3820 PAPIE

1700 3930 2436 4049 EPISTOLIE

1515 4147 1709 4211 (MANSI.
1740 4150 1920 4203 Concil.
1945 4148 2149 4213 collect,
2171 4155 2209 4202 t.
2236 4152 2275 4214 Ι,
2298 4154 2393 4204 col.
2418 4154 2551 4218 663.)

2010 4311 2080 4323 ...-

851 4417 1187 4513 ΕξηδτοιιΑ
1223 4419 1441 4475 PRIMA
1471 4422 1609 4493 (25).

819 4528 885 4568 AD
928 4528 1098 4570 OINES
1129 4530 1341 4572 CHIISTI
1369 4533 1607 4573 τιοειεε.

467 4622 544 4678 De
567 4622 766 4707 ﬁda",
801 4636 851 4679 et
885 4637 941 4681 ut
979 4628 1412 4707 metropolitanus
1442 4632 1635 4707 alisque
1666 4642 1973 4688 cretei-orum

606 4700 965 4765 episcoporum
990 4700 1247 4755 instantia
1276 4718 1380 4755 non
1405 4700 1592 4755 audiat
1619 4720 1831 4759 causas.

508 4783 768 4857 Hyginius
790 4790 834 4821 '°
870 4789 923 4842 in
958 4790 1159 4847 Christi
1186 4793 1420 4862 nomine,
1450 4794 1607 4851 alma:
1639 4795 1791 4853 urbis
1819 4795 2004 4851 Roma:

434 4877 740 4947 cpiscopus,
790 4881 1003 4938 cunctis
1054 4882 1111 4938 in
1168 4886 1467 4960 apostolica
1520 4888 1625 4944 [ide
1670 4898 1725 4944 et
1756 4887 2005 4945 doctrina

434 4968 774 5040 degentibus,
806 4972 1056 5029 salutem.

823 5153 902 5210 De
930 5157 1177 5211 missione
1200 5157 1336 5213 Filii
1364 5178 1397 5215 a
1423 5160 1605 5217 Patre.

499 5243 851 5313 Charissimi,
886 5267 906 5300 ι
944 5247 1086 5304 Deus
1124 5248 1317 5305 Filium
1345 5268 1509 5307 suum
1538 5254 1687 5310 misit
1723 5253 1777 5307 in
1812 5253 2006 5308 simili-

2039 4465 2083 4520 Β
2110 4441 2391 4503 peccatum
2419 4432 2473 4488 in
2502 4447 2689 4500 carne,
2720 4440 2779 4488 ut
2801 4432 3015 4503 justitia
3048 4433 3183 4505 legis
3214 4433 3538 4506 impleretur
3562 4436 3625 4490 ¹¹.
3654 4454 3671 4488 1

2112 4525 2157 4555 ²¹
2182 4523 2354 4579 Filius
2395 4538 2502 4578 non
2562 4521 2865 4579 secundum
2906 4522 3163 4579 deitatem
3208 4524 3390 4579 solam
3454 4540 3484 4579 a
3536 4523 3677 4578 Patre

2110 4615 2313 4670 missus
2350 4622 2453 4679 est,
2482 4614 2577 4670 sed
2608 4614 2906 4669 secundum
2934 4628 3175 4678 carnem,
3202 4630 3372 4685 quam
3400 4616 3677 4672 clementer

2110 4716 2164 4761 et
2193 4706 2279 4777 pie
2302 4720 2403 4776 pro
2432 4706 2590 4762 nobis
2622 4721 2903 4762 assumere
2926 4720 3035 4761 non
3057 4704 3390 4776 dedignatus
3420 4717 3525 4764 est.
3554 4706 3674 4760 Nam

2109 4798 2253 4868 quod
2282 4797 2654 4867 semetipsum,
2696 4796 2973 4852 exinanita
3015 4795 3325 4865 majestatis
3356 4813 3475 4853 sua:
3502 4806 3675 4869 poten-

2111 4889 2182 4944 tia
2203 4930 2219 4957 ,
2252 4888 2390 4943 idem
2423 4904 2482 4945 se
2513 4887 2686 4944 Filius
2722 4888 2964 4953 miserit,
2995 4886 3298 4957 Apostolus
3321 4898 3671 4953 contestatur,

2114 4988 2169 5035 et
2198 4980 2373 5035 dicit:
2417 4998 2437 5033 ι
2494 4979 2856 5050 Semetipsum
2898 4978 3223 5043 exiuanivit,
3267 4979 3507 5037 formam
3546 4981 3671 5037 servi

2112 5072 2404 5143 accipiens,
2428 5081 2483 5129 et
2507 5070 2814 5127 humiliavit
2835 5071 3209 5140 semetipsum,
3228 5069 3408 5128 factus
3430 5074 3669 5129 obediens

2110 5175 2286 5230 usque
2312 5160 2381 5217 ad
2419 5171 2673 5228 mortem,
2728 5168 2958 5215 mortem
2999 5170 3182 5216 autem
3222 5164 3411 5219 crucis
3443 5165 3509 5220 ".
3557 5183 3577 5217 ο
3614 5161 3670 5215 Et

2107 5249 2322 5309 Isaias:
2360 5270 2380 5306 ι
2430 5250 2546 5306 Non
2591 5254 2820 5324 legatus,
2874 5268 3051 5323 neque
3094 5256 3345 5325 angelus,
3406 5257 3502 5311 sed
3541 5254 3667 5309 Deus

432 5336 675 5392 9udinem
722 5339 905 5396 carnis
960 5342 1189 5411 peccati,
1243 5352 1299 5401 et
1347 5344 1414 5400 de
1458 5355 1683 5415 peccato
1721 5344 2001 5400 damnavit
2105 5343 2223 5415 ipse
2250 5346 2449 5413 veniet,
2479 5352 2533 5400 et
2561 5346 2795 5402 salvabit
2824 5362 2924 5403 nos
2948 5347 3016 5402 ".
3061 5365 3080 5400 ›
3114 5346 3248 5403 item
3292 5348 3429 5403 alibi
3464 5367 3479 5403 :
3525 5366 3545 5402 ι
3579 5347 3665 5401 Pa-

509 5475 631 5568 :il'!
649 5476 1046 5568 TEPWF!
1073 5482 1560 5568 τειίθίονξέεξαυείε·
1592 5482 1758 5568 “m1-
1782 5485 1829 5568 '.°
1860 5484 2056 5568 iure.
2074 5484 2325 5568 νίρίηυεί
2351 5499 2408 5568 et.
2438 5487 2579 5568 393'}!
2606 5487 2928 5568 Gratianum
2958 5487 3141 5568 ιθειιυε
3163 5489 3362 5568 alibi:
3396 5464 3664 5568 ηεσίηίαεῐ

434 5544 635 5631 abiit"?
669 5544 1193 5631 ῐςειθοξξεξξιῃῃηυεῖ
1266 5555 1307 5631 1*
1346 5554 1509 5631 ιξοιῃἶ
1544 5572 1667 5631 ym,
1706 5555 1761 5619 5,
1786 5556 1839 5609 4.
1917 5544 2232 5631 {'Althacius
2289 5544 2871 5631 contra'Warimadum
2910 5544 3032 5630 cap.
3056 5559 3111 5629 3,
3140 5544 3663 5631 undel'raus'patcﬁt

436 5612 773 5672 Merbaton‘s.
853 5620 898 5652 "
920 5618 1155 5692 Philipp.
1185 5639 1243 5691 ιι,
1269 5623 1322 5690 7,
1354 5624 1407 5678 8.
1473 5625 1519 5656 ⁸⁸
1544 5612 1877 5691 Ιεείχχίιιι,
1915 5625 1988 5679 22
2013 5634 2066 5682 et

2120 5642 2265 5695 :xxv,
2291 5630 2343 5683 4.

508 5750 623 5821 (25)
657 5752 919 5825 Suspecta
949 5774 1071 5814 cum
1104 5762 1347 5830 sequenti
1381 5763 1579 5821 dicitur
1612 5765 1723 5822 VV.
1752 5764 2003 5822 eruditis.
