3802 6210
128 253 249 310 1089

1480 255 1873 314 EPISTOLIE.

3221 271 3360 332 1090

128 367 219 421 lam
241 364 470 436 apparui
497 379 605 421 non
619 367 987 438 quaerentibus
1015 384 1102 425 me
1126 369 1197 423 ".
1231 387 1251 423 ι
1282 370 1348 426 Et
1368 366 1637 426 Jeremias
1665 388 1680 425 :
1712 374 1757 430 Α
1786 371 2077 445 Evangelio
2109 376 2187 431 alt
2225 391 2239 428 :
2294 394 2315 429 ι
2352 376 2463 447 Ego
2499 386 2555 434 et
2595 377 2757 439 Pater
2799 395 2968 437 unum
3002 399 3196 443 sumus
3227 385 3293 442 θ’.
3337 407 3357 439 ι

127 478 147 511 ι
189 457 463 528 Dereliqui
519 459 741 515 domum
789 476 1000 526 meam,
1064 461 1250 518 dimisi
1308 463 1682 518 hereditatem

122 566 305 605 meam.
335 547 500 615 Veni,
530 562 583 606 et
606 550 780 607 factus
803 568 921 607 sum
956 553 1063 610 illis
1099 556 1151 608 in
1179 554 1533 626 opprobrium
1567 555 1635 610 “.
1659 574 1678 607 ι

122 644 179 698 Ει
204 646 254 698 in
292 642 520 700 Michea
548 663 563 699 :
599 662 619 696 ι
656 644 793 700 Ecce
826 646 1087 703 Dominus
1115 646 1316 715 veniet,
1348 655 1404 701 et
1439 661 1686 702 commo-

120 735 377 791 vehuntur
418 734 527 789 sub
570 749 634 789 eo
678 744 892 791 montes
921 736 989 790 "’.
1044 754 1063 789 ι
1121 735 1187 791 Et
1236 736 1291 790 in
1351 735 1619 792 Zacharia
1666 754 1680 791 :

125 845 143 878 ι
168 826 345 881 Gaude
380 834 436 880 et
473 826 833 893 exsulta,ﬁlia
867 827 1020 890 Sion,
1050 827 1175 898 quia
1210 844 1336 883 ecce
1364 844 1462 899 ego
1497 827 1680 894 venio,

119 926 166 972 et
212 918 595 973 commorabor
635 918 686 971 in
730 918 910 973 medio
951 920 1051 986 tui,
1095 920 1226 975 dicit
1260 920 1523 975 Dominus
1552 920 1618 974 ’⁸.
1657 935 1676 972 ›

118 1008 175 1063 Et
205 1009 495 1079 Apostolus
539 1009 608 1063 ad
654 1007 1043 1065 Timotheum:
1090 1030 1109 1064 ε
1158 1010 1441 1067 Humanus
1475 1025 1679 1078 sermo,

118 1111 165 1156 et
193 1103 336 1157 omni
376 1105 696 1175 acceptione
747 1104 965 1176 dignus,
998 1105 1258 1175 quoniam
1311 1102 1470 1159 Jesus
1519 1104 1681 1159 Chri-

117 1205 222 1251 stus
258 1197 405 1251 venit
447 1197 504 1251 in
543 1198 689 1253 hunc
728 1199 995 1253 mundum
1029 1208 1341 1269 peccatores
1390 1198 1569 1253 salvos
1598 1197 1681 1252 fa-

118 1302 227 1342 cere
255 1289 321 1342 ²⁹.
362 1306 382 1340 ι
420 1287 492 1343 Et
522 1288 818 1345 Malachias
852 1309 866 1345 :
930 1309 948 1342 ‹
1002 1290 1137 1346 Ecce
1190 1292 1372 1346 subito
1414 1291 1594 1345 veniet
1623 1290 1678 1345 in

116 1380 298 1450 templo
327 1394 431 1435 suo
462 1380 756 1448 Dominus,
782 1397 941 1454 quem
986 1398 1082 1438 vos
1118 1383 1380 1453 quaeritis,
1422 1393 1475 1438 et
1502 1383 1681 1453 Ange-

114 1471 190 1527 lus
224 1474 561 1539 testamenti,
590 1490 752 1545 quem
783 1489 880 1530 vos
903 1475 1067 1531 vultis
1097 1476 1164 1531 '°.
1198 1495 1217 1529 ι
1247 1475 1303 1530 In
1335 1475 1629 1547 Evangelio
1661 1495 1675 1531 :

119 1583 136 1616 ι
169 1562 277 1619 Non
308 1565 432 1620 veni
473 1582 675 1622 vocare
704 1566 905 1635 justos,
943 1567 1035 1622 sed
1061 1578 1374 1637 peccatores
1414 1568 1467 1623 in
1498 1568 1677 1638 poeni-

114 1656 316 1729 tentiam
346 1656 413 1712 “.
449 1675 469 1709 ι
502 1656 633 1712 item
669 1658 797 1713 alibi
827 1676 841 1713 :
882 1678 900 1711 ‹
936 1658 1075 1726 Quid
1106 1660 1266 1715 nobis
1310 1668 1365 1714 et
1396 1660 1525 1730 quid
1554 1661 1671 1727 tibi,

112 1746 222 1803 Jesu
258 1748 357 1804 Fili
399 1749 537 1805 Dei?
564 1748 774 1806 Venisti
815 1761 940 1806 ante
967 1761 1180 1821 tempus
1211 1751 1434 1821 perdere
1464 1766 1564 1808 nos
1594 1753 1670 1806 ”?

116 1838 254 1896 Venit
275 1840 445 1896 Filius
474 1844 717 1899 hominis
756 1845 967 1899 salvare
1001 1852 1057 1900 et
1096 1860 1338 1915 quaerere
1367 1844 1513 1915 quod
1542 1861 1669 1915 per-

114 1933 232 1989 ierat
262 1934 325 1990 ³³.
375 1952 395 1986 ι
452 1936 587 1989 ltem
637 1936 813 1991 alibi:
852 1954 871 1988 ι
925 1935 1037 2007 Ego
1081 1936 1208 1991 veni
1255 1946 1317 1991 ut
1362 1937 1529 1991 vitam
1567 1938 1667 1992 ha-

112 2025 273 2092 beant,
303 2036 356 2081 et
396 2028 771 2083 abundantius
818 2028 1053 2083 habeant
1097 2028 1162 2083 “.
1220 2047 1239 2081 ι
1290 2027 1421 2084 Item
1478 2029 1606 2084 alibi
1652 2048 1667 2085 :

117 2135 132 2167 ι
164 2116 321 2172 Nemo
368 2120 621 2175 ascendit
669 2121 722 2175 in
765 2121 986 2187 caelum,
1022 2120 1127 2176 nisi
1168 2120 1259 2191 qui
1298 2122 1365 2176 de
1401 2122 1541 2178 caalo
1577 2123 1671 2178 de—

110 2211 320 2278 scendit,
352 2210 531 2268 Filius
577 2214 815 2274 hominis
845 2214 938 2283 qui
976 2221 1060 2268 est
1095 2213 1147 2267 in
1194 2213 1333 2269 coelo
1365 2214 1431 2269 ³⁸.
1467 2232 1486 2266 ι
1520 2212 1671 2269 Nun-

111 2302 223 2364 quid
250 2302 302 2356 itt
345 2303 433 2358 his
464 2304 633 2359 tantis
664 2320 729 2359 ae
757 2305 957 2360 talibus
983 2304 1332 2372 testimoniis,
1365 2305 1565 2376 quibus
1612 2322 1672 2362 se

114 2391 260 2448 Filius
296 2393 389 2449 Dei
426 2411 459 2450 a
506 2396 801 2466 semetipso
832 2396 1046 2452 venisse
1073 2406 1303 2454 testatus
1340 2408 1442 2463 est,
1473 2400 1671 2469 poterit

111 2486 217 2556 quis
242 2486 440 2553 dicere,
476 2488 550 2543 ab
585 2489 715 2555 alio,
761 2499 815 2544 et
848 2506 955 2545 non
1004 2506 1033 2545 a
1064 2490 1379 2561 semetipso,
1416 2493 1670 2549 venisse?

110 2576 219 2630 dum
261 2578 609 2634 manifestum
656 2592 759 2646 est,
810 2580 953 2649 quod
1014 2582 1107 2651 qui
1157 2598 1375 2637 carnem
1425 2592 1669 2640 nostram

110 2667 370 2739 dignanter
417 2671 760 2741 assumpsit,
807 2673 1133 2741 voluntarie,
1181 2682 1236 2729 et
1285 2691 1394 2730 non
1453 2676 1522 2731 ab
1563 2677 1670 2732 alio

110 2762 306 2828 missus,
332 2764 565 2820 venerit.
606 2761 743 2818 Nam
776 2764 869 2835 qui
900 2766 954 2820 in
998 2764 1158 2821 Patre
1193 2758 1442 2831 manens,
1472 2768 1670 2839 ubique

110 2856 323 2922 potentia
346 2871 446 2912 sua
477 2857 754 2921 consistit,
800 2857 895 2913 ubi
939 2874 1051 2929 quo
1093 2874 1122 2912 a
1152 2857 1311 2914 Patre
1336 2861 1666 2928 mitteretur,

110 2946 397 3002 omnimodo
446 2963 562 3002 non
613 2949 822 3017 habuit,
860 2950 1118 3020 quoniam
1151 2952 1297 3006 nulla
1332 2968 1459 3021 pars
1498 2953 1669 3007 etelo-

110 3052 211 3091 rum
237 3055 298 3094 ac
326 3049 485 3096 terra:
526 3057 558 3095 a
595 3052 888 3112 conspectu
924 3042 1098 3098 Patris
1126 3044 1415 3111 excipitur,
1461 3043 1553 3097 ubi
1581 3058 1666 3098 se-

110 3131 318 3185 cundum
345 3147 443 3187 vos
471 3148 508 3187 a
541 3131 702 3189 Patre
728 3133 901 3191 Filius
941 3136 1279 3190 mitteretur?
1316 3134 1383 3190 Et
1418 3134 1661 3190 Paulus:

115 3219 528 3291 tRenovamini,
556 3225 753 3296 inquit,
776 3227 973 3298 spiritu
1008 3229 1207 3284 mentis
1236 3238 1451 3297 vestrm,
1487 3237 1543 3284 et
1577 3229 1665 3283 in-

110 3312 236 3370 duite
262 3333 461 3373 novum
496 3319 802 3385 hominem,
832 3321 926 3391 qui
967 3322 1265 3377 secundum
1298 3321 1467 3376 Deum
1513 3336 1666 3377 crea-

109 3414 182 3460 tas
202 3418 276 3463 est
304 3410 356 3464 in
378 3411 603 3481 justitia
641 3421 693 3467 et
730 3415 1019 3468 sanctitate
1041 3414 1284 3469 veritatis
1314 3413 1379 3467 ".
1421 3431 1441 3467 ι
1484 3412 1551 3467 Et
1596 3411 1665 3467 ad

110 3499 333 3561 Hebraeos
364 3524 377 3561 :
415 3524 435 3557 ι
474 3504 536 3560 ιιι
582 3519 650 3561 eo
680 3505 850 3569 enim,
882 3506 936 3559 in
975 3521 1087 3576 quo
1130 3521 1324 3576 passus
1353 3513 1435 3560 est
1466 3506 1583 3574 ipse
1612 3512 1666 3558 et

110 3602 319 3655 tentatus
346 3610 455 3667 est,
488 3610 684 3671 potens
709 3610 793 3658 est
819 3609 874 3654 et
909 3600 1011 3666 eis,
1040 3601 1134 3671 qui
1178 3608 1474 3666 tentantur,
1508 3600 1665 3655 auxi-

110 3684 209 3743 liari
234 3691 294 3746 ⁸⁷.
327 3712 343 3745 ι
386 3693 565 3760 Unde,
621 3694 819 3749 fratres
859 3694 1059 3759 sancti,
1106 3693 1408 3748 vocationis
1450 3709 1664 3765 semper

109 3780 319 3839 caelestis
341 3786 660 3856 participes,
679 3785 1028 3857 considerate
1050 3785 1312 3855 Apostolu
1323 3800 1372 3839 ιιι
1403 3793 1457 3840 et
1476 3784 1665 3840 Ponti-

108 3868 240 3928 licem
263 3877 626 3934 confessionis
660 3886 878 3943 nostra,
906 3876 1129 3957 Jesum,
1148 3878 1361 3934 ﬁdelem
1393 3879 1663 3935 exsisten-

108 3974 198 4021 tem
220 3970 265 4024 ei
294 3972 383 4040 qui
414 3971 635 4027 vocavit
662 3985 808 4025 eum.
833 3968 899 4023 Et
926 3969 991 4023 ad
1016 3970 1374 4027 Colossenses
1405 3990 1421 4026 :
1450 3990 1469 4023 ι
1506 3970 1662 4027 Nunc

107 4072 261 4118 autem
286 4065 542 4135 deponite
579 4075 633 4119 et
675 4080 774 4120 vos
803 4064 1083 4130 universa,
1126 4064 1288 4133 iram,
1325 4064 1660 4135 indignatio-

107 4167 230 4221 nem,
271 4159 561 4224 malitiam,
596 4157 1015 4227 blasphemiam,
1061 4157 1350 4228 turpiaque
1399 4158 1561 4213 verba
1591 4172 1659 4212 ex

106 4259 187 4301 ore
207 4259 377 4305 vestro
412 4265 525 4305 non
556 4249 873 4319 procedant.
910 4246 1090 4303 Nolite
1134 4248 1355 4303 mentiri
1400 4248 1654 4311 invicem,

105 4339 443 4406 exspoliantes
488 4354 593 4395 vos
652 4350 890 4393 veterem
940 4338 1219 4392 hominem
1261 4353 1385 4392 cum
1442 4337 1655 4393 actibus

107 4426 231 4493 suis,
266 4438 318 4484 et
346 4431 558 4485 induite
588 4430 810 4493 no'vum,
848 4429 941 4500 qui
983 4436 1279 4485 renovatur
1317 4429 1372 4482 in
1417 4428 1652 4499 agnitio-

103 4530 210 4574 nem
230 4523 525 4579 secundum
560 4523 854 4593 imaginem
884 4521 1003 4591 ejus
1028 4521 1122 4592 qui
1152 4521 1354 4576 creavit
1382 4535 1507 4575 eum
1530 4519 1592 4573 ³³.
1628 4537 1647 4570 ι

107 4605 332 4683 Nunquid
377 4616 426 4671 is
460 4615 559 4685 qui
600 4617 912 4669 universam
962 4622 1293 4678 creaturam,
1323 4610 1559 4665 visibilia
1601 4618 1653 4663 et

104 4698 368 4762 invisibilia
414 4707 653 4778 propria:
701 4706 989 4777 potestatis
1025 4706 1229 4761 virtute
1261 4701 1655 4773 procreavitac

104 4791 490 4870 fecit,seipsum
525 4810 683 4855 antea
729 4810 826 4855 aut
866 4799 1240 4869 postmodum,
1287 4795 1432 4865 quod
1471 4794 1653 4849 dicere

103 4890 237 4949 nefas
259 4906 357 4964 est,
386 4896 615 4964 creavit,
649 4896 734 4951 vel
764 4894 946 4951 facere
969 4893 1184 4965 potuit?
1214 4892 1280 4948 Et
1302 4891 1565 4947 Dominus
1595 4888 1649 4942 in

198 5070 249 5101 ‘“
275 5071 378 5126 lsa.
407 5087 538 5139 uv,
568 5070 619 5126 1.
726 5070 774 5103 ²⁶
797 5069 908 5125 Jer.
948 5085 1055 5135 xu,
1080 5068 1131 5124 7.

103 5149 171 5203 ιιι,
202 5139 248 5194 1.
320 5142 359 5173 ³⁸
389 5138 599 5205 Luc.v,
630 5142 719 5196 3‘2.
797 5143 841 5173 ³¹
873 5140 1067 5196 Matth.
1096 5157 1217 5205 vm,
1253 5138 1343 5193 29.

104 5220 166 5268 ιν,
192 5208 385 5276 25,21.
463 5214 506 5245 ³⁷
542 5202 703 5267 Hebr.
730 5228 793 5271 ιι.
820 5212 907 5266 18.
985 5211 1029 5243 ³⁸
1063 5202 1273 5266 Coloss.
1321 5224 1403 5272 ιιι,
1457 5206 1608 5262 8-10.

104 5276 305 5332 “Joan.
368 5299 420 5332 v-
481 5284 574 5332 ‘25.
649 5283 695 5315 “
721 5281 881 5332 Joan.
944 5297 1067 5332 xvu.
1128 5282 1218 5332 21.
1296 5279 1534 5332 M'lbid..
1591 5279 1667 5332 10.

1776 5205 1912 5259 loan.
1946 5222 2001 5269 χ,
2031 5202 2121 5258 50.

1779 5278 1799 5308 ⁸
1833 5274 1989 5329 Joan.
2045 5289 2121 5326 xu

100 5276 305 5347 'fJoan.
368 5299 421 5347 v,
481 5284 574 5337 ‘23.
649 5281 881 5337 “Joan.
944 5297 1067 5345 xvtt,
1128 5282 1218 5334 21.

1223 5069 1266 5100 ’⁷
1295 5066 1456 5122 Mieh.
1494 5082 1535 5129 ι,
1573 5066 1627 5132 5,
1675 5067 1728 5122 4.
1832 5066 2067 5118 "Zach.
2121 5075 2181 5124 ll,
2227 5066 2314 5114 10.
2403 5066 2419 5091 ²

1253 5138 1343 5193 29.
1446 5138 1490 5169 ³³
1523 5137 1654 5193 Luc.
1684 5153 1798 5198 χιχ,
1826 5134 1913 5189 10.
1991 5133 2037 5165 ³⁸
2059 5130 2219 5187 Joan.
2245 5148 2299 5193 χ,
2331 5129 2419 5184 10.

1787 463 1853 520 Et
1882 466 2076 522 iterum
2114 486 2127 522 :
2169 486 2188 521 ι
2242 467 2346 535 Qui
2389 486 2477 526 me
2512 471 2683 550 videt,
2717 473 2863 529 videt
2890 484 2944 530 et
2981 475 3198 532 Patrem
3227 477 3295 534 “’.
3339 496 3359 532 ο

1786 554 1852 610 Et
1913 558 2109 613 iterum
2165 581 2177 615 :
2241 579 2261 613 ί
2319 560 2424 628 Qui
2469 563 2584 618 odit
2639 579 2765 630 me,
2815 577 2870 622 et
2912 566 3128 624 Patrem
3178 587 3361 626 meum

1786 649 1901 704 odit
1927 650 1992 704 “.
2023 668 2042 702 ι
2081 649 2149 705 Et
2191 652 2386 707 iterum
2418 671 2432 709 :
2478 674 2497 707 ι
2539 654 2609 710 Ut
2639 673 2831 713 omnes
2872 659 3233 716 honoriﬁcent
3268 661 3362 716 Fi-

1784 741 1940 807 lium,
1968 744 2113 798 sicut
2147 744 2512 801 honorificam
2538 745 2753 804 Patrem
2799 750 2867 805 ".
2908 768 2928 804 ›
2989 750 3055 806 Ει
3102 752 3300 809 iterum
3344 772 3359 808 :

1788 853 1809 887 ί
1850 834 1919 890 Ut
1940 836 2144 891 sint.in
2186 838 2345 893 nobis
2376 854 2566 906 unum,
2621 841 2763 899 sicut
2815 852 2869 899 et
2918 860 3018 899 nos
3052 861 3221 900 unum
3266 862 3363 901 su-

1782 942 1939 993 mus;
1986 936 2045 983 tu
2097 928 2152 982 in
2209 945 2317 995 me,
2350 940 2405 986 et
2436 948 2536 1001 ego
2573 933 2629 988 in
2672 935 2752 990 eis
2777 935 2845 994 “.
2900 955 2920 990 ι
2975 936 3043 993 Et
3090 938 3288 995 iterum
3340 958 3356 994 :

1787 1039 1807 1073 ι
1844 1019 2038 1077 Omnia
2082 1038 2204 1079 mea
2246 1034 2338 1079 tua
2369 1036 2497 1081 sunt
2524 1025 2589 1083 “.
2638 1046 2659 1081 ι
2708 1027 2776 1085 Ει
2807 1030 3043 1088 iterum:
3084 1050 3103 1085 ι
3147 1033 3260 1105 Ego
3301 1035 3359 1092 in

1780 1112 1976 1181 Patre,
2009 1124 2063 1171 et
2106 1114 2268 1172 Pater
2307 1118 2364 1173 in
2406 1135 2493 1175 me
2523 1120 2592 1175 “.
2622 1139 2642 1174 ι
2666 1120 2732 1178 Ει
2757 1123 2954 1180 iterum
2987 1145 3001 1181 :
3035 1144 3054 1178 ι
3092 1126 3251 1183 Pater
3300 1128 3358 1184 in

1780 1221 1869 1261 me
1893 1222 2141 1277 manens,
2166 1207 2299 1265 facit
2332 1226 2496 1281 opera
2515 1211 2634 1270 haec
2664 1214 2730 1270 “.
2773 1234 2792 1268 ι
2828 1214 2896 1270 Et
2923 1215 3161 1274 Joannes
3186 1235 3356 1276 evan-

1780 1297 1971 1367 gelista
1999 1298 2076 1353 ait
2107 1316 2121 1353 :
2157 1318 2178 1351 ι
2207 1299 2266 1355 In
2290 1302 2561 1375 principio
2589 1316 2707 1361 erat
2735 1304 2997 1375 Verbum,
3033 1319 3088 1365 et
3118 1309 3355 1368 Verbttm

1778 1396 1895 1443 erat
1918 1391 2060 1460 apud
2090 1390 2284 1459 Deum,
2315 1404 2371 1450 et
2404 1394 2546 1454 Deus
2574 1408 2691 1454 erat
2719 1397 2955 1456 Verbum
2986 1402 3050 1455 ".
3097 1421 3118 1455 ι
3160 1402 3229 1459 Ει
3256 1405 3359 1461 ite-

1777 1496 1900 1537 rum
1935 1482 2051 1552 ipse
2089 1484 2157 1539 ad
2184 1484 2462 1545 Parthos:
2503 1490 2548 1523 ⁸³
2581 1510 2601 1544 ι
2643 1491 2777 1548 Tres
2830 1503 2984 1559 sunt,
3014 1494 3211 1566 inquit,
3256 1498 3355 1567 qui

1781 1574 2157 1632 testimonium
2187 1580 2480 1649 perhibent
2502 1582 2571 1637 'in
2604 1592 2747 1640 terra
2790 1599 2805 1638 :
2843 1601 3008 1656 aqua,
3047 1590 3268 1660 sanguis
3300 1599 3356 1647 et

1778 1679 1948 1721 caro:
1981 1678 2036 1722 et
2077 1676 2187 1725 tres
2236 1670 2289 1725 in
2338 1672 2495 1729 nobis
2555 1684 2705 1734 sunt.
2741 1678 2835 1748 qui
2884 1678 2929 1711 δ’
2982 1680 3351 1737 testimonium

1775 1755 2065 1822 perhibent
2086 1757 2139 1812 in
2165 1759 2304 1815 cmlo
2325 1778 2338 1815 :
2360 1760 2538 1829 Pater,
2564 1762 2805 1822 Verbum
2836 1776 2890 1823 et
2915 1766 3151 1839 Spiritus
3177 1788 3190 1825 :
3213 1780 3269 1827 et
3297 1772 3356 1829 hi

1774 1851 1883 1900 tres
1922 1862 2091 1903 unum
2133 1858 2263 1904 sunt
2292 1850 2359 1905 ⁸ο.
2409 1869 2429 1903 ι
2458 1850 2571 1908 Nos
2615 1854 2799 1926 itaque
2834 1857 2887 1912 in
2926 1867 3120 1914 natura
3148 1859 3351 1916 divini-

1772 1936 1920 2003 tatis,
1948 1940 2074 2009 quia
2111 1956 2283 1996 unum
2326 1951 2455 1998 sunt
2498 1942 2659 2000 Pater
2710 1956 2763 2000 et
2806 1946 2977 2004 Filius
3016 1958 3071 2004 et
3116 1949 3354 2021 Spiritus

1771 2037 2014 2098 sanctus,
2046 2046 2147 2086 nec
2174 2031 2390 2089 Patrem
2420 2036 2607 2106 aliquo
2639 2046 2885 2109 tempore
2904 2041 3179 2099 credimus
3212 2060 3353 2115 pra:-

1770 2120 2023 2189 cessisse,
2053 2131 2110 2178 ut
2142 2125 2319 2196 major
2347 2127 2418 2181 sit
2452 2126 2627 2195 Filio;
2660 2146 2761 2186 nec
2797 2130 2997 2187 Filium
3023 2144 3210 2205 postea
3249 2153 3349 2193 na-

1770 2222 1885 2269 tum
1909 2230 2048 2284 esse,
2078 2224 2139 2272 ut
2162 2216 2445 2273 divinitate
2470 2218 2649 2275 Patris
2672 2221 2997 2280 minoretur.

2527 2332 2593 2388 ll.

2213 2443 2293 2499 De
2318 2446 2491 2500 causis
2517 2448 2896 2518 episcoporum.

1841 2533 1885 2566 ⁸⁸
1927 2534 2219 2603 Cancrum,
2249 2536 2471 2601 fratres,
2519 2539 2671 2595 salvo
2709 2540 2762 2595 in
2796 2543 3055 2599 omnibus
3084 2543 3349 2603 Romana:

1769 2624 2030 2710 Ecclesiae
2058 2629 2342 2700 privilegio
2362 2672 2377 2695 ,
2411 2629 2603 2686 nullus
2635 2634 3089 2703 metropolitanus
3137 2639 3345 2710 absque

1769 2702 2088 2775 emet-orum
2111 2722 2357 2776 omnium
2386 2724 2932 2793 comprovincialium
2958 2729 3339 2800 episcoporum

1771 2812 2055 2881 instantia,
2108 2814 2420 2884 aliquorum
2473 2816 2663 2871 audiat
2705 2833 2905 2874 causas
2932 2835 3122 2875 eorum
3151 2864 3167 2887 ,
3210 2824 3342 2893 quia

1770 2906 1938 2961 irritae
1966 2917 2147 2972 erunt,
2185 2908 2342 2964 aliter
2365 2916 2499 2964 acta:
2532 2925 2698 2980 quam
2732 2912 2785 2965 in
2813 2923 3109 2984 conspectu
3148 2931 3338 2971 eorum

1771 2998 2017 3052 omnium
2048 2999 2359 3069 ventilata;
2388 3009 2443 3057 et
2462 3001 2597 3072 ipse,
2626 3004 2673 3058 si
2705 3002 2915 3071 fecerit,
2958 3016 3277 3063 coerceatur
3308 3024 3342 3065 ι

1693 3052 1734 3110 C
1771 3089 2053 3147 fratribus.

2118 3273 2191 3328 De
2217 3275 2672 3331 criminationibus
2700 3280 2985 3349 majorum.

1840 3367 1885 3398 ⁸²
1915 3365 2341 3423 Criminationes
2394 3368 2665 3438 majorum
2711 3379 2843 3424 natu
2897 3386 2994 3440 per
3033 3372 3170 3429 alios
3228 3390 3339 3430 non

1767 3456 1920 3525 fiant,
1952 3457 2057 3512 nisi
2087 3473 2183 3527 per
2212 3458 2367 3527 ipsos
2397 3459 2490 3529 qui
2525 3460 2752 3515 crimina
2777 3461 3082 3529 intendunt,
3109 3464 3155 3496 ⁸³
3184 3465 3230 3519 si
3256 3473 3309 3520 ta

1767 3566 1889 3603 men
1922 3550 2024 3619 ipsi
2048 3549 2197 3619 digni
2226 3559 2279 3604 et
2319 3550 2827 3620 irrepreltensibiles
2857 3556 3250 3624 apparuerint,
3280 3567 3336 3613 et

1768 3641 1904 3695 aclis
1928 3642 2162 3711 publicis
2190 3642 2481 3697 docuerint
2513 3643 2663 3698 omni
2688 3659 2746 3699 se
2804 3646 3115 3716 suspicione
3146 3663 3336 3704 carere

1765 3743 1821 3787 et
1869 3732 2188 3799 inimicitia,
2248 3742 2414 3804 atque
2454 3736 2984 3805 irreprehensibilem
3031 3737 3189 3794 fidem
3230 3739 3335 3795 ita--

1763 3825 1916 3891 bere,
1948 3840 2015 3882 ac
2044 3829 2514 3884 conversationem
2547 3827 2767 3883 ducere.

2499 3937 2592 3994 Π.

2218 4054 2296 4109 De
2322 4055 2609 4126 peregrinis
2625 4054 2870 4123 judiciis.

1832 4148 1880 4185 ⁸⁸
1907 4144 2019 4202 Nec
2040 4161 2146 4201 non
2176 4154 2231 4201 et
2261 4147 2548 4217 peregrina
2578 4146 2794 4216 negotia
2821 4154 2878 4201 et
2905 4144 3112 4215 judicia
3145 4145 3332 4215 prolti-
3433 4156 3442 4167 '

1760 4237 1977 4303 bemus,
2007 4237 2134 4309 quia
2166 4238 2446 4308 indignum
2471 4245 2576 4304 est,
2614 4246 2675 4292 ut
2705 4236 3041 4293 ab'externis
3077 4237 3330 4306 judicen-

1762 4339 1872 4397 tur,
1896 4332 1989 4401 qui
2018 4328 2384 4400 provinciales
2413 4329 2458 4360 ⁸⁵
2480 4336 2579 4384 eta
2602 4343 2661 4383 se
2682 4328 2883 4383 electos
2912 4327 3107 4382 debent
3129 4329 3329 4384 habere

1755 4424 1987 4494 judices.
2024 4421 2070 4452 “
2093 4417 2205 4473 Nos
2228 4419 2448 4489 quidem
2473 4459 2490 4486 ,
2534 4434 2601 4474 ex
2646 4418 2797 4473 omni
2839 4427 2991 4487 parte
3024 4421 3323 4487 carpendo,

1758 4517 2077 4570 occasiones
2126 4510 2521 4564 abscindimus.
2580 4507 2714 4575 Nos,
2757 4514 3008 4575 supernae
3049 4524 3324 4565 memores

1755 4606 2077 4675 disciplima,
2100 4603 2519 4674 quibuscunque
2542 4600 2861 4655 cadentibus
2887 4599 3165 4654 dexteram
3197 4617 3327 4670 por-

1754 4698 2007 4766 rigimus,
2041 4707 2094 4750 et
2118 4710 2147 4749 a
2175 4693 2350 4746 ruinae
2379 4690 2699 4762 praecipitio,
2732 4705 2872 4760 quos
2896 4706 3209 4760 possumus,
3237 4707 3325 4746 re-
3350 4760 3353 4765 ν

1754 4787 2019 4852 levamus,
2047 4796 2101 4840 et
2133 4783 2470 4839 defensionis
2500 4782 2892 4836 adminiculum
2938 4782 3067 4838 totis
3113 4784 3325 4839 viribus

1753 4880 1995 4951 praebere
2023 4876 2295 4947 cupimus.
2324 4875 2368 4907 ⁵⁷
2386 4874 2543 4931 Certe
2567 4875 2614 4929 si
2643 4875 2727 4929 vel
2756 4890 2910 4931 mens
2937 4876 3008 4931 sit
3033 4877 3167 4931 recti
3192 4892 3324 4932 con-

2403 5059 2500 5111 "1
2543 5055 2687 5110 Tim.
2732 5072 2770 5122 ι,
2816 5056 2904 5111 15.
3009 5055 3055 5089 ³ο
3084 5056 3315 5113 Malaclt.

2504 5129 2549 5160 ³⁵
2576 5127 2735 5183 Joan.
2765 5143 2846 5189 ιιι,
2874 5125 2961 5178 15.
3037 5126 3081 5157 ³⁸
3114 5125 3313 5195 Ephes.

2530 5215 2641 5250 xiv.
2676 5198 2730 5250 9.
2831 5196 2873 5227 “
2897 5193 3061 5249 'Joan.
3107 5213 3194 5250 xv.
3220 5197 3312 5250 25.

2866 5265 2909 5297 ⁸⁷
2944 5263 3102 5319 Joan.
3158 5237 3196 5331 l;
3258 5265 3311 5321 1.

1832 5061 2067 5118 "Zach.
2121 5075 2181 5124 ιι,
2227 5058 2314 5114 10.

2238 5202 2282 5233 ⁴⁰
2324 5198 2485 5254 Joan.
2530 5215 2641 5264 XIV,
2676 5198 2730 5251 9.

1754 5277 1799 5308 ⁸⁸
1833 5267 1995 5329 Joan.
2045 5288 2155 5336 xw,
2213 5273 2297 5327 11.
2387 5271 2617 5332 “lbid.,
2673 5267 2759 5321 10.

102 5344 139 5375 ⁸⁸
167 5348 214 5403 in
244 5334 343 5407 mis.
373 5334 1074 5409 dustjvdeestvParthorum
1123 5350 1328 5405 mentio
1378 5358 1433 5403 et
1476 5334 1871 5404 substituitur:
1908 5361 2001 5399 nec
2059 5334 2162 5397 non
2191 5338 2488 5409 Apostolus.
2552 5342 2600 5370 δ’
2623 5356 2725 5409 ms.
2755 5345 2977 5409 noster:
3018 5334 3088 5388 Et
3125 5337 3315 5409 τινες-ἄιε

101 5418 228 5496 nobis
250 5404 394 5487 έὲὶιὶεξ
412 5404 533 5495 Iﬁii,
561 5404 705 5490 Eu}:
731 5404 985 5478 utwhabet
1016 5404 1235 5476 ldaeins
1262 5420 1477 5482 Clarus,
1510 5435 1603 5473 seu
1638 5418 1870 5489 Vigilius
1904 5413 2198 5537 Tagsensis
2237 5404 2332 5493 lib.
2369 5427 2384 5463 ι
2422 5420 2609 5490 contra
2642 5404 3039 5467 Warimadum.
3069 5421 3163 5460 seu
3179 5404 3317 5508 Ala-

102 5491 317 5537 τιυιιώιηι
340 5509 460 5537 nan-
494 5495 546 5537 si
574 5494 907 5537 Ηιιιηιιιηιις-
984 5493 1032 5524 ⁵ο
1071 5494 1087 5537 1
1116 5490 1251 5537 Imm
1306 5506 1358 5537 ν-
1392 5490 1445 5537 6-
1481 5490 1531 5537 Ἰ-
1609 5489 1652 5520 δι
1682 5489 1735 5537 9-
1764 5495 1961 5537 ηυίθςι.
2036 5502 2049 5537 :
2080 5482 2240 5536 Salva
2273 5498 2327 5533 tn
2359 5481 2619 5533 omnibus.
2647 5477 2812 5531 Hadr.
2844 5475 2970 5529 coll.
2998 5476 3083 5529 id.
3256 5477 3312 5537 2,

102 5488 326 5568 rivadmn
340 5488 917 5568 cap.75.gﬂsnn_umus._
984 5493 1032 5524 ⁵⁰
1070 5494 1088 5545 l
1116 5490 1274 5568 {0315:
1306 5506 1359 5552 ν.
1392 5490 1531 5568 9.];
1609 5488 1961 5568 ⁸¹,ἓ);,‹ιιξεθειο
1986 5488 2049 5537 ⁵³
2080 5488 2327 5568 δαίυθλβ
2349 5488 2577 5568 23"".‘0‘5

1653 5559 1699 5590 ³³
1722 5549 1980 5612 Ἀἱιίιιιιιιε
2010 5562 2189 5607 const.
2231 5550 2319 5615 15,
2349 5551 2432 5604 tit.
2468 5550 2518 5613 1,
2548 5549 2641 5603 lib.
2682 5564 2756 5602 ιχ.

133 5570 269 5614 mest.
296 5562 358 5618 7:
392 5558 679 5620 Criminat.
708 5564 774 5619 Et
806 5565 860 5618 in
887 5564 1095 5619 deeret.
1123 5561 1276 5616 Lucii
1310 5568 1363 5615 et
1390 5558 1543 5615 Julii.

3179 5476 3225 5508 η
3256 5477 3312 5542 2’

3026 5553 3220 5616 quast.
3249 5546 3312 5601 6:

2080 5482 2240 5536 Salva
2273 5483 2327 5533 in
2359 5481 2619 5533 omnibus.
2647 5477 2812 5531 Hadr.
2844 5475 2970 5529 coll.
2998 5476 3083 5529 id.

2083 5562 2189 5599 nst.
2231 5550 2319 5599 ιδ-
2349 5551 2432 5599 tit.
2468 5550 2518 5599 1.
2548 5549 2641 5599 lib.
2682 5564 2756 5599 ιι.
2866 5547 2913 5578 ⁸⁸
2935 5547 2988 5599 5.
3026 5561 3083 5599 (ιι

141 5614 631 5713 εςεθήηάῂἶιλάἶξξᾷῖ
642 5614 1003 5713 ist—{nuce}?
1024 5614 1432 5713 :F'éngrtutn,
1465 5628 1667 5713 etsm

1776 5630 1806 5682 l.
1880 5626 1924 5713 5"
1951 5619 2435 5713 comprovin’ci‘ales.
2513 5616 3011 5713 “:mll‘adr;.coli..17_
3046 5614 3059 5616 '
3088 5618 3130 5649 ιτ
3160 5614 3281 5672 Non

102 5689 237 5753 ttulla'
254 5717 318 5757 ex
348 5689 590 5763 E'nnodii
605 5689 984 5778 praeceptione
1015 5704 1083 5762 de
1126 5689 1430 5760 cellulariis'
1450 5701 1840 5773 episcoporum
1883 5689 2177 5764 descripta.
2220 5689 2350 5747 Vide
2380 5705 2502 5760 pag.
2528 5689 2655 5755 450,
2688 5689 2821 5744 edit.
2859 5689 3027 5743 Sirm.
