3766 6318
438 255 569 316 1091

1610 252 1862 311 HYGINII
1896 255 2097 313 PAPE
2135 256 2515 315 EPISTOLE.

3556 266 3668 325 id?!

439 382 574 444 acia.
609 379 847 435 vindicta
874 377 1072 450 dignus
1112 385 1230 445 est,
1271 377 1366 446 qui
1410 376 1532 434 aliis
1575 381 1791 435 exsistit
1839 395 2005 437 causa
2033 386 2082 447 Α
2109 383 2204 455 qui
2228 383 2392 453 impie
2429 384 2603 440 acturi
2637 394 2786 449 sunt,
2821 401 3067 457 ponens;
3100 386 3265 457 quid,
3309 386 3560 457 putatis,
3589 391 3669 443 iei-

438 471 687 544 periculi.
715 470 816 537 Qui
851 486 978 526 vero
1004 472 1373 536 innocentem,
1393 470 1474 526 vel
1503 469 1725 525 fratrem
1755 488 2006 543 quocun-

436 580 548 635 que
583 563 800 635 ingenio
834 563 1199 633 persequitur,
1220 564 1335 635 ipse
1364 565 1418 619 in
1452 579 1509 619 se
1528 564 1776 634 jugulum
1810 566 2004 621 mortis

2107 478 2233 548 quis
2269 487 2324 533 et
2365 478 2549 548 impiis
2586 478 3063 549 perseverantibus
3112 480 3169 534 in
3209 481 3473 550 nequitia
3510 498 3669 537 em:

2106 569 2240 624 erit?
2263 568 2291 624 J
2300 579 2479 625 ustum
2503 586 2632 625 vero
2657 569 2759 624 Lot
2777 584 3120 640 oppressum,
3152 588 3184 627 a
3212 571 3588 628 nefandorum
3610 576 3670 627 is.

436 656 708 728 impingit,
738 663 799 709 ut
829 656 903 709 ait
935 654 1152 709 divinus
1179 664 1231 709 et
1257 655 1447 709 beatus
1476 669 1654 724 praeco
1680 669 1694 705 :
1724 674 1743 707 ‹
1766 653 1885 709 Noli
1910 656 2006 710 de-
2100 661 2246 733 juria
2273 672 2327 718 et
2349 663 2762 720 conversatione
2792 666 2835 697 ⁸⁸
2865 664 3039 731 eruit;
3064 675 3301 735 aspectu
3333 666 3489 721 enim
3526 674 3667 721 etas-

436 749 676 812 trahere.
702 764 771 803 ne
800 746 1128 812 eradiceris;
1155 745 1264 800 noli
1293 761 1575 813 accusare,
1602 763 1668 802 ne
1692 747 2000 815 accuseris;

433 841 545 897 noli
564 840 832 911 judicare,
857 838 1204 908 nejudiceris
1226 857 1239 893 :
1265 839 1393 910 quia
1418 839 1470 892 in
1496 856 1605 909 quo
1627 840 1833 909 judicio
1852 840 2003 910 judi-

432 932 662 995 caveris,
684 931 1022 1002 judicabitur
1054 931 1122 986 de
1161 939 1212 986 te
1232 931 1296 984 ³⁸.
1326 950 1344 983 ι
1378 928 1549 985 Nemo
1580 932 1877 987 “creditur
1900 947 2001 988 nos

431 1026 632 1091 odisse,
661 1040 895 1096 quorum
916 1025 1178 1079 relatione
1194 1039 1302 1079 non
1329 1025 1561 1079 laeditur.
1586 1023 1723 1080 Dicit
1739 1024 1881 1079 enim
1896 1025 2003 1080 Do-

430 1118 635 1173 minus:
664 1136 682 1169 ‹
712 1116 885 1172 Omne
902 1133 1129 1186 regnum
1149 1119 1201 1172 in
1226 1132 1284 1172 se
1300 1117 1554 1183 divisum,
1576 1132 1685 1171 non
1703 1119 1943 1186 stabit”;
1975 1137 1995 1171 ι

429 1211 611 1266 omnis
636 1211 862 1266 scientia
888 1219 984 1264 aut
1012 1212 1196 1282 regula
1226 1211 1514 1265 adversum
1544 1226 1603 1265 se
1643 1212 1816 1265 divisa
1838 1254 1851 1277 ,
1889 1227 1997 1268 non

428 1304 614 1358 stabit.
638 1301 874 1371 Ideoque
896 1317 1119 1357 necesse
1141 1312 1245 1369 est,
1273 1311 1332 1357 ut
1361 1302 1706 1357 concorditer
1750 1303 1999 1358 salubres

426 1395 743 1465 suscipiatis
760 1394 801 1427 “
826 1398 1097 1461 hortatus,
1118 1396 1255 1450 nihil
1282 1412 1380 1467 per
1409 1397 1814 1450 contentionem
1833 1412 1999 1467 agen-

424 1497 528 1553 tes,
565 1489 660 1542 sed
690 1487 757 1542 ad
784 1504 946 1543 omne
976 1488 1218 1543 studium
1243 1488 1549 1544 devotionis
1583 1488 1889 1552 unanimes,
1920 1487 1999 1543 di-

423 1581 570 1635 vinis
602 1591 655 1635 et
684 1582 998 1649 apostolicis
1027 1581 1515 1637 constitutionibus
1556 1582 1815 1652 parcatis.

494 1672 625 1727 Data
651 1690 763 1729 xvn
794 1673 1064 1730 Kalendas
1090 1672 1363 1741 Octobris,
1386 1674 1584 1746 Magno
1615 1684 1669 1731 et
1703 1677 1994 1731 Camerino

424 1766 744 1821 consulibus
768 1767 812 1799 ⁶²

988 1881 1319 1936 EPISTOLA
1370 1882 1442 1951 n.

888 2012 966 2049 AD
1019 2008 1525 2049 ATHENIENSES.

484 2097 815 2167 'ﬂdltortamr
840 2128 924 2165 eos
949 2127 1011 2165 ne
1035 2112 1197 2165 vitam
1225 2126 1345 2169 cum
1366 2109 1666 2181 inﬁdelibus
1704 2111 1920 2165 ducant.

488 2247 756 2322 Hyginius
787 2248 833 2280 "
858 2263 1017 2318 papa,
1044 2246 1495 2311 Atheniensibus,
1526 2245 1778 2300 salutem.

494 2360 513 2395 ο
545 2341 710 2396 Multa
758 2340 894 2395 mihi
935 2340 1135 2395 fiducia
1182 2346 1267 2394 est
1305 2338 1450 2408 apud
1495 2353 1630 2405 vos,
1676 2336 1896 2403 fratres,
1938 2348 1992 2392 et

413 2434 587 2492 multa
627 2433 881 2505 gloriatio
906 2447 1007 2503 pro
1053 2431 1234 2487 vobis.
1284 2429 1543 2500 Repletus
1582 2445 1703 2485 sum
1742 2429 1994 2484 consola-

412 2528 585 2593 tione,
612 2525 1001 2596 superabundo
1034 2523 1234 2594 gaudio
1263 2523 1319 2577 in
1352 2522 1502 2577 omni
1523 2521 1877 2577 tribulatione
1897 2536 1992 2576 ve-

415 2627 528 2674 stra
561 2617 627 2672 “.
669 2634 688 2669 ›
734 2614 1000 2670 Tribulor
1053 2614 1201 2669 enim
1249 2613 1474 2684 quando
1516 2612 1585 2669 de
1633 2612 1790 2667 vobis
1829 2612 1993 2667 audio

413 2709 560 2779 quod
611 2724 721 2763 non
769 2715 1015 2778 oportet;
1051 2705 1307 2762 consolor
1357 2719 1525 2767 vero,
1561 2703 1782 2774 quoties
1810 2694 1876 2757 ea
1906 2703 1995 2757 in-

411 2812 495 2855 ter
515 2815 617 2855 vos
639 2799 754 2854 ﬁeri
779 2782 1108 2870 cognovero,
1129 2813 1254 2868 qua:
1274 2798 1449 2853 bonos
1468 2795 1813 2852 Christianos
1837 2795 1993 2851 decet

412 2892 659 2962 implere.
713 2912 734 2944 ‹
762 2889 960 2955 Nolite,
988 2889 1210 2956 fratres,
1238 2890 1432 2961 jugum
1473 2889 1673 2945 ducere
1702 2904 1826 2944 cum
1863 2887 1989 2942 inti-

409 2986 626 3042 delibus
654 2986 722 3040 “.
752 3004 772 3038 ι
794 2982 952 3041 Unde
981 2984 1186 3038 Doctor
1214 2982 1459 3054 gentium
1483 2982 1749 3052 loquitur,
1774 2980 1984 3035 dicens:

416 3097 436 3132 α
472 3077 605 3145 Quae
651 3077 1000 3149 participatio
1036 3076 1267 3147 iustitia:
1313 3091 1437 3131 cum
1472 3073 1799 3145 iniquitate?
1848 3064 1984 3139 Quis
2012 3098 2054 3157 ο

409 3180 591 3226 autem
624 3185 929 3225 consensus
952 3170 1152 3239 templo
1180 3167 1271 3222 Dei
1304 3184 1428 3223 eum
1456 3165 1654 3222 idolis?
1690 3163 1802 3220 Vos
1837 3165 1985 3219 enim

406 3264 541 3319 estis
566 3264 825 3333 templum
859 3262 954 3317 Dei
991 3263 1121 3328 vivi,
1149 3262 1294 3317 sicut
1321 3261 1455 3316 dicit
1492 3259 1793 3314 Dominus:
1837 3256 1987 3324 Quo-

406 3359 557 3412 niam
591 3357 908 3411 inhabitaho
936 3358 990 3409 in
1020 3355 1148 3417 illis,
1174 3366 1227 3409 et
1251 3353 1624 3419 inambulabo,
1656 3364 1709 3407 et
1734 3367 1831 3406 ero
1863 3351 1985 3404 illo-

404 3469 527 3507 rum
560 3453 738 3520 Dens,
785 3461 838 3507 et
880 3452 980 3522 ipsi
1027 3459 1192 3506 erunt
1236 3451 1370 3504 mibi
1422 3449 1659 3520 populus
1698 3449 1763 3505 “.
1799 3467 1819 3500 ι
1855 3448 1897 3479 ⁸⁷
1927 3446 1985 3501 Si

405 3545 551 3599 enim
583 3544 727 3599 Deus
767 3545 977 3614 angelis
1024 3543 1373 3612 peccantibus
1407 3556 1516 3595 non
1563 3540 1844 3611 pepercit,
1889 3539 1985 3594 sed

404 3637 731 3692 rudentibus
761 3636 962 3691 inferni
993 3636 1291 3701 detractos,
1337 3634 1392 3688 in
1431 3642 1696 3688 tartarum
1736 3631 1981 3693 tradidit,

402 3728 458 3782 in
480 3728 748 3799 judicium
772 3728 1099 3783 cruriandos
1122 3727 1483 3793 reservari,et
1501 3725 1755 3796 originali
1777 3724 1982 3777 mundo

401 3836 513 3876 non
544 3822 821 3892 pepercit,
855 3822 949 3875 sed
975 3830 1226 3875 octavum
1253 3818 1369 3875 Noe
1410 3819 1636 3890 justitiae
1673 3831 1979 3889 praeconem

302 3968 303 3971 η
403 3914 719 3978 custodivit,
744 3914 1011 3968 diluvium
1047 3915 1253 3969 mundo
1284 3914 1579 3984 impiorum
1611 3913 1901 3976 inducens,
1929 3918 1984 3964 et

403 4007 651 4061 civitates
675 4005 1043 4061 Sodomorum
1067 4015 1121 4061 et
1153 4006 1636 4061 Gomorrhaeorum
1662 4005 1719 4059 in
1741 4004 1981 4059 cinerem

400 4100 693 4171 redigens,
735 4100 1016 4154 eversione
1046 4100 1370 4165 damnavit,
1410 4099 1719 4170 exemplum
1760 4111 1975 4163 eorum,

2105 755 2220 811 ditu
2261 756 2444 827 justus
2477 765 2614 823 erat,
2647 757 2906 814 habitans
2931 759 3072 829 apud
3099 774 3224 822 eos,
3260 758 3363 828 qui
3402 760 3478 814 de
3523 761 3603 814 die
3634 764 3669 814 is

2104 849 2245 904 diem
2292 849 2530 904 animam
2567 850 2774 921 justam
2813 850 3019 922 iniquis
3045 852 3320 922 operibus
3352 852 3671 908 cruciabam.

2102 939 2266 996 Novit
2291 941 2557 997 Dominus
2580 943 2701 1013 pios
2733 944 2799 999 de
2828 945 3130 999 tentatione
3161 944 3395 1014 eripere
3422 986 3439 1011 ,
3491 945 3670 1016 iniqu:

2103 1048 2233 1089 vero
2260 1033 2313 1088 in
2351 1034 2493 1089 diem
2531 1035 2725 1104 judicii
2762 1036 3091 1093 cruciandos
3142 1053 3493 1105 reservare;
3534 1043 3672 1111 magis

2102 1136 2283 1181 autem
2329 1142 2425 1183 eos
2463 1128 2555 1199 qui
2587 1139 2712 1199 post
2749 1145 2969 1185 carnem
3015 1131 3069 1185 in
3098 1132 3575 1202 concupiscentia
3598 1133 3674 1187 ius

2100 1220 2384 1276 munditia:
2405 1222 2712 1287 ambulant,
2739 1222 3299 1293 dominationemque
3319 1236 3673 1279 contemnant.

2099 1312 2357 1379 audaces,
2389 1312 2494 1367 sibi
2524 1314 2801 1384 placentes
2838 1323 3017 1369 sectas
3048 1330 3159 1370 non
3208 1325 3487 1372 metuunt
3514 1316 3673 1379 facere,

2098 1400 2563 1472 blasphemantes.
2590 1402 2744 1459 Unde
2760 1405 2922 1460 alieni
2948 1408 3157 1461 erroris
3185 1408 3425 1461 socium
3445 1409 3492 1440 ε’
3516 1424 3544 1461 a
3560 1410 3675 1463 sui”

2096 1495 2365 1564 propositi
2397 1497 2617 1551 tramite
2647 1497 3015 1564 recedentem,
3049 1509 3144 1555 aut
3183 1502 3530 1571 apostolica
3565 1504 3677 1557 sedis

2092 1585 2437 1656 jussionibus
2463 1587 2888 1651 inobedientem,
2914 1590 3201 1659 suscipere
3235 1606 3361 1646 non
3387 1608 3673 1662 possumus;

2096 1692 2193 1731 nec
2215 1678 2476 1747 impetere
2491 1680 2533 1711 “
2552 1688 2696 1735 recte
2710 1681 3013 1747 credentes,
3024 1682 3109 1736 vel
3128 1698 3190 1736 sa
3200 1694 3481 1739 nctornm
3495 1685 3678 1740 Pam

2094 1768 2437 1839 jussionibus
2454 1770 2887 1841 obtemperantes
2910 1774 3323 1843 permittimur,
3347 1778 3485 1847 quia
3503 1779 3680 1832 interﬁ-

2096 1860 2245 1915 deles
2266 1868 2318 1915 et
2334 1860 2575 1916 inﬁdeles
2600 1877 2795 1932 magna
2820 1863 2979 1918 debet
2994 1879 3117 1919 esse
3134 1866 3447 1921 discretio.
3473 1866 3529 1922 Si
3546 1868 3679 1933 Dens,

2096 1948 2311 2017 fratres,
2333 1952 2498 2022 justis
2524 1954 2569 1984 ⁷³
2598 1968 2704 2007 non
2736 1955 2997 2024 pepercit,
3016 1956 3145 2026 quid
3163 1956 3238 2013 de
3264 1960 3448 2015 nobis
3475 1972 3682 2030 peccate-

2093 2044 2246 2099 ribus
2266 2045 2381 2099 tieri
2409 2045 2612 2114 putatis
2634 2045 2658 2099 ?
2682 2065 2699 2098 ι
2728 2046 3007 2101 Custodite
3028 2063 3127 2102 vos
3159 2049 3238 2103 ab
3256 2052 3431 2105 omni
3461 2053 3680 2121 inquina-

2094 2144 2279 2189 mento
2295 2136 2476 2190 carnis
2500 2145 2553 2190 et
2570 2136 2911 2206 corporis,ut
2937 2138 3071 2192 salvi
3095 2138 3225 2194 sitis
3245 2141 3305 2193 in
3328 2141 3431 2197 die
3451 2144 3682 2199 adventus

2093 2227 2317 2283 Domini
2344 2228 2413 2285 ⁷³.
2452 2228 2632 2284 Unum
2669 2239 2850 2286 autem
2878 2232 2984 2286 hoc
3033 2248 3141 2287 non
3178 2234 3369 2290 lateat
3402 2240 3682 2296 vesnum:

2082 2320 2424 2390 Apostolus,c
2448 2320 2782 2390 charissixmi,
2817 2322 2946 2393 quia
2977 2341 3123 2379 unus
3144 2326 3275 2381 dies
3328 2330 3485 2397 apud
3528 2327 3680 2381 Domi-

2092 2425 2244 2477 num,
2276 2410 2420 2466 sicut
2459 2412 2609 2467 mille
2652 2413 2806 2478 anni,
2842 2422 2899 2469 et
2927 2415 3073 2470 mille
3114 2418 3303 2482 anni,
3365 2419 3519 2474 sicut
3564 2437 3677 2473 aus

2089 2502 2229 2559 dies.
2253 2502 2374 2559 Non
2407 2506 2590 2560 tardat
2614 2505 2881 2563 Dominus
2910 2508 3362 2578 promissionem
3406 2528 3583 2580 suam,
3604 2518 3676 2568 sed

2091 2596 2363 2667 patienter
2382 2608 2666 2670 exspectat
2694 2609 2916 2671 propter
2941 2618 3060 2670 vos,
3086 2604 3297 2660 nolens
3325 2606 3553 2677 aliquos
3577 2624 3677 2678 per-

2091 2688 2203 2755 ire,
2228 2687 2326 2743 sed
2354 2704 2549 2771 omlnes
2592 2692 2659 2747 ad
2684 2694 3061 2762 paenitentiam
3092 2697 3312 2751 reverti
3342 2697 3419 2752 ".
3447 2698 3680 2754 Adveniet

2089 2792 2272 2839 autem
2303 2784 2422 2840 dies
2447 2784 2665 2840 Domini
2699 2795 2759 2841 ut
2790 2784 2914 2853 fur,
2943 2786 2997 2840 in
3024 2802 3134 2858 quo
3161 2788 3301 2843 caeli
3350 2806 3560 2859 magno
3596 2795 3679 2846 im-
3764 2784 3766 2861 ἰ

2088 2886 2214 2946 petu
2240 2877 2539 2943 transient;
2575 2877 2843 2933 elementa
2892 2893 3025 2933 vero
3070 2880 3269 2935 calore
3314 2884 3677 2939 solventur”.

2088 2968 2226 3024 Cum
2260 2968 2375 3023 haec
2402 2984 2532 3040 ergo
2559 2970 2745 3024 omnia
2771 2971 3119 3027 dissolvenda
3146 2972 3292 3041 sint,
3318 2978 3531 3045 quales
3548 2992 3680 3047 opor-

2092 3069 2165 3115 tet
2188 3076 2286 3116 vos
2317 3077 2438 3117 esse
2470 3063 2525 3116 in
2563 3064 2772 3119 sanctis
2793 3064 3333 3125 conversationibus
3380 3081 3446 3125 et
3489 3071 3680 3141 pietati1

2087 3154 2213 3222 bus,
2244 3164 2623 3225 exspectantes
2658 3166 2713 3212 et
2749 3169 3107 3228 properantes
3145 3161 3206 3214 in
3244 3162 3567 3219 adventum
3592 3165 3679 3219 diei

2088 3247 2206 3314 Dei,
2240 3264 2339 3318 per
2365 3264 2527 3319 quem
2561 3249 2685 3305 coeli
2708 3250 2966 3306 ardentes
2989 3252 3309 3319 solventur,
3340 3266 3405 3311 et
3432 3258 3681 3314 elementa
3764 3244 3766 3319 ί

2086 3341 2228 3412 ignis
2273 3342 2455 3397 calore
2504 3343 2823 3399 tabescent?
2850 3343 2960 3400 Nos
2991 3361 3120 3400 vero
3153 3349 3341 3403 caelos
3386 3366 3567 3406 novos
3588 3392 3604 3414 ,
3640 3362 3683 3405 et

2088 3443 2291 3515 terram
2317 3451 2535 3503 novam,
2570 3445 2623 3490 et
2658 3437 2928 3507 promissa
2961 3439 3135 3508 ipsius
3171 3455 3605 3512 exspectamus,
3638 3447 3683 3499 in

2086 3529 2518 3599 quibusjustitia
2549 3530 2821 3586 inhabitat
2850 3533 2917 3586 ⁷⁸.
2943 3532 3087 3589 Deus
3122 3544 3319 3591 autem
3359 3541 3559 3593 omnis
3578 3557 3685 3611 gra-

2085 3621 2195 3687 tiae,
2220 3621 2313 3690 qui
2336 3622 2551 3676 vocavit
2594 3636 2693 3677 vos
2742 3621 2798 3675 in
2845 3631 3103 3677 aeternam
3138 3641 3307 3679 suam
3346 3629 3610 3698 gloriam,
3640 3632 3683 3682 in

2085 3714 2305 3770 Christo
2328 3713 2455 3771 Jesu
2494 3716 2769 3771 modicum
2796 3732 3013 3787 passos,
3040 3718 3157 3788 ipse
3178 3725 3474 3789 perficiet,
3501 3730 3683 3780 contir-

2087 3809 2259 3864 mabit
2281 3818 2335 3863 et
2358 3809 2634 3864 solidabit.
2664 3807 2773 3879 Ipsi
2796 3811 2965 3881 gloria
2992 3822 3046 3866 et
3062 3813 3369 3884 imperium
3405 3819 3467 3872 in
3500 3819 3683 3874 secula

2088 3902 2437 3958 saeculorum.
2471 3903 2646 3955 Amen
2674 3902 2742 3958 ⁷⁷.
2784 3921 2802 3955 ›

2157 3996 2292 4050 Data
2321 4011 2356 4048 x
2387 3988 2655 4049 Kalendas
2679 3994 2882 4063 Martii,
2913 3995 3109 4067 Magno
3131 4008 3186 4053 et
3216 3998 3541 4059 Camerino
3567 4021 3683 4059 con.

2085 4089 2299 4144 sulibus
2329 4090 2396 4143 ⁷⁸.

912 4333 1030 4396 EX
1091 4330 1478 4393 DECRETIS
1513 4328 1831 4392 HYGlNll
1888 4328 2114 4389 PAPIE
2177 4324 2601 4387 SECUNDUM
2636 4322 3143 4383 GRATIANUM.

824 4484 1039 4540 Soboles
1067 4500 1132 4538 ex
1156 4482 1399 4539 secundis
1428 4483 1629 4553 nuptiis
1659 4480 1859 4542 aenita,
1888 4476 2291 4549 consanguineis
2322 4475 2514 4545 prioris
2534 4474 2633 4527 viri
2669 4470 2909 4537 copulari
2934 4485 3034 4522 non
3067 4468 3237 4522 debet.

466 4610 512 4641 "'
544 4607 601 4662 Si
639 4624 747 4679 qua
776 4609 974 4664 mulier
1010 4608 1289 4664 transierit
1312 4607 1380 4662 ad
1412 4605 1687 4662 secundas
1708 4605 1951 4675 nuptias,
1983 4612 2039 4658 et
2062 4617 2127 4657 ex
2164 4600 2244 4656 eis
2276 4599 2486 4669 prolem
2533 4594 2807 4659 habuerit,
2850 4594 2966 4663 ipsa
2997 4589 3180 4661 proles
3225 4605 3337 4645 non
3383 4601 3580 4661 potest
3626 4608 3675 4645 se

397 4706 659 4773 copulare
694 4705 1012 4777 cogitationi
1044 4705 1250 4776 prioris
1281 4704 1383 4759 viri
1407 4718 1584 4774 usque
1608 4703 1675 4757 ad
1706 4711 1955 4766 quartam
1984 4696 2416 4769 generationem.

1724 4841 1790 4880 Εἰ
1820 4837 2013 4880 EISDEI
2045 4834 2324 4876 DECRETIS.

1220 4940 1585 4995 Ecclesiarum
1613 4938 1937 4994 consecratio
1962 4937 2155 5006 absque
2180 4933 2342 4987 missa
2363 4931 2489 5001 ﬁeri.
2506 4944 2609 4983 non
2640 4927 2807 4981 debet.

479 5058 525 5093 ⁸⁸
549 5057 752 5114 Omnes
782 5060 1023 5114 basilica:
1045 5075 1169 5115 cum
1196 5060 1365 5115 missa
1399 5060 1601 5115 debent
1620 5074 1835 5129 semper
1868 5052 2200 5119 consecrari,
2241 5060 2296 5106 et
2326 5048 2576 5107 ecclesiae
2609 5046 2923 5102 destructaz.
2952 5041 3055 5098 Ubi
3090 5051 3271 5096 autem
3300 5040 3502 5125 plures
3530 5057 3661 5105 sunt.

450 5238 500 5297 9'
530 5237 663 5293 Luc.
685 5236 873 5299 vt,57;
904 5236 1094 5291 Mattn.
1114 5252 1210 5303 vu,
1235 5239 1258 5293 ‘l
1284 5256 1297 5303 ;
1323 5238 1480 5293 Rom.
1508 5253 1567 5291 ιι.

399 5326 523 5373 non,
563 5309 778 5375 legitur.
855 5308 898 5338 ε⁰
928 5306 1119 5362 Matth.
1149 5299 1248 5373 xit,
1279 5299 1381 5374 25;
1424 5309 1590 5362 Marc.
1614 5322 1695 5372 Ill,
1723 5307 1825 5373 24;
1862 5306 1993 5362 Luc.
2023 5324 2102 5372 si,
2135 5306 2219 5359 l7.
2302 5307 2342 5336 “
2380 5305 2437 5359 S.
2467 5303 2579 5357 Leo
2607 5299 2813 5375 ep.7_8'_7.

401 5381 446 5411 “
468 5395 572 5434 ms.
605 5377 854 5449 Higinus.
890 5377 1061 5432 llann.
1140 5381 1186 5411 “
1213 5382 1231 5433 l
1264 5381 1390 5434 Cor.
1424 5396 1522 5443 vn,
1558 5378 1612 5433 4.
1691 5380 1734 5409 ⁸⁸
1764 5378 1809 5430 Il
1838 5377 1963 5432 Cor.
1993 5393 2067 5449 vt,
2091 5377 2178 5430 14.
2208 5448 2211 5449 ν
2261 5377 2306 5449 δέ
2334 5377 2499 5449 Ibid._,
2528 5377 2614 5449 l_6.
2662 5377 2735 5449 _"
2768 5377 2988 5449 “ﬁetu
3023 5382 3065 5448 ιι

1642 5450 1685 5483 ”
1718 5449 1773 5513 5,
1807 5459 1968 5517 (ιυξιξδι

1642 5537 1666 5562 n
1768 5522 1810 5550 71
1840 5521 1968 5562 imm

2132 5448 2302 5501 Alieni
2326 5462 2434 5501 err.
2464 5438 2528 5500 Et
2555 5447 2609 5498 in
2646 5443 2796 5499 decr.
2827 5438 3070 5509 Dionysii
3101 5452 3280 5562 papae,
3322 5447 3377 5494 et
3417 5441 3487 5494 in
3512 5442 3651 5495 decr.

2138 5519 2208 5562 im
2237 5527 2291 5562 pi.
2315 5533 2415 5562 me,
2497 5518 2541 5549 τ’
2565 5531 2650 5562 eos
2678 5513 2859 5562 utiaue
2880 5522 2976 5562 mo
2997 5509 3096 5562 levi
3136 5526 3194 5562 κδ
3218 5511 3394 5562 culpis
3407 5514 3647 5562 naias.

1768 5509 2111 5588 “impedire,
2138 5519 2210 5572 ita
2237 5527 2291 5573 et
2315 5533 2417 5588 ms.
2497 5518 2541 5549 ⁷¹
2565 5531 2650 5569 eos
2674 5513 2976 5588 utiquopl'o
2997 5509 3096 5563 1ευὶ

437 5450 617 5504 olatis.
688 5448 691 5449 ⁷
731 5449 774 5480 ⁸⁸
809 5448 1087 5503 luxuriosa
1115 5453 1527 5506 conversatione.

434 5520 550 5575 ulii.
658 5520 706 5552 τ’
732 5535 837 5575 ms.
864 5521 1188 5585 societatem,
1214 5521 1291 5576 vel
1317 5540 1346 5575 a
1380 5522 1484 5576 sui.
1518 5519 1690 5575 HARD.

400 5586 446 5621 ’³
471 5591 519 5643 ιι
546 5589 674 5645 Cor.
707 5607 806 5655 vn,
845 5590 894 5642 l.

403 5660 587 5729 itidem
620 5660 880 5729 temporis
904 5660 1201 5721 adnotatio.

402 5728 460 5785 in
488 5728 641 5785 Decr.
673 5728 822 5785 lvOn.
856 5731 949 5785 lib.
978 5747 1038 5786 ιι.

970 5590 1017 5622 ⁷⁵
1052 5592 1097 5643 ll
1126 5590 1271 5649 Petr.
1301 5610 1380 5659 ιιι,
1403 5593 1456 5657 8,
1487 5592 1540 5647 9.
1616 5592 1705 5644 ⁷³1
1734 5587 1930 5644 Thess.

2201 5590 2246 5622 ’³⁸
2272 5590 2318 5643 ll
2340 5587 2489 5659 Petr.
2516 5603 2598 5653 ιιι,
2628 5587 2716 5640 Η.

1308 5666 1351 5698 ⁷⁸
1376 5665 1466 5731 35,
1497 5680 1552 5744 ει.
1586 5662 1686 5718 1οι
1718 5661 1777 5717 Si
1805 5678 1907 5732 qua
1930 5660 2146 5735 mulier.

1645 5235 1690 5268 '9
1720 5235 1864 5289 Idem
1884 5234 2164 5292 Ennodius
2182 5228 2335 5299 Apol.
2367 5244 2461 5297 pro
2490 5227 2802 5296 Symmacho
2823 5225 3081 5299 extremis
3104 5227 3309 5293 verbis,
3337 5244 3390 5297 p.
3420 5228 3559 5287 355.
3580 5227 3659 5281 ubi

2932 5298 2975 5329 ⁶¹
3008 5296 3147 5351 falsa
3173 5296 3480 5355 consulum
3520 5308 3651 5353 nota.

2261 5377 2306 5409 “
2334 5375 2497 5439 Ibid.,
2528 5375 2614 5428 l6.
2643 5366 2657 5371 ’
2693 5372 2735 5402 ⁸⁷
2767 5366 2988 5439 llPetr.
3023 5382 3084 5439 ιι,
3120 5369 3466 5437 quibusdam
3500 5372 3656 5424 inter-

3170 5527 3194 5562 s
3218 5511 3394 5579 culpis
3406 5514 3647 5579 patrias.

2793 5581 2875 5632 "l
2903 5578 3051 5634 Petr.
3078 5580 3247 5643 v.10,
3278 5578 3366 5634 il.
3448 5582 3497 5613 τ’
3530 5583 3647 5633 falsa

2257 5660 2304 5693 ⁸ο
2334 5658 2413 5715 De
2438 5650 2670 5715 consecr.
2704 5651 2944 5709 distinct.
2971 5650 3033 5706 ιε
3067 5651 3266 5707 Omnes
3295 5651 3562 5707 basilice.
3590 5650 3646 5703 ει
