3802 6210
116 241 229 302 ’ωδ
1171 241 1330 298 PIUS
1365 241 1386 296 I
1420 240 1623 297 PAPA.
1661 271 1732 283 -—
1767 237 2305 299 PROLEGOMENA.
3230 253 3369 311 1091

117 369 257 425 quam
286 369 520 411 necesse
549 356 640 421 sit,
666 364 760 411 aut
782 356 1010 426 majoris
1038 357 1430 429 magnitudinis
1453 372 1619 428 quam
1652 371 1721 412 ex
1751 356 1917 413 rebus
1950 357 2017 412 ad
2044 374 2139 415 eas
2164 360 2564 429 pertinentibus
2598 364 2901 419 restaurari
2932 367 3190 437 possint,
3236 372 3360 440 epi—

116 447 245 517 scopi
274 447 627 516 providentia
655 448 850 504 modus
882 449 1213 518 inveniatur,
1246 449 1479 520 qualiter
1507 449 1817 504 consistere
1843 450 2063 519 possint
2097 460 2194 505 aut
2224 455 2546 509 restaurari.

1404 579 1473 617 EX
1521 577 1717 617 EISDEII
1749 576 2030 618 DECRETIB.

697 674 828 739 Quae
852 673 1075 729 ecclesia
1102 684 1179 729 est
1206 676 1398 729 iterum
1424 680 1802 744 consecranda,
1829 686 1880 731 et
1910 676 2114 732 salibus
2150 687 2357 732 tantum
2383 681 2758 739 exorcizanda.

172 790 208 821 ⁶¹
238 787 297 842 Si
335 796 553 842 motum
592 788 755 844 fuerit
798 790 1004 852 altare,
1045 790 1225 845 denuo
1277 799 1632 846 consecretur
1685 792 1939 847 ecclesia.
1973 790 2030 846 Si
2058 800 2269 847 tantum
2304 794 2543 863 parietes
2576 807 2883 865 mutantur,
2911 808 2966 854 et
3011 815 3124 855 non
3166 802 3361 870 altare,

113 880 307 935 salibus
338 886 562 935 tantum
594 882 957 939 exorcizetur.
989 883 1047 938 Si
1083 881 1381 938 homicidio
1414 883 1497 937 vel
1527 883 1796 939 adulterio
1818 883 2051 939 ecclesia
2082 884 2283 940 violata
2313 884 2501 954 fuerit,
2537 888 2960 961 diligentissime
2998 901 3359 963 expurgetur,

110 982 155 1025 ct
175 972 353 1027 denuo
378 983 759 1029 consecretur.

1564 1062 1636 1101 EX
1668 1061 1884 1104 EISDEM.

843 1153 913 1212 In
932 1173 1060 1212 usus
1085 1156 1346 1211 laicorum
1370 1173 1473 1211 non
1493 1158 1613 1211 licet
1648 1159 1876 1213 converti
1898 1158 2045 1230 ligna
2088 1160 2323 1217 ecclesia:
2348 1162 2615 1219 dedicata.

168 1270 208 1303 ⁸³
242 1270 419 1341 Ligna
461 1273 706 1328 ecclesia:
763 1274 1043 1341 dedicata,
1096 1289 1206 1328 non
1243 1272 1443 1329 debent
1490 1273 1556 1329 ad
1615 1273 1763 1329 aliud
1820 1290 1960 1343 opus
2007 1274 2196 1347 iungi,
2244 1278 2350 1333 nisi
2396 1279 2466 1334 ad
2512 1279 2678 1334 aliam
2727 1282 3061 1347 ecclesiam,
3110 1283 3195 1339 vel
3244 1284 3358 1355 igni

112 1372 226 1418 sunt
280 1365 658 1421 comburenda
688 1404 703 1431 ,
753 1365 838 1420 vel
883 1365 950 1419 ad
994 1366 1300 1437 profectum
1340 1366 1398 1419 in
1435 1365 1774 1421 monasterio
1819 1365 2103 1424 fratribus.
2154 1368 2213 1423 ln
2259 1370 2526 1425 laicorum
2571 1388 2704 1427 vero
2755 1390 2916 1430 usum
2995 1390 3108 1431 non
3159 1376 3361 1433 debent

109 1460 329 1515 admitti.

1528 1547 1593 1587 EI
1623 1549 1836 1589 EISDEM.

566 1646 896 1704 Necessitate
923 1660 1154 1720 cogente,
1179 1649 1236 1703 in
1256 1648 1570 1703 catechismo
1607 1657 1658 1702 et
1682 1650 2084 1718 conﬁrmatione
2113 1651 2249 1706 idem
2281 1662 2550 1724 compater
2572 1671 2683 1711 esse
2699 1667 2891 1726 potest.

170 1750 211 1795 ⁸⁵
244 1763 304 1818 In
336 1765 684 1822 catechismo
710 1774 764 1821 et
787 1765 841 1819 in
875 1764 1150 1835 baptismo
1180 1772 1233 1818 et
1260 1764 1313 1819 in
1342 1763 1760 1820 conﬁrmatione
1782 1780 1926 1818 unus
1954 1765 2205 1834 patrinus
2232 1766 2350 1823 ﬁeri
2377 1778 2582 1838 potest,
2614 1771 2662 1825 si
2697 1772 2999 1830 necessitas
3030 1783 3209 1846 cogat.
3230 1773 3354 1830 Non

110 1868 390 1915 esttamen
428 1860 777 1916 consuetudo
808 1858 1077 1925 Romana,
1104 1858 1197 1914 sed
1227 1874 1323 1930 per
1339 1858 1584 1929 singulos
1610 1857 1812 1928 singuli
1841 1858 2170 1928 suscipiunt.

168 1997 206 2073 ⁸]
240 1995 312 2051 De
341 2013 591 2073 consecr.
617 1998 838 2073 distinct
863 1998 887 2052 1
914 2016 936 2073 :_
964 1995 1023 2051 Si
1070 2005 1292 2073 motam.
1322 1996 1405 2073 Et
1427 1998 1480 2073 in
1526 1997 1681 2073 D_ecr.
1722 1999 1800 2073 Iv.
1974 2012 2032 2051 ll.
2128 1997 2173 2028 ⁸²
2208 1996 2282 2051 De
2333 2014 2567 2056 consecr.
2591 2000 2719 2056 dist.
2758 2003 2824 2057 I:
2868 2002 3040 2073 Ligna
3088 2005 3345 2060 ecclesia.

108 2064 145 2096 ⁸³
166 2065 239 2120 De
263 2084 501 2123 consecr.
539 2069 784 2125 distinct.
808 2069 875 2123 ιε
905 2067 972 2121 In
1000 2068 1333 2123 catechismo.
1364 2067 1429 2121 Et
1452 2068 1507 2122 in
1540 2067 1697 2121 Decr.
1724 2068 1802 2120 Iv.
1829 2068 1922 2121 lib.
1953 2083 1992 2121 ι.

123 2251 3340 2295 Μ

529 2282 970 2292 _———————

1090 2431 1518 2590 PlUS
1627 2437 1699 2587 Ι
1806 2427 2301 2589 ΡΑΡΑ

1481 2778 1996 2873 NOTITIA

109 2980 196 3045 (Ex
227 2981 379 3032 Libro
402 2979 678 3043 pontiﬁcali
698 2932 895 3028 Damasi
915 2990 1078 3049 papae,
1101 2989 1180 3049 ap.
1216 2975 1389 3049 Mans},
1404 2974 1603 3049 ponat,
1622 2973 1674 3049 1,-
1820 3001 1887 3049 τ-
1909 2973 2428 3049 quas'lectioue’set
2441 2979 2592 3049 potas
2614 2975 2666 3025 in
2688 2975 2820 3026 hunc
2841 2976 3005 3027 locum
3027 2976 3161 3029 Libri
3184 2980 3355 3042 ponti-

1012 3033 1169 3088 ﬁcalis
1191 3038 1303 3088 vide
1322 3034 1623 3099 Patrotogia:
1648 3033 1829 3087 Latina:
1853 3043 1890 3085 t.
1916 3033 2146 3097 CXXVII,
2170 3036 2266 3086 col.
2292 3034 2458 3099 I2l3.)

181 3260 577 3323 Pi'us'it'a'tione
616 3258 893 3332 ltalusfex
924 3275 1081 3336 patre
1112 3264 1331 3327 Ruﬁno,
1366 3264 1534 3319 frater
1562 3262 1829 3336 Pastoris,
1860 3264 1928 3336 de
1976 3263 2195 3336 civitate
2234 3262 2506 3336 Aquileia,
2549 3263 2692 3336 sedit
2726 3280 2902 3336 annos
2943 3261 3359 3336 novemdecim.

106 3352 319 3394 menses
351 3349 618 3407 quatuor,
650 3338 767 3392 dies
798 3334 939 3407 tres.
968 3336 1094 3391 Fuit
1127 3345 1308 3390 autem
1343 3335 1684 3407 temporibus
1729 3334 1994 3407 Antonini
2025 3334 2131 3399 Pii,
2163 3350 2193 3389 a
2238 3335 2523 3389 consulatu
2544 3334 2695 3407 Clari
2720 3345 2774 3390 et
2801 3334 3157 3407 Severi,Sub
3186 3335 3359 3407 hujus

107 3404 425 3479 episcopatu
460 3408 633 3479 frater
660 3408 834 3477 ipsius
864 3406 1105 3479 Hermes
1123 3407 1322 3479 librum
1349 3405 1570 3479 scripsit
1599 3405 1736 3475 (26),
1772 3406 1827 3479 in
1874 3420 1984 3473 quo
2028 3407 2346 3479 mandatth
2406 3406 2737 3479 continetur,
2789 3406 2936 3479 _qu_od
2990 3406 3038 3479 ei
3095 3404 3357 3474 praecepit“

107 3473 328 3549 angelus
352 3478 597 3549 Domini,
629 3473 752 3532 cum
783 3478 997 3531 veniret
1040 3476 1109 3549 ad
1152 3492 1275 3530 eum
1310 3476 1583 3549 in_habitu
1610 3473 1873 3549 pastoris,
1891 3484 1965 3549 Aut
1989 3485 2239 3549 sanctum
2272 3474 2487 3549 Pascha
2519 3474 2631 3549 ὼε
2646 3473 2929 3549 Dominica
2959 3473 3347 3549 celebraretur.

110 3543 204 3604 llic
236 3549 548 3611 constituit,
584 3548 900 3602 bareticum
934 3546 1241 3601 venientem
1268 3561 1332 3599 ex
1360 3543 1675 3600 Iudaeorum
1713 3545 1931 3617 literesi,
1953 3546 2157 3617 suscipi
2184 3555 2238 3599 et
2258 3545 2557 3617 baptizari.
2590 3543 2659 3617 Et
2683 3546 3044 3601 constitutum
3074 3548 3141 3601 de
3164 3545 3353 3617 Ecclef

109 3619 183 3672 sia
212 3618 361 3675 fecit.
381 3618 485 3672 Hic
513 3618 641 3673 fecit
664 3618 1039 3672 ordinationes
1058 3619 1299 3686 quinque
1330 3631 1425 3684 per
1453 3630 1695 3686 mensem
1724 3612 2475 3686 Decembrem,'presbyteros
2503 3615 2832 3682 octodecim,
2862 3616 3130 3672 diaconos
3158 3612 3358 3684 viginti-

108 3704 297 3751 unum,
327 3690 625 3759 episcopos
652 3703 749 3759 per
767 3688 981 3759 diversa
1004 3685 1124 3759 loca
1149 3685 1463 3759 duodecim.
1498 3685 1604 3759 Qui
1641 3686 1805 3740 etiam
1848 3687 2091 3755 sepultus
2126 3685 2212 3741 est
2250 3685 2407 3755 juxta
2445 3699 2647 3755 corpus
2680 3686 2742 3740 B.
2790 3686 2938 3741 Petri
2977 3687 3035 3743 in
3064 3687 3355 3743 Vaticano.

108 3760 295 3827 quinto
327 3755 456 3814 Idus
484 3755 731 3813 Julii.’Et
759 3758 992 3813 cessavit
1024 3758 1371 3827 episcopatus
1395 3756 1513 3811 dies
1538 3755 1625 3811 14.

1301 4135 2246 4258 DISSERTATIO

552 4348 701 4437 DE
772 4348 1060 4442 VITA
1128 4348 1283 4438 ET
1354 4349 1894 4441 SCRIPTIS
1962 4349 2045 4439 S.
2131 4350 2298 4437 PII
2378 4350 2414 4437 Ι
2492 4350 2867 4439 PAPJE.

530 4538 818 4602 ίϐιιιιιω..
855 4540 966 4592 Yet.
991 4540 1135 4589 Patr.
1171 4536 1422 4603 Biblioth,
1444 4545 1482 4592 t.
1515 4540 1554 4604 Ι,
1588 4539 1788 4599 VeneL,
1811 4538 1953 4593 I765.
1984 4541 2031 4590 tu

1407 4577 1422 4603 ,
1444 4545 1482 4592 ι.
1515 4540 1554 4604 Ι,
1588 4539 1788 4599 VeneL,
1811 4538 1953 4593 I765.
1984 4538 2172 4602 ιιι-τοι,
2199 4549 2264 4588 ex
2286 4537 2546 4587 Fontanini
2569 4535 2694 4586 Hist.
2719 4535 2906 4602 Aquit.)

1455 4857 2054 4949 SYNOPSIS.

1563 5031 1805 5089 SECTIO
1841 5033 1883 5089 I.

174 5178 221 5237 ι.
253 5171 484 5229 Sanctus
518 5169 662 5224 Pius
682 5168 715 5223 I
767 5170 820 5223 in
847 5168 1112 5225 Cathedra
1141 5168 1379 5225 Romana
1419 5172 1555 5225 sedit
1582 5172 1763 5225 statim
1788 5170 1851 5224 ab
1877 5168 2112 5240 Hygino,
2141 5179 2264 5225 ante
2286 5178 2335 5225 et
2369 5185 2471 5225 non
2507 5178 2622 5240 post
2664 5169 2955 5225 Anicetum.

180 5245 242 5298 ll.
274 5243 529 5309 Quandiu
560 5243 619 5294 in
643 5241 953 5311 pontiﬁcatu
982 5242 1192 5296 vixerit.

1565 5332 1809 5391 SECTIO
1844 5336 1909 5403 II,

411 5449 625 5575 ξιιέιᾳὺαῗ
657 5448 715 5507 S.
745 5449 834 5505 Pii
857 5449 1098 5518 epistolis
1131 5450 1200 5505 ad
1239 5449 1454 5504 Iustum
1499 5448 1842 5505 Viennensem
1866 5449 2184 5520 episcopum.
2226 5445 2401 5502 Variw
2438 5447 2655 5503 illarum
2685 5446 2962 5502 editiones.
3001 5440 3156 5501 Prior
3180 5447 3350 5501 eidem
3386 5484 3389 5489 -

183 5540 209 5574 n
240 5540 254 5574 ι
298 5540 347 5576 ει
372 5539 423 5576 vi
503 5537 589 5575 ica
614 5537 696 5573 ur.

102 5536 209 5574 9οη
218 5536 347 5576 ιιηει
372 5536 696 5576 υιηαιεαωγ.

181 5636 289 5712 (26)
326 5638 460 5695 Vide
489 5636 882 5709 Prolegomena
906 5638 971 5694 ad
1002 5636 1215 5694 Hermae
1244 5637 1520 5694 Pastorem
1544 5678 1559 5709 ,
1588 5638 1911 5709 Patrologiw
1936 5633 2128 5691 (ἔνιπτε
2148 5644 2186 5693 t.
2226 5634 2291 5692 ll.
2318 5633 2467 5690 Ευιτ.
