3802 6210
122 248 243 316 1091

1485 262 2021 319 PROLEGOMENA.

3231 269 3365 324 1093

120 379 304 451 glexit;
334 376 473 451 aiias
514 376 595 431 Pii
628 377 867 451 defuncti
909 377 1144 433 decimus
1180 378 1433 451 Pontifex
1461 396 1683 436 succes-
1717 383 1757 439 A
1790 379 1981 435 ﬁcatus
2007 378 2317 451 deﬁniendo
2349 379 2449 434 sibi
2474 393 2595 451 (non
2631 386 2903 451 constant.
2949 379 3086 445 ldrm
3129 383 3360 439 (111⁸611111-

120 449 221 509 sor.
255 464 361 502 non
397 449 682 514 decessor,
718 449 978 504 Anicetus
1010 451 1189 504 statim
1227 450 1303 502 illi
1331 452 1681 506 occurrisset.

187 539 205 571 ι
234 518 388 572 Hunc
423 520 680 573 eumdem
711 535 874 589 quem
908 520 1241 590 digessimus
1277 521 1550 590 ordinem,
1604 532 1685 575 te-

122 596 222 662 stes
266 590 506 658 aequales
542 591 906 662 undcqnaque
938 589 1287 662 conﬁrmant.
1330 589 1464 643 Nam
1517 591 1686 662 Hege—

120 660 294 729 sippus
324 661 668 729 temporibus
698 661 1012 729 apostolicis
1052 661 1340 730 proximus
1361 702 1375 722 ,
1408 662 1476 716 de
1509 680 1567 716 se
1602 660 1681 715 ita

118 731 344 803 loquitur
365 732 443 803 (1)
474 750 487 783 :
518 730 815 803 Γενόμενος
830 731 975 803 δὲηὲν
1009 731 1193 803 Ῥώμῃ
1222 732 1474 803 ριαδοχὴν
1501 736 1686 803 ἐποιη-

119 792 281 870 σάμην
313 792 508 872 μέχρις
541 792 841 872 Ἀνιὶεήτοὺ,
869 794 929 854 οὗ
958 792 1203 864 διάκοῦόξ
1231 799 1300 872 ἦν
1338 792 1678 869 Ἐλεύθεροέ·

116 872 198 944 καὶ
222 872 675 944 παρᾲ-’Λνικήτου
703 872 1007 943 διαδέχεται
1036 873 1247 944 Σωτὴρ,
1284 873 1403 944 μεθ’
1427 873 1682 926 ὃνἘλεύ-

117 940 312 1013 θεροςς
343 940 502 1013 Hunc
560 940 742 997 locum
801 940 883 998 sic
946 944 1107 997 vertit
1152 940 1394 998 Joannes
1451 943 1682 999 Pearso-

116 1011 227 1067 nius
255 1011 572 1084 (2):Roma:
606 1028 724 1067 vero
754 1030 873 1067 cum
916 1030 1124 1084 essem,_
1137 1016 1515 1068 successionem
1548 1032 1685 1068 com-

113 1084 247 1150 posui
267 1098 431 1151 usque
460 1083 533 1135 ad
563 1085 861 1146 Anicetum,
905 1084 1055 1152 cujus
1079 1083 1336 1137 diaconus
1363 1094 1478 1138 erat
1516 1086 1682 1139 Elea--

116 1154 304 1226 (herus;
325 1165 374 1207 et
399 1154 625 1208 Aniceto
653 1156 904 1208 successit
936 1154 1111 1221 Soter,
1133 1164 1252 1223 post
1272 1172 1424 1226 quem
1442 1155 1682 1211 Eleuthe-

113 1240 214 1294 [111.
252 1222 381 1277 Pius
425 1240 564 1292 ergo
626 1227 931 1294 prtecessit,
980 1242 1089 1278 non
1134 1222 1393 1280 successit
1430 1227 1676 1282 Aniceto.

112 1291 362 1367 Eusebius
387 1310 454 1349 ex
491 1291 696 1367 Irenaeo
722 1298 837 1351 haec
869 1297 935 1350 de
956 1295 1249 1351 Valentino
1266 1296 1526 1351 haeretico
1552 1312 1681 1367 pro-

110 1364 289 1437 tulerat
319 1366 423 1434 (3),
456 1366 763 1421 secundum
804 1367 1307 1437 interpretationem
1340 1367 1517 1421 Ruﬁni
1552 1364 1679 1437 qua:

222 1450 327 1516 prae
357 1438 726 1516 aliis-arridet
754 1453 768 1489 :
812 1434 1123 1516 Valentinus
1166 1438 1305 1516 genit
1336 1434 1677 1516 Romam'sub

110 1502 319 1573 Hygino.
350 1507 595 1560 lnvaluit
621 1517 795 1559 autem
821 1508 1140 1576 temporibus
1167 1508 1250 1562 Ptt
1269 1549 1284 1573 ,
1318 1518 1366 1561 et
1397 1509 1466 1562 ad
1494 1510 1679 1562 Anice-

109 1585 205 1647 tum
236 1593 395 1647 usque
426 1578 669 1631 duravit.
700 1577 766 1630 Et
795 1588 919 1647 post
946 1579 1051 1632 alia
1095 1596 1107 1631 :
1142 1577 1271 1635 Plus
1303 1595 1419 1632 vero
1454 1580 1507 1632 in
1549 1578 1677 1633 urbe

108 1642 253 1699 Roma
280 1642 589 1719 quindecim
613 1642 845 1719 annisdin
870 1650 1164 1703 sacerdotio
1189 1650 1428 1719 expletis,
1456 1650 1677 1703 Aniceto

104 1726 206 1791 post
234 1718 467 1791 tradidit
517 1719 712 1791 sedem.
748 1717 916 1791 Cujus
968 1719 1097 1788 (Pu)
1133 1717 1448 1788 temporibus
1502 1719 1675 1791 Hege-

103 1786 264 1859 sippus
294 1790 461 1859 refert
488 1786 833 1857 semetipsum
853 1786 1087 1842 Romam
1104 1786 1322 1856 venisse,
1352 1800 1401 1843 et
1423 1786 1670 1859 perman-

105 1856 218 1930 s_isse
246 1858 377 1930 inibi
405 1875 575 1930 usque
605 1856 681 1912 ad
707 1859 1067 1930 Eleutherum.
1131 1859 1342 1914 Hursus
1374 1856 1513 1930 inira
1544 1860 1621 1928 (4)
1650 1878 1663 1914 :

108 1923 222 1979 Tum
253 1923 529 1999 Hyginus,
572 1930 760 1982 deinde
787 1928 937 1996 Pius,
970 1939 1086 1999 post
1130 1931 1379 1983 Anicetus
1414 1927 1508 1982 illo
1548 1923 1665 1983 inu-

103 2012 206 2071 nere
234 1998 565 2071 potiebatur.
605 1999 677 2053 Ex
714 1999 796 2053 his
833 1998 1104 2071 Hyginum
1134 2000 1275 2055 inter
1298 2010 1351 2055 et
1374 2001 1665 2055 Anicetum

104 2067 149 2118 in
171 2069 428 2141 cathedra
469 2071 769 2141 pontiﬁcali
802 2067 1009 2126 sedisse
1058 2072 1210 2124 l’ium
1244 2071 1615 2140 conspicimus
1649 2090 1662 2125 :

99 2140 448 2210 eamdemque
472 2140 673 2196 seriem
706 2141 847 2209 apud
875 2156 1068 2196 omnes
1098 2140 1321 2196 Graecos
1357 2142 1541 2196 haberi
1584 2141 1663 2195 fa-

98 2215 224 2263 tetur
244 2212 417 2282 etiam
445 2210 781 2282 Pearsonius
808 2211 912 2282 (5).
936 2210 1080 2266 ldem
1125 2222 1341 2282 constat
1369 2228 1433 2265 ex
1468 2211 1662 2266 subse—

98 2280 379 2352 quentibus
410 2281 597 2336 verbis
624 2279 824 2335 Irenaei
847 2279 923 2352 (6)
952 2299 965 2334 :
989 2282 1227 2350 deinceps
1257 2279 1519 2352 Hyginus,
1544 2290 1665 2351 post

95 2346 228 2411 Pius,
256 2363 381 2419 post
397 2368 557 2422 quem
578 2346 1022 2406 Anicetusflilem
1050 2346 1214 2406 etiam
1236 2346 1427 2407 cx'ﬁ'ne
1451 2346 1571 2405 libri
1601 2368 1662 2406 ιιι

96 2427 341 2485 poematis
393 2421 451 2477 in
504 2421 873 2492 Marcionem;
907 2424 1053 2492 quod
1090 2423 1193 2477 viri
1227 2424 1368 2477 docti
1399 2423 1511 2491 jam
1547 2438 1663 2476 me—

95 2492 295 2563 morati,
333 2495 476 2563 quin
511 2494 583 2547 sit
633 2491 979 2563 Tertulliani,
1025 2508 1138 2547 non
1168 2494 1470 2563 ambigunt.
1511 2492 1663 2547 lianc

93 2561 319 2634 eamdem
354 2560 691 2619 sententiam
722 2562 875 2617 fulcit
906 2565 1206 2634 auctoritas
1242 2560 1527 2633 Epiphanii
1560 2563 1659 2634 (7),

96 2628 327 2705 Prosperi
363 2635 419 2688 in
452 2634 735 2705 Chronico
760 2634 906 2705 apud,
926 2633 1215 2705 (Labbeum
1243 2628 1431 2705 (8'),—et
1456 2628 1663 2690 utrius;

91 2702 568 2787 queulj‘icephori,
619 2702 829 2787 Callisti
1002 2714 1059 2787 et
1096 2702 1660 2787 Cortstantipopolita-

90 2773 135 2824 ni
181 2774 311 2845 (10).
348 2773 465 2830 Nec
520 2786 666 2830 certe
713 2773 968 2845 dissentit
1022 2773 1319 2845 Catalogus
1366 2774 1657 2830 Bucheria-

88 2857 181 2917 nus
198 2845 239 2912 (l
256 2844 338 2917 1):
362 2847 416 2899 in
442 2861 555 2916 quo
581 2856 760 2899 tamen
778 2854 903 2915 post
920 2844 1098 2917 Pium,
1123 2844 1257 2917 vitio
1279 2846 1481 2899 codicis
1504 2847 1661 2903 abest

90 2912 359 2980 Anicetus,
394 2912 645 2970 solerem
690 2912 833 2970 inter
874 2926 928 2971 et
958 2915 1149 2981 Pium,
1189 2916 1310 2971 loco
1362 2930 1535 2969 vacuo
1569 2933 1653 2971 re-

89 2982 222 3039 licto.
250 2986 503 3056 Denique
528 2986 984 3056 concinitduplex
1013 2986 1289 3041 lndiculus
1315 2986 1659 3041 Mabillonia-

86 3068 178 3130 nus
200 3074 214 3130 ξ
240 3067 298 3130 ut
316 3057 442 3130 jam
462 3058 660 3130 plane,
682 3058 860 3125 inquit
889 3058 1174 3130 nobiscum
1206 3056 1476 3130 Baronius
1515 3058 1652 3130 (12),

1793 459 1879 504 tur
1908 451 1959 522 in
1985 451 2216 522 vetustis
2239 448 2983 522 01113103118711811501711‘111111115
3012 452 3143 522 (21),
3171 452 3361 508 Schrl-

1790 519 2071 595 stratianis
2105 520 2237 595 (22),
2274 520 2674 595 lliabillonianis
2708 520 2817 591 (23)
2854 531 2904 595 et
2933 519 3192 595 _I‘agianis
3222 524 3357 595 (2i).

1790 590 2357 665 {anastasiusmetiatu
2387 591 2467 644 vel
2522 590 2812 665 Damasus,
2865 591 2983 665 ddo
3028 590 3359 665 Hoswe'ydi,

1791 659 2075 715 Usuardus
2123 660 2448 715 Florentius:
2490 662 2745 731 editionis
2794 669 2847 715 et
2882 661 3149 717 Martinus
3199 659 3363 717 Polo-

1789 748 1892 787 nus
1934 732 2073 802 (25),
2107 733 2288 799 plures
2323 742 2415 785 aut
2442 732 2731 800 pauciores
2761 748 2937 786 annos
2983 732 3082 787 Pio
3117 735 3360 802 pontiﬁci

1787 803 2053 872 tribuunt.
2102 802 2185 855 Ab
2226 803 2311 856 bis
2355 803 2610 855 omnibus
2656 816 2817 872 quam
2874 803 3193 872 longissime
3227 806 3363 862 abiit

1786 871 2115 928 Pearsonius
2149 871 2285 943 (26),
2329 873 2421 942 qui
2455 887 2621 925 unum
2669 871 2993 942 Eulycbinm
3035 874 3362 930 Alexandri-

1788 959 1917 997 num
1957 944 2140 998 saeculi
2191 943 2390 997 decimi
2431 943 2751 1010 scriptorem
2790 944 3001 998 cmteris
3029 960 3361 1001 monumen-

1786 1014 1855 1069 tis
1896 1013 2210 1084 prmferens,
2246 1013 2416 1084 Pium;
2448 1012 2668 1084 tradidit
2700 1011 3001 1084 Romanam
3036 1016 3351 1071 cathedram

1784 1082 2092 1154 implevisse
2115 1085 2184 1137 ab
2215 1099 2362 1138 anno
2393 1082 2609 1154 Domini
2641 1083 2743 1136 127
2791 1084 2856 1137 ad
2897 1100 3101 1137 annum
3144 1085 3274 1152 142,
3305 1100 3360 1141 et

1784 1153 1911 1209 licet
1940 1156 2260 1225 scriptores
2292 1154 2501 1223 antiqui
2535 1153 2602 1205 ad
2631 1169 2799 1207 unum
2841 1168 3031 1209 omnes
3059 1156 3163 1211 sub
3192 1161 3357 1210 Anto-

1782 1226 1907 1279 nino
1938 1224 2094 1280 Piuni
2146 1225 2410 1279 claruisse
2441 1233 2739 1289 testentur,
2779 1225 2892 1293 ipse
2926 1233 3106 1278 tamen
3144 1243 3210 1280 ex
3254 1244 3357 1283 suo

1782 1297 1876 1349 illo
1909 1295 2179 1366 Eutychio
2206 1295 2362 1348 Pium
2390 1304 2539 1366 retro
2561 1296 2629 1348 ad
2658 1294 2947 1366 imperium
2973 1293 3238 1350 Hadriani
3263 1300 3357 1353 dc-

1782 1368 1967 1431 trusit,
1998 1364 2255 1421 universa
2287 1364 2532 1435 profecto
2557 1365 2881 1434 antiquitate
2912 1368 3262 1422 reclamante.

1858 1456 1875 1488 ι
1910 1437 1988 1490 Ex
2034 1437 2138 1491 hoc
2182 1437 2507 1506 opinionum
2555 1436 2784 1490 dissidio
2836 1435 2969 1489 nihil
3012 1438 3146 1490 certi
3196 1439 3357 1495 educi

1779 1517 1980 1576 potest,
2017 1523 2143 1561 cum
2176 1505 2387 1575 antiqui
2432 1505 2677 1576 Catalogi
2724 1506 3077 1560 librariorum
3126 1508 3356 1563 arbitrio

1780 1579 1926 1633 aucti
1960 1588 2014 1631 et
2044 1578 2314 1632 immutati
2350 1576 2575 1631 fuerint.
2622 1576 2735 1646 Ego
2767 1584 2947 1630 tamen
2977 1577 3101 1631 dum
3147 1577 3227 1631 Pii
3253 1595 3355 1633 an-

1779 1663 1883 1702 nos
1909 1648 2001 1701 alii
2029 1657 2249 1717 augent,
2281 1648 2372 1701 alii
2408 1637 3009 1717 ininuuttt:Liviattu111
3038 1648 3168 1702 illud
3200 1665 3354 1703 reco~

1777 1720 1887 1787 gito
1935 1719 2047 1787 (27)
2076 1738 2089 1772 :
2120 1717 2178 1772 Si
2210 1718 2473 1788 aliquibus
2505 1718 2753 1771 assentiri
2788 1733 2993 1770 necesse
3031 1728 3130 1782 est,
3181 1721 3353 1774 media

1773 1788 2053 1842 simillima
2080 1791 2184 1842 reri
2212 1800 2357 1842 sunt.
2393 1788 2574 1852 Quare
2612 1789 2664 1841 in
2694 1804 2758 1841 ea
2793 1804 2913 1841 sum
2944 1791 3212 1843 sententia
3236 1828 3251 1855 ,
3296 1801 3356 1843 nt

1773 1859 1966 1929 religio
2009 1860 2152 1929 apud
2190 1874 2277 1912 me
2314 1859 2384 1913 sit
2418 1858 2669 1912 recedere
2696 1859 2766 1911 ab
2810 1858 3068 1923 Eusebio,
3108 1860 3201 1928 qui
3247 1876 3356 1928 pra:

1772 1931 1896 1984 aliis
1916 1932 2009 1983 diu
2041 1938 2316 1999 noctuque
2343 1937 2592 1983 versatus
2619 1929 2674 1981 in
2708 1930 2909 1984 tabulis
2938 1930 3351 1999 ecclesiasticis,

1774 2016 1860 2055 res
1904 1998 2276 2065 Christianas,
2320 2009 2373 2053 et
2410 2000 2723 2068 singulatim
2766 1999 3027 2068 Romana:
3066 1998 3349 2064 Ecclesia,
3394 2022 3395 2025 η

1771 2080 1990 2125 centum
2028 2067 2520 2140 etquinquaginta
2557 2084 2733 2122 annos
2776 2079 2902 2138 post
2949 2067 3106 2122 Pium
3153 2070 3351 2124 litteris

1770 2140 2134 2211 consignavit,
2182 2142 2256 2211 ob
2302 2141 2496 2211 oculos
2540 2140 2751 2211 habens
2779 2148 2941 2194 certa:
2984 2140 3108 2211 ﬁdei
3148 2141 3350 2211 scripta

1769 2208 2057 2280 Hegesippi
2106 2210 2281 2265 eidem
2332 2209 2430 2264 Pio
2467 2210 2713 2277 aequalis.
2770 2212 3004 2280 contra,
3048 2208 3349 2280 Eutycltius

1771 2279 2208 2349 scriptun-novus
2240 2292 2295 2335 et
2326 2290 2606 2345 externus,
2633 2282 2791 2350 cujus
2818 2279 3116 2336 Historiam
3147 2279 3354 2337 Eduar-

1768 2352 1872 2405 dus
1912 2350 2216 2404 Pocorkius
2247 2363 2334 2402 an.
2376 2350 2436 2404 1).
2486 2351 2626 2405 1658
2667 2368 2735 2406 ex
2787 2352 3024 2406 Arabico
3076 2353 3144 2406 ab
3178 2368 3236 2407 se
3290 2356 3349 2408 in

1767 2419 2019 2492 Latinum
2056 2435 2362 2475 sermonem
2398 2422 2719 2492 translatam
2755 2422 2992 2488 vulgavit
3015 2421 3236 2492 Oxonii,
3262 2441 3352 2478 ve-

1768 2502 1944 2545 terum
1986 2490 2360 2562 Romanorum
2393 2491 2719 2548 Pontilicum
2764 2501 3009 2562 tempora
3048 2495 3191 2548 scire
3222 2490 3348 2550 non

1768 2563 1978 2631 potuit;
2024 2578 2147 2615 cum
2190 2561 2356 2616 etiam
2388 2564 2743 2634 decessorum
2781 2561 2903 2633 ejus
2939 2575 3092 2633 gesta
3127 2565 3349 2634 ignora-

1764 2634 1925 2697 verit,
1959 2648 2081 2701 quae
2112 2641 2290 2686 tamen
2326 2635 2394 2687 ab
2424 2633 2660 2688 Eusebio
2676 2634 2887 2688 discere
2909 2633 3211 2702 potuisset;
3236 2638 3349 2691 sin-

1766 2703 2018 2773 gulisque
2049 2705 2443 2772 propemodum
2474 2705 2887 2759 narrationibus
2918 2718 3136 2760 crassos
3175 2716 3227 2762 et
3253 2707 3348 2762 fte-

1765 2776 1866 2827 dos
1894 2790 2109 2844 errores
2139 2775 2558 2844 chronologicos
2586 2775 2971 2835 immiscuerit,
3000 2785 3061 2829 ut
3085 2778 3221 2832 bene
3245 2792 3343 2833 au-

1766 2852 1922 2897 notat
1947 2843 2147 2914 Pagius
2170 2844 2309 2915 (28).
2340 2843 2862 2915 Barbarumiautem
2888 2846 3204 2915 hujusmodi
3242 2865 3344 2902 au-

1763 2922 1972 2967 ctorem
2001 2915 2145 2984 apud
2179 2914 2537 2969 Pearsonium
2565 2925 2618 2969 et
2650 2914 2987 2970 Dodwellum
3017 2916 3176 2971 ﬁdem
3223 2934 3342 2973 me—

1764 2984 1964 3050 ruisse,
2000 3000 2067 3039 eo
2096 2984 2271 3058 magis
2297 2986 2485 3058 mirari
2519 2985 2836 3058 subit,_quo
2864 3002 2932 3040 ex
2965 2987 3088 3055 ejus
3120 2989 3351 3058 scriptis-

1765 3065 2002 3126 constat,
2031 3069 2141 3108 non
2171 3055 2349 3108 solum
2383 3056 2646 3125 cujusque
2680 3055 2963 3111 Pontilicis
3003 3055 3249 3126 tempora
3271 3062 3341 3112 ab

82 3126 297 3182 stuititia
316 3119 593 3182 'habe'atur
622 3127 685 3181 iis
703 3119 806 3181 non
829 3128 1181 3198 acquiescere,
1200 3129 1290 3197 qui
1319 3128 1497 3180 eodem
1523 3119 1659 3181 teni;
1686 3119 1728 3176 C
1765 3125 1856 3198 illo
1877 3127 2071 3195 supine
2090 3125 2354 3198 ignorata,
2382 3119 2477 3180 sed
2505 3119 2808 3198 et'u-omina
2832 3127 3061 3181 ridicule
3081 3119 3339 3198 corrupta

83 3211 190 3268 pore
216 3215 320 3268 quo
360 3200 527 3252 iidem
567 3200 864 3268 pontifices,
910 3196 969 3251 in
1014 3196 1257 3252 Ecclesia
1288 3200 1545 3264 claruere,
1594 3211 1652 3254 ut

84 3266 397 3339 Hegesippus
438 3278 490 3322 et
528 3266 767 3323 Iremeus
805 3284 1084 3338 :quorum
1118 3269 1256 3323 alter
1296 3271 1532 3339 omnium
1556 3270 1652 3322 do-

82 3336 363 3393 ctrinarum
387 3341 789 3395 curiosissimus
810 3336 1116 3408 explorator
1143 3340 1340 3394 dicitur
1370 3355 1401 3393 a
1436 3336 1653 3394 Tertul-

84 3407 214 3482 liano
242 3410 357 3482 (1A3)
385 3427 399 3476 ;
434 3410 525 3464 ille
550 3426 678 3467 vero
701 3427 731 3463 a
761 3407 1093 3482 Hieronymo
1121 3410 1229 3481 (14)
1261 3426 1437 3463 ontnes
1466 3427 1498 3462 a
1526 3427 1645 3479 pas-

80 3480 210 3534 sione
254 3480 502 3534 iDomini
572 3482 642 3533 ad
702 3497 854 3534 suam
893 3480 1137 3534 wtalem'
1173 3480 1650 3535 ecclesiasticarum

80 3560 279 3604 actuum
309 3552 571 3605 historias
603 3554 849 3605 texuisse.
879 3551 1059 3617 Quare
1092 3551 1170 3605 Pii
1202 3562 1256 3606 et
1280 3552 1491 3605 Aniceti
1520 3568 1651 3607 suc-

84 3622 268 3692 cessio,
300 3622 623 3691 hujusmodi
657 3623 878 3676 testium
914 3623 1240 3677 auctoritate
1269 3623 1506 3689 ﬁrmata,
1549 3625 1645 3692 qui

82 3689 172 3755 Pii,
206 3689 422 3747 Aniceti
448 3702 506 3747 et
545 3692 757 3747 Soteris
782 3694 1019 3762 aequales
1040 3695 1144 3749 sub
1169 3692 1462 3747 Eleuthero
1503 3689 1644 3748 scri-

79 3772 312 3829 pserunt,
342 3764 654 3819 certissima
682 3764 868 3818 haberi
892 3765 1071 3819 debet.
1106 3783 1126 3816 1

144 3830 206 3886 11.
239 3832 335 3887 His
366 3835 443 3888 ita
469 3836 764 3898 enarratis,
796 3834 1030 3904 aliisque
1058 3836 1112 3888 in
1136 3831 1383 3904 eamdem
1426 3846 1643 3889 senten-

78 3900 196 3956 tiam
226 3905 519 3969 discussis,
552 3906 783 3974 inquirit
828 3904 889 3959 Υ.
938 3900 1001 3959 C.
1049 3903 1273 3974 quando
1316 3916 1369 3959 et
1398 3907 1641 3973 quandiu

79 3921 196 3956 nam
226 3921 519 3969 (1186115815,
552 3921 783 3974 inquirit
835 3921 889 3959 ι’.
938 3921 1001 3959 ιλ.
1091 3921 1273 3959 uanuo
1316 3921 1369 3959 et
1398 3921 1641 3973 quanutu

76 3974 265 4030 sederit
288 3985 520 4030 sanctus
542 3974 795 4048 Pontifex
831 3976 968 4048 (15).
1013 3921 1283 4039 Alenus,
1314 3976 1511 4045 inquit,
1546 3993 1643 4029 an-

74 4057 260 4099 norum
284 4061 555 4101 nunterus
581 4062 720 4116 quos
742 4043 871 4101 Pius
896 4043 949 4100 in
983 4048 1306 4117 pontilicatu
1340 4043 1639 4116 transegit,

74 4127 133 4165 ex
168 4118 469 4170 recentium
524 4126 579 4171 et
622 4118 783 4185 paulo
825 4118 1208 4186 antiquiorum
1235 4117 1642 4186 ecclesiasticis

75 4188 438 4256 monumentis
458 4187 747 4241 diﬂiculter
768 4185 1167 4256 colligipotest.
1199 4185 1332 4240 Nam
1364 4186 1641 4241 Gilbet’tus

70 4251 451 4329 Qenehrardus
495 4258 629 4329 (16),
674 4251 944 4311 Βειιοιιὶυέ
972 4251 1108 4328 (17),
1145 4256 1459 4329 Blondellus
1485 4255 1597 4328 (18)
1624 4298 1639 4322 ,

71 4320 317 4383 Petavius
348 4327 463 4400 (19)
494 4320 549 4383 et
572 4320 774 4399 Pagius
809 4329 943 4400 (20),
968 4320 1021 4382 in
1048 4320 1227 4398 spatio
1258 4328 1421 4398 hujus
1455 4320 1640 4399 ponti;

128 4442 455 4570 (1)22Heges.
515 4443 657 4514 apud
712 4442 908 4498 Euseb.
970 4441 1110 4499 Hist.
1163 4444 1340 4511 eccl.,
1403 4444 1496 4498 lib.
1551 4460 1635 4510 tv,

128 4529 171 4570 ι).
280 4558 294 4570 .

58 4524 171 4570 can.
202 4524 294 4570 22.

120 4529 425 4658 félzf’ears.
460 4585 601 4658 Opp.
635 4586 843 4657 posth.,
876 4600 999 4655 pag.
1030 4584 1122 4639 25.

125 4656 206 4725 (5)
250 4656 444 4713 Euseb.
483 4656 790 4713 His-Lecti.
822 4659 915 4712 lib.
948 4672 1020 4723 tv,
1049 4672 1169 4726 cap.
1214 4657 1296 4711 11.

124 4726 203 4797 (4)
247 4727 322 4785 1d.
352 4730 485 4783 ibid.
518 4729 613 4783 lib.
648 4744 699 4794 ν,
730 4743 831 4797 cap
883 4731 938 4785 6.

120 4798 201 4868 (5)
244 4798 431 4854 Pears.
454 4800 493 4854 1.
526 4816 601 4864 c.,
633 4814 752 4868 cap.
786 4798 911 4854 265.

120 4808 178 4866 (5
244 4808 431 4854 Pears.
455 4808 493 4854 1.
526 4816 601 4864 c.,
633 4814 752 4868 cap.
786 4808 852 4852 26

120 4808 201 4938 (6)
247 4869 385 4926 Iren.
421 4871 516 4925 lih.
549 4886 765 4939 tn,cap.
799 4871 852 4923 3.

117 4938 200 5011 (7)
244 4940 509 5011 Epiphan.
540 4943 635 4995 lib.
665 4938 749 4995 ni.
778 4940 920 4994 Hier.
946 4956 1098 4995 xxvi.

120 5008 201 5081 (8)
245 5008 409 5065 Labb.
443 5012 703 5066 Biblioth.
745 5028 878 5067 mss.
908 5022 1038 5067 tom.
1071 5011 1112 5076 1,
1138 5027 1260 5081 pag.
1295 5011 1383 5066 32.

242 5082 464 5153 Niceph.
499 5083 642 5137 Call.
676 5081 817 5153 Hist.
846 5083 940 5137 lib.
974 5099 1055 5149 ιιι,
1083 5079 1201 5151 cap.
1230 5083 1322 5136 25.

118 5152 237 5224 (10)
273 5152 499 5223 Niceph.
526 5152 633 5224 91).
660 5152 967 5223 Cbronogr.
993 5170 1114 5224 pag.
1142 5153 1265 5207 411.

142 5221 233 5295 11)
271 5221 501 5280 Buclier.
532 5221 610 5278 De
636 5224 810 5279 doctr.
834 5221 1217 5295 teinporfpag.
1247 5223 1373 5279 270.

142 5294 233 5364 12)
270 5294 475 5349 Baron.
501 5295 572 5349 ad
612 5309 742 5349 ann.
772 5296 896 5361 158,
929 5298 956 5365 ᾗ
989 5296 1043 5350 5.

112 5365 231 5436 (15)
273 5365 498 5420 Tertull.
538 5366 635 5420 lib.
674 5376 863 5421 contra
892 5365 1161 5421 Valentin.
1197 5382 1320 5436 cap.
1352 5366 1407 5420 5.

107 5434 231 5508 (14)
270 5436 734 5508 HieromDeVir.
771 5438 969 5491 illustr.
1000 5453 1119 5506 cap.
1159 5439 1247 5491 22.

110 5506 230 5576 (15)
269 5506 566 5579 Fontanin.
596 5506 633 5561 1.
663 5522 737 5572 c.,
774 5522 896 5577 cap.
930 5508 1037 5578 3,§
1070 5511 1124 5571 5,
1162 5526 1282 5579 pag,
1316 5508 1383 5561 78
1413 5523 1527 5579 seq.

107 5581 226 5649 (16)
262 5578 483 5633 Genebr.
520 5578 851 5648 Cbronogr.,
883 5579 977 5649 lib.
1006 5596 1085 5643 Ill,
1116 5596 1238 5649 pag.
1277 5580 1394 5634 198.

136 5648 224 5718 17)
258 5650 463 5705 Baron.
492 5649 559 5701 ad
603 5666 732 5702 ann.
764 5651 888 5716 107,
918 5648 944 5718 ᾗ
981 5650 1029 5703 1.

136 5652 224 5719 17)
258 5652 463 5705 Baron.
492 5652 559 5701 ad
603 5666 732 5702 ann.
764 5652 888 5716 107,
918 5652 944 5718 ᾗ

102 5652 440 5788 (18)Βιωιά.
472 5719 700 5789 Apolog.
739 5736 858 5790 pag.
896 5722 980 5775 18.

101 5791 219 5858 (19)
254 5790 437 5845 Petav.
466 5795 541 5848 De
569 5791 745 5844 doctr.
771 5801 931 5861 temp.
964 5792 1055 5848 lib.
1090 5808 1207 5848 X111.

316 5888 595 5951 ΡΑτιιοι..
655 5887 772 5950 Gn.
814 5889 885 5948 V.

1760 3194 1957 3267 fuissei
1980 3211 2103 3249 nam
2122 3194 2396 3267 Hyginum
2417 3206 2575 3267 vocat
2598 3195 2892 3267 Eugenium
2916 3198 3142 3251 etPium
3164 3194 3341 3254 mutat

1759 3267 1812 3319 in
1836 3266 2100 3343 Marcum.
2118 3265 2306 3343 itaque
2331 3281 2457 3321 vero
2473 3265 2795 3343 Guillelinus
2809 3269 2955 3323 Cave
2970 3268 3082 3343 (29)
3102 3270 3336 3343 plurima

1756 3338 1907 3410 apud
1936 3336 2264 3410 Eutycltium
2298 3352 2589 3410 occurrere
2622 3342 2897 3405 observat,
2924 3336 3155 3396 anilibus
3181 3341 3337 3410 fabu-

1754 3406 1821 3460 lis
1847 3406 2123 3460 simillima
2152 3423 2171 3471 ;
2202 3423 2320 3480 quae
2355 3409 2407 3480 si
2436 3422 2640 3480 non_ex
2671 3412 2885 3477 proprio
2929 3412 3137 3467 cerebro
3166 3406 3337 3480 finxe-

1752 3480 1847 3599 zit,
1896 3480 2092 3560 saltem
2137 3476 2484 3547 ex'futilibus
2514 3476 2775 3534 Ecclesia!
2821 3496 2933 3535 sua:
2981 3476 3333 3537 monumentis

1789 3558 1950 3599 ausit.

1789 3549 1950 3602 ausit.

1832 3637 1850 3669 ι
1882 3618 2152 3674 Eusebius
2177 3633 2309 3686 ergo
2334 3617 2635 3689 quindecim
2673 3634 2850 3677 annos
2886 3624 2984 3679 Pio
3015 3624 3207 3679 tribuit
3245 3625 3333 3679 his

1754 3690 1939 3744 verbis
1964 3690 2076 3759 (30)
2114 3689 2334 3766 :Romw
2366 3706 2485 3743 cum
2526 3690 2662 3743 Pius
2702 3708 2841 3747 anno
2882 3697 3214 3766 episcopatus
3248 3697 3334 3749 sui

1748 3773 1947 3821 QUINTO
1964 3775 2160 3814 nscmo
2174 3762 2337 3815 vitam
2354 3777 2474 3813 cum
2493 3772 2658 3815 morte
2674 3762 3066 3830 commutasset,
3083 3767 3330 3821 Anicetus

1747 3829 2001 3885 Ecclesia:
2027 3831 2174 3883 illius
2196 3834 2415 3885 antistes
2440 3833 2616 3900 {actus
2636 3843 2732 3888 est.
2752 3834 3013 3891 Eumdem
3041 3829 3330 3891 numerum

1748 3911 1931 3975 servat
1954 3902 2540 3975 Eusebianaanhistorite
2572 3904 2850 3975 interpres
2877 3907 3128 3971 Ruﬁnus,
3156 3919 3210 3962 et
3230 3924 3347 3962 es»

1748 3972 1985 4049 scriptor
2009 3970 2249 4049 Joannes
2278 3971 2519 4049 Zonaras
2543 3974 2679 4045 (31).
2710 3970 2839 4031 l'tem
2867 3970 3329 4049 pleriqueomnes

1744 4040 1967 4116 Eusebii
1993 4043 2211 4116 codices
2237 4045 2369 4116 editi
2397 4054 2451 4116 et
2474 4040 2608 4100 mss.
2638 4040 2893 4103 melioris
2920 4040 3082 4116 notia,
3108 4058 3169 4103 ut
3189 4048 3329 4103 fate-

1749 4122 1837 4186 tur
1858 4113 2167 4168 Dodwellus
2214 4115 2326 4186 (32)
2369 4134 2382 4169 :
2415 4115 2728 4171 Chronicon
2763 4121 2925 4173 etiam
2962 4113 3328 4175 Eusebianmn

1745 4182 2084 4261 ascaligero
2112 4182 2442 4261 et__Auberto
2462 4186 2977 4261 Mirgaoyulgatum,
3007 4192 3109 4246 sub
3143 4190 3327 4261 Olym-

1744 4255 1902 4332 piade
1929 4270 2125 4323 ccxxx,
2160 4255 2619 4332 Nicephorus‘ﬁ.
2655 4257 2742 4332 P.“
2768 4255 2904 4331 (33),
2939 4255 3325 4332 Prosperi'ai)

1745 4336 1798 4377 et
1824 4325 2469 4397 Chronographus’Saxo
2507 4328 2644 4400 (55).
2702 4325 2828 4385 Haec
2863 4325 3126 4401 produnt,
3182 4325 3326 4387 lien;

1816 4437 1930 4513 (ao)
1958 4438 2114 4513 1_>_agi.
2148 4441 2215 4495 ad
2249 4458 2379 4497 ann.
2410 4441 2590 4513 150,§
2623 4441 2695 4496 ao
2719 4453 2771 4496 et
2798 4443 2924 4508 165,
2955 4444 3060 4513 §3.

1669 4501 1714 4556 D
1815 4501 1931 4581 (21)
1963 4501 2195 4581 ῌεῖρεεΙι.
2221 4514 2288 4567 ad
2318 4514 2439 4568 Act.
2471 4501 2798 4581 SSFApril.,
2828 4501 3030 4579 tomfl,
3061 4515 3176 4569 init.

1738 4580 2218 4708 65g22g53‘chelstr.
2254 4585 2443 4653 Antiq.
2479 4580 2703 4647 illustr.,
2744 4594 2878 4639 tom.
2913 4584 2955 4650 1,
2995 4601 3153 4656 pagg.
3194 4588 3319 4653 414,

1809 4723 1925 4793 (25)
1960 4721 2177 4795 Μαὺίη.
2208 4724 2479 4788 Analect.,
2516 4733 2648 4779 tom.
2675 4724 2717 4789 1,
2751 4739 2875 4795 pag.
2907 4725 3032 4781 426.

1808 4795 1923 4868 (24)
1946 4795 2105 4864 Pagi.
2141 4793 2357 4868 C_ritic.,
2388 4805 2518 4849 tom.
2555 4795 2596 4862 1,
2623 4811 2747 4868 pag.
2775 4798 2798 4849 1
2829 4793 2983 4868 Seqq.

1806 4864 1921 4937 (25)
1953 4868 2118 4938 Mart.
2156 4865 2279 4919 Pol.
2313 4868 2544 4932 Cltruu.,
2573 4864 2826 4938 pag—10,
2857 4864 2985 4924 emi.
3012 4867 3096 4925 lo.
3126 4872 3316 4928 Fabri-

1734 4935 1825 5002 cii,
1856 4939 1985 4992 edit.
2018 4935 2237 5000 Colum,
2276 4938 2436 4991 1616.

1805 5006 1919 5079 (26)
1956 5009 2147 5079 Pears.
2169 5008 2305 5078 Opp.
2341 5008 2545 5077 1105111.,
2572 5024 2693 5079 pag.
2718 5008 2845 5065 271.

1803 5077 1916 5149 (27)
1951 5079 2069 5132 Liv.
2099 5078 2194 5133 lib.
2221 5077 2374 5145 XXVI,
2402 5094 2522 5145 cap.
2546 5077 2634 5133 49.

1802 5148 1915 5221 (28)
1939 5151 2078 5221 Pagi
2095 5150 2178 5221 _ad
2212 5164 2343 5204 ann.
2380 5149 2504 5215 167,
2532 5150 2559 5221 §
2589 5151 2641 5205 5.

1824 5218 1912 5291 29)
1941 5218 2068 5276 (Ιαὺ.
2095 5218 2236 5275 Hist.
2264 5222 2453 5285 littér.,
2490 5218 2558 5275 ad
2588 5237 2717 5275 ann.
2750 5221 2874 5276 955.

1823 5291 1913 5363 50)
1944 5291 2136 5363 Euseb.
2161 5292 2299 5347 Hist.
2335 5292 2493 5363 eccl.,
2519 5294 2611 5346 lib.
2641 5308 2713 5357 tv,
2746 5310 2866 5362 cap.
2894 5295 2979 5350 11.

1800 5361 2147 5439 (31)_Zonar.
2187 5363 2410 5426 Aunal.,
2455 5362 2549 5418 lib.
2587 5378 2689 5429 xu,
2736 5361 2856 5433 cap.
2902 5368 2961 5432 1,
3008 5381 3132 5439 pag.
3171 5371 3297 5437 594',

1727 5434 1858 5491 edit.
1892 5434 2103 5502 Cangii.

1799 5502 1910 5577 (52)
1949 5506 2130 5577 ροάω.
2170 5502 2443 5577 adPears.
2476 5518 2602 5574 opp.
2636 5506 2845 5577 posth.,
2874 5521 2994 5577 pag.
3031 5510 3119 5566 58.

1798 5573 1911 5646 (55)
1942 5575 2167 5641 Niceph.
2190 5573 2527 5642 Chronong
2542 5591 2663 5645 pag.
2692 5576 2817 5631 411.

1801 5646 1914 5716 (54)
1950 5647 2140 5715 Prosp.
2179 5646 2385 5716 Chron.
2414 5646 2611 5713 Labb.,
2639 5662 2763 5716 pag:
2790 5648 2878 5701 32.

1801 5650 1891 5715 (54
1950 5650 2140 5715 Prosp.
2179 5650 2385 5700 Chron.
2414 5650 2611 5713 Labb.,
2639 5662 2763 5716 pag:
2790 5650 2858 5701 32

1796 5650 1914 5791 (35;
1937 5716 2130 5773 Chron.
2173 5716 2302 5770 Sam.
2332 5714 2586 5784 Leibnit.,
2622 5732 2743 5790 pag.
2769 5720 2858 5776 26.
