3792 6218
96 273 218 332 1117

1398 271 1922 332 PHOLEGOMENA.

3219 277 3357 333 1118

97 391 358 461 Epistolas
388 390 548 460 parvi
577 387 791 461 fecerit,
820 405 1100 461 perperam
1126 400 1352 455 sane,ut
1376 392 1510 461 satis
1536 407 1660 461 pro-
1691 391 1735 446 Δ
1762 406 1889 445 nem
1911 390 2252 456 Haubitium,
2307 392 2549 446 thesauri
2566 390 2948 447 ebibliatltccis
2973 395 3348 451 vetustissimis

96 457 290 517 batum.
332 457 671 516 salmasium
702 460 783 516 Pii
812 457 1056 531 epistolis
1090 462 1399 517 abutentem
1431 457 1552 516 alia
1576 463 1659 515 via

96 534 281 588 refellit
311 531 580 602 Petavius
612 533 713 602 (1).

163 602 287 656 VIII.
320 621 339 653 ε
382 601 469 655 Ex
502 602 586 657 his
615 600 760 672 patet
806 600 1154 658 Guillelmum
1179 602 1324 659 Cave
1354 603 1406 657 in
1436 600 1667 657 Pearso-

96 675 163 730 nii
190 683 240 727 et
270 672 539 726 Dodwelli
565 673 885 727 sententiam
927 682 1129 728 temere
1155 674 1338 737 ivisse,
1368 674 1451 727 his
1481 673 1547 728 de
1564 687 1665 726 suo

94 744 744 816 prietereatsuperadditis
772 751 960 797 contra
992 744 1211 799 easdem
1242 745 1503 813 epistolas
1534 744 1613 816 (2)
1641 758 1655 793 :

94 814 365 869 Communi
393 814 508 882 fere
535 815 807 867 doctorum
833 814 1111 880 consensu,
1147 826 1399 883 tanquam
1449 815 1665 882 spurius

94 885 261 954 rejici;
286 901 378 937 nec
403 885 583 953 ipsum
608 884 985 937 Bellarminum
1012 887 1101 954 qui
1116 901 1180 939 ea;
1204 887 1270 939 iis
1307 886 1665 939 testimonium

94 959 217 1009 citat
261 956 365 1023 (5),
408 955 572 1009 veluti
602 954 918 1025 indubitata:
950 955 1097 1023 ﬁdei,
1131 956 1406 1025 defendere
1450 954 1661 1025 audere.

96 1027 333 1080 Somniat
368 1026 591 1080 Caveus
624 1042 636 1076 :
676 1041 800 1079 nam
841 1024 1205 1079 Bellarminus
1239 1026 1305 1080 de
1364 1025 1561 1078 litteris
1598 1024 1663 1077 ad

94 1097 294 1152 Justum
315 1094 690 1150 Viennensem
711 1097 746 1149 1.
764 1111 811 1151 c.
830 1111 938 1149 non
956 1096 1220 1165 loquitur,
1240 1096 1333 1151 sed
1352 1096 1418 1149 de
1434 1095 1663 1164 epistola

92 1167 332 1223 drcretali
350 1166 514 1220 Pium
536 1167 849 1231 mentiente,
868 1167 1364 1222 omnibusEcclesiis
1379 1165 1660 1234 inscripta:

94 1254 219 1307 quas
260 1238 492 1306 quidem
540 1237 802 1307 epistolas
845 1237 1167 1302 decretales,
1200 1254 1308 1291 non
1350 1244 1664 1306 exspectato

98 1309 558 1362 heterodoxorum
585 1306 815 1376 judicio,
841 1308 982 1361 inter
1009 1308 1226 1376 spurias
1259 1323 1472 1376 merces
1502 1322 1531 1359 a
1564 1321 1667 1360 no-

96 1379 168 1433 his
200 1379 341 1433 ultro
369 1378 555 1446 rejici,
591 1375 832 1447 ingenue
861 1375 1061 1431 fatetur
1083 1378 1395 1433 Cardinalis
1409 1375 1558 1430 Bona
1584 1376 1662 1447 (4)

95 1464 153 1503 ex
181 1465 271 1503 ore
295 1448 615 1502 Cardinalis
647 1446 901 1503 Historici
929 1447 1028 1518 (5),
1058 1450 1257 1517 quibus
1291 1447 1524 1518 addatur
1544 1446 1665 1501 Bel-

97 1521 349 1574 larminus
410 1519 449 1573 l.
508 1527 903 1587 c.,lantosque
960 1520 1274 1573 triumviros
1314 1517 1661 1581 nominasse,

97 1590 310 1657 gratiam
349 1589 496 1643 inire
524 1590 596 1643 sit
636 1589 704 1643 ab
738 1589 1010 1655 hostibus,
1046 1590 1139 1659 qui
1174 1590 1464 1659 crambem
1501 1588 1664 1645 toties

96 1669 375 1726 recoctam,
407 1675 605 1728 nempe
633 1660 945 1713 earumdem
966 1658 1315 1728 epistularum
1350 1658 1661 1726 falsitatem,

1767 463 1905 535 eruti
1933 465 2054 535 loco
2083 464 2420 535 cashahuit.
2458 461 2699 517 Joannes
2723 462 2965 535 Jacobns
2998 465 3264 535 Grynzeus
3293 470 3350 522 in

1765 533 2085 601 prtefatione
2106 532 2171 586 ad
2193 532 2539 588 Monumenta
2559 542 2875 587 sanctorum
2904 532 3130 590 Patrnin
3158 539 3354 592 ortho-

1766 603 2115 678 doxegrapha
2151 619 2165 678 ξ
2202 603 2313 668 Pii,
2338 603 3051 678 inquit.‘Romaniepiscopi
3072 606 3198 662 dua:
3235 611 3351 678 epi-

1766 674 1917 729 stola:
1947 674 2008 727 ob
2043 673 2220 727 oculos
2251 684 2448 743 ponunt
2480 674 2617 727 velut
2651 675 2706 726 in
2742 674 2949 739 tabula,
2985 673 3224 731 illustria
3258 673 3350 733 ea:-

1765 745 1937 815 empla
1963 744 2228 817 uigilantis
2257 743 2509 817 episcopi,
2530 744 2870 817 liberalitatis
2892 764 3015 817 erga
3048 745 3346 801 Ecclesium

1765 825 1815 869 et
1849 812 2163 869 constun‘lite
2199 816 2252 868 in
2284 812 2560 887 martyrio.
2593 814 2665 887 Et
2706 816 2866 883 paulo
2917 812 3038 885 post
3071 833 3084 868 :
3122 817 3345 887 Spirant

1767 897 1943 956 autem
1992 886 2156 953 ipsius
2210 886 2446 954 epistolae
2494 886 2812 955 singularem
2841 886 3170 956 Iquamdam’
3216 906 3347 956 erga

1768 955 2084 1028 Symmistas
2116 956 2429 1028 cltaritatem
2457 965 2505 1028 et
2529 973 2709 1028 curam
2734 955 3091 1028 de_Ecclesia.
3126 956 3345 1028 Marga-

1766 1026 1922 1096 rinus
1967 1025 2223 1096 Bigncus,
2257 1026 2439 1080 Caesar
2472 1027 2772 1089 Baronius,
2806 1026 3047 1084 Joannes
3083 1045 3111 1083 a
3142 1025 3343 1093 Bosco,

1768 1095 2062 1151 Severinus
2114 1097 2325 1161 Binius,
2381 1096 2575 1149 Petrus
2630 1096 2897 1159 Pithmus,
2945 1097 3187 1153 Joannes
3241 1098 3343 1154 Sa-

1765 1183 1899 1221 varo
1934 1167 2046 1236 (15)
2068 1178 2123 1221 et
2149 1167 2399 1235 Papirius
2422 1166 2711 1237 Massgnus
2739 1168 2874 1237 (14),
2907 1169 3028 1225 illas
3054 1171 3203 1224 velut
3226 1171 3346 1223 sin-

1765 1253 1919 1293 ceras
1946 1234 2056 1291 uno
2088 1252 2183 1308 ore
2212 1234 2526 1291 laudarunt.
2564 1234 2830 1292 Henricus
2866 1238 3196 1308 Spondanus
3227 1240 3343 1307 (15)

1764 1308 1917 1378 plane
1941 1324 2129 1380 aureas
2158 1307 2304 1380 (post
2322 1308 2640 1380 Baronjuml
2671 1307 2929 1380 appellat.
2952 1308 3225 1380 Josephus
3251 1309 3344 1363 Vi-

1766 1377 2014 1433 cecomes
2039 1377 2474 1447 (l6).Philippus
2494 1377 3140 1448 Labbeus(l7),Joannes
3165 1379 3338 1445 Bona,

1768 1448 2101 1503 Franciscus
2146 1449 2314 1503 Maria
2349 1448 2718 1503 Florentinius
2764 1449 2900 1513 (18),
2932 1449 3254 1505 Dominicus
3288 1460 3343 1504 et

1766 1519 1994 1591 Carolus
2026 1517 2192 1591 Macri
2223 1521 2273 1573 in
2328 1519 2693 1591 Hierolexico,
2724 1519 2955 1591 garolus
3006 1521 3248 1591 Cangius
3284 1521 3341 1574 in

1766 1589 2045 1645 Glossario
2067 1589 2261 1644 Latino
2292 1599 2346 1644 et
2372 1589 2700 1645 Godefritlus
2732 1588 3110 1645 Hensehenius
3132 1588 3233 1645 die
3289 1607 3343 1645 ιν

1768 1659 1919 1726 Maii,
1951 1661 2481 1729 earumdem,utpote
2533 1678 2561 1714 a
2614 1671 2806 1715 sancto
2838 1659 2938 1714 Pio
2987 1662 3342 1729 scriptarum,

98 1733 376 1785 identidem
405 1731 569 1784 nobis
600 1730 887 1799 objiciunt.
915 1729 1031 1783 Non
1066 1746 1252 1784 moror
1277 1730 1539 1794 Caveum,
1575 1730 1667 1783 ubi
1702 1739 1742 1793 Β
1771 1746 1982 1786 sacram
2035 1732 2415 1785 auctoritatem
2464 1732 2684 1799 plurimi
2734 1732 2913 1800 palam
2948 1730 3198 1786 fecerunt
3231 1748 3245 1784 :
3275 1748 3345 1786 ne

97 1801 163 1853 Pii
190 1800 549 1871 epistolarqu
572 1801 729 1855 tidem
750 1815 815 1871 se
843 1801 1167 1855 imminuere
1190 1802 1508 1871 arbitratur,
1536 1816 1664 1870 pro-

99 1870 263 1941 pterea
297 1872 448 1953 quod
496 1870 850 1953 asc-teribus
902 1879 1218 1927 memorata:
1265 1887 1374 1925 non
1416 1870 1660 1952 fuerint:

98 1952 214 2011 quot
246 1941 393 1996 enim
441 1942 827 2012 antiquissima
874 1952 1225 1996 monumenta
1250 1941 1533 2011 superiore
1566 1956 1668 1995 saa-

99 2014 207 2065 t'lllO
235 2022 607 2077 emerserunt,
632 2027 865 2081 quorum
898 2021 1078 2067 tamen
1112 2012 1259 2066 nulla
1283 2012 1534 2066 exstabat
1557 2028 1669 2066 me-

102 2085 293 2137 moria?
322 2083 516 2152 Neque
534 2099 665 2137 sane
681 2098 818 2151 opus
838 2082 959 2149 fuit,
979 2084 1136 2137 binas
1157 2082 1436 2152 epistolas,
1465 2096 1668 2150 easque

97 2151 461 2234 brevissimus,
490 2154 546 2206 in
569 2153 922 2234 _Scriptorum
952 2151 1235 2234 catalogus
1271 2153 1493 2234 conjici,
1530 2151 1666 2234 alias

100 2239 194 2277 non
247 2228 454 2295 passim
490 2226 762 2305 volgatas,
796 2240 922 2305 cu’tn
952 2222 1663 2305 Ecclesiazn.universale")

101 2292 432 2365 nequaquam
469 2292 825 2365 respicerent.
856 2294 1091 2365 Sanctus
1114 2292 1369 2365 Pontifeg
1416 2292 1525 2347 Leo
1550 2292 1666 2346 Ma-

100 2363 223 2434 gnus
251 2363 388 2437 quot
425 2363 694 2437 epistolas
726 2366 986 2434 scripsit?
1012 2364 1079 2418 Et
1111 2374 1290 2437 t_amen
1322 2363 1663 2424 Gennadius,

102 2435 295 2493 caeteris
326 2436 744 2508 praetermissis,
798 2452 963 2489 unam
1008 2436 1077 2489 ad
1108 2435 1429 2508 Flavianum
1474 2445 1666 2508 contra

102 2506 361 2579 Eutychen
390 2516 667 2579 mem_orat
699 2507 800 2579 (6).
834 2508 980 2579 idem
1016 2518 1216 2579 auctor
1255 2506 1523 2579 celebrem
1550 2506 1667 2579 epi-

102 2574 279 2632 stolam
306 2578 487 2633 sancti
522 2574 778 2631 Eucherii
803 2577 868 2630 ad
894 2574 1163 2629 Hilarium
1195 2574 1669 2633 Arelatensem’de

108 2646 263 2703 Laude
302 2650 469 2704 eremi
521 2649 748 2702 omnino
797 2648 1017 2717 reticuit
1064 2647 1163 2717 (7).
1218 2645 1455 2701 Reticuit
1487 2647 1666 2717 etiam

104 2720 323 2785 ejusdem
350 2719 548 2773 Hilarii
580 2720 955 2788 expositionem
988 2715 1225 2787 Symboli
1256 2717 1356 2788 (8),
1387 2718 1455 2771 ab
1486 2715 1672 2772 Hono-

107 2801 208 2843 rato
247 2789 580 2845 Massiliensi
618 2787 674 2843 in
701 2790 821 2858 ejus
848 2787 970 2841 Vita
1006 2787 1314 2854 laudatam;
1350 2788 1671 2858 nullamque

108 2861 306 2914 omnino
332 2861 671 2915 mentionem
699 2860 824 2915 fecit
850 2858 1084 2922 Eusebii,
1129 2858 1285 2913 Silvii
1314 2868 1367 2912 et
1398 2858 1667 2927 Domnoli,

106 2930 378 2986 illustrium
412 2930 716 2986 Gallicanae
740 2931 995 2985 Ecclesiae
1022 2929 1319 2999 doctorum,
1338 2929 1433 2998 qui
1455 2930 1670 2999 scriptis

109 3003 424 3124 t‘ttelrlitlifslime
466 3001 803 3069 claruerunt,
852 3009 990 3058 teste
1037 3002 1226 3056 eodem
1281 2998 1669 3056 Honoratoﬂin

149 3089 194 3124 ι·
285 3090 448 3124 iam.

149 3074 211 3125 ita
239 3073 448 3127 Hilarii.

176 3163 192 3192 ι
221 3143 603 3198 PostCaveum
636 3141 953 3196 dormitavit
980 3141 1141 3197 etiam
1175 3138 1672 3202 Tillemontius,ra-

110 3220 184 3265 tus
220 3229 249 3267 a
303 3213 487 3268 Natali
523 3214 859 3283 Alexandro,
884 3213 959 3283 (,9)
992 3224 1130 3283 et_a
1172 3212 1384 3283 Joanne
1428 3212 1672 3283 Baptista

107 3283 360 3338 Cotelerio
392 3284 516 3354 (10)
545 3286 807 3353 epistolas
844 3282 923 3337 Pii
943 3279 1023 3337 "ad
1054 3281 1271 3337 Justum
1304 3279 1670 3354 Viennensem

106 3355 361 3421 reprobari
396 3353 411 3408 ἐ
442 3365 642 3409 neuter
681 3357 827 3409 enim
871 3354 1117 3424 loquitur
1142 3354 1210 3408 de
1257 3353 1363 3406 alia
1409 3353 1661 3421 epistola,

106 3438 249 3489 quam
281 3428 345 3481 de
371 3427 490 3493 illa,
516 3424 765 3479 omnium
798 3424 1117 3479 criticorum
1144 3424 1673 3493 calculiscommcn-

107 3496 233 3566 titia,
291 3512 413 3566 quae
458 3491 705 3549 omnibus
722 3493 974 3566 Ecclesiis
1014 3494 1222 3566 directa
1245 3505 1356 3566 est.
1386 3491 1545 3548 Haud
1571 3495 1671 3548 ab-

109 3564 251 3617 simili
290 3563 480 3620 errore
508 3574 707 3631 captus
742 3572 825 3619 est
848 3563 1072 3634 Pagius,
1100 3579 1130 3616 a
1162 3564 1380 3618 Labbeo
1411 3578 1519 3617 non
1552 3581 1670 3618 ma-

110 3635 177 3701 gis
203 3646 489 3706 utramque
519 3636 742 3705 probari
767 3636 1015 3690 scribens
1043 3634 1184 3705 (11),
1217 3650 1381 3703 quam
1407 3634 1545 3688 duas
1572 3636 1669 3688 de-

110 3708 311 3773 cretales
357 3707 650 3761 doctorum
700 3706 949 3759 omnium
992 3719 1267 3759 consensu
1302 3706 1665 3773 improbatus.

113 3772 202 3828 Sed
231 3785 440 3830 tantum
476 3778 635 3831 abest
687 3777 791 3831 hoc
816 3774 1035 3830 Labbeo
1061 3775 1114 3828 in
1151 3772 1393 3829 mentem
1424 3777 1667 3841 venisse,

112 3852 161 3895 ut
214 3848 521 3903 econtrario
561 3855 777 3918 nostras
808 3862 908 3915 pro
923 3846 1169 3918 _sinceris
1198 3856 1252 3898 et
1294 3845 1547 3918 genitinis
1581 3862 1667 3900 re-

112 3919 307 3983 ceperit.
357 3918 539 3972 Etiam
587 3914 850 3972 Claudius
911 3914 1317 3982 Castellanusf
1352 3932 1384 3968 a
1439 3918 1667 3982 nemine,

112 3985 174 4037 ait
204 3988 331 4055 (12),
364 3992 419 4042 in
462 3990 686 4042 dubium
710 3986 887 4041 vocari
914 3987 1041 4057 quin
1074 3987 1312 4056 epistolis
1342 3986 1432 4039 Pii
1463 3986 1531 4039 ad
1559 3985 1665 4039 Ju-

112 4065 230 4128 stum
276 4058 616 4113 Viennensem
657 4060 761 4111 sint
792 4058 1166 4128 supposititiaz.
1199 4057 1321 4113 Haac
1353 4058 1512 4111 toties
1526 4059 1670 4112 dicta

114 4123 223 4178 ferri
250 4145 354 4183 non
404 4139 664 4199 possunt.
716 4123 973 4200 Nunquid
1021 4144 1120 4198 pro
1176 4128 1669 4200 neminefhabendi

113 4208 221 4251 sunt
254 4209 331 4254 tot
367 4201 474 4255 viri
512 4199 980 4270 doctissimi,'qui
1030 4201 1252 4255 easdem
1308 4199 1673 4270 undequaque

114 4270 425 4333 probarunt?
447 4270 721 4342 Georgius
746 4269 1042 4326 Fabricius
1065 4271 1117 4323 in
1151 4271 1383 4341 epissola
1420 4273 1487 4323 ad
1511 4269 1670 4325 Joan-

277 4455 461 4515 Petav.
493 4457 564 4513 de
608 4457 753 4514 Eccl.
790 4455 962 4525 Hier.,
1013 4457 1106 4514 lib.
1142 4474 1181 4525 ι,
1218 4473 1339 4528 cap.
1382 4463 1471 4528 12,
1503 4459 1560 4531 §§
1592 4460 1653 4515 21
1702 4442 1752 4499 Ῐ)

112 4531 157 4574 et
180 4523 261 4579 22.

172 4597 243 4735 (2)
277 4597 401 4654 Cav.
430 4600 574 4657 Hist.
600 4601 763 4655 litter.
796 4602 864 4656 ad
893 4617 1025 4656 ann.
1060 4601 1184 4656 158.

194 4666 243 4733 5)
276 4669 540 4726 Bellarm.
568 4671 645 4727 De
667 4671 825 4726 Rom.
858 4671 1054 4735 pontif.
1090 4673 1184 4726 lib.

194 4666 243 4741 5)
276 4669 540 4741 βειιαηη.
568 4671 645 4727 De
667 4671 825 4726 Rom.
858 4671 1054 4741 pontii.
1090 4673 1184 4726 lib.
1219 4688 1279 4735 ιι,
1310 4687 1430 4741 cap.
1465 4672 1551 4727 M.

173 4737 241 4814 (αξ)
277 4739 452 4814 Pana,
484 4742 709 4814 Dereb.
740 4737 925 4813 liturg.
964 4744 1057 4798 lib.
1086 4760 1126 4811 ι,
1150 4758 1270 4813 cap.
1297 4742 1351 4807 5,
1379 4737 1409 4814 §
1448 4743 1493 4796 l.

174 4808 245 4947 (5)
282 4808 484 4868 Baron.
512 4812 582 4867 ad
608 4829 736 4867 ann.
764 4808 897 4878 865;
919 4814 945 4885 ᾗ
989 4814 1041 4868 4.

193 4879 223 4931 6
280 4880 521 4939 Cennad.
554 4884 751 4946 Catal.,
786 4899 907 4947 cap.
939 4886 1028 4939 70.

193 4879 243 4955 t_i)
280 4880 521 4955 Qennad.
554 4884 751 4946 Catal.,
786 4879 1028 4955 capf'lO.

176 4950 245 5024 (7)
280 4951 357 5008 ld.
392 4955 555 5017 ibid.,
587 4970 708 5024 cap.
734 4956 823 5009 65.

176 5023 245 5089 (8)
283 5024 357 5094 Id.
390 5025 553 5090 ibid.,
583 5023 704 5094 cap.
734 5027 823 5081 69.

175 5093 271 5169 (8)Δ
294 5092 425 5169 Nm.
447 5098 603 5169 Alex.
623 5092 774 5169 Hist.
804 5098 937 5154 eccl.
983 5114 1109 5154 saec.
1140 5098 1179 5165 l,
1218 5114 1338 5169 cap.
1392 5116 1447 5166 ιι,
1471 5109 1575 5156 art.
1617 5099 1667 5165 7,

319 5164 490 5241 ςοιει.
525 5168 600 5241 ad
621 5166 725 5221 PP.
744 5167 963 5241 Apost"
1000 5186 1121 5241 pag.
1146 5163 1237 5236 42,
1263 5163 1394 5225 edit.
1432 5163 1472 5224 ι.

322 5234 458 5313 ξιιςὶ
492 5239 654 5313 βω.
688 5232 920 5313 adann.
954 5232 1141 5313 165,3
1173 5232 1229 5298 4.

180 5305 284 5373 (12)
321 5304 545 5362 Castell.
572 5318 687 5363 not.
716 5310 782 5364 ad
807 5310 865 5364 d.
897 5327 994 5364 xui
1022 5304 1146 5367 Janv.

120 5372 512 5508 ρρξέἓὶδδαυαν.
531 5378 601 5435 ad
626 5380 816 5448 Sidon,
843 5381 936 5436 lib.
973 5401 1050 5450 iv,
1076 5384 1237 5453 epist.
1292 5386 1424 5448 5,et
1450 5381 1546 5436 lib.
1592 5400 1667 5448 ix,

180 5457 257 5500 ISI.
284 5457 336 5511 δ,

1771 1802 1967 1855 iterum
1984 1816 2280 1855 memorem
2300 1802 2630 1856 recentiores
2649 1800 3032 1866 heterodoxos,
3053 1800 3345 1866 Daharum,

1768 1870 2130 1938 Blondellum,
2165 1872 2496 1927 Salmasium
2540 1879 2594 1925 et
2628 1870 3066 1937 Hammondum;
3108 1888 3343 1942 quorum

1769 1942 1859 2014 hic
1893 1953 2183 2011 utramque
2229 1958 2258 1997 a
2296 1957 2363 2014 se
2411 1950 2681 2014 receptam
2712 1951 2920 2014 contra
2946 1942 3345 2014 presbyteriani

1767 2011 2037 2079 dogmatis
2070 2027 2268 2082 pravas
2294 2011 2790 2081 interpretationes,
2818 2013 3090 2068 catholica
3115 2011 3301 2067 tuetur
3327 2030 3342 2076 ;

1768 2084 1947 2138 caeteri
1987 2099 2115 2154 vero
2140 2092 2395 2154 utraque,
2430 2082 2617 2154 itidem,
2658 2098 2688 2136 a
2727 2098 2784 2136 se
2810 2093 3040 2154 jrecepta
3077 2094 3340 2154 tanquam

1769 2154 1917 2207 omni
1947 2152 2258 2222 suspicione
2281 2164 2521 2215 carente,
2556 2152 2621 2205 ad
2647 2168 2777 2207 suas
2807 2152 3007 2222 impias
3036 2152 3345 2210 sententias

1769 2224 2173 2278 conlirmandas
2198 2224 2263 2276 de
2292 2239 2442 2277 more
2470 2223 2788 2276 abutuntur.

1846 2312 1864 2344 α
1902 2292 2156 2348 Profecto
2186 2293 2323 2346 nihil
2350 2309 2457 2348 non
2487 2293 2921 2364 vetustissimum
2961 2302 3017 2347 et
3054 2309 3181 2348 vere
3209 2308 3346 2364 apo-

1770 2364 2022 2420 stolicum
2059 2364 2114 2417 in
2146 2364 2256 2418 illis
2288 2365 2487 2419 elucet.
2530 2361 2601 2416 Ut
2630 2379 2800 2417 unum
2828 2365 3008 2418 adhuc
3041 2361 3348 2419 alterumve

1770 2435 2126 2504 insigniorem
2152 2434 2477 2489 venerandae
2502 2434 2847 2504 antiquitatis
2866 2435 3241 2490 characterem
3270 2436 3349 2489 in-

1768 2503 2012 2561 dicemus
2028 2522 2041 2557 :
2059 2504 2290 2575 collegw,
2309 2505 2522 2574 fratres,
2546 2503 2710 2574 plebs,
2735 2512 2790 2558 et
2814 2504 3023 2575 reliqua
3039 2504 3350 2560 Christiana

1769 2585 1823 2631 et
1855 2576 2227 2646 ecclesiastica
2274 2577 2518 2642 nomina,
2557 2575 2760 2643 passim
2807 2584 3106 2630 occurrunt
3167 2576 3219 2629 in
3254 2591 3350 2646 ge—

1771 2646 1955 2701 nuinis
1988 2645 2247 2717 Epistolis
2294 2646 2488 2715 lgnatii
2527 2656 2583 2700 et
2618 2646 2914 2717 Cypriani;
2962 2646 3153 2700 eadem
3183 2647 3349 2717 etiam

1770 2716 2068 2787 aliquando
2096 2726 2370 2787 structura
2395 2716 2705 2780 verborum,
2735 2732 2799 2772 ac
2823 2717 2875 2770 in
2906 2717 3152 2785 epistolis
3178 2716 3351 2772 sancti

1770 2786 1872 2842 Pii.
1920 2788 2076 2854 Quod
2129 2803 2260 2841 vero
2312 2786 2441 2842 Pius
2489 2788 2643 2856 jubet
2674 2787 2737 2841 de
2769 2788 3021 2857 curandis
3054 2797 3353 2857 martyrum

1772 2859 2107 2928 corporibus,
2144 2859 2369 2912 omnino
2420 2870 2687 2914 consonat
2726 2856 2969 2928 epistola:
2997 2872 3117 2928 vni,
3150 2856 3220 2910 al.
3257 2872 3345 2928 ιιι,

1772 2926 1944 2985 sancti
1978 2928 2258 2999 Cypriani,
2292 2928 2482 2997 illique
2513 2945 2677 2997 quam
2719 2926 3353 2999 EcclesiaSmyrnensis

1772 3000 1994 3068 scripsit
2020 2996 2093 3069 de
2118 2999 2379 3069 martyrio
2396 2996 2581 3053 saneti
2609 2999 2916 3069 Polycarpi.
2948 2996 3106 3069 Quod
3130 2997 3351 3069 demum

1697 3097 1745 3159 ο
1775 3066 2046 3159 significat
2068 3066 2217 3149 Pius,
2247 3066 2544 3159 revelatum
2575 3066 2903 3159 sibi‘fttisse,
2935 3066 3097 3159 citius
3122 3082 3194 3159 se

1776 3136 2078 3198 obiturum,
2136 3138 2315 3193 simile
2364 3148 2447 3193 est
2495 3139 2744 3208 exemplo
2784 3136 3093 3208 Polycarpi,
3131 3136 3197 3190 de
3239 3150 3352 3204 quo

1777 3211 1968 3265 scribit
2018 3208 2261 3263 Ecclesia
2302 3205 2670 3280 Smyrnensis
2709 3208 2825 3278 (19)
2864 3205 2904 3280 εξ
2921 3205 3179 3280 Signum,
3230 3214 3353 3280 ante

1778 3281 2012 3349 triduum
2028 3295 2185 3349 quam
2211 3276 2751 3349 comprehenderetur,
2772 3276 3104 3349 reuelationis
3118 3276 3352 3349 occepit.

1779 3348 1871 3405 Sic
1908 3345 2069 3406 etiam
2116 3345 2425 3417 Cyprianus
2483 3349 2843 3417 revelationes
2901 3346 3003 3401 sibi
3048 3364 3078 3400 a
3118 3345 3354 3401 Domino

1784 3430 2036 3475 ostensus
2073 3406 2267 3474 amicis
2301 3419 2557 3489 patefecit
2606 3419 2747 3488 (20).
2793 3415 2918 3472 Haec
2953 3417 3132 3489 fusius
3169 3430 3355 3489 perse-

1775 3492 1869 3559 qui
1893 3492 2157 3560 oportuit,
2186 3500 2244 3542 ut
2272 3486 2463 3544 omnes
2500 3486 2875 3560 suspicionum
2917 3487 3145 3542 nebulas
3171 3486 3240 3540 ab
3271 3486 3354 3539 in-

1776 3562 2084 3633 tegerrimis
2106 3560 2354 3633 epistolis
2374 3561 2756 3633 tatnoliremur.
2802 3577 2837 3633 |_
3070 3625 3079 3633 ι

1864 3577 2084 3616 ernmis
2106 3577 2354 3630 eptswns
2381 3577 2756 3613 amouremur.
2802 3577 2819 3610 ι

1832 3577 2123 3685 ἧὴριειιιιε
2148 3631 2229 3684 vir
2252 3630 2662 3685 eruditissimus
2699 3645 2713 3681 :
2746 3628 2840 3697 qui
2875 3636 2923 3681 et
2951 3625 3081 3681 alibi
3107 3625 3225 3697 (21)
3258 3626 3358 3679 ha-

1776 3702 1868 3757 bet
1894 3702 2177 3770 complura
2206 3702 2273 3755 de
2309 3700 2556 3755 Hermete
2590 3698 2647 3753 S.
2691 3699 2771 3752 Pii
2801 3697 2992 3760 fratre,
3030 3697 3118 3770 cui
3144 3711 3349 3770 cogito--

1775 3767 2257 3834 mentum—Pastor;
2285 3787 2458 3841 eaque
2485 3771 2650 3827 simul
2677 3770 2912 3841 illustrat
2928 3784 3049 3836 quae
3074 3768 3140 3841 de
3161 3767 3355 3820 eodem

1776 3843 2002 3917 gustare
2038 3843 2092 3895 in
2146 3838 2386 3917 secunda
2426 3842 2658 3911 epistola
2690 3842 2757 3895 ad
2786 3838 3004 3917 Justum
3035 3838 3355 3917 episcopum

1781 3912 2142 3967 Viennensem
2182 3913 2374 3968 scribit
2406 3908 2629 3967 sanctus
2666 3908 2906 3982 pontifex
2945 3927 2958 3962 :
2997 3909 3087 3962 ubi
3120 3916 3175 3963 et
3200 3908 3355 3960 viro.

1775 4000 1897 4037 rum
1932 3984 2225 4037 illustrium
2250 3985 2315 4038 de
2349 3982 2593 4036 Hermete
2619 3978 2786 4052 atque
2822 3978 3022 4052 Herum
3050 3990 3360 4052 eorumque

1774 4055 1929 4110 libris
1959 4055 2347 4109 disserentium
2377 4055 2566 4123 lapsus
2597 4046 2821 4122 detegit.
2856 4047 2911 4103 ld
2935 4063 3120 4103 autem
3160 4046 3354 4101 admo-

1774 4125 1964 4180 nuisse
1993 4136 2279 4194 propterea
2305 4124 2569 4194 oportuit,
2599 4139 2666 4177 ne
2700 4124 2955 4194 lectorem
2982 4136 3045 4173 ea
3079 4132 3361 4194 remoren-

1775 4205 1885 4258 tur,
1913 4189 2036 4266 quie
2056 4189 2121 4251 ad
2151 4195 2302 4250 illum
2345 4189 2582 4249 laudatae
2612 4193 2857 4266 epistolae
2889 4190 3143 4246 secundae
3176 4189 3359 4242 locum

1775 4261 1982 4336 placuit
2004 4268 2074 4321 cl.
2109 4267 2402 4321 Coutantio
2432 4261 2727 4320 adnutaése
2753 4261 2889 4332 (22).

1849 4467 1963 4538 (14)
2006 4465 2241 4538 Masson.
2270 4463 2347 4518 De
2378 4462 2557 4534 Episc.
2580 4461 2845 4538 Πιξὶιηιίζι.
2874 4474 2914 4528 ι,
2947 4474 3073 4530 pag.
3099 4455 3187 4509 11.

1851 4531 1968 4605 (15)
2008 4536 2287 4605 Sponden.
2313 4531 2542 4605 adtann.
2571 4534 2697 4598 112,

1847 4591 1963 4679 (16)
2008 4591 2266 4679 Vicecom.
2300 4605 2366 4659 de
2390 4604 2537 4659 Miss.
2564 4591 2759 4679 Aritibf,’
2778 4602 2876 4656 lib.
2902 4615 2945 4666 ι,
2972 4613 3093 4668 cap.
3120 4594 3175 4662 8,
3204 4600 3259 4648 et
3295 4591 3363 4646 de

1768 4674 2146 4748 Miésﬁappar,
2176 4678 2271 4748 lib.
2305 4691 2387 4738 ιιι,
2415 4691 2536 4744 cap.
2559 4674 2653 4748 24.

1849 4750 1963 4820 (17)
1991 4741 2169 4820 'Labb.
2202 4746 2372 4820 Cone.
2393 4741 2539 4820 _t_om.
2570 4747 2614 4809 Ι,
2647 4761 2773 4815 pag.
2808 4741 2933 4796 576.

1877 4808 1967 4889 18)
2009 4819 2251 4889 Floreat.
2286 4815 2355 4870 ad
2388 4808 2613 4889 M_artyr.
2638 4808 2781 4889 iret...
2814 4830 2938 4884 pag.
3134 4880 3145 4889 _
3322 4877 3334 4889 .

1877 4821 1967 4889 18)
2009 4821 2251 4872 Floreat.
2286 4821 2355 4870 ad
2388 4821 2613 4885 Martyr.
2648 4826 2781 4877 vet.,
2814 4830 2938 4884 pag.
2968 4821 3094 4865 715.
3322 4877 3334 4889 .

1849 4821 1963 4961 (19)
2004 4888 2150 4944 Eccl.
2186 4886 2399 4957 Smyrn.
2421 4885 2591 4955 Epist.
2619 4886 2688 4942 de
2706 4895 2934 4955 martyr.
2967 4878 3026 4934 S.
3049 4879 3361 4951 Polycarpi,

1779 4961 2165 5101 ωῗέοῗᾟυρν.
2186 5029 2357 5101 Epist.
2391 5033 2451 5089 11
2481 5036 2537 5084 ct
2581 5028 2670 5093 16,
2707 5027 2779 5082 al.
2833 5026 2867 5080 8
2893 5031 2943 5079 et
2975 5022 3042 5077 ll)
3092 5029 3148 5076 et
3176 5021 3274 5076 libo
3298 5022 3368 5077 de

1774 5101 2237 5244 Μ((2ι13)¹’1ποηιιαιι.
2280 5171 2418 5227 Hist.
2456 5171 2558 5225 litt.
2596 5166 2807 5239 Aquil.,
2838 5165 2935 5220 lib.
2960 5180 3022 5229 ιι,
3058 5175 3216 5233 capp.
3254 5162 3276 5214 1
3312 5169 3367 5215 et

1773 5246 1829 5311 2,
1860 5243 2019 5314 pagg.
2048 5245 2139 5308 65,
2170 5243 2238 5298 67
2269 5259 2424 5312 seqq.
2499 5311 2509 5314 Α
2636 5310 2649 5314 _
2707 5308 2739 5314 _
2783 5308 2795 5314 _
2928 5303 2967 5314 ﬁ
3123 5300 3164 5314 ἢ
3249 5300 3281 5314 μ,

1817 5299 2254 5443 ’(Ὦξὲϐοιιίαηι.
2291 5299 2535 5384 Append.
2584 5310 2654 5367 ad
2701 5308 2871 5380 Epist.
2928 5303 3093 5361 Rom.
3123 5299 3362 5368 Pontiﬁ,

1774 5403 1896 5460 pag.
2002 5427 2014 5441 .
