3792 6218
448 272 584 327 Illi!

1855 271 1942 326 PII
1988 271 2004 324 Ι
2041 270 2243 326 ΡΑΡᾸΞ

3600 267 3719 320 H20

1187 734 1397 914 1311
1496 732 1548 858 I
1643 729 2089 860 PAP/E
2166 729 2978 892 EPISTOL/E

1487 993 1604 1055 (Ap.
1633 989 1786 1042 Mmsn
1809 990 1992 1043 Concit.
2021 990 2171 1055 ampl.
2194 990 2402 1052 cottect.,
2429 992 2467 1054 l,
2487 992 2623 1055 67L)

821 1320 1153 1376 EPISTOLA
1192 1321 1403 1376 PRIMA
1429 1322 1694 1396 (εδ-27)(

755 1430 819 1468 ΑΙ)
857 1431 1147 1470 υκινειιεοδ
1187 1431 1399 1470 CHRISTI
1455 1433 1696 1472 FIDELES.

441 1525 509 1582 Ut
520 1529 922 1602 fieADominico
960 1529 1170 1602 Pascha
1220 1530 1510 1585 celebretur
1536 1547 1556 1587 :
1585 1533 1724 1602 quod
1752 1535 2011 1602 praedium

512 1598 761 1653 Ecclesia:
789 1599 1102 1672 subtrahens
1133 1613 1189 1654 ut
1239 1602 1532 1672 sacrilegus
1558 1598 1854 1672 jitdicetur,
1883 1615 1934 1658 et
1967 1607 2014 1659 si

505 1671 624 1738 quis
665 1686 730 1724 ex
759 1671 1035 1742 ministris
1064 1672 1310 1740 epist-apo
1351 1671 1653 1727 inobedieus
1683 1674 1864 1742 fuerit,
1921 1685 2014 1728 aut

507 1740 877 1815 contumeliam
918 1749 1009 1815 aut
1043 1743 1267 1795 insidias
1301 1752 1395 1797 aut
1423 1740 1753 1798 calumniam
1789 1761 2012 1815 paraue-

507 1811 599 1871 rit,
626 1811 790 1864 cui-iw
822 1811 1088 1865 tradatur.

505 1901 778 1958 Omnibus
803 1903 1086 1971 Eeclesiis,
1129 1903 1183 1958 in
1215 1903 1404 1962 eadem
1444 1923 1553 1977 qua
1596 1921 1791 1964 sumus
1833 1908 1936 1963 ﬁde
1960 1917 2016 1963 et

433 1995 682 2050 doctrina
720 1997 1091 2062 manentibus,
1135 1997 1268 2054 Pius
1294 2001 1609 2070 apostolica:
1641 2002 1788 2058 sedis
1833 2002 2014 2058 archi-

431 2084 742 2154 episcopus.

504 2175 721 2232 Gratias
757 2178 994 2248 agimus,
1037 2179 1259 2248 fratres,
1314 2181 1445 2249 Deo,
1493 2183 1757 2253 quoniam
1815 2183 2014 2239 crescit

437 2285 457 2318 ι
493 2267 626 2324 ﬁdes
666 2278 868 2332 vestra,
897 2280 951 2325 et
982 2271 1225 2327 abundat
1280 2273 1527 2329 cliaritas
1577 2275 2012 2345 uniuscujusque

433 2359 678 2414 omnium
713 2371 954 2416 vestrum
982 2363 1035 2417 in
1061 2363 1315 2429 invicem,
1343 2365 1415 2418 ita
1438 2375 1500 2419 ut
1520 2381 1619 2421 nos
1642 2366 1744 2435 ipsi
1775 2367 1830 2419 in
1856 2366 2012 2421 vobis

433 2451 729 2520 gloriemur
758 2453 812 2506 in
835 2453 1098 2509 Ecclesiis
1137 2454 1230 2510 Dei
1259 2457 1325 2509 ⁸⁸.
1368 2476 1387 2508 i
1422 2455 1634 2522 Videte,
1672 2457 1894 2520 fratres,
1932 2459 2013 2512 vi-

431 2542 577 2608 dete,
608 2553 668 2597 ut
704 2563 724 2595 ι
762 2561 924 2599 nemo
953 2561 1050 2602 vos
1093 2547 1340 2613 seducat,
1384 2549 1574 2605 volens
1607 2550 1661 2604 in
1702 2550 2012 2606 humilitate

428 2642 485 2686 et
507 2634 770 2704 religione
800 2637 1120 2707 angelorum
1154 2638 1272 2707 {‘28)
1297 2656 1419 2708 qua:
1449 2655 1557 2694 non
1582 2641 1717 2694 vidit
1744 2641 1882 2711 (29),
1901 2658 2014 2697 am-

2041 1339 2090 1394 Α
2121 1326 2939 1399 bcnignitatcm,bumilitatem,
2976 1324 3344 1388 modestiam,
3378 1326 3698 1394 patientiam,

2115 1427 2502 1489 supportantcs
2535 1416 2790 1483 invicem,
2819 1424 2872 1469 et
2898 1415 3174 1470 donantes
3207 1415 3644 1484 vobismetipsis,
3665 1416 3699 1469 si

2114 1515 2240 1584 quis
2280 1514 2548 1567 adversus
2591 1511 2829 1579 aliquem
2870 1508 3033 1562 habet
3083 1507 3413 1578 querelam.
3470 1506 3537 1562 Et
3583 1507 3704 1563 sicut

2113 1606 2368 1661 Christus
2404 1603 2632 1660 donavit
2656 1603 2832 1666 vobis,
2859 1601 2931 1655 ita
2954 1611 3007 1656 et
3033 1616 3153 1657 vos.
3186 1619 3207 1652 s

2888 1759 2931 1810 Ι.

2345 1875 2411 1931 Ut
2447 1877 2532 1930 die
2567 1874 2845 1929 Dominica
2887 1871 3096 1926 Pasclia
3139 1871 3463 1926 celebretur.

2185 1993 2229 2024 ⁸⁷
2253 1990 2524 2047 Caeterum
2551 2004 2713 2044 nosse
2738 2003 2836 2042 vos
2855 1988 3133 2053 volumus,
3165 1987 3323 2056 quod
3361 1985 3582 2042 Pascha
3604 1985 3700 2038 Do-

2115 2085 2249 2140 mini
2287 2084 2378 2140 die
2415 2082 2699 2137 Dominica
2737 2081 2938 2136 annuis
2979 2079 3450 2136 solemnitatibus
3477 2081 3551 2134 sit
3573 2082 3700 2135 cele-

2113 2177 2384 2232 brandqu
2407 2175 2543 2246 (50).
2570 2172 2694 2229 Istis
2721 2189 2850 2245 ergo
2883 2174 3226 2243 temporibus
3261 2172 3312 2205 ⁸⁸
3347 2171 3588 2228 Hermes
3618 2173 3704 2227 do-

2113 2279 2233 2327 ctor
2257 2269 2508 2339 [idei(5l)
2537 2277 2592 2323 et
2627 2267 3038 2336 Scripturarum
3058 2267 3270 2323 effulsit
3316 2267 3472 2322 inter
3505 2284 3623 2322 nos.
3649 2265 3702 2319 Et

2114 2365 2240 2419 licet
2290 2377 2392 2417 nos
2444 2361 2586 2416 idem
2631 2359 2844 2415 Pascha
2885 2360 3141 2430 praedicta
3193 2361 3289 2415 die
3345 2361 3699 2424 celebremus,

2112 2456 2241 2527 quia
2273 2465 2456 2508 tamen
2505 2453 2730 2523 quidam
2786 2454 2911 2508 inde
2940 2452 3298 2518 dubitarunt,
3349 2453 3424 2508 ad
3459 2452 3698 2508 corrobo-

2113 2549 2314 2604 randas
2349 2547 2563 2602 animas
2608 2562 2822 2614 eorum,
2853 2545 3031 2602 eidem
3078 2545 3298 2601 Hermae
3330 2546 3570 2617 angelus
3609 2543 3699 2598 Do-

2114 2640 2247 2694 mitti
2275 2640 2328 2694 in
2361 2639 2551 2694 habitu
2586 2640 2827 2708 pastoris
2857 2638 3129 2709 apparuit,
3159 2647 3217 2692 et
3247 2641 3524 2708 praecepit
3553 2636 3622 2701 ei,
3651 2645 3699 2691 ut

433 2724 627 2778 bulans
681 2724 908 2790 frustra,
960 2729 1183 2784 inflatus
1213 2744 1379 2784 sensu
1430 2732 1615 2786 carnis
1660 2747 1790 2795 suae,
1819 2742 1872 2788 et
1901 2749 2008 2788 non
2044 2730 2322 2787 BPascba
2381 2731 2470 2786 die
2514 2730 2806 2787 Dominieo
2858 2733 2928 2788 ab
2979 2732 3243 2788 omnibus
3302 2732 3692 2787 celebraretur.

429 2823 620 2871 tenens
650 2827 834 2888 caput,
865 2835 932 2875 ex
963 2837 1073 2892 quo
1111 2831 1286 2877 totum
1326 2838 1562 2893 corpus,
1607 2841 1702 2895 per
1740 2841 1914 2882 nexus
1959 2835 2014 2882 et

429 2909 851 2979 conjunctiones
873 2914 1354 2970 subniinistratum
1385 2926 1440 2971 et
1460 2927 1859 2985 constructum,
1890 2935 2013 2974 cre-

429 3001 535 3054 scit
587 3002 641 3056 in
675 3016 1031 3075 augmentum
1080 3004 1174 3059 Dei
1206 3008 1274 3062 ⁶⁸.
1319 3006 1425 3061 Sed
1471 3009 1681 3064 induite
1722 3025 1821 3063 vos
1867 3010 2012 3065 sicut

428 3093 584 3146 electi
624 3093 739 3161 Dei,
783 3097 960 3151 sancti
995 3106 1049 3151 ct
1089 3097 1297 3164 dilecti,
1341 3099 1553 3154 viscera
1591 3101 2006 3167 misericordiae,

2115 2823 2265 2880 Unde
2297 2833 2350 2880 et
2381 2839 2480 2878 vos
2508 2825 2807 2893 apostolica
2835 2825 3162 2880 auctoritate
3192 2825 3563 2892 instruimus,
3589 2839 3692 2878 om-

2110 2937 2208 2975 nes
2239 2921 2428 2975 eadem
2454 2934 2679 2974 servare
2710 2920 2934 2980 debere.
2962 2918 3094 2988 quia
3124 2926 3181 2973 et
3210 2933 3316 2971 nos
3363 2917 3562 2972 eadem
3590 2933 3692 2973 ser-

2108 3027 2322 3076 vamus,
2349 3024 2450 3064 nec
2470 3009 2681 3065 debetis
2709 3025 2740 3062 a
2767 3009 2942 3078 capite
2967 3023 3193 3079 quoquo
3227 3008 3402 3061 modo
3423 3006 3692 3062 dissidere.

2107 3103 2310 3159 Cavete
2332 3102 2621 3174 diligenter
2658 3116 2851 3156 omnes
2881 3119 2900 3153 ‹
2938 3116 3005 3155 ne
3032 3099 3160 3170 quis
3191 3113 3297 3153 vos
3333 3097 3580 3168 decipiat
3607 3112 3688 3166 per

487 3250 532 3279 ”
563 3251 608 3304 ll
636 3249 874 3325 Thes},
901 3255 954 3318 5,
986 3255 1040 3310 ι.
1119 3255 1166 3287 ⁸⁸
1194 3256 1480 3316 Coloss.u.
1501 3257 1586 3323 i8,
1622 3259 1702 3313 l9.
1779 3261 1824 3291 “
1852 3261 2063 3318 Coloss.
2095 3260 2273 3325 Itt,-l2,
2305 3258 2391 3314 l5.
2469 3258 2513 3290 ⁸⁷
2542 3255 2618 3311 De
2648 3272 2879 3311 consecr.
2913 3253 3157 3310 distinct.
3190 3253 3260 3308 ὃς
3294 3252 3479 3308 Nosse
3509 3269 3592 3307 vos
3620 3267 3693 3304 ro-

426 3318 623 3376 lamus.

496 3417 711 3491 (ἓξ-(27)
748 3418 962 3476 Nullius
991 3421 1113 3476 ﬁdei
1137 3423 1279 3491 apud
1309 3424 1574 3479 eruditos.

497 3488 611 3565 (28)
647 3490 816 3545 Nemo
870 3509 958 3547 vos
1003 3488 1218 3565 seducet
1269 3495 1324 3546 in
1360 3494 1610 3565 religione
1665 3496 1997 3564 angelorum.

434 3556 614 3614 Verba
645 3571 772 3615 sunt
807 3565 1042 3631 apostoli
1072 3562 1224 3635 Pauli
1256 3565 1323 3618 ad
1345 3556 1559 3620 Coloss.
1585 3556 1764 3635 capite
1800 3583 1835 3619 ιι
1861 3569 2003 3622 scri-

425 3639 539 3696 pta,
589 3647 693 3706 non
737 3635 883 3706 quod
940 3635 1111 3706 sensit
1177 3633 1538 3706 Hieronymus
1583 3633 1812 3706 epistola
1853 3638 1998 3702 251,

423 3710 616 3773 quaest.
661 3702 1043 3766 10,7adversus
1075 3705 1293 3761 Judtros
1325 3702 1630 3771 caelicolas,
1647 3708 1832 3762 stellas
1851 3708 2000 3773 caeli,

427 3772 652 3846 angelos
683 3789 805 3828 esse
845 3777 1151 3846 credentes,
1192 3793 1368 3846 neque
1399 3777 1563 3832 etiam
1603 3779 1868 3832 adversus
1907 3772 1998 3831 Si?

425 3842 728 3916 moniaeos,
766 3852 825 3896 ut
848 3846 1013 3916 sentit
1047 3842 1443 3909 Bellarminus;
1479 3849 1573 3901 sed
1601 3849 1784 3916 potius
1809 3858 2000 3902 contra

424 3909 673 3987 Cerinthi
725 3915 1256 3987 perniciosissimum
1291 3918 1490 3985 dogma
1531 3909 1657 3983 hoc,
1710 3933 1822 3987 quo
1865 3921 2002 3973 adeo

426 3977 708 4059 humiliter
727 3977 806 4036 'de
837 3984 1062 4059 Christo
1109 3977 1400 4059 sentiebat,
1442 3997 1504 4059 ut
1549 3977 1767 4059 onmem
1818 3989 1887 4042 ab
1936 4005 2006 4044 eo

425 4049 762 4105 divinitatem
797 4052 1059 4118 auferret,
1091 4056 1296 4108 nudum
1328 4049 1605 4112 hominem
1639 4057 1810 4112 fuisse
1838 4060 2003 4114 doce-

426 4128 529 4181 ret,
559 4122 781 4197 angelos
803 4125 1112 4197 omnes_qu_i
1139 4127 1330 4179 mundi
1357 4130 1579 4195 opttices
1605 4128 1820 4182 fuerant
1839 4145 2004 4197 super

425 4201 551 4242 eum
576 4193 876 4246 extolleret.
894 4193 967 4246 Ita
985 4193 1304 4249 Cerinthqu
1325 4193 1563 4251 sensisse
1580 4213 1687 4253 non
1706 4193 1922 4254 tantum
1934 4217 2002 4254 ex

427 4256 628 4339 Ireuzeo
653 4271 706 4316 et
743 4261 1069 4339 Epiphanio,
1105 4266 1196 4318 sed
1223 4268 1389 4339 etiam
1415 4267 1752 4322 Tertulliano
1778 4269 1850 4322 De
1872 4286 2006 4339 pra:-

423 4329 658 4407 ξενίρτη
705 4329 962 4407 οιῃρξὲὃ,
1005 4345 1240 4390 constat.
1288 4338 1426 4391 Cum
1487 4339 1652 4407 igitur
1703 4329 2001 4395 Cerinihus

733 3324 778 3355 ³⁸
816 3323 946 3380 Vide
981 3335 1224 3381 nostram
1250 3328 1387 3384 diss.
1423 3328 1500 3383 De
1529 3331 1714 3399 script.
1748 3330 1952 3387 Eccles.
1989 3342 2121 3387 tom.
2147 3323 2189 3384 l'.

2107 3433 2319 3488 centes,
2356 3425 2558 3480 multos
2576 3439 2604 3478 a
2639 3424 2740 3476 fide
2762 3419 3079 3484 averterint,
3111 3428 3170 3472 ut
3197 3428 3354 3488 patet
3382 3436 3452 3473 ex
3479 3419 3687 3488 epistola

2106 3496 2187 3550 Pii
2217 3496 2490 3565 pontitleis
2525 3497 2590 3548 ad
2622 3493 2836 3565 iustum
2866 3490 3237 3565 _Viennetisem
3268 3492 3505 3565 scripta,
3539 3505 3688 3565 quam

2109 3561 2254 3621 nunc
2283 3567 2522 3634 primum
2554 3566 2642 3619 hic
2674 3563 2834 3619 tertio
2865 3562 2986 3616 loco
3017 3570 3072 3616 et
3097 3561 3297 3616 ordine
3350 3561 3686 3630 subjicinius.

2109 3637 2235 3691 Sev.
2270 3636 2386 3690 Bm.

2184 3707 2301 3774 (29)
2338 3707 2474 3771 ραω
2501 3722 2603 3759 non
2625 3703 2780 3758 vidit.
2803 3702 3068 3774 Videntur
3081 3700 3292 3774 Paulus
3326 3710 3383 3774 et
3410 3700 3544 3774 Pius
3574 3701 3689 3755 allu-

2106 3776 2238 3832 dere
2277 3771 2344 3831 ad
2392 3778 2443 3833 id
2487 3776 2633 3846 quod
2673 3776 2740 3829 de
2773 3773 2969 3846 eodem
3011 3771 3294 3846 Cerintho,
3321 3771 3688 3846 Theodoretus

2105 3848 2200 3902 lib.
2230 3863 2289 3913 ll,
2313 3863 2436 3918 cap.
2461 3842 2519 3910 4,
2542 3845 2793 3900 eretic.
2825 3842 3220 3918 {ab.,scrips_it,_
3241 3843 3438 3897 dicens
3464 3859 3477 3894 :
3509 3861 3528 3892 ι
3557 3842 3688 3897 Con-

2111 3912 2470 3974 tinxitautem
2497 3918 2661 3972 etiam
2692 3914 2956 3984 quasdam
2999 3912 3395 3984 revelationes,
3414 3983 3419 3984 ί
3441 3922 3685 3982 tanquam

2109 3988 2227 4058 ipse
2252 4005 2346 4043 eas
2364 3999 2511 4058 esset
2542 3982 2965 4058 conteiinplatus.
3000 4002 3019 4034 ι
3064 3982 3146 4038 Ad
3183 3983 3680 4058 captandamenim

2109 4054 2450 4114 audientium
2484 4057 2670 4120 ﬁdem,
2695 4056 2803 4110 illis
2826 4056 3102 4117 utebatur,
3132 4055 3306 4107 multa
3342 4070 3404 4107 se
3436 4054 3692 4107 divinitus

2109 4131 2315 4185 vidisse
2347 4129 2643 4192 mentiens,
2675 4141 2819 4196 quae,
2853 4125 3205 4196 utfinquiunt‘
3229 4122 3441 4178 Paulus
3467 4133 3521 4177 et
3548 4123 3684 4196 Pius,

2108 4218 2218 4255 non
2253 4200 2408 4254 vidit.
2449 4193 2715 4252 Baronius
2735 4212 2880 4249 anno
2913 4195 3122 4249 Christi
3146 4193 3237 4260 UO,
3278 4211 3438 4247 num.
3474 4196 3558 4248 l8.
3588 4194 3655 4247 In.

2177 4271 2294 4340 ('50)
2330 4269 2539 4324 Pascha
2585 4267 2808 4340 Domini
2835 4266 2920 4318 die
2949 4264 3227 4340 l_)_ontiuica
3270 4266 3472 4317 annuis
3513 4266 3685 4340 solent-

2110 4334 2369 4394 nitatibus
2418 4341 2486 4393 sit
2531 4335 2919 4391 celebrandum.
2959 4334 3036 4388 Ex
3073 4336 3257 4389 verbis
3285 4337 3681 4403 sequentibus:

421 4399 701 4477 Christum
729 4399 1088 4477 deprimeret,
1123 4415 1178 4459 et
1214 4409 1437 4477 angelos
1482 4399 1769 4473 evxaltaret,
1806 4411 2002 4464 merito
2029 4409 2072 4464 C
2116 4432 2134 4464 ι
2160 4411 2226 4464 Ει
2255 4412 2378 4464 licet
2410 4425 2512 4463 nos
2537 4409 2677 4462 idem
2703 4406 2911 4460 Pascha
2939 4407 3191 4474 praedicta
3218 4406 3309 4460 die
3329 4399 3682 4467 celebremus,

420 4466 624 4525 Paulus
657 4466 884 4548 epistola
923 4475 1015 4548 ad
1058 4466 1436 4548 Colossenses,
1489 4489 1544 4532 et
1577 4479 1709 4533 Pius
1758 4466 2007 4548 pontifex

421 4543 778 4616 omnesalias
807 4543 1090 4616 Ecclesias
1123 4547 1226 4602 hac
1250 4549 1485 4616 epistola
1519 4543 1782 4603 admonet
1813 4552 2008 4606 dicen-

419 4616 542 4663 tes:
577 4610 868 4689 Nemo_vos
895 4615 1116 4689 seducat
1155 4620 1210 4670 in
1235 4610 1540 4673 humilitate
1589 4621 1817 4689 (Christi
1854 4622 2007 4676 scili-

419 4689 527 4758 cet,
569 4697 693 4758 cum
719 4684 790 4758 ob
824 4687 1143 4741 scandalum
1199 4691 1381 4744 erucis
1417 4691 1574 4744 illum
1598 4684 1792 4746 'uimis
1825 4691 2010 4746 humi-

420 4752 580 4829 liaus,
636 4752 912 4831 hominem
960 4765 1173 4831 tantum
1207 4759 1380 4814 fuisse
1408 4761 1760 4831 praedicaret)
1797 4773 1846 4815 et
1879 4764 2004 4816 reti--

418 4823 569 4902 αἰτίῃ-ε
591 4823 918 4902 angelorum.
958 4825 1177 4902 Natura:
1223 4831 1369 4885 enim
1408 4823 1488 4886 'ae
1536 4823 2010 4902 mundi'corporei

417 4893 641 4972 opiﬁces
661 4909 781 4972 eos
805 4894 972 4972 fuisse
993 4897 1284 4972 iactantes,
1319 4903 1574 4972 religiose
1606 4903 1772 4957 nimis
1800 4893 2010 4971 deprae-

415 4960 1049 5043 dicabant._'-l_‘beodo_re_ti
1077 4960 1352 5043 expositio
1379 4960 1542 5042 biijus
1569 4973 1674 5025 loci
1705 4960 2006 5028 etcetistira

415 5035 646 5113 canonis
687 5035 756 5089 55
785 5039 1018 5113 _concilii
1072 5035 1392 5106 Laudiceni,
1450 5035 1818 5110 praeterquam
1857 5043 2006 5111 quod

417 5107 727 5224 periculosa
754 5107 844 5173 sit,
881 5124 1009 5164 vera
1040 5127 1150 5164 non
1185 5123 1288 5166 cst.
1320 5107 1623 5167 Corinthus
1650 5107 1795 5165 enim
1831 5107 2001 5180 auge-

437 5189 500 5224 tiS
531 5177 720 5224 mundi
761 5180 982 5224 anili”);
1016 5197 1122 5224 non
1163 5187 1328 5224 llitnln
1362 5199 1470 5224 nnn
1505 5183 1733 5224 {inm-hat
1761 5199 1885 5224 paen
1915 5199 2001 5224 ρη-

437 5189 500 5228 os
527 5177 721 5247 mundi
761 5180 982 5247 opiﬁces
1013 5197 1122 5234 non
1163 5187 1328 5236 modo
1362 5199 1471 5236 non
1505 5183 1733 5237 docebat
1761 5199 1885 5237 esse
1908 5177 2009 5236 co-

415 5244 608 5300 lendus
635 5257 689 5301 et
715 5244 1049 5321 adorandus,
1072 5252 1165 5305 sed
1199 5253 1405 5319 potius,
1438 5261 1699 5321 tanquam
1735 5253 2005 5307 malorum

417 5324 695 5382 auctores,
718 5320 845 5372 odio
875 5322 1160 5375 habendos
1186 5339 1334 5378 esse.
1365 5322 1496 5376 Vide
1533 5320 1828 5376 Bai-ouium
1857 5340 2005 5376 anno

417 5383 636 5440 Domini
664 5388 754 5452 60,
781 5408 833 5444 n.
870 5390 936 5444 15
989 5402 1044 5445 et
1067 5393 1428 5461 sequentibus
1457 5409 1631 5462 usque
1666 5394 1730 5446 ad
1766 5392 2001 5448 ‘20.ltem

417 5465 596 5528 notas,
630 5471 849 5514 nostras
874 5462 926 5512 iu
946 5476 1149 5514 canon.
1185 5462 1278 5528 55,
1305 5464 1503 5517 coneil.
1538 5464 1707 5517 Laod.
1736 5465 1846 5517 Cur
1878 5463 2006 5518 Pius

415 5526 665 5644 pontifex
695 5545 889 5583 omnes
918 5530 1194 5585 Ecclesias
1227 5526 1329 5586 hoc
1355 5533 1476 5587 loco
1503 5534 1645 5586 sicut
1669 5533 1871 5588 Paulus
1893 5534 2001 5586 Co-

439 5611 698 5644 ossenaes
746 5602 1120 5644 mlmnnm-ril,
1166 5619 1331 5644 oniten
1374 5613 1452 5644 nul
1524 5605 1665 5644 nnml
1709 5605 2001 5644 l‘mrinllmu

439 5611 698 5670 osscuscs
746 5602 1122 5663 admonuerit,
1166 5619 1331 5656 causa
1374 5613 1478 5660 est.
1524 5605 1666 5671 quod
1709 5605 2002 5657 (,Ierintlius

414 5678 644 5735 qusque
693 5674 910 5725 scctarii
957 5674 1059 5728 hoc
1098 5681 1338 5741 tempore
1373 5675 1562 5728 eadem
1610 5690 1864 5742 perverse
1903 5675 2002 5730 d0-

2113 4483 2242 4551 quia
2274 4490 2454 4533 tamen
2485 4479 2708 4548 quidam
2744 4477 2869 4551 inde
2917 4477 3267 4551 dubitarunt,
3310 4495 3330 4526 s
3364 4488 3520 4551 etc.,_
3565 4477 3681 4551 satis

2113 4547 2298 4619 aperte
2319 4547 2556 4612 constat,
2581 4547 2992 4619 constitutionis
3023 4548 3169 4600 illius
3194 4551 3330 4616 (qua
3357 4548 3678 4619 praecipitur.

2115 4616 2174 4678 ut
2196 4621 2496 4675 Christiani
2551 4621 2638 4673 die
2681 4618 2968 4672 Dominieo
3023 4627 3258 4681 tantum,
3305 4626 3436 4686 post
3481 4616 3677 4671 vernale

2111 4692 2499 4761 tequinoctium
2527 4698 2884 4761 occurrente,
2902 4688 3115 4744 Pascha
3147 4688 3455 4761 celebrent,
3498 4686 3676 4761 nesci-

2113 4757 2240 4817 lic'et
2273 4761 2716 4814 Christianorum
2765 4768 2821 4814 et
2859 4758 3176 4814 Judaeorum
3224 4757 3515 4812 Paschalis
3557 4759 3675 4812 festa

2115 4849 2356 4901 unquam
2389 4832 2554 4886 simul
2591 4831 2836 4885 incidere
2876 4830 3112 4901 possint)
3135 4839 3422 4901 auctorem
3455 4829 3672 4901 primum

2114 4897 2258 4956 hunc
2303 4902 2613 4970 pontiﬁcem
2660 4901 2816 4954 Pium
2860 4897 2968 4955 non
3015 4900 3220 4964 fuisse,
3262 4900 3358 4953 sed
3402 4897 3580 4969 potius
3616 4897 3675 4947 ab

2112 4973 2402 5042 apostolis,
2443 4973 2588 5040 quod
2635 4973 2846 5042 prolixe
2895 4970 3035 5042 satis
3091 4986 3260 5040 supra
3307 4971 3374 5022 ad
3427 4982 3669 5042 caliginem

2117 5038 2492 5113 apostolorum
2532 5043 2594 5115 87
2624 5038 2956 5115 notavimus,
2987 5038 3298 5095 institutum
3325 5056 3465 5115 esse
3486 5038 3666 5115 ;_Pi_urn

2113 5108 2243 5167 vero
2260 5115 2567 5182 tmntiliccm
2587 5114 2726 5166 hanc
2751 5111 3106 5182 traditionem
3124 5111 3488 5182 apostolicam
3510 5108 3669 5182 judai-

2115 5180 2356 5236 zantiutn
2389 5183 2761 5238 Ecclesiarum
2787 5180 3185 5235 consuetudine
3224 5181 3513 5244 violatam,
3543 5180 3668 5232 edito

2114 5256 2340 5322 scripto,
2389 5264 2444 5307 et
2478 5262 2738 5322 renovato
2778 5251 3048 5306 duntaxat
3083 5259 3310 5322 decreto
3351 5254 3596 5304 lirmaSse
3624 5257 3669 5322 et

2113 5320 2467 5379 stabilivisse.
2505 5321 2636 5376 Vide
2663 5322 2864 5376 Barou.
2892 5338 3040 5374 attito
3071 5321 3276 5374 Christi
3309 5323 3435 5386 159,
3469 5337 3610 5374 num.
3643 5320 3660 5368 t

2109 5404 2164 5446 et
2192 5410 2344 5463 seqq.
2381 5394 2511 5447 Item
2536 5411 2598 5446 ea
2619 5410 2741 5464 qua:
2763 5394 3006 5448 diximus
3039 5406 3204 5462 supra
3229 5393 3298 5448 ad
3331 5407 3533 5448 canon.
3556 5403 3662 5460 spo-

2111 5465 2376 5517 stolorum
2409 5466 2462 5520 8.
2503 5465 2579 5516 In.
3487 5510 3494 5514 .

2175 5533 2289 5602 (51)
2331 5534 2627 5607 Ιδιὸεηωῃο
2668 5533 2988 5607 temporibus
3043 5534 3261 5588 Hermes
3308 5534 3496 5607 doctor

2109 5605 2245 5670 Quis
2265 5615 2319 5658 et
2350 5606 2532 5674 qualis
2566 5609 2730 5658 tuerit
2753 5605 2998 5666 llermes,
3037 5615 3183 5672 patet
3215 5622 3280 5660 ex
3313 5606 3380 5661 iis
3414 5605 3662 5674 qumdixi-

2109 5692 2231 5732 mus
2261 5693 2447 5746 supra,
2483 5677 2535 5730 in
2568 5677 2712 5731 notis
2743 5676 2809 5730 ad
2840 5675 3013 5730 Vitam
3048 5675 3244 5733 Pii.lti.
