3792 6218
96 233 203 287 ΗὲΙ

1485 223 1879 283 EPISTOLE.

3223 224 3362 284 112‘!

94 357 308 420 aliquam
340 344 696 416 astrologiam
728 343 811 398 vel
844 342 1251 414 philosophiam
1295 343 1409 414 (39.)
1450 353 1503 397 ct
1532 343 1650 397 ina-
1685 347 1728 404 Α
1762 340 1907 395 malo
1952 342 2213 396 thesauro
2245 340 2432 396 cordis
2483 341 2569 396 sui
2604 338 2817 412 profert
2850 340 3012 397 mala.
3069 344 3146 401 Ex
3180 346 3359 402 abun-

94 464 199 504 nem
243 443 540 507 fallaciam,
575 438 878 495 secundum
931 439 1287 495 traditionem
1340 437 1651 503 hominum,

90 538 367 596 secundum
399 535 667 588 elementa
696 532 905 596 mundi,
933 542 987 585 et
1015 547 1127 585 non
1153 530 1455 586 secundum
1491 529 1653 584 Chri-

88 645 212 687 stum
244 650 261 681 ο
297 638 350 683 et
395 626 751 681 traditionem
790 631 1030 689 rectam;
1069 643 1088 674 ι
1136 623 1190 676 iu
1239 620 1463 676 Christo
1494 620 1645 674 enim

88 725 276 781 hahitat
307 720 494 776 omnis
526 717 809 789 plenitudo
836 716 1143 771 divinitatis
1170 714 1566 785 corporaliter,
1592 721 1651 767 ut

87 818 190 873 sitis
218 817 268 870 in
300 816 392 869 illo
416 815 631 885 repleti,
655 814 747 883 qui
787 822 871 869 est
901 822 1066 881 caput
1095 810 1281 863 omnis
1307 807 1650 878 principatus

86 922 130 966 et
149 909 427 981 potestatis
448 908 519 972 “,
564 926 582 958 ι
616 906 707 976 qui
737 916 793 960 et
848 906 989 958 hanc
1022 913 1272 959 sanctam
1301 902 1485 957 sedem
1517 915 1650 970 apo-

87 1003 311 1057 stolicam
342 999 597 1054 omnium
630 996 1003 1053 Ecclesiarum
1033 1004 1200 1065 caput
1223 1010 1343 1049 esse
1367 992 1646 1063 praecepit,

85 1097 187 1167 ipso
215 1093 428 1149 dicente
460 1092 693 1163 principi
729 1091 1103 1161 apostolorum
1136 1105 1150 1137 :
1180 1108 1199 1141 ι
1219 1085 1302 1141 Tu
1335 1102 1395 1142 es
1428 1087 1644 1153 Petrus,

84 1199 130 1243 et
156 1202 310 1257 super
360 1186 507 1241 hanc
546 1194 755 1256 petram
786 1183 1072 1238 aedificabo
1108 1181 1409 1237 Ecclesiam
1443 1195 1644 1247 meam,

83 1290 130 1338 et
157 1288 321 1350 portae
356 1276 522 1332 inferi
557 1292 663 1331 non
696 1275 1074 1347 praevalebunt
1117 1274 1382 1328 adversus
1410 1287 1530 1326 eam
1555 1290 1569 1339 ;
1592 1280 1648 1326 et

84 1376 165 1429 tibi
191 1374 325 1429 dabo
380 1374 568 1429 claves
625 1370 773 1442 regni
825 1370 1131 1435 cmlorum;
1179 1376 1233 1425 et
1279 1367 1647 1437 quodcunque

84 1466 313 1538 ligaveris
342 1480 518 1535 super
548 1474 774 1528 terram,
802 1462 909 1517 erit
958 1462 1183 1531 ligatum
1221 1471 1275 1515 et
1303 1461 1356 1513 in
1384 1459 1562 1524 caelo;
1591 1467 1645 1512 et

82 1560 425 1629 quodcunque
458 1555 696 1610 solveris
726 1568 892 1623 super
925 1562 1151 1616 terram,
1183 1552 1287 1607 erit
1322 1552 1566 1605 solutum
1590 1559 1646 1605 et

83 1651 128 1706 in
150 1650 277 1705 coalo
311 1652 379 1703 ".
417 1669 436 1702 ι
467 1647 602 1703 Sine
641 1646 813 1701 dubio
860 1646 954 1716 qui
1005 1655 1196 1700 contra
1237 1644 1497 1698 mandata
1542 1642 1636 1697 Dei

82 1744 193 1813 agit,
242 1751 451 1813 peccat,
502 1751 559 1796 et
596 1741 689 1810 qui
733 1753 1070 1795 consensum
1132 1746 1356 1808 prastat
1404 1736 1636 1790 erranti.
1675 1726 1716 1781 Β

81 1836 118 1866 ⁸·
140 1831 267 1899 Quid
293 1831 439 1886 enim
470 1830 697 1901 prodest
723 1829 821 1893 illi,
850 1844 951 1883 suo
979 1842 1167 1883 crrorc
1196 1843 1303 1883 non
1328 1826 1518 1897 pollui,
1544 1827 1638 1897 qui

82 1939 383 1980 consensum
415 1932 643 1994 prmstat
671 1922 875 1977 erranti
908 1920 991 1975 9’?

818 2020 887 2072 ll.

81 2117 113 2168 Α
151 2115 327 2185 quibus
356 2131 463 2168 non
506 2120 745 2185 oporteat
776 2113 1046 2185 episcopos
1075 2111 1351 2185 accusari,
1385 2121 1442 2185 et
1461 2110 1525 2165 de
1554 2110 1637 2165 his

195 2188 278 2256 qui
314 2184 785 2255 transgrediuntur
801 2184 958 2253 jussu
1000 2183 1305 2252 apostolica:
1332 2182 1493 2235 sedis.

135 2278 178 2310 "
202 2279 338 2333 Oves
367 2278 519 2332 enim
551 2285 828 2346 pastorem
856 2290 1018 2331 suum
1060 2290 1167 2328 non
1210 2274 1633 2343 reprehendant,

80 2373 209 2443 plebs
230 2388 357 2427 vero
382 2371 711 2442 episcopum
739 2385 849 2423 non
880 2378 1125 2437 accuset,
1155 2384 1253 2424 nec
1279 2370 1473 2440 vulgus
1506 2383 1633 2423 eum

80 2479 265 2538 arguat,
294 2469 567 2538 quoniam
598 2486 616 2517 ι
652 2480 759 2519 non
788 2473 874 2520 est
913 2465 1219 2535 discipulus
1257 2479 1423 2529 super
1464 2463 1642 2535 magio

79 2572 446 2633 strum,neque
477 2576 675 2616 servus
698 2575 865 2630 supra
894 2559 1184 2614 dominum
1215 2559 1285 2613 ⁸⁸.
1321 2579 1339 2612 ι
1382 2557 1634 2629 Episcopi

79 2665 233 2709 autem
265 2672 294 2709 a
342 2654 459 2709 Deo
518 2662 650 2708 sunt
689 2651 996 2723 iudicandi,
1037 2651 1133 2722 qui
1180 2665 1277 2705 eos
1305 2651 1410 2705 sibi
1444 2650 1635 2705 oculos

78 2750 231 2819 elegit.
279 2748 415 2804 Nam
472 2764 504 2802 a
554 2746 791 2802 subditis
846 2754 942 2801 aut
988 2760 1170 2816 pravae
1215 2746 1340 2800 vita:
1392 2744 1633 2799 homini-

79 2841 164 2895 bus
209 2857 309 2896 non
359 2850 497 2897 sunt
540 2840 825 2910 arguendi,
859 2840 943 2894 vel
978 2839 1295 2904 accusandi,
1350 2846 1441 2893 aut
1492 2839 1635 2892 lace-

78 2933 241 3000 randi,
304 2934 425 3003 ipso
493 2931 726 2987 Domino
792 2932 1106 3002 exemplum
1152 2932 1354 2997 dante,
1412 2931 1637 3001 quando

78 3038 158 3092 per
175 3024 402 3093 seipsnm
430 3033 490 3078 et
517 3037 628 3077 non
646 3038 745 3090 per
775 3023 966 3089 alium,
1000 3022 1298 3076 vendentes
1318 3021 1631 3075 sacerdotes

76 3126 119 3169 et
140 3126 367 3172 ementes
397 3116 573 3187 ejecit
603 3116 673 3171 de
708 3115 932 3185 templo,
971 3122 1026 3169 et
1055 3129 1277 3169 mensas
1312 3114 1629 3169 nummula-
1658 3093 1699 3149 θ

78 3209 255 3264 riorum
286 3209 512 3280 proprio
543 3208 737 3263 evertit
764 3207 813 3239 ⁸⁸
844 3208 1078 3277 ﬂagello,
1109 3217 1163 3262 et
1193 3206 1354 3277 ejecit
1384 3207 1453 3262 de
1496 3215 1633 3261 tem-

77 3300 226 3367 plo".
272 3302 335 3357 Et
365 3305 517 3359 sicut
561 3302 691 3356 alibi
736 3317 832 3372 per
878 3299 1210 3370 Prophetam
1247 3300 1512 3370 loquitur,
1545 3300 1632 3355 di-

76 3407 183 3450 cens
213 3411 226 3449 :
257 3414 276 3447 ‹
298 3395 441 3450 Deus
477 3393 629 3449 stetit
664 3393 718 3447 in
754 3392 1041 3464 Synagoga
1074 3393 1325 3459 deorum,
1360 3393 1413 3445 in
1455 3392 1636 3447 medio

76 3496 228 3542 autem
244 3489 371 3543 deos
385 3486 655 3543 discernit
666 3485 733 3538 ⁸⁸.
749 3486 820 3536 i”
840 3484 895 3539 Si
913 3486 1038 3555 quis
1057 3500 1188 3540 vero
1201 3502 1232 3539 a
1246 3500 1347 3540 suo
1362 3485 1639 3555 proposito

78 3588 344 3637 retrorsum
377 3581 792 3642 exorbitaverit,
824 3589 877 3634 et
902 3579 1121 3649 jussum
1155 3577 1468 3647 apostolica:
1487 3575 1633 3631 sedis

79 3672 276 3729 t'benter
328 3685 717 3747 transgressus
748 3673 944 3740 fuerit,
987 3671 1210 3727 infamis
1241 3670 1491 3724 ellicitur.
1527 3666 1633 3721 lte-

76 3767 261 3832 probari
301 3784 435 3839 ergo
472 3775 691 3837 oportet
720 3780 909 3821 eorum
957 3763 1393 3834 redargutiones,
1434 3761 1529 3831 qui
1575 3758 1633 3814 iu

77 3867 197 3913 recta
228 3861 327 3917 ﬁde
349 3862 599 3932 suspecti
626 3870 774 3915 sunt.
812 3860 827 3890 ⁸
856 3857 1017 3914 Fides
1050 3868 1233 3913 autem
1259 3867 1313 3911 et
1338 3869 1632 3909 conserva—

77 3950 138 4005 tio
156 3952 380 4021 primum
408 3954 708 4011 scrutanda
725 3962 829 4021 est,
854 3960 909 4007 et
930 3952 1133 4017 denuo,
1159 3950 1251 4021 qui
1286 3948 1630 4018 irreprchen-

77 4044 237 4103 sibiles
273 4047 656 4118 apparuerint,
692 4054 823 4101 sunt
864 4044 1264 4115 recipiendi,et
1290 4059 1395 4098 non
1428 4042 1624 4112 prius;

77 4133 213 4200 quiat
236 4137 411 4193 bonus
432 4138 626 4203 homo,
653 4145 887 4193 testante
916 4134 1177 4190 Veritatis
1205 4148 1359 4201 voce,
1390 4150 1455 4189 ex
1485 4135 1631 4190 hono

77 4222 301 4283 thesauro
326 4229 512 4284 cordis
546 4228 631 4283 sui
661 4225 868 4297 profert
888 4224 1054 4291 bona,
1089 4232 1146 4278 ct
1172 4222 1350 4277 malus
1378 4223 1542 4277 homo
1562 4238 1630 4278 ex

129 4356 169 4392 ⁸⁸
196 4359 386 4419 Euseb.
414 4366 471 4417 in
501 4360 701 4416 Chron.
742 4359 807 4415 ad
844 4374 935 4414 an.
973 4357 1096 4413 145.
1191 4357 1238 4390 "
1265 4356 1451 4411 Colos.
1484 4373 1543 4422 ιι,
1575 4355 1628 4421 8,
1656 4359 1709 4413 9.

73 4433 271 4501 prodest.
343 4436 393 4468 ’³
417 4433 611 4487 Horm.
635 4447 719 4501 ep.
752 4430 843 4485 25.
939 4429 1069 4501 “_6,

72 4499 145 4554 40.
213 4506 258 4536 ’⁸
283 4507 412 4560 Isid.
448 4504 546 4570 111,
573 4499 713 4557 sent.
742 4503 831 4557 59.
907 4502 953 4534 ⁸⁷
985 4499 1143 4555 Joan.
1173 4515 1231 4553 ιι.

76 4571 145 4626 15.
210 4577 230 4608 ¹
255 4575 443 4631 Matth.
481 4590 581 4636 xtl,
615 4574 711 4634 35;
743 4572 876 4626 Luc.
908 4588 984 4636 vr,
1007 4571 1097 4625 45.

1176 4572 1196 4602 ³
1224 4570 1426 4623 Caesar.
1454 4571 1601 4623 hom.
1632 4572 1723 4625 25.

1755 433 1943 487 dantia
1968 434 2115 488 enim
2143 434 2329 490 cordis
2353 449 2416 489 os
2450 434 2699 504 loquitur
2731 435 2771 488 ².
2815 452 2836 484 ι
2876 432 3003 488 ldco
3044 449 3281 504 persona
3310 446 3364 493 et

1753 525 1943 595 opinio
1970 541 2036 580 ac
2062 526 2173 580 vita
2216 523 2661 595 uniuscujusque
2684 524 2737 577 in
2779 522 2938 577 initio
2964 524 3221 580 riiuanda
3253 537 3362 593 est,

1751 616 1885 687 quia
1915 617 2045 671 boni
2093 632 2315 686 semper
2360 615 2692 671 infestantur
2722 632 2752 670 a
2782 616 2965 670 malis.
3020 616 3161 671 Boni
3202 620 3357 674 enim

1753 724 1880 765 cum
1905 708 2090 773 malis,
2119 709 2248 763 licet
2273 708 2419 764 misti
2454 708 2568 763 sint
2606 708 2662 762 in
2696 707 2962 775 Ecclesia,
2998 708 3094 762 vix
3119 725 3359 766 concor-

1752 803 1885 858 dare
1899 803 2278 867 inveniuntur,
2296 802 2559 871 quoniam
2581 800 2869 858 dissimilis
2886 811 2969 858 est
2984 818 3181 858 eorum
3201 806 3348 876 cogi~

1753 896 1907 961 tatio,
1939 896 2195 950 voluntas
2211 904 2264 949 et
2295 903 2470 948 actus.
2496 894 2516 925 ³
2544 892 2692 947 Nihil
2716 895 2863 948 enim
2888 895 3116 964 prodest
3138 896 3355 955 homini

1747 987 2021 1059 jejunare,
2040 998 2094 1043 et
2111 1002 2295 1052 orare,
2326 986 2389 1041 et
2410 987 2517 1042 alia
2540 986 2822 1058 religionis
2848 987 2989 1042 bona
3024 1004 3210 1059 agere,
3244 991 3350 1046 nisi

1750 1096 1910 1136 mens
1953 1082 2023 1135 ab
2062 1081 2352 1151 iniquitate
2399 1092 2712 1146 revocetur,
2749 1089 2803 1134 et
2831 1081 2901 1135 ah
2926 1081 3347 1139 obtrectationi-

1751 1173 1854 1229 bus
1891 1173 2076 1245 lingua
2107 1174 2456 1229 cohibeatur.
2489 1172 2646 1228 Unde
2677 1172 3046 1245 aitl’ropheta
3066 1194 3109 1231 τι
3135 1176 3348 1232 Cohibe

1750 1262 1993 1333 linguam
2036 1273 2186 1318 tuam
2232 1279 2262 1317 a
2302 1264 2469 1327 malo,
2515 1272 2570 1317 et
2612 1264 2752 1318 labia
2796 1274 2886 1319 tua
2932 1280 3000 1321 ne
3049 1266 3346 1336 loquantur

1749 1350 1960 1406 dolum.
1981 1350 2198 1407 Diverte
2226 1368 2255 1407 a
2280 1353 2446 1417 malo,
2476 1362 2531 1407 et
2560 1352 2648 1407 fac
2677 1354 2880 1408 bonum
2903 1354 2976 1408 ‘.i
3008 1354 3180 1411 Nemo
3196 1359 3344 1413 enim

1748 1444 1959 1500 bonum
1992 1445 2224 1510 faciens,
2260 1445 2416 1511 alteri
2451 1446 2620 1501 verbo
2643 1456 2736 1500 aut
2769 1446 2914 1501 facto
2943 1463 3143 1502 nocere
3174 1451 3291 1505 vult
3320 1468 3338 1516 ;

1748 1538 2149 1607 quantominus
2181 1538 2234 1592 in
2262 1538 2283 1569 ⁸
2315 1538 2685 1607 suspicionem
2727 1538 2889 1594 debet
2928 1540 3115 1595 venire
3159 1540 3338 1595 ﬁdelis

1748 1630 1938 1697 homo,
1971 1644 2030 1686 ut
2065 1632 2214 1687 dicat
2252 1640 2350 1687 aut
2388 1630 2554 1687 faciat
2595 1647 2659 1688 ea
2700 1648 2824 1703 qua:
2868 1632 2980 1701 pati
3022 1649 3130 1686 non
3168 1634 3333 1688 vult?

1747 1724 1769 1754 ⁸
1796 1721 1935 1789 Quia
1968 1723 2148 1779 omnis
2176 1723 2422 1795 suspicio
2448 1725 2631 1795 potius
2666 1726 2977 1795 repellenda
3019 1737 3129 1791 est,
3166 1742 3339 1797 quam»

1744 1816 2095 1886 approbanda
2149 1816 2232 1871 vel
2280 1816 2613 1886 recipienda.
2658 1836 2679 1870 ι
2714 1817 2971 1872 Charitas
3019 1820 3166 1873 enim
3220 1836 3335 1875 non

1742 1908 1941 1979 quaerit
1986 1924 2112 1977 qua:
2157 1923 2258 1963 sua
2299 1910 2496 1976 sunt",
2533 1928 2551 1959 ι
2578 1909 2674 1965 sed
2714 1925 2838 1979 qua:
2885 1909 3159 1978 aliorum;
3199 1915 3329 1982 quia

1743 2001 1909 2056 unius
1945 2015 2135 2066 causa,
2166 2002 2465 2056 multorum
2501 2016 2609 2056 non
2641 2011 2725 2057 est
2763 2002 3099 2071 pmferenda
3134 2025 3147 2059 :
3176 2023 3195 2055 ε
3228 2004 3329 2059 Se-

1740 2092 1969 2149 ctamini
1995 2092 2344 2160 charitatem,
2374 2094 2710 2148 temulamini
2747 2094 3056 2163 spiritualia
3087 2095 3130 2150 ⁸.
3180 2096 3326 2152 Cha-

1743 2186 1877 2241 ritas
1904 2187 2049 2242 enim
2095 2186 2308 2255 patiens
2339 2195 2443 2250 est,
2490 2186 2721 2254 benigna
2764 2196 2867 2241 est.
2913 2186 3165 2242 Charitas
3215 2204 3323 2242 non

1739 2280 2051 2346 aemulatur,
2086 2293 2195 2332 non
2226 2280 2339 2349 agit
2361 2293 2669 2349 perperam,
2694 2292 2803 2333 non
2835 2278 3077 2345 inﬂatur,
3110 2294 3219 2333 non
3243 2289 3329 2335 est

1739 2373 2050 2436 ambitiosa,
2080 2386 2190 2425 non
2225 2373 2423 2441 quaerit
2447 2386 2572 2441 quae
2593 2387 2691 2427 sua
2726 2380 2877 2438 sunt,
2911 2386 3018 2425 non
3047 2372 3325 2435 irritatur,

1740 2483 1850 2521 non
1879 2466 2087 2538 cogitat
2125 2466 2355 2531 malum,
2392 2480 2501 2520 non
2545 2466 2746 2535 gaudet
2796 2479 2965 2534 super
3012 2464 3329 2534 iniquitate,

1738 2560 2043 2630 congaudet
2064 2568 2247 2613 autem
2272 2557 2486 2613 veritati
2514 2576 2529 2624 ;
2555 2557 2738 2612 omnia
2766 2558 2960 2623 credit,
2991 2558 3175 2611 omnia
3203 2572 3327 2627 spe-

1740 2662 1845 2712 rat,
1875 2651 2059 2706 omnia
2094 2651 2351 2707 sustinet.
2381 2650 2639 2705 Charitas
2667 2664 2948 2719 nunquam
2985 2649 3181 2704 excidi.
3206 2651 3251 2703 ³.
3300 2667 3320 2701 ο

1738 2744 1968 2814 Semper
1996 2758 2130 2812 rogo
2162 2758 2282 2809 vos,
2314 2752 2373 2797 ut
2403 2742 2673 2797 deteriora
2709 2740 2996 2810 rejiciatis,
3022 2750 3076 2795 et
3099 2741 3324 2795 meliora

1736 2835 2064 2907 perliciatis;
2102 2835 2232 2905 quia
2268 2848 2370 2889 nos
2410 2846 2518 2886 non
2573 2833 2831 2902 spiritum
2870 2832 3063 2885 mundi
3107 2833 3323 2900 accepi-

1738 2942 1880 2994 mus,
1934 2928 2026 2982 sed
2053 2926 2305 2995 spiritum
2350 2925 2446 2995 qui
2478 2939 2545 2979 ex
2576 2923 2687 2979 Deo
2709 2934 2811 2990 est,
2845 2934 2903 2977 ut
2931 2922 3172 2978 sciamus
3201 2939 3325 2992 qua:

1736 3037 1767 3076 a
1803 3021 1916 3076 Ι)υο
1950 3020 2150 3075 donata
2195 3026 2323 3074 sunt
2352 3018 2532 3085 nobis,
2560 3026 2616 3073 et
2654 3032 2720 3072 ea
2766 3015 3057 3072 sectamini
3108 3015 3322 3071 indide-

1735 3124 1937 3167 renter.

1806 3199 1941 3252 Data
1990 3197 2224 3267 septimo
2278 3195 2404 3251 ldus
2437 3196 2640 3266 Aprilis
2672 3197 2761 3258 ¹⁰,·
2796 3196 2960 3254 Claro
3015 3204 3073 3252 et
3117 3194 3323 3251 Severo

1734 3291 1871 3347 viris
1896 3292 2219 3347 clarissimis
2251 3290 2574 3346 consulibus
2602 3291 2669 3346 “.

2229 3423 2569 3481 EPISTOLA
2608 3427 2654 3479 ιι
2688 3426 2824 3497 (35).

2256 3555 2491 3595 ITALICIS
2528 3554 2784 3593 DIRECTA.

1738 3652 1871 3717 Qua:
1902 3653 2095 3707 divinis
2118 3662 2239 3707 sunt
2268 3654 2544 3724 assignata
2565 3651 2873 3717 usibus,‘ad
2901 3650 3164 3724 humanos
3188 3664 3316 3703 usus

1981 3724 2094 3777 sine
2115 3722 2395 3795 sacrilegio
2434 3741 2538 3778 non
2560 3738 2711 3793 posse
2737 3722 3047 3790 transferri.

1805 3835 1936 3892 Pius
1966 3835 2231 3892 Romanze
2262 3838 2419 3892 urbis
2447 3837 2922 3908 archiepiscopus,
2961 3834 3163 3890 Italicis
3208 3834 3322 3889 fra-

1734 3928 1911 3984 tribus
1941 3931 2167 3984 salutem
2193 3931 2246 3984 iu
2275 3930 2532 3985 Domino.

1813 4018 1999 4088 Scitis,
2024 4020 2243 4087 fratres,
2269 4022 2397 4091 quia
2428 4039 2447 4073 ι
2485 4020 2581 4075 Dei
2616 4020 2948 4090 agricultura
2975 4035 3170 4076 sumus
3199 4018 3264 4083 ";
3292 4035 3311 4068 ο

1736 4109 2013 4183 ideoejus
2054 4112 2333 4182 adjutores
2371 4128 2494 4168 esse
2542 4112 2808 4167 debemus
2848 4113 3150 4167 secundum
3198 4126 3323 4180 gra—

1738 4202 1894 4268 tiam,
1920 4219 2082 4275 quam
2114 4206 2230 4276 ipse
2268 4206 2418 4261 dedit
2444 4206 2623 4261 nobis.
2662 4206 2719 4261 Si
2747 4214 2930 4259 autem
2960 4205 3064 4259 hoc
3085 4218 3209 4259 esse
3226 4217 3322 4257 ne-

1802 4360 1846 4391 "
1878 4358 2069 4414 Matth.
2108 4376 2220 4426 xvr,
2248 4360 2333 4426 18,
2368 4360 2453 4415 19.
2529 4360 2576 4394 "
2610 4361 2664 4427 5,
2689 4360 2933 4414 distinct.
2967 4374 2980 4408 :
3013 4356 3153 4424 Quid
3178 4356 3319 4409 enim

1101 4445 1156 4500 q.
1190 4430 1212 4482 1
1241 4444 1254 4482 :
1290 4426 1421 4500 Ores
1447 4440 1731 4496 pastorem.
1767 4428 1831 4483 Et
1854 4431 1907 4484 in
1936 4429 2243 4484 Decr.lvnn.
2277 4432 2370 4484 lib.
2405 4447 2478 4486 tv.
2557 4431 2604 4463 ⁹⁸
2634 4430 2903 4500 Matth._x,
2938 4428 3042 4492 24;
3077 4427 3210 4500 Luc.
3241 4442 3317 4500 vt,

1311 4499 1358 4529 ³⁸
1390 4498 1533 4553 Psal.
1559 4515 1746 4566 Lxxxl,
1772 4501 1822 4553 1.

2078 4518 2133 4570 q.
2174 4502 2237 4556 4:
2273 4502 2331 4556 Si
2360 4503 2477 4571 quis
2507 4518 2626 4555 vero
2651 4519 2704 4554 a.
2785 4501 2800 4530 ¹
2834 4498 3153 4571 lla:,lr._eoll.
3181 4497 3234 4559 4,
3262 4498 3317 4559 5,

1914 4502 1960 4533 99

1992 4503 2045 4567 5,
2078 4518 2133 4570 q.
2174 4503 2237 4556 4:
2273 4503 2331 4556 Si
2360 4503 2477 4571 quis
2507 4518 2626 4555 vero
2651 4519 2704 4554 a.
2785 4503 2800 4530 ¹
2835 4503 3000 4552 llazlr.
3028 4503 3153 4551 coll.
3181 4503 3234 4559 4,
3262 4503 3316 4559 5,

1992 4574 2037 4624 ῖι.
2062 4574 2306 4626 distinct.
2335 4572 2401 4625 ὅτ
2440 4570 2594 4626 Nihil
2626 4570 2875 4641 prodest;
2906 4582 2959 4624 et
2985 4567 3060 4641 De
3081 4578 3316 4621 consecr.

1761 4572 1835 4624 De
1857 4572 2037 4640 paenit.
2062 4574 2306 4626 distinct.
2335 4570 2401 4625 5':
2440 4570 2594 4626 Nihil

73 4642 284 4702 distinct.
317 4648 385 4702 5:
425 4645 583 4701 Nihil
620 4644 761 4698 enim
798 4644 1029 4714 prodest.
1065 4640 1089 4672 ⁵
1113 4640 1260 4714 Psal.
1297 4641 1621 4714 xxxut,14,
1656 4642 1742 4696 15.
1785 4638 1962 4714 ‘Sixti
1991 4643 2121 4714 phil.
2151 4653 2291 4696 sent.
2319 4642 2419 4695 168
2436 4652 2501 4714 et
2536 4638 2655 4697 169.
2690 4641 2907 4714 ‘6,q.__1
2936 4659 2949 4694 :
2985 4638 3117 4693 Oves
3132 4646 3319 4714 priste-

73 4728 178 4769 rem.
272 4719 336 4772 ⁷1
366 4718 502 4773 Cor.
535 4732 656 4781 xm,
690 4716 744 4770 5.
798 4712 859 4745 ἠδ
885 4715 904 4767 ἰ
930 4714 1055 4769 Cor.
1096 4729 1207 4774 xiv,
1244 4712 1290 4766 1.

73 4786 196 4843 sules
224 4789 272 4843 hi
302 4797 569 4844 notantur
597 4788 651 4839 in
686 4785 841 4842 fastis
867 4801 958 4839 an.
988 4783 1192 4839 Christi
1221 4782 1343 4837 146.
1376 4782 1451 4835 In.

1366 4712 1440 4784 ξι
1470 4711 1597 4784 cor.
1634 4728 1751 4784 xui,
1779 4714 1833 4776 4,
1869 4712 1942 4784 8.
1992 4710 2046 4744 ἰθ
2094 4713 2149 4766 in
2184 4729 2287 4768 ms.
2322 4729 2373 4767 ix
2423 4711 2551 4768 Kal.
2582 4710 3020 4784 Aprilis.'llanu.

1534 4783 1575 4813 ¹¹
1600 4784 1621 4836 I
1647 4782 1775 4837 Cor.
1810 4799 1893 4849 ιιι,
1922 4783 1976 4838 9.

3102 4712 3144 4742 “
3173 4709 3322 4764 Con-

110 4903 413 4975 (52)(Ξαυειε
427 4902 1389 4976 άὲιὶςεηιετ,ηεᾳιιὲδυοδᾴεοὶρὶαιρετ
1403 4900 1639 4976 aliquam
1674 4903 1717 4959 D
1746 4903 2077 4975 astrologiae,
2100 4919 2262 4975 quam
2299 4913 2490 4960 exacte
2519 4905 2749 4960 edoctus
2769 4913 2922 4969 erat;
2948 4905 3041 4959 sed
3073 4902 3319 4974 quotidie

73 4971 388 5049 astrologiam
438 4971 998 5049 “(philosophiam
1046 4973 1298 5049 Aquilam
1341 4971 1628 5049 Ponticum

72 5047 232 5117 credo,
248 5043 347 5117 qui
368 5050 478 5104 sub
500 5047 747 5101 Adriano
771 5047 1101 5117 imperatore
1124 5044 1277 5117 vixit,
1301 5058 1366 5096 ex
1392 5043 1631 5117 judicia-

73 5115 143 5168 rio
185 5113 460 5190 astrologo
509 5113 894 5190 Christianus,
932 5131 997 5169 ex
1033 5114 1349 5190 Christiano
1385 5113 1627 5168 vicissim

74 5191 354 5260 astrologus
391 5184 459 5245 'et
499 5197 748 5260 apostata
777 5185 1038 5260 AJudaeus,
1083 5202 1155 5260 _ac
1188 5184 1409 5238 demum
1457 5198 1631 5260 sacra:

75 5253 303 5315 Ecclesia:
332 5260 513 5316 hostis
536 5253 593 5313 ct
636 5258 896 5312 inimicus
946 5265 1031 5310 est
1077 5256 1278 5318 lactus,
1327 5256 1625 5309 notandum

74 5334 215 5403 atque
241 5330 559 5403 fugiendum
575 5329 868 5403 admonet;
892 5326 960 5380 de
988 5342 1101 5403 quo
1127 5326 1465 5403 Epiphanius
1484 5325 1627 5379 libro

76 5395 326 5458 Demens:
348 5414 396 5456 et
442 5401 604 5470 pond.
656 5400 771 5454 hare
798 5399 874 5452 ait
910 5415 938 5470 :7
965 5416 983 5447 ε
1017 5395 1209 5470 Aquila
1241 5398 1404 5465 igitur
1438 5406 1621 5470 mente

73 5483 406 5541 contpunctus
443 5466 720 5541 titrtellige
765 5470 835 5524 ob
870 5469 1134 5541 miracula
1167 5483 1293 5541 quae.
1321 5482 1430 5541 per
1452 5466 1620 5519 Chri-

74 5538 257 5597 stianos
280 5545 395 5599 lieri
416 5538 683 5609 videbat),
703 5540 1125 5595 Christianismo
1150 5538 1473 5609 credidit,et
1490 5552 1617 5609 cum

74 5611 291 5685 petiisset
314 5629 607 5685 progressu
639 5606 898 5685 temporis
921 5610 1261 5679 signaculum
1288 5608 1341 5685 i_n
1373 5606 1614 5685 Christo,

76 5680 286 5749 idipsum
314 5679 619 5740 'assecutus
645 5696 748 5737 est.
780 5682 918 5736 Cum
959 5691 1140 5734 autem
1171 5696 1201 5733 a
1221 5679 1476 5749 pristino
1509 5693 1613 5732 suo

76 5748 241 5809 habitu
274 5771 384 5811 non
420 5754 756 5821 discederet,
798 5767 830 5808 a
873 5751 1142 5808 credendo
1180 5748 1430 5807 videlicet
1461 5764 1614 5805 value

1736 4976 2065 5048 positionem
2096 4976 2396 5048 nativitatis
2430 4991 2543 5030 sua:
2562 4986 2856 5047 spectaret,
2884 4979 3320 5048 redargutusquc

1736 5046 1766 5103 a
1804 5046 2126 5101 doctoribus
2153 5057 2208 5100 et
2231 5046 2547 5115 increpatus
2573 5046 2638 5102 ea
2669 5048 2866 5117 gratia,
2903 5062 2961 5099 se
3000 5062 3108 5098 non
3135 5046 3318 5098 θοι*ιοί-

1734 5126 1905 5190 geret,
1925 5117 2019 5190 sed
2037 5117 2219 5190 potius
2241 5118 2583 5190 contentiuse
2606 5125 2927 5190 opponeret,
2961 5123 3017 5169 et
3052 5129 3321 5190 non_eon-

1733 5184 1981 5244 sistentia
2000 5184 2373 5253 conﬁrmaret,
2400 5187 2573 5241 fatum
2611 5184 2865 5242 videlicet
2885 5196 2941 5241 et
2968 5184 3320 5239 narrationes

1732 5261 1800 5315 de
1846 5261 2000 5328 ipso,
2029 5258 2294 5327 expulsus
2329 5271 2414 5312 est
2448 5274 2643 5312 rursus
2697 5258 2767 5311 ab
2814 5256 3083 5320 Ecclesia,
3132 5256 3304 5328 veluti

1730 5325 1938 5385 inutilis
1987 5328 2053 5380 ad
2089 5325 2342 5383 salutem.
2389 5328 2467 5382 Ex
2517 5346 2630 5398 quo
2682 5329 2827 5381 facto
2865 5325 3313 5389 amarulentiam,

1726 5402 1893 5456 veluti
1946 5399 2246 5469 ignominia
2280 5400 2533 5464 allectus,
2586 5407 2769 5455 mente
2816 5399 3095 5466 concepit,
3144 5404 3200 5469 et
3246 5400 3315 5452 ad

1723 5466 2126 5526 aemulationem
2143 5471 2318 5525 elatus
2336 5479 2457 5535 est;
2487 5480 2542 5524 et
2572 5472 2843 5538 abnegato
2864 5466 3317 5538 Christianismo,

1722 5542 2005 5613 ipsiusque
2015 5541 2147 5608 vita,
2163 5541 2471 5612 proselytus
2484 5542 2562 5609 lit,
2576 5550 2631 5597 et
2642 5537 3315 5606 cireumciditurlttdmus;

3152 5619 3319 5681 atque

1790 5748 1907 5823 (3'5)
1946 5747 2156 5805 Pariter
2179 5754 2457 5819 suspecta.
