3792 6218
448 249 593 306 1125

1884 239 1971 295 1³11
2012 238 2029 292 1
2060 237 2265 293 ΡΜ)Ᾰί

3583 236 3705 291 1191

447 364 804 437 gleserimus,
837 361 973 417 nulli
1015 360 1245 416 dubium
1286 367 1394 425 est,
1428 356 1573 428 quod
1613 354 2020 411 damnabimur.
2054 360 2097 414 Α
2124 356 2296 411 nostri
2347 353 2475 411 Jesu
2508 353 2739 419 Christi,
2780 352 3102 423 hujusmodi
3138 361 3357 409 trauere
3404 352 3617 409 Satanae
3658 360 3706 411 in

449 456 508 509 Si
533 469 665 509 ven
692 454 749 508 in
777 453 898 522 ejus
926 452 1151 507 servitio
1190 464 1293 519 pro
1314 448 1525 504 viribus
1574 448 2028 512 laboraverimus,

446 547 673 617 verique
715 545 837 613 ejus
863 543 1147 613 adjutores
1188 541 1483 605 fuerimus,
1505 541 1736 610 ejusque
1768 540 2030 594 volunta-

448 650 556 695 tem
608 640 834 710 implere
867 637 1266 700 studuerimus,
1303 634 1549 705 profecto
1584 634 1654 688 ab
1695 634 1790 687 illo
1831 634 2034 688 ditabi-

448 748 593 797 mur,
621 732 748 801 quia
776 748 795 782 ι
833 729 1271 799 uniuscujusque
1307 742 1448 796 Opus
1474 768 1489 792 ,
1523 725 1684 796 quale
1716 726 1816 788 sit,
1855 736 1917 780 ut
1957 726 2035 781 ait

447 826 765 895 Apostolus,
823 824 942 879 dies
989 822 1204 878 Domini
1247 821 1550 878 declarabit
1595 828 1652 875 et
1706 819 1849 889 ignis
1904 833 2032 889 pro-

448 918 600 971 babit
630 917 693 970 “³.
736 934 756 967 ι

513 1008 593 1062 Ad
631 1008 816 1063 sedem
854 1016 1035 1063 autem
1070 1007 1425 1078 apostolicam
1451 1006 1717 1077 perlatum
1753 1015 1857 1069 est,
1881 1004 2030 1076 quod

448 1104 563 1160 sint
606 1104 747 1158 inter
784 1117 885 1158 vos
932 1102 1316 1157 contentiones
1360 1111 1415 1157 et
1444 1102 1825 1157 armulationes
1858 1118 1870 1154 :
1903 1109 1957 1155 et
1988 1098 2031 1130 “

445 1196 644 1267 praedia
676 1194 880 1249 divinis
916 1194 1111 1249 usibus
1155 1192 1379 1255 tradita,
1427 1192 1649 1262 quidam
1695 1192 1950 1247 humanis
1986 1192 2029 1223 ¹⁸

446 1288 721 1358 applicant
752 1286 967 1350 usibus,
1009 1294 1064 1339 et
1102 1284 1326 1339 domino
1363 1284 1473 1339 Deo
1514 1284 1624 1349 (cui
1655 1286 1849 1339 tradita
1880 1284 2030 1353 sunt)

444 1398 508 1437 ea
532 1380 887 1445 subtrahunt,
916 1386 977 1433 ut
998 1377 1115 1432 suis
1141 1377 1667 1433 usibusinserviant.
1690 1377 2033 1448 Quapropter

445 1475 516 1531 ab
549 1475 805 1529 omnibus
853 1474 1003 1528 illius
1046 1472 1091 1503 ⁸⁸
1139 1471 1515 1540 usurpationis
1568 1472 1895 1526 contumelia
1933 1472 2031 1526 de-

443 1568 689 1637 pellenda
706 1574 813 1632 est,
828 1581 894 1619 ne
914 1564 1115 1635 pnedia
1144 1563 1340 1617 usibus
1358 1571 1692 1616 secretorum
1722 1562 2029 1617 cmlestiutu

445 1662 627 1715 dicata
676 1660 812 1726 (54),
869 1674 898 1713 a
955 1657 1286 1728 quibusdam
1349 1655 1685 1711 irruentibus
1740 1665 2027 1711 vexentur.

445 1752 601 1819 Quod
642 1754 686 1806 si
718 1752 1011 1821 quisquam
1037 1748 1467 1819 prazsumpserit,
1503 1748 1803 1819 sacrilegus
1829 1748 2029 1803 habea-

445 1856 557 1908 tur,
588 1853 643 1898 ct
675 1844 816 1898 sicut
846 1842 1147 1913 sacrilegus
1184 1842 1480 1910 judicetur.
1528 1843 1679 1911 Ipsos
1717 1850 1899 1895 autem
1933 1840 2029 1911 qui

446 1938 551 1991 hoc
594 1946 787 2007 agunt,
835 1935 1064 1990 clericos
1091 1943 1147 1989 et
1175 1933 1392 1987 Domini
1427 1934 1744 1989 sacerdotes
1776 1932 2028 2003 persequi

444 2044 651 2098 eosque
683 2028 950 2083 infamare
999 2029 1333 2092 audivimus,
1375 2036 1437 2081 ut
1479 2026 1684 2081 malum
1714 2041 1882 2095 super
1913 2041 2032 2079 ma-

446 2120 557 2174 lum
600 2119 823 2182 addant,
874 2128 928 2173 et
963 2120 1263 2174 deteriores
1308 2120 1461 2183 fiant,
1512 2130 1621 2171 non
1669 2115 2031 2184 intelligentes

444 2212 591 2283 quod
628 2209 870 2265 Ecclesia
904 2209 1117 2264 Domini
1159 2210 1213 2264 in
1266 2207 1647 2263 sacerdotibus
1680 2206 1951 2272 consistit,
1976 2214 2033 2260 et

445 2302 646 2358 crescit
679 2303 731 2356 in
766 2302 1031 2371 templum
1081 2300 1197 2355 Dei.
1228 2303 1269 2333 ¹⁷
1297 2300 1363 2354 Et
1390 2302 1535 2356 sicut
1578 2300 1673 2370 qui
1725 2298 2030 2354 Ecclesiam

446 2392 539 2447 Dei
572 2400 771 2459 vastat,
808 2401 865 2447 et
905 2394 1027 2461 ejus
1070 2393 1273 2462 praedia
1305 2402 1360 2445 et
1397 2391 1629 2446 donaria
1662 2391 1937 2460 esspoliat
1977 2397 2035 2445 et

447 2485 674 2549 invadit,
697 2484 755 2539 ﬁt
779 2485 1081 2553 sacrilegus
1109 2501 1121 2535 :
1155 2485 1235 2539 sic
1256 2494 1309 2539 et
1332 2485 1422 2538 ille
1448 2483 1541 2553 qui
1570 2484 1691 2554 ejus
1719 2482 2034 2539 sacerdotes

446 2578 775 2647 insequitur,
814 2577 1089 2647 sacrilegii
1133 2593 1260 2632 rens
1290 2577 1496 2643 existit,
1531 2585 1586 2632 et
1613 2577 1916 2646 sacrilegus
1939 2575 2032 2645 ju—

444 2669 700 2724 dicatur:
736 2688 755 2721 ‹
794 2668 1181 2735 AEmulamini,
1233 2668 1453 2737 fratres,
1515 2670 1856 2724 charismata
1917 2683 2037 2723 men

446 2758 585 2813 liora
616 2758 681 2825 η,
714 2777 732 2810 ι
783 2768 837 2814 ct
869 2758 1035 2813 nolite
1062 2759 1190 2813 talia
1224 2774 1408 2830 agere,
1442 2774 1543 2815 nec
1572 2760 1654 2815 eis
1682 2759 2034 2815 commisceri

447 2858 543 2903 aut
582 2851 915 2917 consentire,
948 2851 1042 2921 qui
1087 2852 1218 2905 talia
1265 2860 1466 2922 agunt;
1511 2852 1775 2921 quoniam
1808 2867 1917 2905 non
1945 2866 2037 2905 so-

447 2937 583 3003 lum,
614 2940 710 3008 qui
741 2939 869 2993 talia
898 2951 1089 3009 agunt,
1120 2950 1251 2996 sunt
1280 2941 1448 3009 hujus
1492 2942 1745 2997 criminis
1788 2942 1891 3004 rei,
1938 2941 2035 2996 sed

445 3029 538 3099 qui
570 3030 895 3085 facientibus
923 3031 1273 3086 consentiunt
1303 3034 1366 3086 η.
1404 3051 1423 3084 ι
1452 3033 1496 3063 ²⁰
1521 3030 1640 3086 Non
1663 3046 1793 3103 ergo
1816 3032 2035 3102 gravius

2135 448 2416 504 interitum
2456 449 2663 514 carnis,
2702 458 2763 504 ut
2801 448 3031 517 spiritus
3068 447 3257 502 salvus
3288 446 3363 501 sit
3395 446 3454 500 in
3496 447 3583 503 die
3613 448 3704 501 Du-

2133 540 2267 594 mini
2312 539 2484 595 nostri
2527 539 2656 595 Jesu
2691 540 2922 594 Christi.
2970 537 3090 593 Non
3140 548 3228 593 est
3276 539 3428 593 bona
3477 540 3706 609 gloriatio

2132 642 2336 687 vestra.
2381 630 2634 697 Nescitis,
2669 632 2797 701 quia
2848 630 3125 687 modicum
3166 630 3503 685 fermentum
3552 642 3703 686 totam

2133 736 2373 777 massam
2406 721 2746 790 corrumpit?
2776 720 3114 791 Expurgate,
3171 721 3357 790 inquit
3405 721 3702 791 Apostolus,

2124 822 2293 868 'vetus
2340 812 2695 877 fermentum,
2743 822 2795 866 ut
2839 812 2962 867 sitis
3011 828 3150 866 nova
3184 814 3536 882 conspersio,
3586 815 3705 867 sicut

2132 904 2267 958 estis
2296 902 2498 973 azymi.
2529 900 2741 956 Etenim
2770 902 2971 971 pascha
3000 911 3254 956 nostrum
3292 902 3615 957 immolatus
3635 914 3704 958 est

2133 994 2408 1049 Christus.
2435 991 2623 1063 Itaque
2652 994 2959 1062 cpulemur,
2992 1009 3100 1048 non
3131 994 3184 1047 in
3223 992 3507 1050 fermento
3534 997 3702 1057 veteri,

2133 1101 2311 1155 neque
2358 1085 2413 1139 in
2468 1083 2741 1139 fermento
2791 1085 3013 1139 malitia:
3062 1093 3116 1139 et
3178 1085 3470 1155 nequitiae,
3527 1085 3614 1139 sed
3658 1088 3702 1139 in

2132 1179 2343 1251 azymis
2365 1178 2699 1235 sinceritatis
2727 1186 2783 1233 et
2817 1172 3082 1232 veritatis.
3117 1176 3331 1246 Scripsi
3357 1178 3520 1233 vobis
3544 1179 3591 1231 in
3613 1180 3705 1245 cpi.

2134 1271 2297 1335 stola,
2332 1271 2409 1324 ait
2440 1270 2584 1325 idem
2629 1270 2745 1339 ipse
2780 1268 3110 1339 Apostolus,
3145 1284 3215 1323 ne
3247 1270 3702 1324 commisceamini

2134 1360 2606 1426 fornicariis,.non
2635 1361 2823 1431 utique
2852 1358 3169 1416 fornicariis
3198 1360 3369 1430 hujus
3402 1360 3704 1427 mundi,aut

2133 1454 2335 1517 avaris,
2370 1462 2466 1509 aut
2490 1452 2805 1523 rapacibus,
2842 1462 2935 1508 aut
2967 1452 3129 1507 idolis
3160 1452 3703 1519 scrvicntibus;alio—

2133 1548 2265 1618 quin
2290 1546 2605 1602 debueratis
2640 1545 2709 1600 de
2730 1545 2835 1600 hoc
2866 1545 3074 1599 mundo
3100 1545 3331 1600 exiisse.
3358 1543 3523 1601 Nunc
3542 1556 3698 1599 autem

2135 1638 2332 1709 scripsi
2357 1637 2535 1703 vobis,
2565 1650 2674 1691 non
2707 1637 3073 1692 commisceri.
3106 1636 3162 1690 Si
3194 1638 3323 1707 quis
3352 1636 3529 1692 frater
3550 1639 3701 1691 nomi-

2134 1742 2296 1788 natus
2316 1743 2398 1787 est
2424 1730 2748 1795 fornicator,
2778 1738 2873 1785 aut
2900 1740 3235 1796 avarus,aut
3263 1729 3435 1784 idolis
3461 1730 3699 1793 serviens,

2131 1835 2227 1881 aut
2255 1824 2577 1889 maledicus,
2614 1832 2709 1878 aut
2730 1822 3003 1888 ebriosus,
3032 1831 3127 1877 aut
3152 1838 3345 1893 rapax,
3376 1838 3506 1877 cum
3537 1822 3702 1891 hujus-

2132 1917 2279 1973 modi
2316 1930 2417 1972 nec
2456 1915 2641 1971 cibum
2687 1930 2924 1971 sumere.
2962 1914 3104 1981 Quid
3150 1916 3300 1971 enim
3346 1916 3491 1970 mihi
3518 1915 3581 1970 de
3611 1917 3699 1975 liis.

2132 2010 2227 2081 qui
2265 2008 2403 2064 foris
2434 2018 2579 2073 sunt,
2609 2007 2898 2077 judicare?
2943 2006 3138 2063 Nonne
3179 2008 3247 2063 de
3278 2008 3394 2070 his,
3441 2008 3537 2078 qui
3577 2009 3701 2062 intus

2134 2110 2284 2168 sunt,
2315 2117 2415 2157 vos
2442 2100 2739 2171 judicatis?
2769 2100 2906 2155 Nam
2943 2115 3039 2156 eos
3082 2101 3179 2172 qui
3234 2100 3373 2155 foris
3405 2110 3557 2165 sunt,
3581 2100 3701 2156 Dcus

2130 2194 2420 2266 judicabit.
2453 2192 2676 2249 Auferte
2707 2194 2911 2249 malum
2948 2209 3016 2249 ex
3045 2194 3366 2263 vobisipsis.
3410 2194 3588 2249 Audet
3619 2196 3703 2248 ali-

2133 2285 2261 2355 quis
2294 2294 2560 2347 vestrum,
2596 2285 2805 2340 habens
2835 2285 3117 2354 negotium
3166 2285 3444 2340 adversus
3472 2286 3700 2349 alterum,

2130 2374 2369 2445 judicari
2394 2374 2537 2445 apud
2566 2375 2809 2445 iniquos,
2832 2386 2886 2431 et
2919 2391 3027 2430 non
3064 2378 3207 2445 apud
3239 2380 3509 2434 sanctos?
3530 2380 3603 2433 An
3631 2396 3703 2433 ne-

2135 2467 2292 2523 scitis
2317 2467 2582 2538 quoniam
2608 2468 2783 2523 sancti
2811 2466 2908 2521 Dei
2942 2469 3010 2523 de
3033 2469 3243 2523 mundo
3272 2470 3631 2539 judicabunt?
3650 2470 3704 2525 Et

2136 2560 2183 2614 si
2214 2559 2271 2613 in
2296 2558 2453 2613 vobis
2479 2558 2824 2627 judicabitur
2858 2558 3121 2624 mundus,
3170 2558 3393 2629 indigni
3439 2561 3589 2625 estis,
3624 2560 3701 2630 qui

2135 2650 2204 2706 de
2232 2651 2477 2706 minimis
2507 2649 2803 2721 judicetis?
2829 2648 3059 2705 Nescitis
3094 2651 3361 2720 quoniam
3394 2653 3611 2722 angelos
3631 2652 3704 2721 ju-

2136 2743 2479 2799 dicabimus?
2532 2750 2740 2813 quanto
2801 2743 2977 2813 magis
3036 2743 3372 2798 saecularia?
3436 2745 3703 2800 Sacularia

2138 2833 2305 2905 igitur
2316 2833 2522 2905 judicia
2548 2834 2593 2889 si
2619 2834 2943 2897 habueritis,
2976 2835 3454 2905 contemptibiles,
3488 2836 3578 2904 qui
3600 2845 3707 2889 sunt

2139 2927 2195 2982 in
2233 2928 2497 2995 Ecclesia,
2552 2929 2676 2985 illos
2725 2931 3045 2986 Constituite
3095 2932 3164 2986 ad
3218 2931 3603 3001 judicandum.
3641 2932 3706 2983 Ad

2142 3018 2527 3076 verecundiam
2561 3029 2798 3077 vestram
2836 3021 2984 3076 dico.
3035 3021 3130 3076 Sic
3172 3038 3286 3076 non
3326 3032 3416 3077 cst
3464 3024 3599 3077 inter
3627 3038 3709 3077 vos

448 3130 732 3190 peccatum
777 3130 863 3177 est
912 3121 1227 3187 fornicatio,
1287 3140 1451 3194 quam
1502 3088 1889 3195 sacrilegium;
1938 3124 2031 3179 sed
2064 3088 2106 3147 ε
2142 3114 2364 3184 sapiens
2417 3114 2751 3183 quisquam,
2805 3114 2902 3184 qui
2959 3115 3134 3185 possit
3188 3115 3452 3185 judicare
3507 3115 3706 3170 fratrem

450 3211 595 3266 sicut
627 3212 807 3282 majus
836 3221 921 3267 est
953 3223 1236 3282 peccatum
1273 3214 1419 3284 quod
1447 3216 1500 3269 in
1538 3214 1707 3269 Deum
1741 3214 2035 3269 committi-

453 3313 562 3371 tur,
591 3322 756 3377 quam
781 3308 927 3378 quod
961 3308 1013 3361 in
1048 3308 1351 3373 hominem,
1389 3309 1470 3363 sic
1504 3308 1726 3378 gravius
1745 3317 1831 3363 est
1854 3310 2028 3363 sacri-

450 3398 650 3469 legium
684 3414 866 3469 agere,
892 3415 1058 3469 quam
1099 3397 1388 3454 fornicari.
1445 3398 1521 3453 De
1550 3400 1750 3453 talibus
1773 3401 1919 3453 enim
1952 3400 2029 3454 ait

443 3488 737 3560 Apostolus
771 3508 785 3544 :
830 3510 847 3543 ι
881 3491 946 3545 Ει
981 3507 1077 3546 vos
1105 3490 1277 3545 inflati
1315 3492 1472 3556 estis,
1507 3501 1561 3545 ct
1594 3507 1701 3544 non
1749 3492 1923 3561 magis
1950 3492 2029 3545 lu-

444 3590 593 3636 ctum
632 3580 924 3649 habuistis,
961 3592 1017 3638 ιιι
1058 3583 1282 3638 tollatur
1318 3583 1386 3637 de
1434 3583 1616 3637 medio
1639 3592 1904 3649 vestrum,
1931 3585 2027 3654 qui

446 3674 550 3728 hoc
572 3690 711 3745 opus
743 3675 889 3730 fecit.
908 3674 1021 3744 Ego
1046 3676 1270 3746 quidem
1293 3676 1494 3729 absens
1512 3690 1764 3745 corpore,
1788 3690 2030 3745 presens

446 3773 625 3818 autem
656 3766 871 3835 spiritu,
901 3766 1015 3835 jam
1039 3764 1278 3834 judicavi
1319 3774 1377 3818 ut
1402 3781 1645 3835 praesens
1675 3781 1799 3820 eum
1828 3764 1920 3836 qui
1950 3764 2029 3820 sic

442 3867 702 3926 operatus
726 3867 830 3921 est,
860 3858 914 3911 in
941 3858 1167 3911 nomine
1190 3854 1405 3911 Domini
1438 3858 1611 3916 nostri
1645 3856 1773 3912 Jesu
1800 3856 2006 3912 Christi

442 3948 789 4018 congregatis
823 3948 979 4001 vobis
1002 3957 1056 4002 et
1082 3962 1205 4002 meo
1236 3947 1457 4017 spiritu,
1490 3947 1545 4000 in
1579 3947 1781 4001 virtute
1810 3945 2032 4000 Domini

519 4127 564 4158 "
588 4126 606 4179 1
631 4126 759 4181 Cor.
795 4141 877 4187 ιιι,
907 4126 992 4179 15.
1066 4127 1110 4159 ¹⁸
1142 4126 1229 4191 12,

446 4198 530 4253 tit.
550 4196 604 4263 2,
626 4206 805 4253 const.
829 4196 920 4249 40.
1001 4198 1042 4229 ¹⁷
1070 4197 1156 4259 17,
1184 4213 1239 4265 q.
1269 4198 1331 4250 4:
1361 4195 1509 4250 Sicut
1533 4199 1622 4267 qui
1656 4195 1972 4251 Ecclesium.

442 4364 606 4425 atque
636 4364 766 4411 tunc
810 4354 1088 4425 laborioso
1153 4354 1340 4410 studio
1398 4354 1617 4409 tradidit
1654 4354 1908 4423 .seipsnm
1963 4354 2030 4408 ad

441 4428 759 4481 discendum
844 4424 1197 4480 llehrazorum
1282 4425 1573 4495 linguam,

441 4497 731 4552 elementa.
785 4495 884 4551 Ubi
918 4512 1048 4551 vero
1081 4497 1222 4552 hanc
1253 4494 1471 4551 suntme
1506 4494 1811 4561 didicisset,
1849 4498 2022 4549 inter-

441 4576 687 4637 pretatus
712 4577 815 4634 est,
848 4582 955 4622 non
988 4578 1134 4623 recta
1160 4567 1371 4622 ratione
1396 4582 1551 4632 usus,
1576 4565 1669 4620 sed
1688 4581 1803 4637 quo
1839 4567 2022 4637 aliqua

444 4635 514 4691 ex
537 4641 772 4708 receptis
797 4638 954 4692 libris
976 4648 1324 4707 perverteret,
1347 4638 1562 4692 irruens
1590 4638 1643 4691 in
1671 4635 2024 4708 Septuaginta

442 4707 674 4778 duorum
708 4709 1239 4778 interpretationem,
1268 4718 1329 4762 ut
1364 4709 1677 4778 tcstimonjgt
1704 4707 1772 4761 de
1795 4708 2021 4778 Christo

443 4777 497 4831 in
531 4776 829 4847 Scripturis
857 4776 1092 4847 probata
1120 4779 1278 4834 aliter
1314 4780 1520 4833 ederet.
1563 4797 1581 4829 ι
1618 4776 1745 4833 Ilaec
1787 4777 2025 4847 Epipha-

443 4795 497 4831 ιιι
532 4795 829 4847 δετιριυτιε
902 4795 1092 4833 rouata
1120 4795 1278 4834 auter
1314 4795 1520 4833 eaeret.
1563 4797 1581 4829 ι
1619 4795 1745 4833 Haec
1787 4795 2019 4847 nptpna-

442 4848 569 4901 nius
617 4848 684 4918 de
717 4795 913 4918 Aquira
962 4849 1221 4917 prtedicto
1260 4849 1401 4905 loco.
1456 4848 1657 4904 Baron.
1710 4864 1859 4903 anno
1894 4846 2019 4912 157,

441 4932 594 4973 num.
626 4917 659 4971 8
688 4928 744 4972 et
764 4917 817 4975 9.
852 4922 980 4975 Ssv.
1012 4919 1128 4974 Bm.

510 4989 626 5057 (54)
653 4987 752 5058 ίΝε
782 4990 987 5058 prwdia
1019 4991 1199 5044 usibus
1252 5001 1570 5045 secretorum
1614 4988 1906 5043 caelestium
1938 4988 2028 5041 di-

441 5071 585 5113 cata.
620 5057 737 5114 Hoc
769 5057 889 5115 ieeo
913 5060 1219 5129 sacrilegia,
1244 5074 1366 5129 qua:
1394 5070 1524 5115 sunt
1546 5060 1688 5113 furta
1709 5068 1803 5111 aut
1822 5058 2025 5125 rapina:

443 5145 627 5184 rerum
663 5130 915 5185 Ecclesia:
950 5130 1367 5199 acquisitarum,
1402 5130 1783 5200 prohibentur,
1813 5138 2026 5200 etpos-

443 5202 623 5271 sessio
640 5201 908 5271 bonorum
932 5195 1313 5271 temporalium
1330 5195 1505 5256 eidem
1524 5198 1867 5271 conceditur.
1886 5195 2021 5251 Nam

447 5270 592 5326 sicut
628 5272 758 5326 olim
800 5270 1025 5337 Levitis,
1045 5269 1370 5342 quanquam
1406 5271 1635 5325 decimis
1680 5269 2018 5342 ditarentur,

447 5356 557 5396 non
590 5352 708 5396 erat
736 5344 962 5397 omnino
990 5337 1276 5397 interdicta
1299 5358 1477 5395 rerum
1510 5337 2025 5410 possessio,quippe

446 5412 542 5481 qui
572 5428 639 5467 ex
675 5413 933 5467 mandato
960 5412 1076 5475 Dei,
1111 5411 1276 5466 Num.
1306 5428 1472 5474 xxxv,
1509 5409 1561 5464 in
1589 5411 1821 5478 singulis
1854 5409 2025 5481 tribu-

448 5480 552 5537 bus
576 5484 739 5538 urbes
761 5483 1126 5537 sacerdotales
1152 5484 1421 5537 habebant
1451 5484 1517 5535 ad
1547 5482 1927 5544 habitandum,
1949 5480 2022 5533 ita

448 5554 612 5623 etiam
652 5567 755 5607 nec
781 5552 1109 5613 Christianae
1135 5554 1269 5623 legis
1293 5553 1674 5608 sacerdotibus
1696 5554 2019 5623 earumdem

449 5621 720 5692 bonorum
752 5623 1027 5691 possessio
1073 5620 1359 5677 interdicta
1412 5624 1695 5692 probatur.
1745 5620 2021 5675 Ecclesias

450 5690 595 5760 enim
625 5690 1090 5755 Christianorum,
1126 5690 1505 5760 possessiones
1536 5693 1665 5745 olim
1710 5692 1814 5745 sub
1844 5692 2021 5759 genti-

448 5757 588 5815 libus
623 5760 1045 5830 imperatoribus
1072 5757 1381 5831 possedisse
1400 5778 1506 5817 non
1526 5771 1734 5816 tantum
1764 5757 2022 5831 Pii—papa:

2141 3208 2347 3261 suum?
2370 3207 2465 3261 sed
2514 3206 2682 3262 frater
2719 3223 2843 3262 cum
2874 3207 3041 3261 fratre
3080 3207 3297 3277 judicio
3334 3209 3637 3273 contendit,
3666 3216 3711 3260 et

2138 3297 2242 3354 hoc
2271 3298 2413 3368 apud
2439 3296 2848 3353 inﬁdeles?Jam
2872 3297 3090 3368 quidem
3113 3298 3346 3355 omnino
3372 3299 3627 3356 delictum
3642 3308 3712 3353 cst

2137 3390 2193 3444 in
2223 3390 2401 3455 vobis,
2437 3390 2583 3460 quod
2608 3389 2815 3460 judicia
2852 3389 3067 3447 habetis
3090 3388 3233 3446 inter
3259 3408 3384 3448 vos.
3418 3394 3597 3459 Quare
3615 3408 3711 3447 non

2136 3484 2314 3555 magis
2347 3484 2608 3553 injuriam
2648 3484 2939 3553 accipitis?
2985 3485 3166 3551 Quare
3199 3502 3310 3540 non
3354 3488 3533 3557 magis
3577 3485 3709 3539 frau-

2133 3576 2255 3630 dem
2289 3574 2585 3645 patimini?
2609 3575 2714 3631 Sed
2756 3592 2855 3631 vos
2880 3576 3138 3646 injuriam
3182 3578 3404 3644 facitis,
3434 3590 3490 3634 et
3512 3578 3714 3633 frauda-

2139 3668 2231 3733 tis,
2263 3667 2451 3722 ethoc
2490 3666 2775 3723 fratribus.
2824 3669 2906 3723 An
2949 3669 3197 3734 nescitis,
3247 3672 3382 3740 quia
3422 3672 3595 3739 iniqui
3640 3685 3713 3723 re-

2142 3775 2308 3832 gnum
2347 3758 2443 3813 Dei
2490 3775 2601 3813 non
2646 3760 3045 3831 possidebunt?
3075 3761 3257 3818 Nolite
3290 3780 3507 3819 errare.
3546 3763 3715 3833 Neque

2144 3853 2646 3925 fornicarii,nequc
2674 3854 2836 3910 idolis
2881 3856 3205 3923 servientes,
3246 3873 3433 3927 neque
3474 3858 3713 3920 adulteri,

2137 3960 2317 4015 neque
2370 3945 2586 4013 molles,
2640 3961 2815 4016 neque
2877 3947 3255 4001 masculorum
3315 3949 3713 4011 concubitores,

1259 4142 1314 4195 q.
1338 4125 1409 4179 2:
1451 4124 1669 4179 Prazdia
1693 4127 1908 4180 divinis.
1956 4127 1999 4158 ¹⁸
2026 4125 2306 4182 Hincmar.
2347 4126 2424 4180 De
2459 4135 2606 4180 statu
2644 4124 2918 4179 Ecclesiae.
2988 4125 3031 4157 ⁸⁸
3061 4124 3199 4181 Cod.
3235 4126 3449 4182 Theod.
3482 4128 3577 4181 lib.
3615 4142 3715 4188 δτι,

1269 4198 1331 4250 4:
1361 4195 1509 4250 Sicut
1533 4199 1622 4251 aui
1656 4195 1972 4251 Ecclesium.
2055 4199 2097 4229 ¹⁸
2123 4198 2143 4250 Ι
2168 4197 2295 4251 Cor.
2321 4213 2422 4251 xu.
2451 4197 2541 4251 51.
2622 4196 2665 4227 ¹⁹
2689 4194 2849 4250 Rom.
2881 4213 2921 4251 ι.
2944 4196 3034 4251 52.
3112 4198 3157 4229 ³ο
3187 4196 3477 4251 Hincmar.
3512 4199 3711 4251 ibidem.

2214 4214 2295 4253 or.
2321 4213 2422 4264 xu,
2451 4213 2541 4251 at.

2622 4196 2665 4227 ¹⁹
2689 4194 2849 4250 Rom.
2881 4213 2921 4263 ι,
2944 4196 3034 4251 52.
3112 4198 3157 4229 ³ο
3187 4196 3477 4253 Hincntar.
3512 4199 3711 4253 ibidem.

2143 4367 2199 4435 et
2242 4354 2462 4435 _Urhani
2498 4354 2519 4408 1
2551 4358 2796 4435 epistola:
2821 4354 2895 4435 'ad
2937 4369 3131 4435 omnes
3173 4354 3471 4435 episcopos
3515 4358 3715 4435 scriptae

1655 4434 1709 4497 et
1770 4427 2022 4495 ipsorum
2058 4433 2104 4489 ι)
2139 4427 2441 4489 declarant,
2478 4425 2728 4497 sed'ipsa
2762 4425 3353 4497 etiamfimperatorum
3371 4425 3579 4495 edicta,
3606 4425 3715 4497 qui-

2131 4498 2234 4551 bus
2268 4511 2363 4549 eas
2398 4497 2505 4551 illis
2539 4496 2752 4553 ablatas
2788 4496 2938 4550 reddi
2976 4498 3410 4563 mandaverunt,
3446 4496 3713 4555 evidenter

2129 4569 2527 4641 demonstrant.
2566 4567 2621 4623 In
2656 4570 2835 4623 edicto
2870 4566 3015 4619 enim
3043 4565 3414 4641 _Constantini
3446 4583 3608 4641 atque
3635 4568 3711 4641 Li-

2130 4637 2258 4692 cinii
2285 4637 2401 4692 hinc
2420 4638 2622 4761 scripta
2659 4642 2914 4707 leguntur
2942 4652 2954 4688 :
2979 4655 2997 4687 ‹
3027 4636 3098 4689 At
3124 4640 3393 4707 quoniam
3434 4636 3537 4711 ipsi
3564 4639 3713 4691 Chri-

2133 4708 2297 4761 stiani
2322 4724 2430 4761 non
2466 4723 2529 4761 so
2555 4726 2644 4761 um
2680 4724 2743 4761 ea
2781 4709 2899 4761 loca
2935 4707 2989 4760 in
3026 4724 3150 4761 ante
3184 4713 3487 4761 convenire
3524 4712 3709 4761 solent.

2133 4708 2297 4762 stiani
2322 4724 2430 4761 non
2466 4707 2644 4763 solum
2680 4724 2743 4763 ea
2781 4709 2899 4762 loca
2935 4707 2989 4760 in
3026 4724 3150 4777 qua:
3184 4707 3487 4765 convenire
3524 4712 3709 4767 solent,

2128 4780 2223 4852 sed
2269 4780 2433 4852 etiam
2481 4779 2593 4852 alia
2644 4780 2905 4852 habuisse
2947 4791 3400 4852 cognoscuntur,
3448 4797 3571 4852 qua:
3611 4795 3707 4832 non

2129 4849 2382 4917 privatim
2428 4850 2496 4902 ad
2547 4850 2820 4919 singulos,
2868 4848 3079 4919 sedati
3111 4850 3205 4917 jus
3254 4852 3427 4906 totius
3466 4848 3706 4919 ipsorum

2127 4919 2578 4983 communitatis,
2632 4918 2685 4974 id
2730 4929 2818 4973 est
2862 4918 3331 4990 Christianorum,
3365 4924 3705 4990 spectabant;

2128 4989 2360 5061 singulis
2393 4991 2486 5057 qui
2522 5006 2586 5045 ea
2620 4990 2923 5061 possident,
2959 4989 3189 5061 mandes
3225 4989 3412 5054 velim,
3448 5005 3508 5047 ut
3540 4992 3705 5047 omnia

2127 5074 2225 5127 per
2258 5060 2468 5133 legem,
2489 5060 2655 5131 quam
2679 5076 2851 5133 supra
2880 5060 3188 5133 posuimus,
3226 5062 3443 5133 absque
3464 5065 3573 5119 ulla
3590 5078 3709 5116 con-

2129 5130 2892 5203 troversiaitlhristianis,_id
2926 5140 3009 5184 est
3058 5132 3313 5185 societati
3349 5130 3614 5203 'ipsorum
3661 5138 3704 5203 ct

2126 5202 2418 5275 conventui
2455 5203 2701 5256 reddant.
2741 5220 2759 5252 ι
2799 5200 2972 5275 Porro
3005 5216 3068 5255 ea
3093 5204 3293 5275 omnia
3331 5200 3480 5269 loca,
3512 5218 3628 5275 qua:
3645 5200 3701 5253 ad

2126 5270 2470 5327 Christianos
2522 5282 2768 5342 spectare
2800 5272 2956 5335 dicit,
2990 5273 3371 5327 ecclesiastica
3406 5270 3598 5338 fuisse,
3630 5287 3702 5326 se-

2127 5356 2304 5414 quens
2324 5344 2643 5397 eorumdem
2670 5344 2910 5399 edictum
2934 5343 2999 5396 ad
3014 5343 3319 5397 Anulinum
3344 5348 3697 5414 conscriptum

2126 5413 2389 5477 declarat,
2428 5414 2516 5467 his
2550 5415 2773 5469 verbis:
2801 5433 2818 5463 c
2852 5414 3033 5478 Quare
3065 5416 3328 5467 volumus
3371 5426 3432 5470 ut
3468 5413 3698 5471 simulac

2126 5481 2291 5555 hasce
2318 5484 2527 5555 litteras
2559 5500 2588 5537 a
2626 5486 2787 5539 nobis
2823 5485 3123 5551 acceperis,
3160 5486 3206 5555 si
3232 5500 3361 5553 qua:
3388 5504 3456 5541 ex
3484 5490 3566 5541 his
3590 5500 3696 5555 pos-

2125 5554 2489 5624 sessionibus,
2525 5571 2650 5624 quae
2673 5556 2741 5609 ad
2764 5557 3097 5608 catholicam
3128 5553 3694 5611 Christianorum'Ec-

2124 5623 2346 5677 clesiam
2368 5626 2419 5679 in
2445 5623 2759 5695 quibusque
2784 5626 3103 5679 civitatibus
3136 5636 3235 5679 aut
3268 5629 3399 5683 aliis
3437 5630 3569 5684 locis
3598 5642 3694 5694 pcr-

2125 5703 2327 5818 ἔπειιῖ
2362 5714 2380 5746 ι
2416 5707 2522 5751 etc.
2567 5697 2699 5752 Vide
2732 5695 2929 5753 Baron.
2968 5712 3117 5751 anno
3153 5696 3367 5757 Christi
3392 5701 3483 5769 57,
3523 5716 3575 5755 ιι.
3613 5696 3687 5750 si.

2169 5780 2250 5818 (εν.
2332 5782 2400 5818 .‘N.

2169 5780 2250 5821 CV.
2286 5780 2400 5820 ὕλη.
