3792 6218
66 5502 74 5574 l

96 206 210 261 1125

1491 212 1874 269 EPISTOLE.

3234 227 3372 283 H26

93 336 245 390 neque
285 317 461 387 fures,
518 336 696 392 neque
740 322 913 389 avari,
963 338 1140 394 neque
1188 325 1417 391 ebriosi,
1480 344 1656 397 neque
1685 331 1731 386 Α
1761 343 1882 382 men
1918 328 2275 385 transierunt.
2316 330 2484 397 Vide,
2520 331 2715 400 frater,
2750 343 2811 389 ut
2846 334 2974 393 illos
3008 336 3248 397 imiteris
3283 358 3373 397 se-

92 412 338 479 maledici,
374 428 560 483 neque
589 429 816 483 rapaces
854 430 1082 487 regnum
1122 415 1219 471 Dei
1264 419 1644 487 possidebunt.

94 504 148 560 Et
177 505 283 559 haec
306 504 531 574 quidem
555 503 759 571 fuistis,
790 506 881 560 sed
918 506 1089 561 abluti
1129 509 1286 576 estis,
1326 510 1420 565 sed
1446 512 1651 570 sancti-

94 598 217 653 licati
242 597 372 652 estis
397 598 453 651 in
481 598 705 653 nomine
724 598 941 655 Domini
965 601 1136 656 nostri
1173 601 1302 656 Jesu
1336 601 1565 666 Christi,
1598 613 1653 659 et

91 691 137 745 iu
169 689 364 760 Spiritu
401 688 502 745 Dei
533 691 793 746 nostri".
836 711 853 742 ι
889 691 965 747 De
999 702 1222 759 caetero,
1259 694 1411 749 salva
1437 695 1493 750 in
1526 710 1653 750 om-

90 784 231 839 nibus
262 783 569 853 apostolica
622 784 968 851 auctoritate,
1014 802 1356 857 quaecunque
1409 800 1540 844 sunt
1584 788 1653 844 ad

92 863 361 950 religionis’
375 882 422 911 “
452 879 871 935 observantiam
899 882 1255 950 pertinentia,
1280 883 1419 938 locis
1443 884 1580 949 suis,
1600 894 1655 941 et

90 988 115 1025 a
140 988 240 1026 sua:
270 972 582 1028 dimceseos
608 972 833 1043 synodis
864 978 1184 1029 audiantur.
1217 974 1285 1029 Et
1322 978 1368 1032 si
1411 978 1538 1047 quis
1564 994 1653 1033 sa-

90 1066 343 1120 cerdotum
367 1066 450 1120 vel
504 1066 846 1136 reliquorum
892 1067 1241 1134 clericorum,
1268 1085 1368 1124 suo
1394 1071 1652 1142 episcopo

91 1157 384 1214 iuobediens
414 1158 604 1225 fuerit,
636 1150 979 1215 autinsidias
1012 1160 1061 1215 ei
1086 1163 1380 1230 paraverit,
1405 1172 1653 1219 autcon-

90 1251 367 1315 tumeliam,
420 1261 523 1306 aut
574 1236 933 1318 calumniam,
987 1262 1041 1307 et
1085 1255 1340 1311 convinci
1388 1258 1649 1326 potuerit,

90 1360 196 1399 nios
227 1345 391 1399 curia:
439 1346 711 1401 tradatur.
755 1365 773 1398 ‹
821 1346 923 1413 Qui
960 1358 1141 1403 autem
1190 1347 1322 1403 facit
1368 1350 1651 1419 injuriam,

88 1436 292 1507 recipiat
316 1437 420 1492 hoc
451 1440 601 1509 quod
623 1439 809 1508 inique
834 1440 1002 1509 gessit
1021 1440 1085 1494 ’³.
1107 1439 1481 1511 Corrumpunt
1502 1443 1649 1497 enim

91 1546 246 1584 mores
279 1531 457 1586 bonos
491 1531 768 1601 colloquia
798 1532 942 1586 mala
965 1532 1031 1585 “.
1055 1551 1074 1584 ι
1104 1530 1388 1604 Evigilate,
1416 1534 1572 1604 justi,
1597 1543 1652 1589 et

91 1621 234 1676 nolite
257 1637 516 1691 peccare.

1755 417 2016 489 quendo?
2058 438 2238 492 neque
2287 423 2525 479 vinculis
2583 426 2775 481 mundi
2828 427 3084 500 illigeris.
3141 430 3371 489 Festina

1757 514 1999 584 palmam
2040 517 2500 585 perseverabilem
2548 534 2678 574 cum
2729 523 2942 578 sanctis
2976 526 3249 593 apostolis
3284 536 3367 581 te-

1758 623 1925 674 nere,
1960 624 2125 677 quam
2162 624 2259 678 per
2307 611 2510 666 multas
2543 612 2831 681 passiones
2863 613 3072 670 Paulus
3122 621 3368 690 suscepit

1755 709 1811 755 et
1838 699 2057 763 Petrus,
2093 701 2185 756 cui
2221 716 2356 756 crux
2392 703 2724 759 charitatem
2775 705 2983 762 Christi
3023 709 3215 764 tollere
3252 728 3362 767 non

1756 795 1952 864 potuit.
2019 794 2272 849 Salutant
2302 804 2352 851 te
2388 794 2544 860 Soter
2582 808 2639 853 et
2672 797 3021 854 Eleuthcrius
3056 802 3203 872 digni
3239 820 3367 874 pre-

1766 886 1991 957 sbyteri.
2016 885 2201 942 Saluta
2222 887 2419 943 fratres
2449 891 2542 959 qui
2583 900 2762 944 tecum
2784 891 2975 946 vivunt
3008 893 3064 946 in
3102 892 3361 954 Domino.

1755 976 2053 1031 Cerintbus
2109 978 2451 1046 primarches
2488 980 2705 1034 Satanae
2754 981 2960 1036 multos
3008 985 3208 1039 avertit
3246 987 3294 1017 ⁸⁵
3326 1001 3361 1042 a

1756 1068 1861 1123 fide
1895 1055 2038 1140 (40).
2091 1067 2278 1124 Gratia
2312 1068 2521 1126 Christi
2558 1073 2770 1128 habitet
2802 1073 2858 1127 in
2893 1072 3063 1131 corde
3097 1084 3212 1132 tuo.

2231 1206 2576 1265 EPISTOLA
2634 1208 2701 1264 1v
2738 1210 2875 1281 (ιι).

1921 1339 2156 1379 DIBECTA
2190 1342 2357 1380 EIDEM
2389 1341 2556 1381 IUSTO
2592 1343 2873 1384 VIENNENSI
2908 1343 3189 1386 EPISCOPO.

1838 1439 2052 1495 Attalus
2087 1439 2202 1511 (42)
2238 1440 2501 1510 epistolas
2537 1448 2840 1510 martyrum
2878 1450 3107 1510 portans
3141 1441 3208 1496 ad
3248 1459 3351 1499 nos

1753 1531 1944 1597 venit,
2008 1531 2270 1602 gaudium
2336 1533 2500 1587 nobis
2564 1532 2947 1589 inaestimabile
3014 1533 3224 1591 faciens
3288 1538 3356 1593 de

1757 1625 2038 1696 triumpho
2093 1640 2287 1679 eorum
2336 1640 2351 1677 :
2406 1626 2499 1696 qui
2550 1626 2689 1681 dixit
2739 1627 2900 1681 nobis
2954 1637 3209 1682 sanctum
3248 1627 3355 1684 Ve-

146 1690 271 1769 Data
300 1714 492 1770 Idibus
526 1714 727 1782 Martii,
764 1713 925 1771 Claro
952 1724 1008 1771 et
1043 1691 1246 1772 Severo
1283 1715 1422 1772 viris
1452 1716 1646 1774 claris-
1680 1690 1724 1749 Β
1758 1732 1880 1771 rum
1928 1690 2042 1788 (45)
2094 1717 2356 1785 collegam
2412 1690 2669 1771 nostrum
2719 1718 2985 1773 victorem
3041 1720 3109 1775 de
3161 1722 3353 1776 mundi

88 1805 220 1862 simis
246 1808 575 1863 consulibus
597 1810 665 1865 ’⁸.

548 1899 887 1957 EPISTOLA
925 1901 990 1956 ιιι
1032 1902 1169 1971 (56).

235 2007 472 2048 nrnscn
514 2009 681 2050 JUS'I‘O
720 2011 976 2051 smscoro
1014 2011 1293 2052 vmussnsr
1333 1995 1470 2067 (57).

145 2086 438 2157 Antequam
482 2086 661 2143 Roma
706 2089 972 2165 exiisses,
1017 2105 1175 2144 soror
1215 2099 1402 2145 nostra
1445 2088 1652 2160 Eupre-

89 2180 178 2248 pia,
204 2180 338 2235 sicut
363 2181 512 2235 bene
535 2181 865 2247 recordaris,
916 2182 1134 2236 titulum
1171 2182 1366 2238 domus
1396 2198 1510 2238 sua:
1536 2182 1650 2249 (58)

90 2270 397 2340 pauperibus
445 2270 785 2341 assignavit,
826 2272 920 2326 ubi
962 2288 1108 2328 nunc
1155 2289 1280 2328 cum
1316 2273 1651 2343 pauperibus

97 2362 276 2417 nostris
315 2372 734 2419 Commorantes
760 2406 774 2431 ,
816 2365 1017 2421 missas
1062 2365 1295 2435 agimus.
1337 2364 1413 2422 De
1457 2376 1509 2421 te
1552 2382 1651 2420 au-

89 2464 196 2523 tem,
239 2457 584 2527 superbeate,
619 2463 909 2527 postquam
958 2458 1025 2511 ad
1075 2458 1405 2517 senatoriam
1460 2459 1648 2513 urbem

92 2547 425 2605 Viennensem
454 2532 769 2620 perrexisti,
798 2550 931 2620 quid
981 2549 1185 2606 factum
1219 2551 1312 2615 sit,
1346 2566 1510 2607 nosse
1556 2567 1653 2606 cu~

89 2640 272 2708 pimus,
311 2651 366 2697 et
419 2652 484 2697 ut
538 2652 835 2698 sementem
871 2642 1151 2713 Evangelii
1194 2643 1309 2713 jam
1358 2644 1647 2712 sparseris,

89 2734 251 2789 audire
282 2734 523 2789 multum
560 2735 963 2791 desideramus.
999 2734 1303 2806 Presbyteri
1340 2735 1417 2789 illi
1453 2737 1545 2805 qui
1581 2736 1649 2791 ab

90 2827 323 2895 apostolis
367 2827 593 2882 educati
638 2842 813 2897 usque
847 2828 915 2882 ad
950 2843 1052 2882 nos
1085 2837 1490 2897 pervenerunt,
1526 2844 1650 2883 cum

88 2921 261 2989 quibus
292 2923 457 2977 simul
487 2921 715 2977 verbum
745 2923 870 2977 ﬁdei
905 2924 1089 2993 partiti
1124 2940 1335 2990 sumus,
1366 2939 1395 2977 a
1426 2923 1654 2980 Domino

1756 1810 2006 1881 principe
2058 1811 2483 1882 triumphasse;
2541 1820 2597 1866 tu
2630 1826 2761 1866 vero
2816 1813 2960 1882 apud
3016 1813 3353 1878 senatoriam

1756 1903 1949 1958 urbem
1981 1902 2344 1958 Viennensem
2379 1902 2499 1973 ejus
2549 1903 2674 1959 loco
2707 1919 2737 1957 a
2766 1902 3033 1959 fratribus
3067 1906 3347 1959 constitu-

1756 2006 1846 2050 tus
1889 2004 1945 2050 et
1986 1996 2202 2051 colobio
2250 1996 2637 2066 episcoporum
2692 1997 2946 2063 vestitus,
2980 1996 3106 2051 vide
3140 2005 3202 2050 ut
3246 1998 3352 2051 mia

1756 2087 2045 2143 nisterium
2097 2088 2245 2157 quod
2304 2088 2564 2157 accepisti
2606 2129 2623 2155 ,
2686 2088 2739 2141 in
2790 2087 3026 2142 Domino
3082 2088 3345 2157 impleas;

1755 2197 1887 2237 cura
1952 2188 2136 2235 autem
2186 2190 2506 2236 sanctorum
2563 2190 2867 2252 martyrum
2917 2195 3155 2251 corpora
3206 2181 3348 2236 sicut

1756 2273 2003 2327 membra
2042 2271 2170 2337 Dei,
2217 2273 2683 2343 quemadmodum
2729 2281 3063 2327 curaverunt
3112 2273 3346 2343 apostoli

1757 2366 2116 2435 Stephanum.
2165 2364 2427 2421 Carceres
2467 2378 2786 2421 sanctorum
2817 2367 2978 2420 visita
2998 2406 3013 2431 ,
3048 2382 3115 2420 ne
3143 2366 3348 2435 aliquis

1755 2470 1995 2529 tepescat
2058 2459 2113 2514 in
2157 2457 2284 2512 fide.
2339 2457 2596 2529 Martyria
2661 2469 2851 2514 sancta
2898 2455 3106 2527 Spiritu
3155 2466 3347 2512 sancto

1756 2551 1926 2621 proba
1956 2569 1971 2619 ;
2010 2560 2069 2606 ut
2102 2560 2453 2622 perseverent
2489 2552 2543 2605 in
2573 2551 2699 2617 fide,
2729 2552 2811 2606 eis
2846 2550 3103 2605 incitator
3130 2549 3345 2605 insiste.

1755 2643 2065 2717 Presbyteri
2099 2653 2148 2699 et
2191 2644 2409 2699 diaconi
2444 2660 2553 2699 non
2592 2654 2652 2699 ut
2689 2644 2980 2713 majorem,
3011 2643 3106 2698 scd
3150 2650 3209 2696 ut
3243 2642 3347 2695 mi-

1755 2738 1989 2793 nistrum
2026 2738 2231 2793 Christi
2268 2747 2319 2793 te
2347 2739 2679 2805 observent;
2718 2738 2872 2808 plebs
2908 2738 3165 2792 universa
3219 2752 3346 2791 san-

1755 2834 1941 2886 ctitate
1977 2839 2067 2885 tua
2121 2841 2462 2901 protegatur.
2520 2831 2744 2887 Fratres
2806 2831 3012 2896 nostri,
3058 2845 3199 2893 quos
3249 2845 3345 2898 per

1757 2924 2003 2977 Attalum
2040 2939 2427 2995 recognosces,
2462 2925 2529 2979 de
2568 2924 2784 2994 tyranni
2824 2924 3030 2979 sarvitia
3064 2922 3176 2991 jam
3212 2920 3346 2974 libe-

88 3014 238 3068 vocati
286 3015 338 3069 in
371 3014 656 3071 cubilibus
697 3015 915 3071 mternis
958 3016 1133 3072 clausi
1180 3027 1450 3071 tenentur.
1508 3016 1649 3071 San-
1675 3020 1717 3075 C
1754 3018 1858 3072 rati
1878 3016 2231 3087 requiescunt
2256 3017 2309 3071 in
2327 3015 2579 3072 Domino.
2597 3015 2889 3087 Presbyter
2908 3015 3100 3069 Pastor
3123 3014 3341 3068 titulum

88 3114 189 3160 ctus
220 3104 545 3162 Timotheus
591 3116 645 3162 et
674 3106 892 3163 Marcus
937 3107 1051 3177 ('59)
1094 3123 1190 3179 per
1226 3109 1430 3163 bonum
1467 3118 1650 3165 certa-

145 3300 181 3373 f‘
212 3299 379 3356 lCor.
405 3318 460 3368 v,
490 3302 526 3356 2
559 3318 734 3373 usque
760 3304 823 3357 ad
858 3304 1041 3369 finem,
1074 3314 1128 3359 et
1158 3321 1233 3370 vr,
1264 3306 1414 3361 1-11.

89 3370 184 3435 quis
212 3373 566 3426 sacerdotum.

91 3441 216 3504 poris
245 3445 468 3498 verbum
505 3455 734 3500 censent
762 3447 1005 3516 quidam,
1041 3464 1142 3520 ego
1174 3449 1454 3518 praeteriti.

146 3624 246 3697 (33)
281 3626 552 3702 Epistula.
608 3628 756 3686 Duas
802 3630 1099 3702 perhreVes
1146 3632 1407 3702 epistolas
1449 3630 1531 3702 Pii
1577 3632 1643 3687 ad

90 3692 274 3773 JuStu'm
310 3692 676 3773 Viennensem
729 3692 1047 3771 episcopum
1106 3692 1337 3773 scriptas
1384 3719 1451 3773 cx
1482 3701 1647 3757 Vien-

91 3767 220 3820 neusi
250 3770 473 3842 archivo
506 3767 779 3842 proditas,
816 3787 883 3825 ex
919 3767 1070 3827 tonio
1098 3767 1274 3842 primo
1302 3772 1644 3827 Bibliotheca:

89 3848 365 3893 sanctorum
402 3840 637 3894 Patrum
688 3840 1020 3897 Parisiensis
1067 3840 1345 3904 editionis,
1399 3844 1487 3897 ubi
1541 3860 1641 3897 ex~

92 3914 230 3972 stant,
269 3912 673 3984 hucrconsulto
716 3913 1118 3969 transtulimus.
1154 3913 1326 3969 Hasce
1352 3930 1645 3984 germanas

90 3990 188 4057 esse
210 3982 600 4057 aclegitinras,
633 3998 754 4037 cum
805 3999 989 4057 rerum
1029 3982 1434 4057 argumentum,
1467 3996 1519 4038 et
1548 3986 1642 4057 ad-

91 4050 324 4127 mirabilis
357 4050 613 4127 quzedam
642 4068 767 4127 cum
800 4050 1154 4127 rebusgest'is
1189 4056 1351 4127 hujus
1380 4056 1641 4127 temporis

90 4126 461 4195 convenientia,
510 4135 627 4178 tum
674 4124 1121 4191 simplicissimus
1169 4124 1273 4179 ille'
1301 4126 1641 4195 antiquitatis

88 4191 284 4263 candor,
327 4196 505 4251 cuivis
556 4195 712 4249 facile
751 4195 1101 4263 persuadent.
1156 4195 1398 4252 Priorem
1433 4191 1638 4250 harum

89 4258 483 4337 duarumPium
519 4280 666 4319 anno
693 4258 1046 4337 pontiﬁcatus
1074 4268 1159 4322 sui
1192 4268 1513 4337 penultimo,
1545 4267 1638 4336 qui

1759 3108 2005 3168 condidit
2029 3109 2096 3176 ’⁷,
2135 3118 2190 3163 et
2226 3109 2389 3179 digne
2431 3107 2486 3163 in
2521 3108 2756 3164 Domino
2806 3108 2964 3163 obiit.
3019 3105 3341 3161 Revelatum

1521 3307 1565 3339 ”
1594 3306 1714 3361 cod.
1739 3304 1950 3360 Theod.
1982 3305 2077 3358 lib.
2113 3321 2226 3370 xvi,
2250 3304 2332 3360 tit.
2356 3306 2412 3370 2,
2444 3321 2493 3360 c.
2520 3303 2592 3357 25
2616 3313 2670 3359 et
2701 3304 2792 3372 39,
2817 3306 2905 3369 ll,
2933 3315 3126 3375 quaest.
3162 3307 3184 3361 1
3216 3328 3229 3363 :
3266 3310 3326 3364 Si

643 3375 688 3406 ⁸³
721 3374 937 3430 Coloss.
980 3391 1065 3441 ιιι,
1099 3377 1191 3431 25.
1251 3379 1345 3429 ’δι
1382 3377 1513 3431 Cor.
1554 3394 1641 3440 xv,
1670 3379 1704 3431 3
1746 3415 1760 3430 .
1838 3380 1858 3408 ¹

643 3455 734 3500 ent
762 3447 1005 3506 quidam.
1041 3464 1142 3506 ego
1175 3449 1454 3506 praeteriti.
1552 3450 1593 3481 ³⁷
1621 3446 1861 3506 au.160.

1838 3378 1883 3408 ’³
1915 3375 2051 3431 falsa
2083 3377 2347 3447 temporis
2377 3376 2739 3446 consignatio.
2817 3378 2863 3409 ’³
2889 3380 3176 3447 praesentis
3200 3390 3339 3435 tem-

1757 3633 1911 3699 Ωιιοά
1950 3650 2081 3689 vero
2121 3635 2223 3690 sub
2253 3634 2477 3690 Aurelio
2511 3634 2683 3704 passi,
2722 3634 2776 3689 in
2813 3632 3201 3704 Martyrologio
3236 3633 3341 3688 sub

1754 3706 2032 3759 Antonino
2064 3706 2395 3775 imperatore
2428 3707 2751 3776 martyrium
2793 3704 3029 3776 subiisse
3064 3704 3336 3776 dicamur.

1756 3776 2027 3829 neminem
2068 3773 2285 3831 movere
2314 3777 2506 3843 debet;
2541 3773 2665 3829 nam
2694 3775 2911 3830 Marcus
2943 3773 3197 3828 Aurelius
3228 3791 3338 3828 non

1756 3854 1967 3907 tantum
2000 3845 2330 3918 Antoninus,
2366 3849 2460 3901 sed
2492 3847 2741 3918 pluribus
2763 3848 2949 3918 etiam,
2992 3844 3115 3898 aliis
3161 3846 3341 3918 norni-

1756 3918 1919 4039 nih‘us
1942 3918 2259 4039 ngminatus
2277 3917 2399 3983 fuit,
2421 3927 2480 3972 ut
2502 3916 2740 3972 Ostendit
2756 3916 3024 3971 Baronius
3046 3930 3192 3967 anno
3215 3916 3338 3984 165,

1756 4002 1809 4039 ιι.
1904 3996 1957 4039 et
2024 4028 2037 4039 .
2098 4004 2151 4039 9..

1753 4002 1809 4041 n.
1835 3988 1869 4040 4
1904 3996 1957 4040 et
1984 3988 2037 4042 5.
2076 3988 2151 4045 lo.

1824 4053 1937 4128 (40)
1973 4057 2255 4112 Cerinthus
2281 4058 2606 4127 primarches
2631 4056 2851 4111 Salaria:
2889 4055 3105 4128 multos
3148 4058 3337 4128 avertit

1752 4144 1785 4180 a
1815 4130 1940 4197 ﬁde.
1967 4129 2257 4184 Cerinthus
2294 4145 2361 4182 au
2391 4130 2549 4183 vivus
2583 4130 2782 4192 adhuc,
2817 4127 2899 4181 vel
2942 4128 3123 4195 potius
3162 4127 3215 4180 in
3246 4144 3335 4182 se-

1751 4200 1945 4254 ctariis
1988 4208 2199 4253 tantum
2232 4200 2482 4254 haeresim
2525 4200 2595 4253 ab
2622 4214 2688 4252 eo
2718 4208 2996 4267 acceptam
3028 4214 3337 4267 propagan-

1752 4271 1917 4333 tibus,
1965 4271 2166 4325 multos
2219 4287 2248 4324 a
2281 4271 2386 4324 ﬁde
2432 4270 2709 4331 averterit,
2761 4270 3027 4322 incertum
3063 4278 3165 4322 cst.
3224 4268 3338 4323 Hoc

88 4342 175 4414 est.
199 4331 555 4414 Christiifiti,
608 4331 966 4414 posteriorem
995 4331 1204 4414 _auten_i
1257 4352 1401 4393 anno
1452 4331 1643 4414 ultimo
1681 4361 1721 4414 ο
1750 4331 1961 4414 certum
1988 4350 2091 4405 est,
2119 4342 2341 4414 absurdi
2374 4341 2511 4414 nihil
2548 4340 2676 4401 dici,
2712 4340 2757 4393 si
2787 4338 3146 4414 Ccrinthum._
3169 4354 3332 4407 quem

89 4401 366 4477 scripsisse,
394 4409 531 4477 ipsa!
555 4401 799 4477 epistola:
818 4406 1132 4463 ostendunt.
1160 4409 1360 4464 Barou.
1382 4408 1641 4474 ann.l66,

87 4483 133 4520 ιι.
158 4473 176 4524 1
205 4483 255 4527 et
282 4477 335 4530 4.
367 4473 495 4533 Sév.
529 4473 649 4532 BIN.

134 4542 243 4621 (56)
292 4546 444 4603 Hauc
495 4558 553 4602 et
596 4565 722 4621 seq.
754 4550 1024 4605 Baronius
1051 4565 1337 4620 germanas
1370 4548 1640 4620 agnoscit,

89 4611 319 4689 aliis_qq.
344 4635 454 4672 non
487 4611 870 4689 probantibus.

146 4685 246 4763 (57)
274 4685 447 4744 ‘Justo
482 4685 747 4763 episcopo.
787 4690 977 4763 Justus
1009 4691 1340 4746 Viennensis
1384 4688 1644 4745 Ecclesia:

87 4766 346 4831 {piscopus
375 4770 503 4830 post
540 4762 761 4831 longum
810 4762 1100 4827 exsilium,
1134 4763 1237 4817 sub
1265 4762 1645 4830 persecutione

88 4820 228 4903 {darei
248 4820 462 4903 'Aurelii
523 4820 846 4903 martyrium
891 4820 1109 4903 subiit;
1137 4834 1213 4886 lta
1244 4820 1362 4885 Ᾱόο
1394 4832 1640 4903 ejusdem

92 4889 388 4973 Viepnensis
411 4889 981 4973 Ecclesiaa'episcopus
998 4904 1051 4973 in
1073 4901 1269 4957 Chron.
1286 4889 1537 4957 testatur.
1561 4901 1638 4957 In.

119 4968 244 5045 ,(58)
292 4971 533 5045 Titutum
577 4968 766 5027 domas
809 4968 940 5045 sttit.
994 4972 1199 5028 Domus
1238 4973 1426 5028 divino
1472 4973 1643 5029 cultui

88 5034 255 5115 dicata:
286 5044 633 5115 appellantur
661 5045 824 5099 tituli.
861 5044 935 5099 lo.

148 5108 249 5182 (59)
281 5108 514 5168 sanctus
544 5114 844 5169 Timotheus
892 5128 941 5171 et
975 5116 1213 5172 Marcus.
1267 5113 1425 5169 Hunc
1455 5114 1645 5170 Timo-

88 5176 270 5245 theuin,
295 5186 692 5256 cujusgexitum
741 5187 956 5241 nuntiat
987 5186 1118 5241 Pius
1156 5186 1417 5256 pontifex,
1448 5184 1642 5241 Novati

90 5263 403 5347 ﬁerinatium,
460 5254 812 5347 Pudentiati‘ue
857 5254 1341 5347 altquemPraxedis
1389 5258 1639 5347 fratrem,

86 5322 319 5399 Pudentis
348 5342 479 5381 vero
510 5336 675 5396 atque
710 5322 971 5383 Priscilla:
1020 5330 1190 5382 tilium
1241 5328 1415 5399 fuisse
1465 5330 1644 5399 (eum-

88 5388 661 5469 d?ﬂ1q_ue_eSStr,_cuj'ats
702 5401 754 5451 in
787 5400 1031 5469 antiquis
1066 5400 1266 5453 tabulis
1309 5388 1642 5453 ecclesiasti—

88 5463 155 5538 οξ
176 5463 240 5517 ’24
261 5464 438 5538 Martii
465 5463 674 5523 Natalis
703 5463 1008 5538 descriptus
1040 5470 1290 5534 habetur,
1325 5470 1409 5523 his
1436 5469 1636 5523 verbis:

95 5529 295 5609 IRoune
333 5536 542 5593 Natalis
586 5540 687 5592 SS.
714 5529 1016 5609 martyrum
1054 5541 1221 5594 Marci
1260 5529 1312 5593 et
1338 5539 1636 5604 Timothei,

90 5605 167 5667 qui
221 5608 318 5682 sub
347 5611 642 5682 _Antonino
696 5605 1027 5678 imperatore
1074 5611 1339 5682 martyrio
1397 5612 1640 5682 coronati

94 5678 275 5746 suum)
346 5678 612 5737 Baronius
644 5685 809 5738 sentit
844 5699 990 5738 anno
1019 5678 1367 5750 Christil66.
1398 5698 1551 5737 num.
1582 5681 1635 5734 2.

1752 4412 2007 4466 viderunt
2054 4412 2307 4481 apostoli,
2343 4411 2548 4479 quique
2601 4410 2972 4479 apostolorum
3027 4409 3199 4481 tertiae
3245 4425 3336 4479 sy-

1750 4482 1898 4535 nodo
1928 4478 2195 4547 iuterfuit,
2231 4483 2334 4535 hoc
2362 4478 2617 4549 tempore
2640 4478 3006 4549 superstitem
3041 4478 3214 4533 fuisse
3245 4478 3335 4533 di-

1749 4567 1964 4622 camus.
2002 4551 2057 4605 Si
2093 4546 2236 4606 enim
2262 4546 2598 4622 Polycarpns
2623 4546 2933 4622 diséipulus
2956 4546 3187 4622 Joannis
3215 4551 3338 4622 atti-

1750 4621 1827 4690 git
1856 4622 2141 4676 Anicetum
2182 4620 2513 4690 pontificem,
2547 4621 2706 4688 cujus
2737 4634 2882 4672 anno
2913 4621 3073 4690 tertio
3108 4620 3208 4673 sub
3236 4620 3337 4673 im-

1749 4688 2002 4763 peratore
2028 4688 2252 4763 Aurelio
2301 4694 2621 4763 martyrium
2677 4691 2867 4763 subiit,
2901 4692 2944 4744 si
2978 4688 3207 4763 Hermas
3254 4691 3336 4744 di-

1750 4760 1997 4832 SCipulus
2039 4762 2194 4817 Pauli
2254 4778 2378 4817 cum
2440 4760 2546 4816 hoc
2591 4760 2849 4832 pontifice
2901 4761 3064 4815 simul
3115 4761 3334 4821 vixerit.

1752 4831 2092 4901 impossibile
2147 4833 2318 4888 videri
2370 4848 2481 4887 non
2519 4833 2699 4895 debet,
2736 4843 2793 4883 ut
2820 4831 3117 4885 Corinthus
3156 4832 3334 4901 rsimul

1751 4900 1853 4957 hoc
1879 4911 1932 4957 et
1956 4905 2329 4973 apostolorum
2358 4913 2597 4972 tempore
2626 4913 2905 4973 superstes
2932 4902 3112 4956 adhuc
3143 4900 3328 4964 fuerit,

1750 4989 1815 5027 ac
1844 4974 1997 5030 virus
2040 4991 2200 5028 suum
2244 4975 2400 5045 longe
2444 4974 2660 5043 lateque
2702 4989 2795 5043 per
2825 4976 3011 5045 urbem
3059 4982 3331 5027 terrarum

1749 5046 2073 5099 evomuerit.
2110 5045 2310 5099 Baron.
2342 5042 2473 5099 ann.
2508 5042 2630 5107 166,
2669 5060 2821 5098 num.
2853 5044 2908 5098 2.
2943 5042 3019 5096 lo.

1822 5114 1935 5188 (41)
1966 5114 2233 5188 Epistula.
2262 5115 2438 5188 Hanc
2472 5115 2758 5185 epistolam
2785 5116 3000 5188 ΔυιιιιιιοΔ
3019 5128 3165 5167 anno
3193 5128 3332 5182 pou-

1747 5184 1987 5241 tificatus
2016 5184 2120 5252 Pii,
2155 5187 2313 5256 paulo
2346 5196 2472 5241 ante
2504 5184 2712 5256 obitum
2748 5184 2868 5254 ejus
2896 5184 3155 5253 scriptam
3185 5200 3328 5248 esse,

1749 5274 1814 5311 ex
1855 5258 1969 5325 ipsa
2000 5255 2231 5326 epistula
2267 5267 2512 5328 apparet.
2555 5255 2631 5309 In.

1817 5328 1929 5399 (42)
1962 5325 2198 5399 4ttalus.
2244 5325 2478 5392 Attalus,
2526 5328 2685 5399 e_ujus
2734 5326 2823 5380 hic
2875 5327 2933 5399 lit
2986 5325 3212 5399 mentio,
3249 5334 3334 5380 cst

1748 5396 1943 5470 genere
1976 5397 2345 5469 Pergamenus
2368 5441 2381 5464 ,
2416 5399 2507 5470 sed
2540 5396 2781 5470 Romana
2815 5397 3034 5451 civitate
3068 5398 3328 5470 donatus,

1747 5465 1811 5523 ac
1840 5471 2021 5540 magni
2055 5465 2294 5525 nominis
2322 5471 2426 5523 vir.
2460 5467 2722 5540 Dc_eujus
2749 5484 2923 5537 agone
2954 5470 3144 5540 litterae
3170 5465 3332 5540 Vien-

1748 5536 1955 5596 nensis
1990 5551 2041 5595 et
2089 5540 2475 5610 Lugdunensis
2520 5536 2805 5602 Ecclesiae,
2836 5540 2980 5607 apud
3031 5536 3330 5592 Eusebium

1747 5612 1840 5666 lib.
1874 5628 1925 5674 v,
1959 5627 2078 5680 cap.
2115 5612 2167 5676 1,
2201 5619 2497 5676 exstantes,
2528 5610 2798 5680 scribunt.
2837 5610 2912 5661 ln.

1819 5683 1933 5754 (45)
1975 5678 2229 5737 sanctum
2270 5680 2480 5736 Verum.
2552 5678 2747 5749 Verus,
2804 5682 2872 5737 de
2916 5696 3027 5752 quo
3073 5680 3179 5749 hic,
3230 5678 3332 5735 fuit
