3792 6218
440 252 579 309 11ξῖ
1880 250 1965 307 Pll
2005 250 2025 305 l
2060 242 2261 305 PAPIE
3586 247 3709 306 1228

435 371 574 426 mihi
607 384 731 425 esse
765 369 940 434 scias,
975 368 1181 437 collega
1232 366 1552 421 beatissime
1576 408 1590 431 ,
1644 367 1807 422 citius
1842 384 1929 422 me
1965 369 2025 421 li-
2057 376 2098 431 Α
2130 374 2355 420 senatus
2389 377 2595 433 pauper
2648 363 2763 433 (44)
2793 363 2995 417 Christi
3040 364 3185 433 apud
3244 362 3485 419 Romam
3520 368 3708 420 conslia

431 473 559 516 netu
612 459 775 528 hujus
825 458 947 511 vitae
999 456 1275 510 facturum
1303 458 1369 509 “.
1412 455 1589 511 Unum
1624 444 1882 529 ι]θείιᾶὴο
1916 473 1930 509 :
1967 460 2020 511 in
2132 468 2301 513 tutus.
2338 456 2526 509 Saluta
2561 469 2724 508 omne
2753 455 3041 527 collegium
3092 454 3362 523 fratrum,
3410 456 3506 527 qui
3543 466 3703 511 tecum

431 552 825 609 wwmuniune
850 558 960 617 sta,
995 557 1051 603 et
1084 550 1189 604 mei
1224 566 1292 603 ne
1318 550 1688 605 obliviscaris.
1729 550 1946 605 Salutat
1971 560 2023 606 te
2134 558 2263 605 sunt
2295 552 2348 600 in
2382 546 2635 600 Domino.

2042 670 2110 681 .—

1612 733 1707 788 EX
1763 734 2105 792 DECRETIS
2146 734 2231 791 Pll
2291 732 2491 789 ΡΔΡᾹΞ
2536 733 2573 786 Ι.

2126 867 2415 925 quousque
2450 850 2780 905 consentiat.
2824 848 3025 903 Eadem
3055 849 3140 902 lex
3175 848 3282 902 erit
3320 847 3399 901 illi
3424 848 3520 924 qui
3553 864 3697 904 suum

2126 945 2399 1001 seniorem
2435 941 2770 998 interfecerit
2794 941 2859 995 ³⁸.

543 854 677 905 Ante
701 850 1004 904 vicesimum
1031 851 1277 919 quintum
1310 866 1510 903 annum
1548 851 1777 921 virgines
1814 868 1918 907 non

1033 931 1425 975 εοιιδεενεηωτ.

505 1036 551 1073 ὀ
587 1032 839 1100 Virgines
891 1048 999 1087 non
1056 1033 1306 1087 velentur
1358 1042 1483 1088 ante
1536 1032 1728 1104 viginti
1783 1034 2026 1105 quinque

2199 1055 2525 1111 Paenitentia
2562 1055 2701 1125 ejus,
2740 1055 2890 1125 cujus
2932 1054 3253 1124 negligentia
3280 1052 3348 1107 de
3386 1054 3635 1123 sanguine

435 1139 613 1179 annos
665 1124 862 1189 aetatis,
918 1124 1023 1177 nisi
1082 1123 1223 1177 forte
1278 1126 1608 1181 necessitate
1663 1126 2026 1192 periclitantis

2583 1127 2783 1180 domini
2817 1126 3022 1197 aliquid
3046 1126 3246 1179 stillat.

436 1216 717 1287 pudicitiae
764 1216 1071 1287 virginalis.
1130 1216 1198 1270 Et
1256 1233 1363 1270 non
1417 1226 1547 1273 sunt
1599 1223 2017 1286 consecranda,

434 1308 541 1363 nisi
594 1309 647 1362 in
694 1306 1001 1377 Epiphania
1046 1316 1099 1361 et
1134 1308 1188 1362 in
1218 1308 1370 1363 Albis
1402 1308 1663 1377 Paschaa,
1694 1322 1751 1366 et
1784 1313 1840 1367 in
1889 1328 2023 1382 apo-

432 1400 701 1454 stolorum
736 1396 1029 1466 Natalitiis,
1065 1398 1172 1455 nisi
1206 1414 1372 1454 causa
1407 1401 1601 1455 mortis
1632 1411 1859 1473 urgente
1879 1403 1947 1456 δ’.

435 1556 513 1611 De
552 1556 664 1610 illis
700 1556 791 1629 qui
828 1572 910 1629 pet
962 1568 1121 1629 caput
1150 1555 1247 1610 Dei
1290 1557 1368 1629 uel
1402 1558 1656 1627 capillum
1686 1559 1899 1629 jurant,
1944 1564 2023 1617 vel

718 1626 1044 1695 blasphemia
1072 1639 1260 1681 contra
1290 1626 1473 1682 Deum,
1492 1626 1739 1686 utuntur.

512 1740 551 1774 ³⁸
581 1740 637 1795 Si
674 1742 799 1812 quis
832 1758 929 1812 per
974 1743 1231 1813 capillum
1268 1742 1361 1798 Dei
1410 1746 1491 1799 vel
1542 1755 1707 1816 caput
1752 1746 2027 1816 juraverit

432 1832 516 1887 vel
542 1832 651 1887 alio
678 1834 839 1887 modo
869 1833 1210 1904 blasphemia
1245 1844 1434 1890 contra
1458 1834 1629 1911 Deum
1666 1852 1801 1892 usus
1835 1837 2022 1906 fuerit,

432 1927 483 1980 si
518 1926 572 1979 in
601 1925 976 1981 ecclesiastico
1008 1925 1201 1981 ordine
1230 1935 1335 1991 est,
1369 1928 1708 1999 deponatur;
1745 1929 1791 1984 si
1826 1930 2022 1994 laicus,

431 2018 951 2072 anathematizetur.
993 2015 1059 2070 Et
1091 2016 1136 2071 si
1185 2018 1311 2085 quis
1355 2033 1452 2086 per
1490 2026 1774 2073 creaturas
1804 2018 2025 2087 jurave-

431 2108 524 2174 rit,
549 2108 814 2163 acerrime
845 2108 1161 2177 castigetur,
1198 2116 1252 2162 et
1276 2108 1431 2177 juxta
1466 2108 1571 2163 hoc
1602 2110 1747 2177 quod
1778 2110 2021 2180 synodus

427 2201 775 2271 iudicaverit,
800 2202 1084 2271 pmniteat.
1105 2199 1161 2254 Si
1194 2202 1321 2270 quis
1351 2214 1531 2257 autem
1560 2204 1722 2257 talem
1743 2204 2020 2259 hominem

434 2308 543 2347 non
591 2292 1036 2347 manifestaverit
1062 2334 1076 2356 ,
1114 2307 1223 2345 non
1269 2300 1353 2347 est
1395 2292 1623 2347 dubium
1673 2294 1808 2363 quin
1838 2294 2021 2350 divina

432 2384 907 2440 condemnatione
967 2384 1224 2438 similiter
1280 2394 1620 2441 coerceatur.
1671 2380 1770 2452 Et,
1815 2386 1862 2441 si
1903 2389 2021 2456 epi-

432 2490 637 2544 scopus
671 2475 779 2529 ista
819 2475 1113 2530 emendare
1163 2475 1485 2545 neglexerit,
1542 2477 1808 2533 acerrime
1844 2478 2019 2534 corri-

430 2564 614 2633 piatur
634 2564 705 2619 “.

538 2694 617 2750 De
640 2695 747 2751 illis
768 2697 859 2767 qui
876 2696 1188 2837 jubentibfus
1214 2695 1448 2820 dgn‘tinis
1474 2714 1585 2751 suis
1612 2700 1910 2770 perjurium

1134 2784 1307 2821 ecerm
1341 2809 1354 2823 .

1134 2784 1354 2823 ecertnt.

501 2880 546 2912 ³³
572 2878 677 2947 Qui
713 2882 1031 2951 compulsus
1064 2898 1092 2936 a
1121 2882 1367 2947 domino,
1405 2884 1587 2939 sciens
1621 2885 1851 2955 pejerat,
1887 2888 2022 2941 utri—

427 2984 537 3042 que
580 2980 710 3026 sunt
751 2970 989 3041 perjnri,
1035 2980 1089 3025 et
1125 2971 1383 3027 dominus
1415 2983 1469 3027 et
1511 2974 1698 3041 miles;
1736 2976 2018 3041 dominus,
2050 2972 2091 3031 C

426 3063 557 3133 quia
588 3064 883 3134 prteccpit:
927 3065 1117 3131 miles,
1166 3065 1292 3135 quia
1336 3066 1458 3136 plus
1502 3066 1818 3132 dominum,
1851 3086 2015 3139 quam

427 3157 671 3210 animam
727 3173 883 3211 suam
940 3156 1151 3213 dilexit.
1216 3157 1273 3213 Si
1324 3160 1461 3215 liber
1500 3171 1604 3229 est,
1653 3162 2018 3233 quadraginta

428 3248 548 3303 dies
583 3249 637 3302 in
670 3265 807 3319 pane
839 3258 893 3303 et
919 3266 1059 3319 aqua
1096 3251 1379 3320 poeniteat,
1409 3260 1463 3306 et
1489 3263 1696 3323 septem
1728 3267 2019 3325 sequentes

426 3354 636 3407 annos;
676 3341 724 3395 si
759 3357 951 3396 servus
991 3352 1095 3408 est,
1133 3352 1245 3399 tres
1272 3343 1726 3416 quadragesimas
1760 3356 1815 3401 et
1842 3348 2021 3419 legiti-

431 3448 550 3487 mas
576 3432 742 3489 ferias
768 3434 1032 3503 poeniteat
1054 3434 1100 3466 “

501 3522 672 3590 “Qui
707 3524 914 3595 pejerat
943 3541 1001 3580 se
1035 3525 1089 3579 in
1122 3541 1287 3581 manu
1323 3528 1589 3598 episcopi,
1621 3538 1718 3584 aut
1762 3528 1815 3583 in
1853 3544 2019 3584 cruce

429 3628 780 3681 consecrata,
825 3627 938 3673 tres
969 3634 1146 3674 annos
1173 3621 1473 3690 poeniteat;
1514 3624 1559 3677 si
1592 3639 1722 3677 vero
1766 3625 1820 3678 in
1857 3640 2020 3679 cruce

430 3722 540 3762 non
578 3721 929 3775 consecrata,
964 3728 1169 3766 annum
1218 3730 1387 3767 unum
1433 3716 1715 3785 pantiteat.
1767 3714 1873 3781 Qui
1920 3732 2019 3770 au-

430 3809 542 3853 tem
576 3810 810 3856 coactus
857 3801 1043 3868 fuerit,
1076 3813 1132 3857 et
1165 3805 1447 3874 ignorans,
1497 3823 1557 3861 se
1584 3808 1931 3876 pejeraverit,
1965 3818 2020 3863 et

430 3901 555 3960 post
585 3894 889 3964 cognoscit,
928 3903 1038 3949 tres
1071 3896 1520 3967 quadragesimas
1552 3899 1817 3967 pomiteat
1842 3898 1909 3950 “.

430 4029 509 4084 De
554 4031 649 4084 illo
687 4032 779 4102 qui
821 4047 1037 4086 uxorem
1093 4033 1390 4171 lqgitirnam
1434 4050 1548 4087 sine
1595 4050 1806 4105 μιαιαο
1847 4035 2017 4088 inter-

1147 4113 1328 4158 ecerit.

1147 4113 1328 4158 εεετιι.

504 4213 549 4245 ⁸⁷
574 4211 903 4284 Quicunque
942 4217 1218 4285 propriam
1267 4232 1493 4271 uxorem
1534 4218 1743 4287 absque
1783 4219 1901 4288 lege
1938 4220 2020 4275 vel

2196 1219 2241 1252 ”
2269 1218 2327 1274 Si
2369 1235 2467 1289 per
2501 1220 2887 1291 negligentiam
2937 1217 3143 1288 aliquid
3187 1218 3259 1273 de
3304 1217 3571 1289 sanguine
3606 1216 3695 1269 Dm

2130 1310 2266 1365 mini
2297 1311 2583 1365 stillaverit
2627 1311 2679 1364 in
2710 1319 2908 1365 terram
2930 1352 2946 1378 ,
2977 1310 3161 1380 lingua
3197 1308 3502 1373 lambatur,
3532 1309 3695 1362 tabula

2123 1407 2370 1462 radatur.
2413 1405 2471 1461 Si
2512 1420 2621 1460 non
2661 1405 2825 1461 fuerit
2852 1405 3062 1469 tabula,
3094 1414 3153 1457 ut
3187 1418 3298 1457 non
3328 1402 3689 1465 conculcetur,

2123 1498 2281 1553 locus
2352 1498 2698 1564 corrodatur,
2753 1506 2807 1552 et
2858 1497 2982 1568 igne
3045 1503 3432 1560 consumatur,
3478 1504 3530 1547 et
3573 1495 3696 1548 ciuis

2054 1622 2097 1682 Β
2127 1593 2268 1643 intra
2322 1590 2494 1644 altare
2547 1590 2895 1655 recondatur,
2937 1598 2991 1643 et
3040 1588 3301 1642 sacerdos
3350 1586 3695 1656 quadraginta

2127 1681 2320 1737 diebus
2365 1682 2649 1752 pmniteat.
2708 1680 2764 1735 Si
2804 1695 2968 1750 super
3002 1678 3177 1733 altare
3212 1678 3509 1733 stillaverit
3547 1679 3693 1739 calix,

2127 1773 2346 1827 sorbeat
2378 1773 2628 1829 minister
2661 1772 2885 1832 stillam.
2918 1780 2973 1826 et
3002 1771 3180 1825 tribus
3206 1771 3407 1825 diebus
3438 1772 3692 1848 perniteat.

2129 1864 2187 1919 Si
2224 1880 2389 1935 super
2435 1865 2659 1920 linteum
2694 1865 2905 1930 altaris,
2939 1874 2993 1919 et
3040 1867 3107 1920 ad
3146 1863 3298 1918 aliud
3335 1864 3482 1918 stilla
3530 1880 3695 1932 perve-

2126 1959 2298 2023 nerit,
2345 1966 2582 2029 quatuor
2622 1958 2813 2012 diebus
2858 1958 3140 2026 paeniteat.
3187 1956 3246 2010 Si
3296 1971 3475 2026 usque
3509 1957 3571 2010 ad
3603 1966 3695 2009 tera

2126 2050 2296 2117 tium,
2333 2066 2526 2104 novem
2559 2049 2749 2103 diebus
2790 2049 3071 2120 paeniteat.
3127 2048 3185 2103 Si
3220 2064 3401 2117 usque
3446 2048 3512 2103 ad
3545 2063 3693 2117 quar-

2128 2151 2264 2209 tum,
2308 2142 2498 2213 viginti
2532 2141 2722 2196 diebus
2758 2143 3045 2210 pmniteat,
3090 2147 3146 2194 et
3177 2140 3504 2194 linteamina
3527 2178 3541 2203 ,
3590 2154 3695 2207 qua:

2126 2232 2362 2303 tetigerit
2392 2232 2555 2297 stilla,
2582 2231 2757 2286 tribus
2786 2231 2998 2285 vicibus
3026 2232 3278 2284 minister
3307 2230 3517 2293 abluat,
3547 2229 3694 2283 calice

2126 2324 2518 2395 subterposito,
2544 2332 2598 2378 et
2639 2339 2782 2395 aqua
2829 2323 3127 2378 ablutionis
3179 2330 3460 2385 sumatur,
3484 2328 3536 2375 et
3557 2319 3692 2388 juxta

2126 2418 2299 2471 altare
2328 2416 2654 2472 recondatur
2675 2415 2721 2447 ⁸⁸

2235 2530 2303 2587 Ut
2331 2531 2597 2601 arreptitii
2629 2529 2796 2584 sacris
2830 2528 3096 2583 altaribus
3134 2544 3237 2582 non
3275 2528 3598 2581 ministrent.

2197 2642 2238 2675 δ’
2272 2644 2651 2699 Communiter
2680 2642 3013 2706 dilliuimus,
3051 2650 3110 2695 ut
3142 2642 3333 2695 nullus
3365 2642 3436 2697 de
3478 2642 3581 2707 bis,
3611 2640 3690 2710 qui

2127 2745 2222 2791 aut
2260 2736 2315 2790 in
2364 2748 2506 2791 terra
2554 2737 2755 2807 arrepti
2804 2751 2832 2789 a
2876 2736 3218 2790 daemonibus
3271 2735 3575 2798 eliduntur,
3614 2744 3693 2785 aut

2125 2829 2369 2900 quolibet
2398 2828 2564 2883 modo
2590 2826 2893 2882 vexationis
2924 2826 3241 2881 incursibus
3274 2826 3593 2892 efferuntur,
3621 2826 3692 2880 νει

2126 2921 2301 2977 sacris
2336 2922 2573 2977 audeant
2607 2922 2921 2976 ministrare
2951 2920 3243 2983 altaribus,
3283 2919 3370 2973 vel
3411 2919 3691 2975 indiscusse

2127 3030 2185 3067 se
2223 3013 2473 3083 inger-ant
2512 3013 2871 3067 sacramentis
2903 3011 3137 3078 divinis,
3169 3011 3418 3079 exceptis
3460 3010 3584 3071 illis,
3611 3007 3689 3076 qui

2124 3120 2422 3174 corporum
2475 3102 2909 3159 incommoditati
2956 3102 3166 3168 dediti,
3225 3101 3348 3156 sine
3396 3098 3690 3169 hujusmodi

2123 3194 2473 3265 passionibus
2509 3195 2561 3249 in
2600 3205 2743 3249 terra
2779 3193 3083 3264 probantur
3115 3192 3275 3258 elisi,
3315 3191 3413 3262 qui
3448 3201 3621 3244 tamen
3650 3197 3695 3239 et

2122 3286 2223 3355 ipsi
2268 3285 2453 3340 tandiu
2510 3294 2673 3340 erunt
2725 3284 2794 3338 ab
2850 3282 3010 3337 ollicii
3075 3283 3157 3337 sui
3222 3282 3421 3337 ordine
3497 3291 3548 3335 et
3595 3280 3696 3333 loco

2120 3377 2697 3447 suspensi,quousque
2732 3376 2893 3430 unius
2919 3373 3047 3427 anui
3075 3359 3274 3443 spatio,
3310 3388 3409 3443 per
3436 3370 3697 3426 discretio-

2120 3486 2245 3523 nem
2298 3469 2583 3539 episcopi,
2636 3468 2984 3522 inveniantur
3033 3465 3102 3520 ab
3138 3466 3371 3521 incursu
3406 3466 3695 3520 daemonum

2123 3562 2339 3616 liberati
2365 3562 2431 3618 δ’.

2488 3653 2565 3706 De
2607 3652 2965 3706 oblationibus
3009 3648 3355 3720 populorum.

2276 3761 2356 3817 Ex
2391 3763 2580 3819 codice
2616 3763 2649 3817 5
2684 3763 2972 3829 librorum,
3009 3762 3151 3817 libro
3188 3778 3250 3828 ll,
3289 3776 3415 3833 cap.
3450 3762 3573 3817 ll'l.

2195 3853 2267 3910 Ut
2298 3856 2366 3911 de
2400 3855 2771 3910 oblationibus
2804 3870 2928 3924 qua:
2974 3854 3284 3908 offeruntur
3332 3870 3366 3908 a
3404 3855 3624 3925 populo,
3653 3866 3696 3908 et

2122 3947 2634 4004 consecrationibus
2678 3961 2801 4015 quae
2853 3955 3181 4015 supersunt,
3240 3945 3326 3999 vel
3371 3946 3443 4000 de
3487 3947 3697 4017 panibus

2121 4056 2263 4111 quos
2307 4038 2561 4094 deferunt
2609 4038 2793 4093 fideles
2840 4037 2908 4091 ad
2955 4037 3282 4102 ecclesiam,
3320 4036 3408 4090 vel
3462 4046 3604 4093 certe
3642 4037 3696 4089 de

2123 4132 2239 4187 suis
2260 4171 2276 4198 ,
2314 4130 2596 4201 presbyter
2630 4129 3018 4185 convenienter
3054 4140 3238 4197 partes
3276 4127 3489 4184 incisas
3523 4128 3696 4182 habent

2124 4226 2179 4279 in
2214 4239 2343 4279 vase
2391 4222 2569 4279 nitido
2614 4235 2669 4278 et
2713 4222 3097 4287 convenienti,
3143 4228 3205 4275 ut
3259 4230 3388 4291 post
3426 4222 3695 4276 missarum

429 4306 553 4362 sine
584 4323 751 4362 causa
794 4318 847 4363 et
880 4318 1027 4362 certa
1064 4310 1385 4379 probatione
1421 4310 1774 4377 interfecerit,
1819 4313 2016 4366 aliam-
2050 4328 2095 4382 ι)
2124 4315 2411 4383 solemnia,
2466 4318 2560 4387 qui
2617 4314 3028 4369 communicare
3082 4326 3191 4366 non
3250 4312 3465 4387 fuerint
3519 4312 3691 4382 parati,

429 4414 537 4470 que
582 4399 803 4454 duxerit
850 4416 1112 4468 uxorem,
1163 4402 1334 4456 armis
1382 4402 1687 4472 depositis,
1738 4404 2013 4475 publicam

431 4502 558 4563 agat
604 4494 1003 4563 paenitentiam.
1041 4495 1107 4550 Et
1142 4494 1188 4549 si
1224 4507 1524 4551 contumax
1569 4496 1771 4566 fuerit,
1813 4507 1868 4553 et
1900 4500 2020 4568 epi-

427 4600 603 4657 scopo
649 4602 753 4642 suo
787 4588 1112 4644 inobediens
1145 4589 1455 4656 exstiterit,
1506 4589 2026 4658 anathematizetur,

2122 4408 2371 4477 eulogias
2425 4408 2576 4461 omni
2611 4407 2697 4461 die
2734 4405 3058 4469 Dominico,
3094 4413 3149 4459 et
3200 4404 3257 4458 in
3306 4404 3506 4459 diebus
3562 4401 3691 4457 festis

2124 4498 2322 4552 exinde
2386 4498 2677 4569 accipiant,
2745 4511 2868 4555 uuae
2932 4507 3059 4549 cum
3116 4494 3509 4549 benedictione
3561 4492 3693 4564 prius

2128 4588 2295 4644 faciat
2318 4590 2385 4641 ⁸³.

502 4745 557 4815 ’δέ
579 4760 669 4797 an.
700 4743 825 4799 165.
902 4744 947 4776 ”
980 4744 1071 4810 20,
1095 4760 1151 4814 q.
1184 4745 1207 4799 Ι
1239 4763 1253 4800 :
1284 4744 1523 4815 Virgines
1552 4760 1654 4798 non
1682 4746 1952 4801 velentur:
1982 4752 2035 4798 et
2061 4744 2113 4798 in
2142 4743 2296 4800 Decr.
2324 4747 2473 4799 lvon.
2501 4744 2749 4815 lib.7i_n._
2783 4740 2827 4815 ’_°
2852 4740 3025 4811 Hujus
3049 4740 3249 4815 decreti
3286 4744 3451 4815 prior
3480 4758 3600 4815 pars
3624 4747 3688 4815 est

426 4829 498 4868 ex
529 4814 785 4883 Carthag.
819 4829 904 4879 Ill,
951 4830 1075 4868 can.
1100 4813 1166 4883 4;
1201 4817 1367 4869 altera
1384 4813 1464 4871 'ex
1500 4815 1678 4870 Milev.
1712 4833 1775 4880 ιι,
1807 4833 1931 4869 ean.
1954 4816 2055 4877 26;
2096 4817 2253 4869 tertia
2288 4832 2351 4870 ex
2387 4816 2545 4884 epist.
2580 4813 2651 4866 XI
2713 4813 2893 4884 Grelas.
2928 4828 3048 4880 cap.
3067 4813 3168 4884 1‘3.

1230 4886 1271 4918 ³⁸
1310 4885 1661 4956 Desumptum
1703 4896 1785 4940 est
1829 4904 1893 4941 ex
1950 4885 2173 4956 Novella
2216 4885 2533 4941 Iustiniani.

426 4892 547 4955 quis
578 4901 669 4955 per
708 4884 960 4954 Capillum
1002 4885 1120 4938 Dei.

3281 4808 3691 4883 “2‘2,q.l:Sl

2610 4886 2655 4917 ³³
2702 4883 2853 4952 22,q.
2885 4882 3075 4946 5:Qui
3108 4882 3438 4952 compulsus.
3498 4882 3575 4913 7"
3600 4883 3693 4933 An-

429 4953 639 5012 sehnus
664 4953 859 5020 libyn,
885 4971 1005 5024 cap.
1039 4958 1130 5017 65,
1171 4958 1273 5011 hoc
1303 4958 1434 5012 citat
1465 4953 1531 5010 ex
1572 4956 1936 5009 Pwnitentiali
1966 4955 2260 5021 Theodori,
2293 4968 2349 5010 ut
2381 4954 2835 5024 Burchardus,9
2860 4956 2951 5005 lvo
2981 4954 3230 5024 sequenti
3265 4956 3467 5023 capite.
3544 4953 3586 4983 ³⁸
3614 4954 3688 5013 2'2,

430 5042 488 5096 q.
514 5031 577 5080 ὃς
611 5027 731 5108 Qui.
749 5022 988 5108 pejerat...
1025 5026 1091 5108 ﬂ“
1116 5025 1410 5108 Laudatun
1430 5029 1484 5081 in
1516 5028 2351 5108 colle_ct‘.nAnsel.mlitanquamex
2368 5022 3069 5108 {’w'nitentiali‘Theodori.'
3135 5022 3299 5103 ".55,
3329 5041 3384 5093 q.
3414 5024 3686 5108 ερειξςιιη-

426 5094 528 5166 que
551 5097 843 5179 propriam.
945 5096 989 5127 ³⁸
1020 5094 1339 5179 ϐαρίιυιαν..
1358 5099 1451 5151 lib.
1479 5114 1515 5158 ι.
1540 5112 1589 5151 c.
1645 5097 1770 5177 509.

429 5168 548 5221 lvo.
584 5170 675 5221 lib.
715 5186 753 5221 ι.
852 5167 897 5199 ⁸⁸
928 5165 1003 5219 Ex
1056 5166 1419 5221 Pmnitenttul.
1454 5166 1750 5221 Theodori.

460 5185 548 5223 νο.
584 5184 675 5222 ιιυ.
715 5186 753 5223 Ι.

432 5243 477 5272 δ’
517 5238 608 5293 lvo
646 5251 699 5307 p.
741 5250 812 5301 ll,
870 5249 921 5291 c.
980 5232 1114 5301 125,
1174 5243 1277 5294 hoc.
1304 5240 1495 5293 tribuit
1520 5238 1635 5292 Pio.

433 5416 643 5495 primus
665 5414 742 5495 (ᾳ)
770 5412 1360 5495 V_iennensis_ecelesia2
1390 5414 1713 5494 episcOpus,
1737 5413 2017 5481 apostolo«

852 5167 897 5199 ⁸⁸
928 5165 1003 5219 Ex
1056 5166 1419 5222 Paenitentiul.
1454 5166 1750 5233 Theodori,
1784 5181 1907 5235 cap.
1937 5168 2027 5220 5|.
2140 5166 2181 5197 “
2212 5168 2349 5221 distil

870 5249 921 5291 (ε.
980 5232 1114 5292 125.
1174 5243 1277 5292 hoc.
1304 5240 1495 5292 tribuit
1520 5238 1635 5292 Pio.
1745 5237 1793 5269 ⁸³
1823 5236 1922 5291 Pio
1952 5237 2209 5292 tribuitur
2235 5240 2349 5292 abl

1869 5254 1922 5291 ιι)
1952 5251 2209 5292 ιτιυυιωῐ·
2235 5251 2304 5292 at)
2330 5251 2513 5293 lVOlle.

1884 5097 1928 5127 ”
1959 5097 2034 5149 De
2068 5094 2297 5150 consecr.
2348 5096 2589 5151 distinct.
2616 5100 2680 5150 *ἐς
2715 5094 2771 5148 Si
2800 5111 2891 5165 per
2919 5094 3330 5163 negligentiam;
3365 5105 3418 5148 et
3456 5096 3508 5148 in
3556 5094 3685 5146 Dm.

2140 5166 2181 5197 “
2212 5168 2454 5221 distinct.
2498 5184 2510 5219 ε
2540 5152 2903 5222 Communiter
2942 5152 3250 5234 (li/ﬁnimus,
3281 5152 3342 5218 ut
3370 5166 3569 5230 nullus,
3602 5173 3684 5216 etc.

2195 5414 2307 5484 (ll)
2364 5413 2592 5469 Senatus
2641 5432 2860 5484 panper.
2917 5414 2975 5468 ld
3006 5422 3110 5480 est,
3163 5430 3389 5470 sacrum
3425 5412 3682 5484 collegium

433 5482 554 5541 rum
587 5482 911 5553 discipulus,
943 5486 1034 5554 qui
1068 5483 1290 5553 Trajani
1338 5482 1595 5553 tempore
1631 5486 2008 5553 episcopatum
2113 5482 2567 5554 presbyterorum,
2590 5482 2653 5542 ac
2675 5497 2991 5543 caeterorum
3017 5485 3285 5542 Romana:
3315 5482 3577 5544 Ecclesiae
3595 5482 3681 5541 cli.“

430 5554 841 5626 ejusltlcclesiae
874 5559 1103 5626 accepit,
1132 5562 1186 5611 et
1212 5556 1280 5609 ad
1314 5556 1431 5610 haec
1454 5570 1631 5626 usque
1655 5565 1899 5625 tempora
1932 5554 2011 5607 illi

434 5624 673 5696 praefuit.
719 5626 846 5679 Sev.
877 5623 995 5678 Bis.

501 5778 575 5845 (ui
605 5781 729 5831 Dele
769 5780 897 5829 hanc
916 5790 1107 5835 vocem.
1130 5780 1173 5829 si
1198 5792 1315 5830 vera
1336 5777 1555 5829 narravit
1575 5780 1683 5831 Ade
1709 5780 1759 5827 in
1785 5778 2044 5828 Chronico.

2124 5556 2386 5608 ricurum.
2416 5556 2492 5607 lu.
