3792 6218
120 320 257 376 1129

910 320 1182 378 AMCETI
1221 320 1420 375 ΡΛΡᾸΞ
1460 320 1798 375 EPISTGLA
1845 319 1935 373 AD
1968 320 2244 379 GALLIAS
2286 321 2509 379 EPISC.

3253 326 3393 381 H30

148 432 229 487 De
245 434 1480 505 consuetudineservanda,quaanonestcontra
1498 434 1680 503 ﬁdem.
1739 444 1786 501 Α
1813 448 1953 504 quas
2007 451 2036 487 ιι
2066 433 2213 489 Petri
2250 436 2623 506 apostolorum
2670 436 2937 507 principis
2987 439 3393 497 ordinationum

253 522 333 577 Ex
369 525 565 581 codice
594 524 662 578 16
697 525 980 589 librorum,
1019 527 1158 581 libro
1194 541 1283 590 ιιι,
1320 540 1441 594 cap.
1468 526 1559 580 19.

176 614 477 671 “Petistis
522 632 619 687 per
653 616 918 672 Hilarium
971 619 1367 673 chartularium
1423 628 1699 683 nostrum,

105 720 133 757 ι
170 705 342 760 beata:
390 707 675 761 memoria:
709 709 1106 778 praedecessore
1140 717 1365 775 nostro,
1415 719 1474 764 ut
1507 726 1700 764 omnes

109 796 261 851 vobis
312 808 465 852 retro
498 808 808 867 temporum
845 798 1271 855 consuetudines
1324 810 1697 865 servarentur,

172 974 219 1005 “
250 974 347 1030 Est
382 992 453 1031 ex
489 977 652 1047 epist.
678 977 736 1031 S.
770 978 928 1049 σπι-εκ.
956 980 1051 1034 lib.
1087 996 1127 1043 :,
1151 997 1237 1051 ep.
1272 982 1355 1034 73.

1427 983 1470 1013 "’
1502 984 1747 1038 distinct.
1784 985 1841 1037 ll

1814 526 1993 581 initiis
2052 526 2319 582 hactenus
2373 537 2621 583 vetustas
2666 528 2829 600 longa
2883 531 3138 587 servavit.
3197 531 3260 587 Et
3298 524 3415 590 nos,

1810 619 2055 688 quidem,
2089 618 2245 687 juxta
2282 620 2479 673 seriem
2516 619 2797 677 relationis
2831 630 3046 687 vestrze,
3084 624 3130 656 "
3155 640 3394 681 consue-

1810 711 2055 766 tudinem
2094 712 2387 766 laudamus
2411 755 2425 778 ,
2484 729 2608 784 qua:
2651 722 2834 769 tamen
2870 724 3063 771 contra
3097 716 3259 772 ﬁdem
3296 732 3395 772 ca-

1811 804 2070 858 tholicam
2111 804 2248 857 nihil
2286 820 2553 874 usurpare
2586 805 2945 875 dignoscitur.

1909 1004 1921 1036 :
1957 984 2407 1039 Consuetudinem
2460 987 2610 1040 laud.
2640 986 2706 1041 Et
2739 987 2792 1040 in
2833 987 2982 1042 Decr.
3009 989 3159 1042 lvon.
3193 987 3286 1042 lii).
3325 1004 3390 1046 It.

126 1141 3384 1196 ὼ

939 1312 1197 1467 AN
1204 1314 1883 1582 IGETIIS
1994 1319 2062 1468 Ι
2153 1317 2644 1475 ΡΑΡΑ

1490 1669 2000 1762 ΝΟΤΙΤΙΑ

93 1868 368 1933 (Εζῐιίιιτῖ)
405 1867 681 1931 pontiﬁcali
720 1867 920 1933 Damasi
951 1864 1432 1933 papae,_ap_.__h_l_sssi,
1462 1862 1670 1933 Co_ncil.,_
1706 1862 1745 1933 _I,
1778 1863 1965 1933 .681.—-
1997 1861 2667 1933 νιάε-Βηιι-ριοςὶαξνιτοιὶηω
2694 1870 2729 1913 ι.
2772 1864 3004 1926 CXXVII,
3029 1866 3123 1914 col.
3160 1866 3301 1928 1203,
3335 1871 3385 1919 in

897 1926 1570 1977 AriaStasio'Bibliotbecario
1589 1927 1674 1987 qui
1694 1926 1957 1976 Anicetum
1982 1933 2101 1975 ante
2126 1927 2270 1976 Pium
2297 1926 2315 1975 ι
2343 1926 2525 1989 ponit.)

160 2080 437 2135 Anicetus
472 2077 691 2131 natione
729 2074 933 2147 Syrus,
966 2093 1028 2131 ex
1057 2086 1210 2146 patre
1240 2074 1451 2147 Joanne
1479 2074 1546 2130 de
1574 2076 1694 2131 vico
1724 2075 1994 2141 Humisia,
2030 2076 2171 2131 sedit
2203 2091 2381 2147 annos
2409 2076 2691 2142 undecim,
2726 2084 3229 2147 mensesquatuor,
3261 2080 3382 2135 dies

90 2159 218 2207 tres.
258 2150 394 2204 Fuit
422 2156 608 2202 autem
641 2145 979 2215 temporibus
1012 2145 1134 2201 veri
1178 2156 1232 2201 et
1260 2145 1454 2209 Marci,
1501 2162 1531 2199 a
1572 2148 1861 2201 consulatu
1906 2148 2174 2203 Gallicani
2221 2156 2275 2202 et
2323 2146 2558 2212 Veteris,
2606 2162 2782 2216 usque
2824 2146 2893 2200 ad
2937 2145 3267 2216 Piizesentem
3326 2160 3380 2206 et

93 2222 375 2277 ltuﬁnum.
414 2217 521 2273 Hic
559 2218 841 2272 constituit
877 2226 937 2271 ut
970 2219 1204 2273 clericus
1246 2232 1459 2271 comam
1498 2233 1605 2271 non
1644 2218 1895 2282 nutriret,
1936 2217 2239 2273 secundum
2272 2226 2603 2287 praeceptum
2643 2215 2911 2286 Apostoli.
2942 2215 3042 2271 Hie
3074 2217 3201 2274 fecit
3230 2222 3381 2275 ordi-

92 2294 345 2346 nationes
368 2290 617 2359 quinque
646 2303 742 2357 per
772 2303 1016 2359 mensem
1060 2287 1437 2351 Decembrem.
1490 2288 1838 2359 presbyteros
1877 2287 2291 2359 septemdecim,
2325 2287 2607 2359 diaconos
2633 2298 2897 2359 quatuor,
2938 2288 3229 2359 episcopos
3281 2307 3378 2359 per

90 2363 305 2417 diversa
341 2356 468 2415 loca
507 2356 723 2413 novem.
755 2357 861 2423 Qui
903 2360 1068 2413 etiam
1106 2359 1243 2413 obiit
1273 2367 1502 2427 martyr,
1546 2366 1601 2428 et
1645 2356 1892 2427 sepultus
1919 2356 2004 2412 est
2034 2358 2087 2412 in
2122 2357 2440 2413 cmmeterio
2474 2356 2707 2424 Callisti,
2746 2357 2831 2410 via
2874 2356 3071 2428 Appia,

3124 2359 3376 2415 decimo-

90 2434 284 2502 quinto
310 2429 547 2486 Kalend.
575 2428 766 2484 Maias.
794 2428 863 2483 Et
892 2429 1130 2485 cessavit
1156 2429 1508 2499 episcopatus
1537 2427 1656 2483 dies
1688 2428 2094 2498 septemdecim.

1120 2738 1763 2897 ANICETI
1857 2740 2306 2866 PAPKE

401 3002 1097 3118 EPISTOLA
1170 2913 1365 3117 ⁴ΑΙ)
1437 3001 1657 3115 GA]

1909 3000 1998 3112 Ἐ
2078 3000 2848 3115 EPISCOPOS
2897 3058 3029 3133 (45).

1388 3183 1583 3244 (MANSI,
1605 3181 1808 3242 conca,
1834 3183 1872 3243 ι,
1898 3180 2031 3243 683.)

90 3290 439 3349 Declectione
462 3299 514 3342 et
540 3290 876 3343 ordinatione
917 3290 1297 3360 archiepiscopi
1339 3300 1389 3343 et
1439 3299 1748 3361 cancrorum
1784 3289 2175 3361 episcoporum,
2218 3299 2269 3343 et
2331 3301 2388 3343 ut
2430 3291 2850 3361 archiepiscopus
2907 3291 3102 3360 absque
3144 3294 3365 3345 consilio

407 3372 720 3415 cwterorum
754 3362 886 3415 nihil
917 3379 1069 3433 agerc
1090 3370 1380 3431 prwsumat
1406 3365 1471 3415 de
1500 3360 1674 3413 causis
1698 3375 1880 3412 eorum
1914 3359 2023 3413 nisi
2058 3369 2266 3414 tantum
2296 3362 2361 3415 de
2385 3378 2483 3415 sua
2509 3363 2726 3429 speciali
2753 3359 3027 3429 parochia.

148 3516 477 3573 “Anicetus
503 3515 543 3546 δ’
573 3515 844 3571 universis
886 3514 1147 3571 Ecclesiis
1192 3532 1289 3586 per
1318 3515 1505 3572 Gallia:
1546 3528 1676 3584 pro-
1712 3524 1753 3578 Β
1782 3524 1969 3572 tuente
1997 3514 2256 3584 Domino,
2285 3514 2593 3583 tradidisse,
2643 3531 2752 3570 non
2806 3531 2836 3569 a
2888 3515 3071 3571 minus
3116 3532 3283 3586 quam
3333 3535 3363 3571 a

84 3608 286 3662 vincias
314 3606 655 3673 constitutis,
693 3607 747 3661 in
778 3607 1008 3661 Domino
1037 3609 1291 3663 salutem.

150 3701 428 3756 Bonorum
480 3714 706 3770 operum
745 3709 799 3754 et
839 3701 881 3731 ⁸⁸
941 3700 1312 3770 spiritualium
1360 3699 1667 3757 studiorum

85 3791 242 3847 Deum
278 3802 565 3848 auctorem
599 3808 739 3858 esse,
792 3808 901 3846 non
948 3792 1178 3847 dubium
1225 3804 1329 3857 est,
1371 3792 1466 3863 qui
1504 3791 1670 3845 bono-

82 3899 190 3939 rum
228 3887 523 3941 hominum
552 3886 742 3941 incitat
786 3895 996 3939 meutes
1032 3895 1088 3939 et
1122 3885 1348 3956 adjuvat
1398 3884 1663 3941 actiones.

81 3975 224 4041 Quod
259 3980 427 4033 nobis
485 3978 766 4033 evidenter
801 3978 1074 4047 apparuit,
1108 3993 1235 4033 cum
1284 3980 1427 4033 inter
1452 3976 1667 4047 longiu-

80 4083 175 4137 qua
205 4072 383 4141 spatia
413 4070 725 4141 regionum,
759 4086 929 4124 unum
961 4073 1129 4126 corda
1168 4080 1349 4127 vestra
1374 4076 1668 4126 senserunt

78 4163 383 4228 consilium,
428 4170 484 4215 et
536 4177 658 4231 qua:
722 4161 1120 4219 desiderabatis
1181 4178 1492 4234 responsa,
1555 4178 1661 4215 non

79 4256 228 4308 unius
287 4255 380 4308 sed
416 4254 782 4323 plurimorum
815 4254 1056 4324 epistolze
1088 4255 1436 4310 iutimarunt.

112 4456 177 4509 De
200 4458 633 4510 ordinationibus
657 4456 1039 4526 episcoporum,
1064 4466 1111 4510 et
1133 4456 1199 4510 de
1219 4457 1397 4511 causis
1419 4473 1620 4509 earum.

139 4547 209 4603 De
238 4548 687 4606 ordinationibus
719 4562 851 4603 vero
880 4547 1292 4617 episcoporum,
1322 4563 1492 4617 super
1538 4546 1661 4617 qui-

76 4636 164 4692 bus
187 4654 291 4694 nos
330 4638 621 4694 consulere
664 4635 935 4702 voluistis,
977 4637 1109 4691 olim
1145 4636 1198 4690 in
1231 4637 1411 4691 sancti
1447 4634 1656 4704 praede-

72 4734 299 4788 cessoris
352 4732 530 4788 nostri
589 4731 840 4787 Auacleti
903 4730 1346 4786 ordinationibus
1408 4727 1656 4800 quaedam

70 4822 171 4891 jam
205 4826 427 4881 decreta
478 4823 783 4894 reperimus
814 4824 883 4878 "’.
938 4820 1159 4877 Scimus
1203 4822 1350 4877 enim
1404 4818 1658 4873 beatissi-

1774 3607 1951 3662 tribus
1994 3607 2291 3678 episcopis,
2332 3606 2651 3677 episcopum
2695 3607 2943 3662 ordinari
2990 3608 3210 3663 debere.
3255 3607 3363 3663 Scit

1769 3708 2317 3767 crescentenumero
2342 3698 2749 3768 episcoporum,
2791 3699 2897 3753 nisi
2932 3698 3230 3755 necessitas
3280 3700 3364 3753 in-

1769 3790 2083 3855 tervenerit,
2127 3790 2330 3846 debent
2380 3789 2548 3844 etiam
2592 3790 2778 3859 plures
2818 3792 3030 3860 augeri,
3083 3790 3135 3845 id
3172 3800 3279 3858 est,
3310 3793 3361 3845 si

1769 3882 2215 3953 archiepisc0pus
2276 3882 2421 3937 diem
2462 3882 2681 3943 obierit,
2727 3892 2782 3937 et
2840 3883 2977 3937 alter
3013 3883 3359 3938 ordinandus

1768 3974 2222 4045 archiepiscopus
2275 3974 2483 4030 electus
2540 3974 2725 4041 fuerit,
2774 3975 2821 4005 ⁸ο
2869 3989 3062 4029 omnes
3109 3974 3358 4044 ejusdem

1767 4067 2062 4136 provincia:
2096 4067 2341 4138 episcopi
2394 4068 2463 4123 ad
2506 4068 2691 4123 sedem
2733 4067 3102 4138 metropoleos
3155 4083 3358 4123 conve-

1765 4160 1943 4225 niant,
1978 4169 2035 4214 ut
2061 4159 2129 4214 ab
2157 4160 2415 4215 omnibus
2444 4160 2559 4230 ipse
2588 4161 2895 4216 ordinetur.
2930 4161 2972 4191 “
2997 4161 3220 4230 Oportet
3264 4176 3359 4214 au-

1766 4260 1877 4306 tem
1934 4260 1994 4307 ut
2052 4252 2186 4321 ipse,
2230 4252 2327 4323 qui
2370 4252 2479 4308 illis
2511 4253 2772 4309 omnibus
2801 4267 3037 4323 pratessc
3077 4253 3259 4316 debet,
3287 4252 3356 4306 ab

1765 4365 2024 4421 omnibus
2076 4366 2185 4421 illis
2231 4367 2465 4437 eligatur
2510 4376 2565 4421 et
2607 4367 2908 4423 ordinetur.
2962 4367 3175 4435 Reliqui
3222 4384 3354 4423 vero

1761 4457 2252 4525 comprovinciales
2286 4459 2552 4529 episcopi,
2599 4460 2644 4512 si
2693 4475 2917 4514 necesse
2960 4460 3147 4520 fuerit.
3186 4470 3351 4515 crete-

1762 4545 1839 4600 ris
1871 4547 2367 4614 consentientibus,
2412 4563 2442 4602 a
2496 4548 2693 4611 tribus,
2734 4548 2895 4618 jussu
2928 4549 3347 4627 archiepiscolii,

1758 4638 2071 4691 consecrari
2130 4647 2357 4707 possunt
2404 4638 2698 4708 episcopis.
2761 4638 2865 4693 Sed
2904 4639 3098 4695 melius
3141 4650 3247 4705 est,
3298 4644 3346 4696 si

1759 4726 1876 4797 ipse
1901 4744 2024 4782 cum
2056 4729 2333 4791 omnibus,
2370 4744 2495 4783 eum
2526 4730 2619 4799 qui
2646 4729 2845 4800 dignus
2871 4740 2976 4795 est,
3007 4734 3254 4801 elegerit,
3291 4744 3349 4787 et

1758 4821 1943 4873 cuncti
1968 4822 2171 4890 pariter
2192 4821 2529 4876 sacraverint
2560 4823 2897 4892 pontiﬁcem.
2930 4823 2995 4877 Et
3018 4824 3144 4879 licet
3177 4824 3342 4890 istud,

75 4890 211 4971 mum
239 4890 663 4983 Jacobum,‘qui
696 4914 980 4969 dicebatur
1006 4912 1220 4979 Justus,
1249 4912 1344 4983 qui
1378 4911 1542 4965 etiam
1568 4924 1654 4964 se-
1682 4890 1728 4952 (ἶ
1760 4913 2087 4968 necessitate
2133 4922 2380 4984 cogente,
2421 4890 2749 4969 concessum
2794 4915 2901 4978 sit,
2956 4915 3088 4969 illud
3132 4926 3337 4981 tamen,

74 5010 301 5063 cumtum
339 5022 566 5063 carnem
599 5004 770 5059 frater
816 5005 1036 5059 Domini
1080 5012 1429 5073 nuncupatus
1472 5011 1577 5067 est,
1626 5018 1656 5056 a

73 5097 243 5166 Petro,
292 5098 502 5154 Iacobo
549 5105 605 5151 et
657 5096 867 5151 Joanne
908 5097 1195 5166 apostolis,
1242 5093 1651 5165 Hierosolymo—

48 5206 181 5259 _rum
204 5194 531 5263 episcopum
569 5204 693 5245 esse
729 5190 1068 5244 ordinatum.
1112 5188 1167 5243 Si
1195 5197 1377 5243 autem
1410 5203 1518 5241 non
1552 5186 1653 5240 mi-

48 5264 167 5339 :uus
188 5301 356 5355 quam
384 5300 417 5337 a
458 5282 638 5337 tribus
676 5281 942 5352 apostolis
980 5290 1167 5335 tantus
1198 5280 1280 5334 vir
1306 5279 1408 5334 luit
1430 5278 1651 5334 ordina-

74 5384 150 5433 tus
199 5379 520 5449 episcopus,
575 5382 725 5446 patet
771 5373 1019 5445 profecto
1072 5390 1168 5430 eos
1207 5372 1460 5437 formam,
1489 5373 1638 5427 insti-

71 5496 111 5573 _“
131 5497 182 5551 in
212 5510 525 5573 ms_s.‘saepe
543 5494 791 5573 ᾼηὶεξιιιρ
825 5495 1123 5573 scribitur;
1276 5494 1628 5573 qtiibusdamA
1649 5494 1883 5573 Anigiufs,
1923 5496 2003 5550 sic
2023 5494 2202 5573 etiam
2226 5503 2391 5573 recte.
2428 5493 2601 5573 ll_.\nn_.
2792 5495 2857 5573 in
2872 5510 2979 5573 m_s_.
3008 5509 3027 5573 r_

1742 5566 1787 5600 ⁸⁸
1819 5563 1996 5647 Supra
2023 5566 2090 5647 in_
2116 5564 2152 5617 2
2176 5566 2366 5647 Auacl.
2393 5566 2642 5635 epistola.
2717 5565 2763 5595 ‘°
2791 5564 3149 5647 66,.distinct.
3186 5580 3200 5616 :
3225 5562 3332 5613 Ar-

71 5564 178 5621 loeo
204 5563 537 5629 Anicius,'et
561 5566 616 5619 in
654 5565 835 5619 titulo.
873 5564 1047 5635 Hann.
1154 5565 1197 5595 ⁸⁸
1223 5563 1419 5619 5.]λεο
1442 5580 1529 5635 ep.
1561 5564 1651 5619 32.

1753 5004 1901 5076 quod
1921 5006 1988 5061 de
2020 5007 2421 5078 archiepiscopi
2456 5009 2873 5063 consecratione
2903 5008 3220 5077 praedictum
3257 5016 3341 5063 esi

1748 5110 1913 5168 atque
1944 5108 2297 5168 prmeeptum,
2331 5099 2382 5154 id
2403 5108 2506 5165 est,
2542 5107 2602 5154 ut
2634 5114 2826 5155 omnes
2854 5100 3180 5168 suﬂ‘raganei
3211 5116 3334 5154 eum

1749 5191 2027 5254 ordinent,
2068 5192 2385 5248 nullatenus
2419 5193 2699 5247 immutari
2738 5193 2893 5257 licet;
2928 5192 3056 5262 quia
3089 5192 3183 5261 qui
3227 5192 3334 5245 illis

1748 5290 1965 5351 praeest,
1990 5283 2057 5336 ab
2085 5284 2343 5339 omnibus
2377 5284 2669 5354 episcopis,
2699 5283 2901 5352 quibus
2925 5291 3142 5351 praeest,
3173 5282 3334 5336 debet

1747 5373 2029 5428 constitui.
2097 5372 2193 5428 Sin
2246 5375 2401 5429 aliter
2458 5383 2848 5444 praesumptum
2894 5372 3078 5437 fuerit,
3119 5373 3330 5427 viribus

2715 5493 2760 5524 ‘7
2792 5495 2846 5549 in
2872 5510 2979 5549 ms.
3008 5499 3198 5548 nostro
3222 5491 3329 5546 hoc

71 5639 417 5725 chiepiscopus
442 5636 507 5691 ab
542 5636 807 5690 omnibus.
887 5637 932 5667 “
960 5634 1019 5690 S.
1056 5635 1165 5691 Leo
1193 5651 1280 5705 cp.
1311 5635 1400 5700 89,
1423 5650 1543 5705 cap.
1566 5636 1618 5691 5.
1642 5634 1811 5692 Cone.
1839 5634 1913 5690 ιιι
1932 5636 2115 5691 Aurel.
2148 5652 2197 5690 c.
2230 5635 2282 5689 5.

134 5738 243 5825 (15.)
285 5749 709 5823 Supposititiam
734 5760 965 5805 censent
994 5750 1099 5805 viri
1133 5750 1351 5806 eruditi.

289 5851 298 5859 '
377 5848 653 5909 Ριτιιοι..
727 5846 845 5907 Gn.
888 5846 966 5910 V.

2922 5838 2999 5897 36
