3792 6218
502 300 631 357 Ηῧί

1386 302 1664 363 ANICETI
1706 308 1908 367 ΡΑΡᾸΞ
1945 309 2282 367 EPISTOIA
2316 315 2407 368 AD
2441 316 2718 372 GALLI/IS
2754 318 2972 375 EPISC.

3650 330 3778 385 H32

497 438 689 477 carere
722 440 827 477 non
865 425 1089 478 dubium
1126 434 1228 490 est,
1270 427 1397 495 quia
1444 429 1599 483 irrita
1638 432 1741 485 erit
1776 432 1897 502 ejus
1928 449 2089 487 sacus
2120 441 2166 496 Α
2196 437 2337 505 apud
2374 437 2513 492 hanc
2542 440 2905 509 apostolicam
2946 440 3127 496 sedem
3161 442 3434 498 audiatur.
3475 463 3493 497 ι
3530 444 3636 512 Qui
3664 464 3773 503 ma-

496 524 619 569 acta
666 516 961 571 ordinatio.
1017 517 1204 587 "Ipse
1249 528 1429 574 autem
1473 524 1918 594 archiepisc0pus
1950 527 2087 581 nihil

495 607 561 660 de
590 622 779 661 eorum
812 609 1015 676 causis,
1062 620 1156 665 aut
1199 610 1265 665 de
1304 611 1428 666 aliis
1472 616 1892 679 communibus,
1925 618 2084 687 juxta

496 706 703 752 statuta
760 700 1158 767 apostolorum,
1218 703 1425 771 absque
1477 715 1803 758 cunctorum
1862 708 2084 764 illorum

494 798 621 856 agat
652 790 913 858 consilio;
952 808 1051 845 nec
1090 793 1186 857 illi,
1245 796 1348 847 nisi
1405 805 1670 864 quantum
1714 798 1779 851 ad
1833 804 2084 870 proprias

492 882 784 949 parochias
818 884 1071 952 pertinet,
1108 888 1225 941 sine
1249 904 1369 951 suo,
1403 887 1665 956 quoniam
1704 908 1717 941 :
1754 890 1846 943 tali
1885 894 2084 961 gaudet

490 977 790 1030 concordia
851 977 1209 1044 Altissimus,
1266 991 1319 1034 et
1377 981 1641 1050 gloriatur
1704 983 1757 1035 in
1822 988 2083 1044 membris

490 1072 625 1124 suis.

1160 1142 1294 1195 ἸΙ

768 1210 844 1264 De
870 1213 1187 1281 primatibus
1231 1224 1279 1266 et
1309 1216 1753 1284 metropolitanis.

555 1301 603 1331 ⁸³
625 1300 770 1356 Nulli
805 1304 1202 1374 archiepiscopi
1240 1306 1499 1375 primates
1544 1321 1828 1376 vocentur,
1860 1314 1966 1367 nisi
2003 1314 2076 1367 illi

482 1394 578 1462 qui
616 1396 824 1463 primas
849 1406 1035 1452 tenent
1071 1398 1340 1463 civitates,
1366 1416 1597 1468 quarum
1625 1404 1911 1473 episcopos
1941 1422 2077 1475 apo‘

484 1486 608 1540 stoli
659 1497 713 1541 et
748 1503 1099 1544 successores
1139 1492 1514 1558 apostolorum
1560 1496 1883 1564 regulariter
1913 1499 2075 1567 “pa-
2112 1546 2123 1561 ,

482 1578 753 1633 triarchas
774 1589 827 1633 et
856 1580 1115 1648 primates
1145 1598 1266 1637 esse
1295 1585 1722 1653 constituerunt,
1756 1589 1860 1643 nisi
1891 1591 2073 1659 aliqua

482 1686 616 1739 gens
637 1671 893 1739 deinceps
924 1672 990 1725 ad
1016 1672 1174 1726 [idem
1209 1686 1577 1741 convertatur,
1604 1680 1692 1733 cui
1728 1695 1951 1737 necesse
1978 1685 2071 1741 sit.

466 1771 705 1831 ,propter
734 1763 1144 1819 multitudinem
1195 1781 1407 1833 eorum,
1454 1770 1741 1838 primatem
1780 1775 2063 1828 constitui.
2105 1786 2145 1839 Β

482 1855 696 1925 Reliqui
732 1872 884 1919 vero,
928 1858 1023 1927 qui
1069 1859 1205 1913 alias
1256 1862 1704 1931 metropolitanas
1749 1866 1906 1921 sedes
1944 1868 2071 1921 ade-

478 1947 556 2015 pti
596 1957 747 2015 sunt,
789 1964 900 2003 non
950 1950 1234 2019 primates,
1286 1953 1382 2008 sed
1438 1956 1844 2025 metropolitani
1894 1961 2072 2013 nomi-

460 2048 699 2093 'ncntur.
1219 2113 1282 2167 ΠΙ

475 2205 536 2260 Si
562 2207 995 2276 metropolitanus
1028 2210 1137 2261 sine
1165 2210 1383 2283 consilio
1424 2214 1607 2281 egerit,
1651 2214 1725 2265 rel
1768 2214 1814 2264 si
1841 2215 2066 2283 episcopi

877 2295 993 2331 eum
1022 2289 1320 2348 suspectum
1347 2282 1648 2337 habuerint.

544 2370 591 2401 "
619 2368 676 2423 Si
728 2379 909 2424 autem
964 2371 1162 2439 aliquis
1227 2375 1776 2442 metropolitanorum
1843 2378 2064 2433 inﬂatus

473 2462 659 2528 fuerit,
688 2473 743 2517 ct
775 2464 893 2517 sine
940 2466 1185 2517 omnium
1223 2468 1774 2533 comprovincialium
1825 2486 2063 2533 praesen-

469 2555 544 2608 tia
568 2556 653 2609 vel
686 2552 919 2609 consilio
960 2552 1365 2623 episcOporum,
1414 2566 1507 2608 aut
1539 2574 1753 2623 eorum,
1788 2571 1881 2613 aut
1927 2561 2062 2615 alias

466 2662 694 2712 causas,
723 2646 830 2700 nisi
858 2662 952 2701 eas
980 2654 1193 2699 tantum
1224 2663 1346 2715 qua:
1368 2648 1434 2701 ad
1472 2651 1749 2717 propriam
1780 2668 1935 2705 suam
1970 2671 2062 2722 pa-

470 2738 718 2791 rochiam
743 2737 1039 2806 pertinent,
1071 2753 1231 2807 agere
1254 2740 1318 2804 ³⁸,
1354 2748 1450 2793 aut
1488 2755 1585 2794 eos
1614 2758 1841 2810 gravare
1872 2745 2060 2798 volue—

464 2832 560 2894 rit,
589 2831 659 2885 ab
687 2831 948 2884 omnibus
979 2831 1227 2885 districte
1270 2832 1601 2902 corrigatur,
1635 2851 1701 2889 nc
1734 2836 1863 2889 talia
1904 2837 2059 2891 dein-

460 2938 595 2991 ceps
628 2938 957 2992 praesumere
984 2923 1203 2976 audeat.
1242 2920 1300 2977 Si
1341 2940 1470 2979 vero
1518 2925 1908 2996 incorrigihilis
1949 2930 2056 2982 eis-

464 3031 572 3083 que
612 3014 934 3070 inobediens
983 3017 1319 3084 apparuerit,
1373 3015 1440 3069 ad
1496 3017 1638 3073 hanc
1694 3022 2051 3088 apostolicam

464 3109 648 3163 sedem
681 3109 789 3177 (cui
819 3109 1003 3163 omnia
1036 3108 1421 3177 episcoporum
1454 3110 1655 3176 judicia
1690 3112 2051 3166 “terminare
2080 3148 2122 3203 Ο

442 3210 731 3271 .prrecepta
760 3203 909 3270 sunt)
953 3202 1071 3271 ejus
1121 3205 1467 3257 contumacia
1513 3204 1800 3269 referatur,
1846 3215 1907 3260 ut
1936 3207 2052 3259 vin-

461 3294 606 3348 dicta
641 3294 708 3347 de
751 3308 817 3348 eo
851 3295 964 3359 liat,
997 3302 1053 3347 et
1087 3294 1270 3348 caeteri
1300 3294 1549 3349 timorem
1578 3295 1834 3349 habeant.
1866 3294 1925 3350 Si
1953 3312 2051 3349 au—

459 3397 569 3442 tem
616 3398 836 3458 propter
875 3388 1101 3441 nimiam
1139 3388 1617 3457 longinquitatem,
1664 3399 1758 3443 aut
1792 3391 2051 3459 temporis

460 3481 983 3546 incommoditatem,
1028 3482 1113 3535 vel
1164 3480 1377 3535 itineris
1431 3482 1821 3550 asperitatem,
1887 3499 2050 3553 grave

457 3575 527 3630 ad
552 3576 694 3628 hanc
717 3574 898 3627 sedem
920 3574 1040 3642 ejus
1079 3589 1302 3627 causam
1339 3572 1553 3628 deferre
1587 3575 1773 3640 fuerit,
1810 3585 1943 3630 tunc
1983 3580 2049 3630 ad

459 3668 581 3734 ejus
614 3668 900 3737 primatem
930 3681 1098 3719 causa
1134 3666 1433 3729 deferatur,
1460 3674 1513 3718 et
1540 3681 1705 3734 penes
1733 3668 1911 3735 ipsum
1942 3667 2049 3721 hu-

455 3762 549 3827 jus
578 3766 783 3813 sancta:
812 3758 958 3811 sedis
989 3757 1315 3810 auctoritate
1348 3756 1647 3825 judicetur.
1688 3758 1732 3788 ⁵⁸
1758 3757 2046 3821 Similiter,

457 3853 504 3907 si
552 3851 751 3919 aliquis
795 3850 1175 3917 episcoporum
1234 3850 1515 3917 proprium
1564 3850 2046 3917 metropolitanum

455 3954 774 4012 suspectum
807 3941 1080 4003 habuerit,
1111 3941 1252 4009 apud
1281 3943 1566 4010 primatem
1596 3941 1917 4008 dimceseos,
1953 3953 2047 3998 aut

527 4102 573 4132 ⁵⁸
600 4101 653 4159 9,
679 4116 734 4167 q.
762 4100 828 4151 ’ὅτ
857 4101 1285 4169 Arrhiepiscopus
1315 4100 1467 4151 nihil.

459 4170 521 4225 Si
558 4180 733 4223 autem
778 4170 990 4239 aliquis.
1106 4170 1152 4199 ⁵⁶
1186 4186 1287 4223 ms.
1332 4180 1552 4225 tentare.
1584 4170 1753 4223 Hann.

470 4241 637 4295 Marc.
668 4257 697 4293 x
721 4282 734 4303 ,
766 4238 871 4292 45.
920 4240 963 4270 ⁸ο
995 4238 1162 4294 Eccli.
1197 4240 1385 4299 "1,20.
1462 4243 1507 4277 “
1541 4240 1740 4295 lJoan.
1771 4258 1843 4307 tv,
1889 4243 1940 4308 7,
1964 4238 2020 4296 8.

428 4311 754 4376 *Prohibete,
790 4310 1003 4378 fratres.
1085 4312 1128 4341 ⁸⁵
1162 4311 1181 4361 Ι
1220 4310 1347 4363 Cor.
1377 4328 1452 4377 xl,
1488 4312 1573 4365 l4.

1568 4102 1623 4175 ”_’_
1644 4102 1733 4164 99,
1771 4102 2050 4175 distinct:
2086 4102 2238 4157 Nulli
2270 4104 2667 4175 archiepiscopi.

1867 4174 1909 4203 ⁵⁷
1942 4172 2165 4239 Vigilius
2190 4191 2218 4226 e
2262 4216 2273 4228 .
2308 4177 2360 4228 2.

1889 4243 1940 4297 7.
1964 4246 2020 4296 8.
2098 4246 2141 4275 "
2168 4248 2185 4297 Ι
2210 4192 2355 4297 Βειικ

2189 527 2278 597 jor
2314 539 2395 583 est
2437 540 2700 596 vestrum,
2742 532 3040 587 secundum
3072 532 3413 589 Dominicam
3453 537 3768 607 jussioncm,

2193 620 2263 673 sit
2294 630 2472 675 vester
2495 623 2743 678 minister
2765 626 2866 677 ".i
2905 624 2969 678 Et
2996 644 3008 677 :
3038 645 3057 676 ι
3085 625 3307 692 Quanto
3324 629 3502 698 major
3517 646 3576 685 es
3592 631 3646 683 in
3664 647 3768 685 om-

2192 712 2375 777 nibus,
2411 714 2639 767 humilia
2677 716 2909 785 teipsum
2952 719 3016 771 δ’.
3074 738 3092 768 ι
3126 720 3476 787 Charissimi,
3506 722 3671 777 nolite
3697 724 3743 776 in

2190 812 2273 856 ter
2300 818 2397 857 vos
2430 806 2778 869 contendere,
2810 823 2909 862 nec
2937 819 3146 877 quaerat
3178 810 3378 879 aliquis
3416 813 3596 881 major
3628 827 3759 871 esse:

2194 895 2310 958 sed,
2340 895 2494 964 juxta
2530 899 2857 965 apostolum,
2907 919 2925 950 ι
2957 902 3164 971 diligite
3210 919 3305 957 vos
3358 904 3613 968 invicem,
3649 908 3759 975 quia

2190 986 2430 1041 Charitas
2459 1006 2522 1041 ex
2560 988 2669 1043 Deo
2701 1000 2785 1045 est
2820 1011 2831 1044 :
2865 1002 2918 1046 et
2951 996 3129 1049 omnis
3170 996 3264 1065 qui
3314 997 3492 1067 diligit
3533 998 3755 1067 fratrem,

2187 1094 2251 1131 ex
2289 1077 2397 1132 Deo
2427 1090 2587 1135 natus
2616 1092 2717 1145 est,
2755 1092 2809 1136 et
2847 1088 3128 1153 cognoscit
3166 1087 3362 1159 Deum.
3403 1088 3510 1155 Qui
3549 1106 3651 1144 non
3686 1092 3756 1145 di-

2188 1170 2323 1239 ligit,
2347 1190 2452 1225 non
2475 1176 2625 1227 novit
2647 1173 2839 1237 Deum,
2862 1179 3119 1245 quoniam
3148 1180 3290 1235 Deus
3308 1182 3549 1237 charitas
3570 1194 3645 1238 est
3665 1186 3747 1239 θ’.»

2184 1293 2256 1303 -
2291 1283 2307 1313 ‹
2357 1262 2591 1330 Pascite,
2639 1268 2813 1337 inquit
2864 1273 3112 1342 princeps
3163 1276 3562 1343 apostolorum,
3588 1279 3675 1345 qui
3708 1280 3751 1331 in

2184 1356 2343 1410 vobis
2374 1366 2477 1421 est,
2519 1376 2733 1430 gregem
2770 1362 2884 1427 Dei,
2916 1366 3258 1433 providentes
3294 1382 3403 1420 non
3440 1380 3644 1434 coacte,
3670 1375 3748 1424 sed

2184 1455 2485 1521 spontanee
2554 1454 2852 1506 secundum
2910 1453 3119 1519 Deum,
3177 1473 3353 1525 neque
3411 1460 3587 1529 turpis
3630 1462 3748 1515 lucri

2186 1538 2380 1607 gratia,
2430 1542 2520 1594 sed
2566 1543 2870 1597 voluntarie
2918 1560 2932 1595 :
2986 1560 3163 1613 neque
3216 1556 3278 1599 ut
3328 1547 3672 1605 dominantes
3704 1553 3747 1605 in

2181 1629 2363 1693 cleris,
2393 1632 2484 1684 sed
2542 1631 2714 1687 forma
2758 1634 2882 1688 facti
2931 1637 3107 1706 gregis
3152 1653 3219 1691 ex
3258 1640 3464 1694 animo.
3525 1640 3587 1695 Et
3641 1659 3744 1696 cum

2182 1722 2497 1787 apparuerit
2520 1722 2775 1792 Princeps
2804 1735 3105 1793 pastorum,
3138 1728 3455 1797 percipietis
3486 1732 3747 1785 immane-

2178 1811 2423 1865 srihilem
2460 1813 2646 1882 gloria:
2671 1830 2933 1868 coronam
2968 1818 3032 1869 “.
3067 1836 3085 1867 ι
3123 1816 3186 1871 Et
3224 1818 3383 1887 juxta
3431 1822 3597 1875 alium
3632 1839 3743 1890 apo-

2172 1903 2376 1957 stolum
2409 1922 2422 1956 :
2460 1924 2478 1955 ¢
2526 1903 2765 1972 Fratres,
2804 1923 3073 1964 memores
3102 1920 3277 1965 estote
3312 1914 3603 1968 verborum
3637 1928 3742 1984 qua:

2174 1996 2439 2061 praedicta
2504 2008 2631 2050 sunt
2683 1999 2752 2052 ab
2805 2003 3064 2068 apostolis
3127 2001 3345 2057 Domini
3407 2008 3580 2061 nostri
3631 2007 3739 2061 Jesu

2171 2088 2395 2151 Christi,
2431 2091 2523 2160 qui
2559 2092 2811 2147 dicebant
2845 2096 3018 2160 vobis,
3062 2098 3326 2166 quoniam
3365 2100 3422 2154 in
3468 2104 3741 2157 novissimo

2171 2187 2417 2249 tempore
2474 2184 2691 2237 venient
2776 2185 3061 2251 illusores,
3125 2190 3435 2244 secundum
3492 2193 3736 2247 desideria

2169 2273 2513 2327 ambulantes
2571 2276 2933 2345 impietatum.
2998 2277 3062 2331 Hi
3136 2290 3270 2335 sunt
3323 2284 3420 2351 qui
3479 2300 3737 2355 segregart

2175 2367 2519 2435 semetipsos,
2552 2370 2840 2435 animales,
2877 2374 3128 2441 spiritum
3165 2393 3275 2430 non
3334 2379 3615 2434 habentes.
3646 2379 3733 2433 Vcs

2176 2465 2399 2515 autem,
2456 2458 2787 2525 charissimi,
2840 2465 3337 2531 superardilicantes
3393 2470 3731 2538 vosmetipsos

2168 2548 2528 2601 sanctissimae
2560 2559 2752 2604 vestra:
2779 2552 2923 2613 lidei,
2961 2554 3014 2606 in
3050 2553 3257 2623 Spiritu
3294 2568 3491 2612 sancto
3512 2570 3726 2623 orantes,

2167 2635 2312 2704 ipsos
2353 2654 2449 2693 vos
2504 2642 2556 2693 in
2609 2642 2903 2699 dilectione
2947 2644 3041 2699 Dei
3091 2658 3328 2712 servate,
3373 2661 3727 2720 exspectantes

2162 2728 2596 2785 misericordiam
2644 2732 2857 2789 Domini
2895 2738 3067 2793 nostri
3102 2738 3231 2795 Jesu
3264 2742 3476 2797 Christi
3509 2746 3560 2799 in
3584 2748 3723 2800 vitiat

2161 2827 2439 2875 :eternam.
2496 2822 2562 2876 Et
2606 2825 2707 2878 hos
2756 2828 2974 2896 quidem
3028 2832 3237 2900 arguite
3281 2833 3580 2902 judicatos,
3623 2838 3725 2891 illos

2161 2926 2288 2964 vero
2313 2915 2536 2979 salvate,
2574 2916 2640 2970 de
2670 2919 2792 2987 igne
2816 2922 3112 2991 rapientes.
3147 2926 3285 2979 Aliis
3313 2938 3497 2983 autem
3532 2932 3723 2985 misere-

2159 3002 2290 3055 mini
2325 3003 2377 3056 in
2410 3005 2623 3073 timore,
2665 3009 2913 3067 odientes
2944 3022 2995 3066 et
3024 3028 3167 3080 eam,
3203 3030 3328 3085 qua:
3364 3019 3601 3073 carnalis
3628 3030 3718 3083 est,

2159 3097 2484 3151 maculatam
2517 3101 2757 3155 tunicam
2788 3102 2851 3156 “.
2894 3122 2912 3155 ι

2908 3216 2997 3271 ιν.

2437 3305 2510 3358 De
2548 3316 2765 3360 tonsura
2796 3309 3101 3362 clericorum
3134 3320 3183 3364 et
3214 3312 3427 3371 habitu.

2230 3394 2275 3425 “
2308 3394 2600 3451 Prohibete
2630 3439 2645 3462 ,
2699 3398 2915 3462 fratres,
2981 3418 3075 3469 per
3117 3404 3409 3461 universas
3456 3408 3714 3473 regionum

2158 3496 2461 3542 vestrarum
2509 3491 2797 3555 ecclesias,
2834 3503 2894 3546 ut
2930 3495 3057 3547 cleri
3080 3537 3095 3561 ,
3126 3497 3218 3565 qui
3252 3498 3412 3553 laicis
3444 3510 3498 3555 et
3528 3500 3717 3569 simpli-

2158 3576 2315 3631 cibus
2336 3618 2348 3641 ,
2384 3579 2601 3635 virtutis
2626 3621 2639 3643 ,
2673 3582 2975 3636 honestatis
2995 3625 3009 3648 ,
3042 3586 3316 3653 pudicitiae
3372 3598 3426 3643 et
3456 3589 3713 3660 gravitatis

2152 3670 2431 3739 exemplar
2457 3684 2580 3725 esse
2608 3671 2827 3733 debent,
2861 3688 2923 3727 ac
2946 3676 3175 3745 seipsos,
3208 3686 3470 3748 tanquam
3506 3682 3707 3749 signum

2153 3760 2393 3830 purioris
2420 3762 2563 3827 vitm,
2595 3763 2908 3818 rudioribus
2947 3766 3012 3819 ad
3038 3766 3405 3823 imitationem
3433 3772 3709 3839 prudenter

2151 3852 2429 3916 exhibere,
2484 3855 2639 3924 juxta
2671 3855 3013 3925 Apostolum,
3062 3875 3279 3915 comam
3326 3878 3439 3916 non
3488 3863 3707 3917 nutriant

2152 3946 2348 4015 “(46),
2382 3946 2471 4000 sed
2506 3947 2740 4015 desuper
2789 3958 2949 4018 caput
2992 3949 3103 4021 (47)
3137 3953 3190 4005 in
3244 3954 3473 4009 modum
3504 3959 3705 4026 sphaere

2745 4107 2792 4137 ⁸⁸
2820 4105 2981 4161 Hadr.
3016 4109 3140 4162 coll.
3169 4124 3218 4163 c.
3245 4111 3337 4165 25.

3416 4115 3696 4183 ”9,q.3:

3206 4183 3252 4212 ⁶⁹
3279 4182 3473 4237 Matth.
3505 4182 3693 4248 “,26;

2253 4256 2355 4300 etr.
2387 4262 2439 4308 ν,
2472 4247 2606 4299 Ξοιι.
2687 4247 2729 4277 ⁸³
2754 4247 2876 4302 Jud.
2928 4247 3113 4299 17-25.
3268 4254 3314 4283 εδ
3346 4247 3587 4309 δίδωμι
3610 4258 3691 4308 '25:

523 4473 635 4543 (46)
665 4470 862 4524 Juxta'
883 4470 1193 4539 Apostolum
1223 4487 1427 4524 comam
1468 4488 1569 4524 non
1622 4474 1886 4526 nutriant.
1922 4470 2035 4525 Hoc
2068 4473 2110 4527 D
2140 4487 2269 4525 num
2296 4470 2643 4541 episcopum,
2683 4486 2795 4540 quo
2834 4470 2955 4543 loco
3003 4469 3117 4525 hate
3167 4472 3364 4527 scribit
3392 4492 3407 4528 :
3443 4494 3462 4524 ί
3492 4473 3584 4528 Per
3611 4488 3689 4527 εο-

449 4542 671 4597 deereto
697 4542 956 4595 Anicetus
986 4542 1227 4610 pontifex
1252 4545 1539 4595 conﬁrmat
1572 4544 1619 4595 id
1640 4544 1785 4611 quod
1816 4555 2034 4612 aposto-

424 4608 553 4667 lica
596 4614 889 4666 traditione
916 4608 998 4665 aci
1020 4612 1412 4666 constitutione
1456 4614 1509 4665 in
1543 4608 1867 4667 Ecclesiam'
1889 4615 2035 4666 deri-

443 4694 635 4737 vatum
662 4692 763 4739 est,
794 4694 853 4735 ut
875 4684 1291 4736 sciliceteornm
1321 4685 1497 4751 capita
1524 4686 1575 4737 in
1610 4684 1831 4737 modum
1864 4684 2033 4752 Sphae-

447 4768 523 4807 ra:
566 4754 891 4806 tondeautur
922 4754 1193 4820 desuper,
1222 4754 1317 4822 qui
1349 4770 1377 4805 a
1419 4755 1697 4807 communi
1744 4755 2028 4806 hominum

446 4826 556 4893 vita
592 4824 923 4883 recedentes,
955 4823 1226 4893 excultius
1256 4826 1376 4877 vitae
1404 4841 1572 4893 genus
1606 4833 1885 4877 sectantur
1915 4839 1927 4876 :
1957 4825 2027 4876 ita

444 4892 687 4948 Isidorus
723 4893 795 4945 De
819 4896 985 4945 divin.
1018 4894 1162 4961 of/ic.
1188 4892 1361 4961 llujns
1381 4899 1518 4946 ritus
1546 4912 1572 4945 ιι
1620 4897 1751 4947 -ntio
1775 4906 1857 4947 est
1882 4894 2026 4962 apud

447 4964 767 5034 Dionysium
794 4963 869 5016 De
891 4964 1250 5016 ecclesiastica
1280 4964 1605 5028 hierarchia,
1638 4973 1777 5033 part.
1810 4981 1868 5029 ιι,
1902 4980 2021 5031 cap.

442 5036 495 5089 5.
536 5033 601 5088 Ιιι
647 5033 885 5089 Ecclesia
914 5051 944 5087 a
985 5034 1179 5102 primis
1220 5037 1434 5088 sarculis
1486 5051 1658 5103 usque
1691 5037 1795 5088 huc
1831 5036 2025 5103 przcdi-

443 5118 591 5159 ctum
623 5108 787 5158 ritum
841 5104 1244 5173 frequentatum
1276 5121 1396 5158 esse
1424 5115 1642 5157 constat
1675 5122 1778 5157 non
1808 5114 2020 5157 tantum

440 5194 505 5230 ex
540 5176 797 5247 Dionysio
819 5175 1159 5247 Areopagitai
1179 5191 1343 5247 supra
1372 5178 1603 5242 allegato
1623 5176 1764 5247 loco,
1787 5175 1877 5247 ubi
1909 5176 2017 5227 ait:

446 5266 463 5296 ι
501 5244 807 5299 monachos
836 5246 1050 5298 tonderi
1082 5246 1274 5299 solitos
1316 5245 1517 5307 fuisse;
1562 5264 1579 5293 ι
1614 5244 1708 5297 sed
1753 5245 1917 5296 etiam
1950 5262 2017 5297 ex

440 5317 744 5385 Epiphanio
796 5315 987 5369 hiet-es.
1032 5315 1122 5374 80,
1163 5317 1468 5385 Augustino
1521 5316 1614 5368 lib.
1666 5314 1741 5367 De
1775 5314 2015 5382 operibus

436 5384 848 5450 monachorum,
882 5402 999 5453 cap.
1046 5384 1220 5439 ollim.
1249 5384 1271 5449 ,7
1296 5387 1385 5437 ubi
1421 5387 1822 5452 reprehendunt
1851 5400 2018 5450 quos-

437 5458 561 5510 dam
597 5458 915 5520 monachos,
955 5457 1050 5524 qui
1080 5457 1313 5509 alterum
1358 5457 1754 5508 more-tonderi
1788 5458 2010 5509 nollent.

435 5527 515 5581 Ex
559 5527 889 5596 Hieronymo
928 5528 980 5579 in
1017 5528 1247 5593 epistola
1276 5526 1515 5593 quadam
1548 5528 1614 5579 ad
1641 5527 2011 5595 Augustinum

431 5613 557 5665 quae
599 5606 681 5651 est
734 5596 875 5649 inter
927 5596 1186 5664 epistolas
1222 5597 1512 5663 Augustini
1538 5596 1640 5660 26,
1668 5598 1757 5649 ubi
1781 5598 1859 5650 sic
1895 5600 2007 5649 ait:

438 5684 458 5716 ς
492 5668 755 5720 Evodium
782 5676 840 5717 ut
866 5680 989 5717 meo
1019 5666 1241 5719 nomine
1272 5665 1494 5723 salutes,
1527 5682 1720 5733 pret-or
1747 5682 2009 5719 coronam

420 5751 605 5791 Nam.
642 5756 658 5787 ι
692 5736 821 5789 Item
862 5751 925 5787 ex
968 5735 1271 5800 Augustino
1298 5740 1455 5802 epist.
1497 5735 2008 5801 147,-.ulPr0eulia‘

2145 4558 2335 4595 ronam
2371 4551 2640 4601 nostram,
2673 4558 2773 4594 nos
2807 4542 3060 4607 adjurant
3086 4544 3251 4612 vestri
3282 4561 3296 4605 ;
3332 4560 3429 4612 per
3457 4559 3685 4598 coronam

2136 4622 2396 4670 vestram,
2424 4627 2518 4664 vos
2551 4612 2803 4678 adjurant
2829 4612 3021 4664 nostri.
3049 4629 3068 4661 ι
3104 4610 3179 4664 Ex
3210 4610 3453 4666 concilio
3486 4615 3685 4667 Cartha—

2134 4682 2347 4752 ginensi
2386 4697 2456 4744 Iv,
2487 4698 2696 4735 canone
2728 4682 2998 4752 Μαμιοά
3049 4683 3304 4749 prohibet
3354 4685 3564 4738 clericis
3605 4700 3683 4735 co-
3730 4736 3731 4745 γ

2134 4750 2277 4806 mam
2305 4764 2358 4805 et
2391 4752 2610 4804 barbam
2634 4753 2797 4805 alere.
2825 4750 2902 4803 Ex
2924 4753 3301 4806 concilioitem
3335 4752 3588 4808 Toletano
3623 4770 3683 4811 ιι,
3728 4796 3729 4801 η

2131 4824 2277 4891 quod
2325 4838 2447 4890 cap.
2483 4822 2552 4874 40
2580 4823 2737 4890 jubet
2781 4832 2839 4875 ut
2894 4838 3086 4875 omnes
3122 4823 3329 4887 clerici,
3364 4826 3679 4878 dctonsosu-
3726 4850 3727 4857 ι

2130 4890 2315 4961 perius
2366 4894 2541 4961 capite
2590 4892 3181 4969 toto,_inferi_us_so_lam
3211 4895 3410 4969 circuli
3449 4910 3677 4969 coronam
3722 4890 3725 4969 ς

2133 4966 2460 5031 relinquant.
2493 4965 2655 5017 Recte
2684 4964 2844 5031 igitur
2876 4963 2964 5015 hic
2980 4963 3240 5017 Anicetus
3273 4966 3371 5025 ait,
3407 4966 3675 5019 secundum

2128 5036 2408 5101 apostolos
2461 5049 2603 5095 esse,
2628 5048 2870 5103 geomam
2913 5048 3021 5087 non
3076 5034 3223 5085 alere
3247 5075 3261 5098 ,
3289 5036 3386 5089 sed
3419 5044 3569 5103 caput
3597 5036 3674 5082 dr-

2127 5107 2292 5157 missc
2342 5104 2585 5156 tondere.
2624 5102 2757 5155 Nam
2791 5118 2911 5172 qum
2943 5118 3037 5170 per
3066 5104 3381 5157 universam
3409 5102 3672 5157 Ecclesian.

2126 5181 2241 5227 toto
2281 5184 2548 5227 terrarum
2578 5176 2708 5226 orbe
2738 5183 2974 5249 recepta,
2998 5173 3065 5225 ab
3091 5175 3467 5249 apestolorum
3486 5184 3671 5237 ‘tenipe-
3712 5242 3713 5249 γ

2124 5245 2274 5298 ribus
2308 5261 2407 5298 usu
2442 5245 2779 5311 frequentata
2813 5244 3083 5311 leguntur,
3108 5259 3171 5296 ea
3210 5246 3511 5297 secundum
3537 5256 3669 5307 regu-
3710 5294 3711 5305 η

2120 5314 2226 5366 lam
2280 5313 2335 5367 S.
2388 5314 2702 5382 Augustini,
2759 5315 2914 5381 epist.
2956 5312 3077 5375 118,
3131 5315 3197 5365 ad
3254 5313 3709 5375 Januariumﬁhi

2119 5386 2383 5457 apostolis
2410 5384 2649 5457 profecta
2683 5391 2737 5438 et
2782 5384 3076 5457 constituta
3112 5399 3250 5457 esse
3292 5394 3437 5439 recte
3459 5382 3666 5457 credun-
3704 5394 3707 5457 Α

2118 5448 2226 5508 tur.
2278 5448 2655 5529 Vide—Baron.‘
2693 5470 2823 5529 ann.
3015 5470 3069 5507 ιι.
3104 5452 3243 5529 ᾐδὲ,
3277 5464 3333 5508 et
3366 5455 3543 5529 multis
3563 5451 3664 5503 aliis
3702 5448 3705 5529 ς

2117 5525 2509 5594 sequentibus;
2550 5524 2862 5577 Bellarmin.
2896 5524 2990 5577 lib.
3026 5540 3063 5576 ll
3104 5523 3181 5576 De
3237 5527 3527 5587 monachis,
3560 5536 3660 5588 cap.
3700 5580 3701 5585 η

2114 5594 2201 5647 40.
2239 5595 2361 5649 Sev.
2392 5595 2507 5648 Bm.
3698 5626 3699 5639 ι

2182 5666 2296 5733 (47)
2336 5667 2565 5734 Desuper
2596 5675 2752 5734 caput
2786 5666 2999 5719 rodant.
3034 5664 3089 5718 Id
3141 5676 3247 5730 est,
3298 5666 3524 5721 demisse
3560 5670 3658 5719 ωηο
3694 5670 3697 5734 ἦ

2113 5730 2291 5791 deant.
2332 5737 2419 5791 Sic
2444 5730 2590 5791 enim
2617 5730 2753 5791 olim
2788 5738 2975 5803 ticbat,
3012 5737 3297 5791 forﬁcibus
3328 5738 3542 5796 scilicet,
3569 5744 3655 5781 uua
3692 5730 3695 5807 ς
