3792 6218
140 286 266 343 "33

1303 284 1593 347 SOTERIS
1632 292 1831 347 ΡΑΡΑΞ
1869 290 2249 350 ΕΡῘΒΤΟΗΕ.

3278 304 3302 359 1
3316 305 3413 361 I3!

135 407 483 479 radant(£8);
507 409 640 480 quia
656 408 1029 466 sicutdiscreti
1056 411 1255 467 debent
1277 415 1469 469 essein
1488 430 1715 470 conver-
1746 435 1787 492 Α
1820 415 2165 470 terrestrium
2225 424 2280 470 et
2316 415 2682 484 infernarum,
2716 427 2773 474 et
2804 424 2993 476 omnis
3019 422 3209 495 lingua
3240 429 3414 481 conti—

131 500 375 566 satione,
438 500 515 555 ita
545 512 599 555 et
642 501 696 555 in
734 510 959 556 tonsura
990 511 1043 556 et
1068 504 1219 557 omni
1260 504 1447 558 habitu
1486 505 1705 560 discreti

130 596 322 649 debent
344 610 640 666 apparere.
672 595 797 651 Haec
812 597 989 660 vobis,
1022 598 1236 665 fratres,
1268 613 1327 653 ut
1358 599 1592 668 petistis,
1613 616 1708 654 cu-

131 687 419 742 stodienda
443 689 723 759 mittimus
748 733 762 755 ,
787 698 841 744 et
877 690 1154 745 custodire
1179 692 1531 761 praecipimus
1552 732 1568 755 ,
1600 711 1618 743 ι
1650 703 1709 746 ιιι

135 778 183 831 in
215 779 446 833 nomine
495 778 626 834 Jesu
676 795 839 835 omne
881 795 1018 851 genu
1070 781 1711 849 ﬂectatur,cmlestinm,

194 890 238 921 ⁸⁸
261 889 506 961 Philipp.
537 910 599 956 ιι,
630 893 715 952 10,
750 893 835 947 ll.
914 894 957 923 ⁸⁷
985 894 1215 948 mendax
1240 894 1526 949 "consulum
1561 904 1708 949 nota.

130 1013 309 1078 autem
354 1009 664 1078 novacula,
721 1008 1108 1078 utcolligimus
1152 1024 1219 1062 ex
1265 1008 1546 1078 Clemente
1584 1003 1710 1061 Ale-

128 1074 320 1148 xa_nd_r.
352 1076 449 1148 lib.
495 1092 555 1130 ιιι
602 1074 1078 1148 Ρανάίιθοῃὶξεεψ.
1130 1078 1219 1148 ll,
1263 1076 1357 1148 qui
1396 1078 1477 1132 sic
1524 1078 1699 1132 dicit:

136 1162 158 1196 ι
186 1145 285 1198 Pili
318 1146 585 1201 tondendi
621 1145 785 1209 sunt,
828 1145 933 1203 non
964 1145 1251 1210 novacula,
1281 1145 1388 1202 sed
1420 1158 1704 1202 tonsorum

130 1214 438 1288 forficibus.
481 1236 499 1268 ι
536 1218 663 1271 Item
695 1233 760 1272 ex
792 1217 990 1288 Optato
1027 1219 1334 1273 Milevitano
1358 1218 1455 1273 lib.
1497 1234 1534 1271 ιι
1564 1217 1706 1272 ϐοη-

129 1284 660 1370 ιταξιςνπιεηίαιξιιιῃ
678 1330 693 1351 ,
724 1289 814 1342 ιιὶ›ἰ
844 1284 1032 1370 arguit
1062 1288 1404 1370 Donatistas,
1435 1288 1580 1370 quod
1601 1305 1705 1370 ea-

128 1356 345 1411 tholicis
368 1358 749 1412 sacerdotibus
771 1375 865 1427 per
890 1356 997 1413 vim
1024 1359 1201 1427 capita
1230 1356 1468 1413 raserint
1492 1368 1508 1409 ‘:
1542 1376 1561 1409 ι
1598 1358 1706 1412 Do—

129 1436 265 1491 cete,
288 1428 496 1495 inquit,
531 1428 625 1482 ubi
652 1429 809 1484 vobis
846 1429 1162 1484 mandatum
1205 1430 1278 1483 sit
1307 1430 1498 1483 radere
1529 1429 1706 1498 capita

128 1498 536 1563 sacerdotibus,
582 1513 707 1552 cum
760 1514 793 1553 e
837 1500 1115 1554 contrario
1166 1506 1248 1552 tot
1295 1500 1405 1552 sint
1458 1500 1706 1568 exempla

129 1568 406 1636 proposita
458 1568 572 1622 fieri
622 1584 728 1622 non
767 1570 983 1624 debere.
1034 1588 1054 1621 ι
1084 1568 1161 1624 Ex
1198 1568 1525 1636 Hieronymo
1574 1569 1703 1624 inc.

130 1654 255 1691 Iuv
302 1637 525 1701 Ezech.,
562 1639 652 1693 ubi
707 1639 839 1693 dicit
879 1640 1191 1695 sacerdotes
1237 1654 1344 1693 non
1391 1637 1589 1694 debere
1614 1655 1707 1694 co-

128 1723 272 1762 mam
323 1710 492 1771 alere,
545 1724 645 1763 nec
698 1719 876 1763 tamen
906 1710 1066 1772 radi,
1115 1710 1209 1765 sed
1250 1710 1323 1764 ita
1377 1710 1612 1775 tonderi,
1645 1719 1705 1764 ιιι

127 1780 269 1852 cutis
288 1788 433 1852 tecta
453 1788 690 1852 maneat.
716 1779 959 1848 Denique
983 1796 1052 1852 ex
1069 1779 1352 1852 Dionysio,
1371 1780 1699 1852 Epiphanio,

128 1848 451 1919 Athanasio,
477 1847 743 1915 Palladio,
766 1847 1094 1919 Augustino,
1122 1847 1350 1913 Isidoro,
1378 1847 1547 1916 Beda,
1576 1865 1707 1905 con-

128 1919 252 1971 cilio
280 1918 707 1992 Carthaginensi
750 1935 802 1973 IV
837 1917 1178 1992 etToletano
1208 1937 1279 1985 Iv,
1318 1921 1461 1992 idem
1494 1921 1708 1992 colligi-

132 1998 257 2054 tur;
292 2000 422 2043 cum
466 1991 610 2058 apud
645 2006 835 2046 omnes
870 1991 993 2046 illos
1027 1999 1269 2046 tonsura:
1297 1991 1550 2060 quidem,
1594 1991 1706 2045 non

124 2068 306 2130 autem
365 2074 579 2114 rasura:
639 2061 845 2115 mentio
878 2061 986 2115 fiat.
1039 2060 1301 2115 Praedicta
1334 2061 1500 2130 igitur
1541 2063 1706 2115 verba

128 2128 341 2201 Aniceti
379 2131 658 2197 pontificis
704 2131 868 2186 modo
915 2132 1008 2185 ιιιο
1040 2146 1150 2201 quo
1174 2128 1378 2201 supra,“
1396 2132 1704 2201 explicare,

127 2215 289 2268 quam
322 2200 597 2270 integram
653 2202 941 2268 epistolam
982 2199 1149 2271 (quod
1181 2199 1310 2255 facit
1342 2199 1597 2256 Bellarm.
1631 2202 1703 2255 De

127 2271 403 2343 monachis
433 2312 469 2343 ,γ
494 2286 616 2341 cap.
648 2271 761 2341 40),
792 2282 1079 2343 propterea
1108 2273 1161 2325 in
1200 2272 1429 2343 dubium
1467 2286 1700 2343 vocare,

121 2341 549 2396 convenientins
568 2340 662 2397 est
698 2340 764 2397 ac
796 2340 993 2399 tutius.
1022 2341 1157 2396 Vide
1200 2340 1409 2396 Valent.
1453 2353 1586 2397 tom.
1612 2342 1701 2405 ιν,

124 2412 330 2479 disput.
384 2411 443 2473 9,
472 2422 672 2480 quaest.
712 2412 779 2479 5,
817 2421 1024 2482 puncto
1060 2413 1130 2477 5,
1165 2412 1240 2466 De
1278 2413 1499 2466 annexis
1522 2430 1704 2467 sacra-

125 2492 293 2534 mento
319 2482 551 2535 ordinis.
572 2483 647 2538 In.

193 2552 306 2621 (48)
330 2550 398 2604 In
421 2554 635 2605 modum
655 2553 873 2622 spiram:
894 2554 1107 2606 radunt.
1142 2553 1196 2607 Id
1228 2562 1332 2617 est,
1362 2567 1580 2608 corona:
1618 2550 1701 2608 vel

120 2623 333 2693 circuli,
365 2623 498 2690 quia
529 2621 719 2677 Patres
763 2633 817 2677 et
845 2625 1076 2678 concilia
1103 2625 1230 2677 dum
1262 2623 1538 2693 praedictis
1568 2624 1701 2678 locis

127 2692 189 2746 de
213 2702 447 2746 tonsura
478 2693 807 2748 clericorum
838 2703 933 2747 aut
957 2694 1352 2749 monachorum
1379 2695 1701 2763 loquuntur,

123 2777 238 2833 eam
266 2763 644 2817 communiter
673 2780 929 2818 coronam
961 2765 1278 2829 nominant,
1307 2762 1594 2833 propterea
1621 2762 1704 2816 ni-

126 2832 347 2896 mirum,
372 2833 525 2904 quod
553 2843 779 2888 tonsura
809 2849 1027 2889 corona
1053 2835 1281 2904 liguram
1309 2831 1528 2889 hab—eat.
1553 2831 1701 2887 Cau—

124 2916 237 2974 sam
265 2912 319 2974 et
337 2903 617 2957 rationem
653 2905 816 2973 hujus
865 2914 1103 2959 tonsura:
1140 2905 1408 2960 clericalis
1446 2912 1699 2974 gestataa,

125 2972 211 3024 alii
233 2973 403 3027 aliam
432 2972 738 3045 assignant.
765 2974 944 3029 Prima
970 2985 1055 3030 est
1074 2975 1343 3045 Dionysii,
1380 2972 1563 3029 ut'illa
1600 2989 1696 3027 nu~

1813 517 1995 564 teatur
2010 512 2136 577 quia
2162 509 2425 565 Dominus
2438 509 2600 568 Jesus
2620 511 2883 570 Christus
2908 517 2962 570 in
2987 518 3164 585 gloria
3194 528 3281 575 est
3312 518 3411 578 Dei

1813 597 1993 653 Patris
2011 600 2077 663 “,
2100 617 2119 650 ι
2142 600 2231 653 cui
2256 600 2433 655 honor
2451 610 2505 655 et
2523 602 2815 672 imperium
2846 622 2943 675 per
2957 618 3163 664 aeterna
3182 612 3407 666 saecula.

1891 688 2030 745 Data
2058 700 2254 747 octavo
2285 692 2555 750 Kalendas
2586 694 2769 763 Junii,
2798 698 3092 758 Gallicana
3121 711 3176 758 et
3194 702 3411 759 Rullino

1817 782 1953 837 viris
1978 784 2303 839 clarissimis
2334 787 2657 842 consulibus
2682 790 2740 840 ⁸⁷.

1807 1008 2030 1082 datione
2063 1008 2260 1082 capitis
2294 1009 2632 1082 signiﬁcetur
2666 1011 2770 1064 vita
2809 1020 2995 1080 aperta
3032 1021 3088 1067 et
3119 1019 3282 1082 pura,
3309 1014 3397 1067 cui

1811 1079 2174 1133 ecclesiastici
2239 1078 2460 1134 studere
2503 1081 2722 1135 debent.
2776 1078 3027 1136 Secunda
3076 1078 3160 1137 est
3204 1083 3398 1148 Bedse,

1815 1150 1905 1203 lib.
1948 1165 1981 1201 v
2009 1148 2267 1202 Historia:
2314 1150 2560 1221 Anglia.
2614 1169 2663 1206 c.
2716 1152 2786 1205 22
2815 1193 2829 1213 .
2869 1161 2924 1205 ut
2962 1152 3154 1221 spinea
3188 1151 3398 1208 Christi

1811 1234 2014 1274 corona
2038 1258 2053 1279 ,
2087 1234 2255 1289 quam
2302 1220 2485 1275 clerici
2523 1222 2760 1285 maxime
2797 1224 2852 1275 in
2889 1220 3155 1277 memoria
3195 1224 3397 1277 habere

1812 1290 2044 1359 debent,
2104 1299 2545 1359 repraasentetur.
2600 1290 2778 1345 Tertia
2831 1303 2915 1346 est
2947 1291 3146 1346 lsidori
3183 1291 3278 1346 lib.
3318 1293 3395 1346 De

1814 1358 2175 1428 o/ﬁcxlericg
2203 1358 2414 1414 Rabani
2452 1361 2544 1415 lib.
2587 1378 2621 1415 ιι
2663 1361 2737 1414 De
2769 1363 3005 1416 institui.
3056 1362 3235 1416 cleric.
3266 1377 3389 1431 cap.

1815 1432 1868 1494 1,
1906 1440 1963 1483 ιιι
1998 1431 2336 1498 signiﬁcetur
2370 1432 2549 1499 regale
2583 1446 2705 1485 esse
2738 1431 2944 1485 Christi
2979 1433 3346 1488 sacerdotium
3372 1467 3389 1499 ,

1812 1500 1972 1567 cujus
2004 1500 2398 1570 gubernatores
2418 1502 2510 1555 tali
2534 1516 2736 1555 corona
2759 1502 3046 1557 redimitos
3078 1517 3200 1557 esse
3226 1518 3390 1571 opor-

1814 1580 1946 1635 teat,
1982 1571 2065 1624 vel
2092 1571 2261 1651 etiam
2298 1580 2358 1651 ut
2404 1572 2742 1651 significetur
2783 1572 3217 1651 ecclesiasticum
3271 1574 3392 1651 ani-

1811 1656 1982 1711 mum,
2014 1641 2106 1710 qui
2137 1650 2218 1696 est
2241 1641 2296 1695 in
2328 1641 2547 1695 homine
2584 1641 2727 1696 sicut
2754 1651 2945 1697 vertex
2976 1642 3033 1695 in
3065 1642 3266 1711 capite,
3292 1644 3389 1697 des

1808 1710 1937 1781 bere
1992 1726 2115 1766 esse
2167 1712 2429 1765 nudatum
2471 1726 2502 1765 a
2532 1712 2702 1778 vitiis,
2734 1712 3033 1781 spoliatum
3059 1710 3257 1766 aﬁ‘ectu
3292 1728 3386 1767 su-

1808 1780 2177 1850 perﬂuitatum
2197 1822 2211 1844 ,
2242 1796 2307 1836 ac
2336 1784 2557 1837 demum
2594 1780 2850 1851 apertum
2878 1792 2933 1837 et
2962 1782 3279 1852 expeditum
3315 1784 3384 1837 ad

1801 1849 2015 1905 divinas
2065 1852 2451 1921 inspirationes
2488 1849 2651 1906 facile
2694 1849 3094 1921 percipiendas.
3139 1849 3385 1907 Valentia

1802 1921 2077 1991 praedictis
2104 1920 2257 1977 locis.
2285 1920 2390 1976 Sed
2420 1925 2475 1976 et
2518 1922 2624 1985 alia
2668 1920 2736 1975 ab
2767 1920 2859 1977 his
2883 1923 3105 1977 diversa
3131 1922 3197 1975 de
3212 1923 3385 1975 cieri-'-

1804 2006 1991 2046 eorum
2026 1999 2250 2047 tonsura
2279 1992 2574 2047 adducitur
2601 2008 2768 2047 causa
2796 2008 2827 2045 ιι
2853 1992 3134 2046 Germano
3158 1992 3378 2060 episeo-

1803 2077 1873 2132 po
1911 2061 2523 2131 Constantinopolitano
2547 2103 2563 2127 ,
2593 2062 2681 2117 his
2721 2064 2902 2116 verbis
2939 2083 2951 2115 :
2991 2081 3010 2113 ι
3050 2061 3257 2132 Duplex
3285 2077 3381 2115 σου

1806 2131 1944 2188 rona
1998 2133 2393 2204 circumposita
2437 2132 2606 2204 capiti
2654 2133 2997 2204 sacerdotis,
3054 2131 3379 2204 capillorum

1801 2204 2199 2273 significatione
2218 2202 2238 2267 V,
2287 2203 2581 2273 imaginem
2627 2202 2793 2257 refert
2836 2202 3132 2273 venerandi
3184 2202 3383 2269 capitis

1807 2272 2039 2342 apostoli
2093 2273 2232 2328 Petri
2265 2292 2277 2325 :
2316 2272 2414 2328 cui
2439 2288 2564 2328 cum
2600 2274 2804 2327 missus
2836 2282 2981 2327 esset
3012 2272 3080 2326 ad
3109 2273 3379 2341 praedica-

1808 2346 2012 2399 tionem
2037 2345 2250 2398 Domini
2283 2355 2336 2398 et
2374 2344 2658 2414 magistri,
2686 2344 2737 2398 ei
2761 2353 2917 2397 tonsa
2950 2353 3035 2397 est
3060 2342 3130 2396 ab
3160 2343 3249 2414 his
3282 2357 3377 2411 qui

1806 2415 1926 2484 ejus
1952 2414 2192 2469 sermoni
2218 2430 2326 2468 non
2360 2413 2675 2478 credebant,
2704 2424 2762 2467 ut
2794 2414 3113 2484 illuderetu‘r
3135 2413 3380 2484 abipsis,

1806 2480 1966 2554 eique
2008 2486 2261 2539 Christus
2282 2485 2543 2554 magister
2573 2485 2889 2548 benedixit;
2916 2492 2970 2537 et
3008 2480 3294 2537 infamiam
3324 2482 3379 2535 in

1806 2555 2098 2619 honorem,
2141 2555 2453 2609 illusionem
2486 2555 2542 2608 in
2592 2555 2820 2625 gloriam
2856 2554 3129 2625 convertit
3151 2594 3165 2619 ,
3195 2563 3248 2607 et
3274 2567 3379 2621 po-~

1808 2627 1917 2680 suit
1950 2641 2115 2695 super
2137 2635 2301 2695 caput
2326 2625 2446 2695 ejus
2478 2622 2760 2687 coronam,
2803 2644 2823 2676 ι
2852 2633 2954 2679 etc.
2981 2622 3137 2679 Unde
3165 2631 3384 2695 constat

1809 2711 1953 2759 eam,
1991 2694 2114 2765 quae.
2153 2694 2387 2765 principi
2413 2696 2784 2765 apostolorum
2822 2695 3115 2749 derisionis
3141 2694 3381 2765 et_igno-

1811 2762 2194 2821 miniata—causa
2230 2762 2380 2822 illata
2410 2762 2495 2821 est
2534 2778 2662 2819 nota
2691 2766 2926 2819 infamiae
2945 2807 2960 2830 ,
2993 2766 3162 2819 totius
3190 2762 3375 2818 Eccle-

1809 2837 1905 2890 size
1941 2838 2131 2891 honori
2162 2838 2412 2892 cessisse.
2451 2836 2580 2890 Vide
2602 2836 2825 2901 Baron.,
2856 2833 3336 2899 Bcllarm.,Valent
3361 2871 3382 2899 ,

1809 2917 1938 2971 etc.,
1975 2907 2222 2977 allegatis
2259 2908 2414 2961 locis.
2446 2904 2522 2957 ln.

128 3124 397 3134 ...ι-.-

2596 3121 2935 3131 .———————-——-—-

1138 3173 1760 3419 SOTER
1866 3259 2355 3418 PAPA

1491 3619 2005 3711 NOTITIA

201 3815 295 3879 (Ex
318 3816 475 3866 Libro
499 3811 771 3877 pontiﬁcali
794 3813 985 3885 Damasi
1011 3823 1166 3876 papae,
1193 3824 1270 3874 ap.
1301 3812 1475 3873 Mmsn,
1498 3810 1707 3868 Concil.,
1739 3812 1776 3871 Ι,
1800 3808 1912 3860 δεῖ.
1939 3839 1997 3847 -
2020 3812 2144 3861 Vide
2172 3807 2471 3875 Patrologia:
2493 3808 2673 3858 Latina:
2698 3816 2731 3857 t.
2755 3806 2982 3865 CXXV“,
3011 3808 3104 3856 col.
3147 3806 3311 3866 mo.)

193 3966 352 4022 Soter
415 3965 644 4019 natione
688 3962 1022 4033 Campanus,
1082 3979 1148 4020 ex
1181 3972 1335 4033 patre
1365 3962 1676 4020 Concordio
1698 3964 1817 4031 ,Ade
1844 3962 2065 4019 civitate
2097 3962 2321 4033 Fundis,
2360 3960 2501 4017 sedit
2528 3958 2784 4033 annosi),
2807 3972 3024 4033 menses
3046 3956 3099 4023 7,
3132 3955 3248 4033 dies
3282 3955 3375 4011 αξ.

124 4035 243 4108 Fuit
274 4048 461 4091 autem
500 4027 842 4108 temporibus
870 4033 994 4088 Veri
1047 4044 1101 4108 et
1146 4027 1334 4108 Marci,
1373 4050 1402 4086 a
1426 4027 1718 4089 consulatu
1754 4033 1967 4108 Rustici
2002 4042 2056 4088 et
2085 4032 2328 4108 Aquilini
2354 4074 2369 4097 ,
2398 4046 2575 4101 usque
2613 4030 2680 4084 ad
2706 4029 3009 4108 Cethegum
3039 4036 3094 4081 et
3128 4027 3374 4108 Clarum.

127 4106 218 4161 Hic
253 4105 568 4169 constituit,
594 4098 819 4159 utnulla
859 4106 1127 4159 monacha
1163 4106 1363 4173 pallam
1394 4113 1665 4159 sacratam
1701 4105 2066 4173 contingeret,
2108 4098 2217 4173 nec,
2242 4098 2531 4157 incensum
2553 4110 2791 4173 poneret
2809 4100 2863 4153 in
2896 4108 3086 4153 sancta
3120 4098 3374 4173 ecclesia.

127 4178 220 4250 Hic
255 4177 385 4250 fecit
411 4176 797 4250 ordinationes
832 4176 886 4238 5,
924 4191 1021 4250 per
1062 4169 1304 4250 mensem
1340 4175 1695 4250 Decembrem
1723 4215 1738 4235 ,
1776 4169 2229 4250 presbyterosnlg
2251 4214 2266 4237 ,
2302 4169 2568 4250 diaconos
2601 4170 2634 4224 9
2660 4171 2997 4250 ,nepiscopos
3033 4184 3130 4250 per
3161 4169 3375 4223 diversa

125 4248 236 4303 loca
271 4249 359 4301 ll.
397 4246 506 4313 Qui
542 4247 788 4316 sepultus
811 4256 897 4300 cst
926 4240 993 4299 in
1031 4247 1346 4301 cmmeterio
1373 4244 1618 4311 Callisti,
1650 4247 1734 4299 via
1768 4240 1980 4313 Appia,
2020 4260 2052 4297 x
2127 4241 2401 4298 Kalendas
2435 4241 2631 4296 Maias.
2670 4240 2736 4294 Et
2762 4240 2999 4297 cessavit
3032 4240 3380 4309 episcopatus

124 4320 235 4373 dies
265 4318 352 4372 ll.

1150 4622 1814 4794 somnis
1908 4619 2352 4744 PAP/E

1378 4879 2173 5042 EPISTOLAZ.

619 5135 954 5195 EPlSTOLA
976 5124 1213 5193 PRIMA.

547 5269 614 5308 AD
648 5269 924 5307 CAMPAME
974 5267 1270 5306 EPISCOPOS.

363 5390 444 5444 De
468 5389 573 5459 ﬁde
593 5396 641 5440 et
676 5386 1045 5439 incarnatione
1074 5384 1136 5439 D.
1169 5383 1243 5437 Ν.
1270 5383 1329 5438 1.
1358 5381 1420 5437 C.

190 5503 352 5562 Soter
385 5506 431 5536 δι’
470 5500 785 5570 apostolicae
828 5498 974 5553 sedis
1022 5497 1466 5565 archiepiscopus
1488 5536 1502 5558 ,
1531 5493 1698 5547 Cam-~

123 5599 276 5667 panis
302 5594 591 5659 omnibus,
622 5590 851 5645 salutem
872 5589 926 5642 in
953 5587 1204 5642 Domino.

193 5712 236 5742 ⁸⁸
270 5712 323 5764 in
355 5724 464 5765 ms.
494 5706 706 5773 Sotner,
737 5715 792 5761 et
829 5705 881 5759 in
907 5702 1161 5775 gignendi
1183 5719 1313 5757 casu
1347 5700 1575 5756 Sol/teri.
1607 5699 1777 5756 Hann.

1723 5138 1771 5198 Β
1869 5127 2120 5185 Gaudere
2166 5142 2264 5180 vos
2292 5136 2540 5197 oportet,
2580 5125 2798 5193 fratres,
2842 5128 3022 5197 quod,
3048 5127 3233 5182 divina
3263 5127 3379 5182 lar-

1801 5222 1983 5293 giente
2006 5218 2205 5290 gratia,
2238 5218 2538 5273 familiares
2572 5216 2790 5272 Domini
2821 5219 3117 5285 vocamini,
3148 5221 3379 5291 ejusque

1804 5309 2095 5367 sacerdotii
2136 5310 2400 5381 dignitate
2452 5307 2763 5378 fungimini.
2818 5307 2975 5363 Nunc
3021 5319 3203 5364 autem
3242 5325 3378 5380 rogo

1802 5420 1922 5469 vos,
1963 5410 2023 5456 ut
2068 5402 2216 5458 circa
2254 5402 2439 5471 plebes
2464 5402 2619 5456 vobis
2646 5402 2972 5457 commissas
3008 5388 3259 5456 laborare
3288 5402 3377 5455 di-

1806 5492 2048 5564 gnemini
2077 5533 2091 5559 ,
2139 5500 2195 5547 et
2228 5490 2542 5546 fructuosos
2574 5490 2888 5559 manipulos
2925 5491 3158 5548 Domino
3184 5506 3379 5561 repor-

1802 5594 1919 5640 tare
1949 5584 2221 5639 nitamini.
2253 5584 2296 5616 ⁶⁹
2322 5583 2527 5638 Paulus
2570 5584 2717 5639 enim
2746 5585 3029 5653 apostolus
3059 5588 3127 5643 de
3155 5586 3261 5643 ﬁde
3304 5588 3380 5641 ita

1859 5702 1902 5735 ‘9
1936 5701 2173 5756 lthacius
2189 5700 2308 5756 adv.
2331 5694 2957 5767 Varimadumcapp.9et
2980 5699 3067 5755 10.
