3732 6342
28 359 127 413 ῐόἹ

1498 359 1876 414 EPISTULA}.

3124 361 3254 414 H58

31 491 105 529 ro
131 518 151 542 ,
202 477 470 544 virginem
505 486 709 529 castam
740 477 995 531 exhibere
1037 478 1256 532 Christo
1287 480 1328 530 ".
1381 497 1398 529 ι
1448 480 1469 510 ⁸
1495 479 1585 533 Illa
1616 491 1661 544 Α
1691 482 1805 549 ipse
1853 479 2084 533 Satanas
2131 480 2480 547 transfigurat
2508 492 2567 532 se
2599 476 2653 529 in
2700 475 2950 545 angelum
2994 475 3168 543 lucis,
3209 476 3257 529 si

28 576 59 620 it
97 568 273 621 enim
302 568 452 638 virgo
479 566 720 623 Ecclesia
743 608 759 636 ,
796 582 996 638 sponsa
1026 569 1189 625 unius
1226 568 1324 624 viri
1355 570 1579 637 (Zhristi,

29 674 105 711 tae
144 660 309 714 nullo
335 675 392 713 se
417 660 619 729 patitur
642 675 826 715 errore
856 661 939 715 vel
972 661 1261 716 inhonesta
1295 663 1582 731 reprehen-

27 765 149 802 one
206 748 412 814 vitiari,
463 757 522 805 ut
552 764 645 819 per
676 758 851 804 totum
884 750 1146 804 mundum
1180 766 1285 805 una
1327 752 1396 805 sit
1426 751 1581 807 nobis

34 838 162 893 tius
212 848 375 894 castae
421 839 825 895 communionis
862 839 1204 910 integritas.’
1264 838 1417 895 Unde
1453 857 1583 895 con-

28 930 239 998 trgite,
272 929 601 995 charissimi,
625 945 749 985 cum
773 930 906 997 Deo,
939 941 991 987 et
1011 933 1268 999 assistite,
1299 934 1581 989 inducntcs

28 1038 145 1075 'ma
211 1023 438 1093 spiritus
473 1023 736 1079 adversus
777 1026 1135 1097 malignantes
1179 1036 1368 1082 contra
1426 1029 1580 1082 fidem

30 1128 130 1178 us,
152 1123 219 1168 et
247 1114 504 1184 probetur
532 1115 755 1184 spiritus
778 1115 1071 1185 sapienter,
1103 1117 1155 1171 id
1186 1127 1289 1183 est,
1320 1118 1483 1171 verba
1516 1118 1581 1170 il-

28 1221 206 1270 »rurn,
241 1206 286 1259 si
318 1220 383 1259 ex
417 1204 525 1259 Deo
561 1216 707 1261 sunt.
753 1204 1026 1277 Scriptum
1065 1216 1148 1262 est
1176 1209 1320 1261 enim
1356 1209 1407 1262 in
1434 1207 1585 1263 Jere-

28 1298 145 1353 ia:
190 1316 213 1349 ‹
251 1297 600 1354 Probatorem
648 1301 771 1355 dedi
819 1311 870 1357 te
921 1302 974 1355 in
1021 1303 1221 1371 populo
1260 1318 1381 1356 meo
1419 1304 1585 1357 robu-

28 1405 165 1453 um,
202 1397 262 1443 et
285 1389 445 1455 scies,
473 1401 525 1444 et
546 1391 800 1461 probabis
826 1391 965 1447 viam
988 1392 1205 1446 illorum
1226 1394 1288 1447 ¹⁰.
1317 1412 1335 1444 ι
1358 1392 1581 1448 Multum

28 1488 247 1543 amque
275 1476 433 1531 nobis
462 1478 777 1537 necessaria.
796 1489 880 1535 est
918 1480 1195 1551 vigilantia
1226 1482 1359 1536 tanti
1394 1497 1581 1539 sacra-

27 1568 164 1619 uenti
208 1568 493 1637 sapientia:
520 1569 889 1637 discretionis,
920 1587 1044 1643 quae
1080 1573 1291 1628 occulta
1335 1574 1584 1631 tenebra-

28 1672 109 1709 λιιι
166 1659 416 1721 revelat,
466 1661 534 1717 ad
576 1663 987 1731 requisitionem
1042 1664 1352 1734 hnjusmodi
1406 1665 1480 1717 rei
1530 1674 1585 1719 et

28 1752 422 1820 :rutationem,
448 1756 709 1824 quoniam
758 1758 892 1812 latet
933 1758 1341 1826 quodammodo
1366 1767 1419 1811 et
1458 1758 1581 1811 abs-

1685 570 1920 626 miuistri
1947 570 2066 638 ejus
2098 570 2552 639 transfigurentur
2573 565 2715 622 velut
2746 565 2980 622 ministri
3008 565 3256 635 justitiaa,

1684 678 1916 733 quorum
1945 662 2067 716 linis
2097 670 2185 716 est
2220 661 2521 716 secundum
2557 674 2719 729 opera
2750 672 2941 714 eorum
2984 658 3049 711 ".
3099 673 3121 711 ι
3150 656 3257 710 Sed

1684 766 1739 812 et
1766 755 2032 811 Dominus
2064 754 2118 808 in
2155 754 2262 808 hoc
2293 753 2659 821 praemuniens
2692 766 2814 817 nos,
2855 750 2965 806 ait:
2997 767 3017 801 ι
3064 748 3262 803 Atten-

1683 849 1793 902 dite
1820 864 1849 902 a
1879 848 2030 902 falsis
2065 846 2363 915 prophetis,
2396 845 2489 913 qui
2515 845 2747 899 veniunt
2780 843 2848 898 ad
2876 857 2976 898 vos
3006 843 3061 897 in
3096 841 3260 897 vestic

1684 940 1883 993 mentis
1911 938 2116 999 ovium,
2147 936 2477 990 intrinsecus
2507 943 2689 988 autem
2718 940 2847 988 sunt
2870 932 2981 1002 lupi
3011 948 3255 1002 rapaces.

1683 1031 1727 1081 Δ
1763 1027 2033 1083 fructibus
2080 1042 2271 1081 eorum
2319 1024 2661 1096 cognoscetis
2701 1037 2800 1078 eos
2844 1026 2908 1077 ι’.
2962 1042 2981 1077 ι
3030 1023 3173 1093 Ergo
3204 1022 3258 1077 in

1685 1122 1919 1190 idipsum
1950 1134 2016 1173 ex
2050 1128 2165 1173 toto
2207 1117 2367 1173 corde
2403 1126 2584 1172 vestro
2620 1116 2867 1172 referetis
2905 1124 3031 1170 ante
3077 1116 3257 1169 omnia

1686 1228 1849 1281 super
1886 1211 1980 1265 tali
2010 1210 2309 1281 quaastione
2343 1208 2800 1279 deprecationem,
2835 1217 2890 1262 et
2913 1207 3107 1262 dicetis
3135 1222 3259 1261 cunt

1686 1303 1883 1357 David:
1924 1320 1943 1354 ι
1975 1302 2171 1358 Revela
2204 1301 2394 1356 oculos
2424 1316 2597 1367 meos,
2624 1308 2678 1355 et
2702 1298 3063 1355 considerabo
3093 1299 3261 1353 mira-

1684 1395 1813 1449 bilia
1865 1395 1931 1449 de
1983 1395 2099 1465 lege
2145 1403 2258 1448 tua.
2291 1392 2536 1447 Lucerna
2566 1391 2796 1462 pedibus
2839 1392 2979 1447 meis
3031 1392 3262 1446 verbum

1686 1497 1862 1553 tuum,
1889 1496 1944 1541 et
1973 1486 2150 1541 lumen
2183 1485 2392 1541 semitis
2426 1486 2564 1541 meis
2598 1484 2662 1539 ¹³.
2696 1503 2714 1537 ι
2749 1484 3017 1551 Quoniam
3039 1525 3054 1547 ,
3090 1494 3149 1537 nt
3186 1484 3263 1538 ait

1684 1581 1874 1634 beatus
1923 1579 2109 1633 Daniel
2159 1579 2469 1651 propheta:
2512 1596 2531 1631 ι
2581 1575 2855 1647 Sapientia
2895 1585 2950 1632 et
2998 1575 3263 1631 fortitudo

1681 1672 1802 1741 ejus
1828 1680 1973 1725 sunt.
2006 1670 2106 1725 Dat
2130 1670 2457 1739 sapientiam
2490 1668 2849 1738 sapientibus,
2882 1677 2937 1722 et
2975 1667 3261 1722 scientiam

1686 1764 2113 1835 intelligentibus
2151 1762 2519 1831 disciplinam.
2570 1762 2687 1830 lpse
2736 1762 2941 1815 revelat
2988 1760 3261 1829 profunda

28 1844 279 1910 inditur,
316 1847 519 1917 vixque
563 1849 1044 1917 comprehenditur
1095 1849 1285 1904 dolosa
1316 1849 1585 1903 exsistens
1620 1851 1659 1907 ll
1688 1863 1741 1908 et
1774 1852 2113 1917 abscondita,
2142 1860 2196 1906 et
2223 1851 2374 1904 novit
2400 1851 2453 1904 in
2477 1851 2714 1905 tenebris
2737 1851 3058 1914 constituta,
3087 1862 3139 1904 et
3169 1851 3259 1904 lux

28 1935 235 2002 talitia,
265 1953 364 2007 pro
390 1954 455 1993 eo
489 1940 634 2010 quod
672 1942 774 1995 sibi
809 1942 1057 2010 pietatem
1092 1942 1283 1996 callide
1328 1940 1573 1995 blandia-

28 2045 113 2093 ιτ,
168 2041 237 2084 ιιι
274 2032 450 2086 valeat
494 2035 857 2088 scrutantium
909 2043 1141 2088 mentem
1184 2033 1371 2087 latere.
1424 2031 1579 2099 Quod

28 2122 185 2191 tique
225 2124 408 2178 sciens
438 2124 629 2179 beatos
664 2125 975 2195 Apostolus,
1015 2126 1122 2179 ait:
1155 2145 1172 2176 ι
1213 2123 1346 2179 Nam
1388 2124 1581 2193 hujus-

28 2213 138 2266 ιοᾶὶ
190 2215 682 2283 pseudo-apostoli,
729 2218 961 2285 operarii
1014 2218 1252 2283 subdoli,
1294 2216 1583 2285 transfigu-

28 2312 113 2356 ant
137 2319 202 2359 se
225 2305 282 2358 in
306 2306 581 2377 apostolos
604 2306 828 2365 Christi.
856 2306 959 2364 Sed
985 2323 1090 2362 non
1120 2306 1580 2377 mirumﬁquando

1681 1959 1806 1999 cum
1840 1959 1906 1997 eo
1934 1953 2037 1998 est.
2062 1941 2201 2009 Quia
2225 1942 2545 2012 sapientiam
2572 1950 2626 1996 et
2648 1940 3026 1996 fortitudinem
3063 1940 3260 1995 dedisti

1684 2035 1842 2102 mihi,
1873 2046 1926 2089 et
1951 2033 2237 2089 ostendisti
2268 2034 2401 2087 mihi
2426 2049 2547 2103 qua:
2573 2032 2757 2103 rogavi
2795 2042 2843 2086 te
2881 2033 2942 2085 ιδ.
2976 2052 2995 2084 ι

1757 2126 1890 2181 Data
1926 2143 1957 2180 χ
1999 2125 2267 2181 Kalendas
2304 2124 2472 2191 Junii,
2505 2125 2823 2193 Cetltegoet
2857 2124 3017 2180 Claro
3060 2125 3101 2156 “'
3131 2124 3267 2183 viris

1686 2216 2007 2274 clarissimis
2038 2218 2358 2275 consulibus
2393 2218 2453 2269 ⁸⁸.

28 2674 271 2731 lecreta
308 2669 549 2731 Soteris
596 2686 790 2748 papae,
818 2670 1172 2732 secundum
1208 2670 1615 2758 Gratianum,
1643 2688 1786 2810 inite
1822 2687 1951 2735 non
1984 2673 2303 2737 habentur
2336 2675 2402 2737 in
2446 2677 2773 2755 prioribus
2822 2678 3255 2742 decretalibus

1497 2766 1634 2810 enis
1668 2766 1704 2810 ο
1738 2767 1815 2810 is.

1497 2766 1815 2825 episwus.

27 2928 374 2987 L"ramentum
415 2934 612 2988 malum
655 2935 793 3003 quod
844 2935 1048 2989 incaute
1094 2937 1422 3004 promittitur
1473 2951 1575 2987 non

570 3016 644 3057 est
677 3006 1010 3058 servandum.

76 3124 114 3152 ’⁷
156 3121 213 3175 Si
246 3122 449 3191 aliquid
488 3122 626 3176 forte
659 3121 931 3175 incautius
962 3136 1061 3174 nos
1091 3120 1307 3190 jurasse
1330 3121 1576 3191 contige-

30 3216 92 3277 it,
125 3216 271 3283 quod
304 3216 645 3270 observatum
686 3213 739 3266 in
767 3214 1002 3282 pejorem
1042 3223 1224 3280 vergat
1248 3213 1474 3276 exitum,
1509 3213 1575 3265 il-

33 3310 95 3361 nl
124 3308 328 3361 salubri
357 3306 587 3360 consilio
619 3306 937 3359 mutandum
963 3306 1294 3366 noverimus,
1328 3314 1381 3358 ct
1406 3305 1579 3374 magis

39 3407 248 3451 nstante
279 3400 597 3451 necessitate
629 3394 1016 3464 pcrjurandum
1062 3395 1237 3459 nobis,
1275 3410 1439 3462 quam
1483 3409 1577 3463 pro

1686 2948 1946 3008 sequatur
1991 2941 2335 3013 intrepidus,
2382 2953 2438 2999 et
2482 2944 2714 3002 ollicium
2767 2950 3039 3019 inceptum
3086 2954 3259 3007 adim-

1683 3030 1827 3099 pleat
1855 3033 1924 3088 ’°.
1973 3034 2306 3093 Censuimus
2338 3054 2467 3110 ergo
2493 3042 2807 3106 convenire,
2850 3053 2910 3100 ut
2941 3059 3064 3098 cum
3100 3061 3131 3099 a
3168 3063 3257 3099 sa.

1682 3124 1996 3182 cerdotibus
2029 3129 2321 3184 missarum
2356 3142 2596 3203 tempore
2627 3149 2781 3189 sacra
2828 3137 3086 3205 mysteria
3132 3152 3263 3191 con-

1685 3230 1997 3287 secrantur,
2038 3222 2086 3276 si
2124 3224 2463 3292 aegritudinis
2496 3227 2707 3280 accidat
2742 3228 2972 3297 quilibet
3009 3239 3259 3293 eventus,

1682 3328 1792 3381 quo
1824 3322 2061 3382 captum
2111 3324 2343 3385 nequeat
2382 3318 2586 3385 expleri
2627 3319 2983 3388 mysterium,
3030 3320 3100 3373 sit
3129 3320 3263 3375 libe-

1684 3420 1805 3458 rum
1837 3406 2090 3475 episcopo
2134 3408 2215 3461 vel
2256 3408 2571 3479 presbytero
2601 3410 2828 3476 velalii,
2870 3422 2928 3466 ut
2971 3428 3259 3467 consecra-

30 3490 491 3558 actojuramento,
512 3489 564 3542 in
593 3488 738 3542 aliud
755 3489 960 3542 crimen
983 3488 1156 3555 majus
1176 3487 1572 3541 divertendutn.

1763 3511 1884 3548 nem
1934 3496 2155 3565 expleat
2198 3497 2359 3553 oflicii
2417 3501 2603 3568 ccepti.
2640 3498 2757 3555 Non
2810 3504 2955 3555 enim
3011 3503 3155 3556 aliud
3191 3505 3259 3556 ad

30 3608 240 3675 Quisque
281 3607 589 3675 sacriﬁcans
620 3604 941 3657 sacerdote»:
1005 3604 1229 3667 habent,
1288 3604 1578 3675 quigcmpta

147 3673 477 3732 Sacramenta
501 3676 728 3745 expleat,
770 3676 815 3726 si
852 3676 1132 3728 necessitas
1163 3673 1435 3743 ingruerit.

91 3790 126 3822 "
166 3790 233 3845 Ut
273 3791 403 3845 illud
432 3788 600 3844 divini
631 3786 836 3840 oraculi
886 3787 1159 3843 monentis
1198 3786 1398 3856 singuli
1440 3801 1579 3853 pra»,-

32 3894 264 3948 :aveant,
304 3900 409 3953 quo
437 3882 727 3937 scribitur:
768 3896 785 3928 ι
828 3879 914 3933 Va:
952 3879 1091 3944 soli,
1123 3880 1249 3948 quia
1282 3894 1406 3933 cum
1443 3879 1583 3933 ceci-

32 3973 172 4040 Nerit,
200 3992 309 4028 non
342 3976 503 4028 habet
537 3972 909 4026 sublevantem
948 3971 1020 4035 ¹⁹;
1063 3990 1079 4021 ι
1120 3974 1463 4039 summopere
1489 3986 1583 4023 vc—

32 4067 235 4119 nrndum
271 4076 353 4121 cst
402 4066 557 4119 nobis
607 4072 769 4131 atque
806 4062 1128 4125 cavendum,
1176 4077 1241 4114 ne
1285 4061 1435 4116 horis
1477 4062 1583 4117 illis

32 4165 175 4225 atque
204 4156 561 4227 temporibus,
596 4157 797 4227 quibus
828 4154 938 4208 Deo
970 4153 1220 4224 psallitur
1253 4153 1334 4205 vel
1371 4153 1583 4205 sacrifi-

33 4257 199 4316 catur,
240 4250 537 4318 unicuique
587 4249 786 4303 divinis
829 4245 1178 4318 singulariter
1208 4243 1400 4300 ciliciis
1449 4244 1585 4298 insi—

34 4342 198 4407 stent't,
242 4342 546 4412 perniciosa
580 4340 781 4411 passio,
830 4341 914 4394 vel
939 4338 1192 4409 quaelibet
1222 4337 1468 4406 corporis
1505 4338 1608 4391 in-o

36 4432 293 4502 valetudo.
316 4442 593 4492 occurrat,
634 4447 755 4502 quae
788 4440 884 4487 aut
933 4446 1130 4499 corpus
1170 4429 1351 4483 subito
1396 4428 1585 4483 subrui

37 4524 199 4587 faciat,
244 4539 338 4579 aut
378 4534 611 4580 mentem
647 4523 974 4580 alienatione
1009 4524 1089 4576 vel
1122 4532 1324 4576 terrore
1352 4519 1586 4575 confun-

38 4616 133 4667 dat.
171 4616 275 4670 Pro
304 4615 616 4685 hujusmodi
656 4630 785 4685 ergo
822 4614 1041 4668 casibus
1073 4620 1457 4681 praecaventes,
1494 4626 1589 4664 nc-

39 4706 319 4759 cessarium
341 4703 597 4761 duximus
627 4704 933 4767 instituere,
990 4710 1048 4755 ut
1098 4700 1479 4769 ubitemporis
1507 4702 1588 4754 vel

42 4794 129 4848 loci
167 4797 276 4851 sive
310 4796 438 4851 cleri
469 4796 622 4865 copia
670 4794 1014 4863 suﬂragatur,
1071 4790 1269 4846 habeat
1315 4790 1591 4861 (quisquis

45 4883 137 4953 ille)
165 4902 361 4943 canens
396 4885 504 4941 Deo
528 4896 581 4941 et
613 4886 946 4949 sacriﬁcans,
994 4892 1117 4954 post
1163 4898 1221 4937 se
1252 4883 1416 4937 vicini
1443 4884 1584 4938 sola~

46 4975 187 5031 minis
208 4979 532 5048 adjutorem,
567 4988 624 5031 ut
656 4978 701 5031 si
733 4977 918 5045 aliquo
947 4991 1079 5029 casu
1130 4974 1238 5040 ille,
1284 4974 1378 5043 qui
1411 4972 1586 5028 oflicia

48 5062 343 5134 impleturus
379 5070 603 5135 accedit,
640 5068 888 5121 turbatus
922 5066 1104 5128 fuerit,
1155 5066 1236 5119 vel
1273 5066 1338 5119 ad
1387 5074 1585 5120 terram

1684 3588 2119 3656 supplementum
2166 3589 2398 3645 initiatis
2446 3593 2719 3662 mysteriis
2762 3596 3053 3665 competit,
3094 3612 3259 3665 quam

1686 3690 1782 3733 aut
1811 3679 2118 3749 incipientis
2156 3690 2253 3737 aut
2292 3682 2678 3749 subsequentis
2721 3685 2986 3753 explenda
3039 3687 3263 3741 benedi-

1684 3771 1792 3826 ctio
1821 3771 2119 3825 sacerdotis
2164 3773 2336 3841 :qnia
2378 3788 2475 3826 nec
2526 3772 2762 3842 perlecta
2800 3776 2964 3829 videri
3010 3785 3261 3845 possunt,

1686 3865 1793 3921 nisi
1845 3863 2193 3933 perfectionis
2238 3867 2431 3921 ordine
2488 3867 2903 3937 compleantur;
2938 3885 3061 3922 cum
3114 3869 3260 3922 enim

1686 3972 1856 4011 unum
1886 3970 2079 4012 sumus
2108 3970 2300 4012 omnes
2344 3958 2399 4011 in
2442 3953 2707 4024 Christo,
2744 3959 2878 4013 nihil
2926 3960 3259 4013 contrarium

1685 4050 1974 4105 diversitas
2000 4049 2216 4116 format,
2245 4050 2336 4105 ubi
2358 4050 2653 4106 efﬁcaciam
2677 4051 3054 4120 prosperitatis
3081 4052 3263 4105 unitas

1689 4143 1809 4199 ﬁdei
1862 4150 2233 4212 repraesentat.
2267 4140 2424 4208 Quod
2469 4143 2634 4198 etiam
2679 4144 3026 4208 consultum,
3080 4146 3260 4199 cuncti

1686 4236 1894 4291 ordinis
1922 4234 2107 4290 clerici
2136 4235 2398 4290 indictum
2434 4236 2515 4289 vel
2546 4234 2815 4290 indultum
2847 4251 2970 4290 esse
3006 4235 3107 4290 sibi
3156 4251 3261 4289 non

1689 4328 1987 4398 ambigam,
2019 4328 2138 4394 sed,
2172 4337 2231 4381 ut
2254 4328 2595 4397 praemissum
2623 4336 2706 4381 est
2734 4328 2787 4379 in
2812 4326 3262 4395 prmcedentihus,

1690 4419 1874 4473 statim
1908 4418 1998 4473 alii
2040 4434 2136 4488 pro
2165 4419 2563 4488 complemento
2609 4416 2922 4472 succedant.
2972 4414 3050 4471 Ne
3081 4426 3263 4470 tamen

1688 4509 1836 4578 quod
1876 4522 2085 4565 natura:
2126 4510 2405 4579 languoris
2447 4524 2611 4563 causa
2658 4508 2982 4571 consulitur,
3028 4508 3081 4560 in
3128 4524 3265 4576 pra:-

1691 4600 2021 4670 sumptiouis
2090 4601 2388 4671 perniciem
2462 4608 2844 4663 convertatur,
2907 4599 3089 4653 nullus
3142 4607 3264 4667 post

1691 4691 1874 4745 cibum
1916 4700 2260 4760 potumque,
2310 4692 2424 4746 sive
2466 4690 2744 4761 quodlibet
2784 4687 3070 4743 minimum
3114 4705 3265 4743 sum-

1692 4791 1884 4850 ptum,
1930 4783 2128 4836 missas
2171 4780 2386 4848 facere,
2438 4782 2730 4851 nullusque
2777 4782 2983 4851 absque
3031 4780 3265 4851 patentis

1693 4873 1958 4929 molestiae
2011 4883 2273 4944 proventu
2303 4874 2553 4930 minister
2578 4875 2663 4929 vel
2694 4875 2971 4941 sacerdos,
3004 4890 3128 4929 cum
3152 4888 3267 4930 c0-

1693 4966 1869 5036 perit,
1912 4965 2226 5036 imperfecta
2268 4966 2442 5022 ollicia
2487 4977 2783 5037 praesumat
2822 4969 3047 5023 omnino
3100 4965 3265 5021 relin-

1693 5072 1879 5127 quere.
1927 5058 1985 5113 Si
2018 5060 2143 5123 quis
2189 5060 2300 5112 haec
2351 5059 2637 5113 temerarie
2685 5057 3123 5128 praesumpserit,
3165 5072 3263 5113 ex-

46 5155 211 5222 elisus,
247 5178 274 5213 ει
321 5170 469 5229 tergo
497 5176 711 5221 semper
743 5159 957 5218 habent.
998 5158 1089 5228 qni
1132 5158 1250 5227 ejus
1289 5158 1462 5211 vicem
1495 5171 1589 5211 εχ·
1620 5151 1664 5205 D
1693 5151 2209 5209 communicationis
2233 5151 2553 5205 sententiam
2593 5150 2901 5210 sustinebit.

114 5426 131 5454 ⁷
160 5429 197 5480 ιι
225 5430 347 5485 Cor.
398 5448 474 5490 ιι.
508 5433 563 5486 2.

57 5491 88 5523 ¹¹
117 5492 148 5547 ll
175 5498 287 5553 Cor,
325 5516 399 5564 xu,
453 5502 639 5557 13-15.

722 5504 773 5533 ¹¹·
791 5502 1101 5559 ΜθιιΙιξνιι
1134 5507 1221 5567 15,
1253 5504 1338 5559 16.

56 5575 94 5611 et
127 5566 283 5623 Clero.
337 5570 505 5626 Hann.

642 5432 663 5463 ⁸
699 5434 755 5486 S.
797 5434 906 5504 Leo
953 5436 1112 5504 epist.
1159 5436 1247 5489 40.
1323 5438 1344 5467 ⁹
1376 5436 1435 5491 S.
1471 5436 1730 5491 Martinus
1764 5436 1819 5489 in
1856 5450 1975 5492 svn.
2006 5434 2357 5504 Lateranenm
2394 5436 2711 5504 consalu}:

1428 5508 1468 5537 "
1499 5506 1641 5559 Psal.
1672 5521 1859 5564 cxvm,
1888 5504 2122 5565 18,105.

590 5573 633 5644 'f
667 5573 893 5628 Aherrat
937 5590 1151 5644 quoque
1194 5576 1277 5629 hic
1318 5577 1633 5631 consulatus
1677 5592 1765 5629 an.
1819 5575 1921 5628 170
1961 5572 2171 5644 allixus.
2203 5641 2212 5644 _
2250 5570 2291 5601 "
2323 5570 2413 5644 22,

2792 5428 2837 5456 ¹⁰
2861 5424 3060 5478 Jerem.
3090 5438 3164 5484 vr,
3198 5420 3286 5475 27.

2202 5502 2244 5532 “
2282 5500 2412 5553 Dan.
2443 5514 2504 5565 lt,
2531 5498 2722 5552 20-25.
2802 5498 2844 5527 “
2874 5496 2933 5565 in,
2959 5509 3061 5565 ms.
3093 5490 3268 5565 Cetigo

2456 5561 2510 5637 q'.
2540 5570 2573 5622 4
2602 5587 2613 5621 :
2648 5566 2707 5623 Si
2733 5564 2955 5637 aliquid.
2989 5564 3063 5637 Ita
3102 5561 3266 5637 etiam

59 5640 209 5712 φησιιί
241 5641 573 5698 collectores.
612 5642 715 5698 Sed
768 5632 968 5699 eadem.
1009 5632 1171 5699 ca'nsa
1207 5656 1259 5699 et
1304 5647 1602 5712 quaestione
1644 5647 1839 5699 citatnr
1886 5661 1979 5712 ει(Δ
2003 5632 2646 5712 ΒιεόςενλὴοηιὶΙίιιλί-ίνιη
2674 5632 2842 5712 natali
2875 5632 3061 5691 dero“.
3095 5632 3266 5712 sancti

60 5700 271 5763 Joannis.

61 5767 289 5835 Toletano
319 5799 535 5853 Xl,c.1p.
574 5784 657 5837 Μ.
688 5767 856 5840 ΙΙΑιιθξ

353 5712 393 5743 ’⁸
424 5714 500 5767 De
523 5730 750 5766 consccr.
784 5715 1020 5769 distinct.
1066 5716 1085 5767 1
1135 5732 1145 5765 :
1184 5714 1249 5768 lit
1280 5701 1513 5782 iUud,’ct
1550 5717 1601 5779 7,
1630 5726 1820 5783 qua'st.
1852 5716 1871 5767 1
1913 5734 1923 5767 :
1956 5710 2100 5765 Illud
2132 5710 2390 5783 diriu._—
2416 5709 2565 5783 Quod
2602 5708 2781 5763 verius
2819 5716 2899 5763 est
2937 5721 3001 5760 ex
3036 5701 3264 5760 concilio

944 5787 983 5817 ιε’
1014 5784 1188 5841 lict-lc.
1227 5804 1296 5852 iv,
1331 5780 1423 5842 1οζ
1493 5789 1536 5819 ²⁰
1567 5780 1837 5842 Hactenus
1878 5793 2085 5839 tantum
2126 5781 2264 5850 apud
2297 5780 2634 5835 Gratianum.
