3792 6218
469 218 610 273 Πιίῦ

1519 212 1933 269 ELEUTHERII
1972 212 2171 268 PAF}:
2214 212 2592 269 EPISTUL/E.

3564 216 3688 266 lli!

464 353 625 409 quem
655 335 797 391 Deus
826 352 927 391 suo
961 334 1262 391 reservavit
1287 332 1492 404 judicio
1522 334 1585 387 ".
1626 352 1643 385 ι
1692 334 1856 402 Igitur
1887 350 2048 387 omne
2078 343 2121 399 Α
2152 345 2321 388 strum
2360 349 2484 404 rege
2535 330 2829 387 Britanniae
2872 341 3122 399 regnum.
3174 322 3424 379 Vicarius
3456 340 3574 378 vero
3605 325 3685 379 Dei

466 429 703 495 pondus,
727 438 775 482 et
805 425 1213 481 circumstantia
1234 423 1668 480 adversariorum
1696 436 2043 491 nocumenta,

463 536 562 590 per
623 520 979 590 patientiam,
1035 518 1273 583 fratres,
1333 516 1696 586 comprimere
1768 517 2070 587 satagite;.

470 630 489 661 ι
533 611 765 665 scientes
792 611 920 679 quia
955 608 1202 666 subversi
1240 615 1370 663 sunt
1418 604 1755 677 hujusmodi,
1790 615 1845 659 et
1874 605 2049 660 delin-

463 709 640 769 quunt
680 700 900 769 proprio
949 714 1043 752 ore
1087 696 1333 752 damnati
1361 695 1427 749 “.
1462 714 1481 748 ι
1516 694 1657 761 Quia
1704 695 1797 765 qui
1851 694 2051 749 fratres

464 800 726 845 accusant
760 792 842 844 vel
890 790 1181 855 infestant,
1234 805 1340 844 non
1389 804 1483 844 eos
1516 791 1769 862 diligunt,
1808 789 1901 843 sed
1937 805 2053 844 ma-

462 884 547 953 gis
580 884 948 953 negliguut,et
975 891 1221 954 peccant,
1256 883 1467 938 dicente
1497 883 1757 954 Apostolo
1798 902 1810 936 :
1851 900 1869 934 ι
1906 881 2050 936 Dile-

460 976 574 1030 ctio
623 975 853 1041 proximi
900 976 1100 1029 malum
1150 991 1257 1029 non
1307 983 1564 1045 operatur
1601 976 1666 1027 "’.
1720 992 1737 1026 ι
1770 973 1835 1028 Ει
1866 974 1993 1029 alibi
2036 992 2048 1027 :

466 1086 487 1115 «ι
525 1066 627 1133 Qui
660 1082 766 1121 non
797 1067 971 1137 diligit
996 1066 1217 1121 fratrem
1252 1082 1435 1129 suum,
1465 1081 1625 1136 quem
1656 1065 1821 1131 videt,
1854 1064 2050 1132 Deum,

462 1174 623 1229 quem
674 1174 781 1212 non
845 1160 1026 1223 videt,
1086 1158 1361 1229 quomodo
1419 1167 1595 1228 potest
1649 1158 1872 1229 diligere
1896 1157 1977 1211 δεῖ
2028 1174 2047 1208 ι

461 1248 575 1306 Nos
604 1252 649 1283 δ’
681 1254 825 1307 enim
852 1253 1086 1308 humiles
1130 1252 1312 1318 corde,
1345 1251 1409 1306 ad
1451 1268 1513 1306 ea
1565 1268 1685 1323 qua:
1728 1263 1871 1307 recta
1904 1261 2051 1317 sunt,

464 1345 715 1415 adjutore
762 1344 1015 1413 Domino,
1054 1347 1327 1416 sapienter
1373 1346 1591 1401 vinculo
1632 1347 1913 1402 charitatis
1963 1364 2055 1401 vo-

463 1433 678 1490 biscum
729 1450 921 1490 sumus
973 1437 1288 1503 constricti,
1338 1444 1392 1491 et
1451 1438 1765 1509 religionem
1828 1437 2057 1493 catholi-

462 1540 587 1580 cam
652 1527 707 1580 in
775 1528 1032 1583 omnibus
1080 1527 1291 1583 fortiter
1345 1527 1730 1596 defensantes,
1792 1529 2057 1600 improbis

463 1618 632 1687 probe
663 1620 919 1675 resistere
971 1636 1077 1675 non
1118 1621 1460 1693 negligimus.
1498 1620 1650 1676 Unde
1701 1622 1905 1677 dictum
1930 1629 2052 1675 est:

463 1711 515 1743 "'
538 1708 818 1782 Negligere
853 1712 999 1767 enim
1046 1728 1170 1766 cum
1216 1713 1394 1782 possis
1438 1712 1727 1766 deturbare
1756 1712 1797 1743 "
1835 1726 2054 1780 perver-

466 1816 595 1865 sos,
633 1802 769 1857 nihil
811 1803 957 1857 aliud
997 1813 1080 1858 est
1125 1821 1288 1873 quam
1335 1803 1537 1857 fovere.
1572 1802 1683 1857 Nec
1717 1812 1864 1856 caret
1900 1817 2054 1855 scru-

466 1894 596 1962 pulo
647 1894 923 1948 societatis
979 1894 1247 1954 occultze,
1307 1894 1398 1963 qui
1448 1892 1737 1947 manifesto
1796 1891 2051 1945 facinoris

466 1986 667 2039 alesinit
701 1987 939 2041 obviare.
988 1985 1162 2055 Hujus
1208 1986 1283 2041 rei
1325 1992 1497 2056 gratia
1538 1984 1860 2039 universalis
1905 1981 2055 2037 vobis

465 2092 497 2128 ει
527 2075 746 2129 Christo
785 2075 913 2130 Jesu
958 2076 1070 2146 (54)
1103 2077 1395 2131 commissa
1420 2086 1500 2131 est
1553 2076 1818 2141 Ecclesia,
1862 2084 1921 2129 ut
1956 2090 2055 2143 pro

466 2166 723 2221 omnibus
744 2168 1023 2232 laboretis,
1059 2177 1113 2223 et
1140 2167 1354 2223 cunctis
1383 2184 1536 2237 opem
1574 2168 1715 2223 ferre
1739 2183 1846 2222 neu
1880 2166 2056 2237 negli-

466 2259 629 2329 gatis.
665 2278 683 2311 ι
714 2258 903 2314 Frater
930 2270 1109 2315 autem
1145 2260 1366 2315 fratrem
1409 2262 1673 2331 adjuvans
1706 2261 2054 2327 exaltabitur,

467 2358 523 2404 et
579 2350 808 2405 allidens
860 2352 1217 2422 dissipabitur
1246 2355 1314 2407 δ’.
1356 2372 1373 2405 ι
1429 2353 1770 2424 Quapropter
1826 2353 2059 2408 relevate

468 2430 685 2511 semper
730 2458 1043 2511 oppressos,
1096 2445 1354 2514 corripite
1419 2445 1712 2513 inquietos,
1741 2451 1800 2499 ut
1847 2444 2057 2499 zizania

471 2530 805 2587 Dominieam
840 2550 1072 2589 messem
1097 2551 1204 2588 non
1236 2535 1409 2605 possit
1441 2535 1704 2589 suffocare
1731 2577 1745 2589 .

544 2624 676 2678 Data
708 2640 738 2676 v
775 2623 899 2679 ldus
922 2624 1072 2689 Julii,
1107 2624 1339 2680 Paterno
1368 2627 1414 2658 ⁸³
1439 2636 1493 2681 et
1531 2625 1743 2681 Bradua
1778 2626 1906 2682 viris
1948 2624 2059 2680 cla-

470 2713 709 2768 rissimis
738 2716 1057 2769 consulibus
1081 2717 1147 2770 ³⁸.

954 2826 1291 2881 EPISTULA
1342 2825 1381 2879 ll
1431 2826 1567 2897 (55).

656 2931 990 2971 ιιιεεειιιρτωι
1023 2932 1089 2970 Δί)
1119 2932 1313 2971 ιιιειωι
1344 2932 1643 2971 ΒΙΠΤΛΝΝΙᾸΞ
1683 2933 1881 2973 BECEI.

592 3006 867 3072 Quomodo
887 3025 1065 3077 gerere
1082 3026 1142 3071 se
1166 3008 1348 3063 debeat
1379 3027 1433 3065 ιιι
1460 3026 1614 3080 regno
1648 3010 1961 3067 Britanniaz.

543 3096 783 3155 Petiistis
811 3114 841 3153 a
872 3100 1031 3154 nobis
1063 3099 1207 3169 leges
1236 3100 1512 3156 Romanas
1559 3110 1613 3156 et
1636 3101 1869 3158 Czesaris
1897 3103 2053 3159 vobis

472 3190 790 3257 transmitti,
832 3192 1033 3262 quibus
1066 3192 1119 3247 in
1147 3208 1314 3265 regno
1348 3193 1642 3248 Britannia:
1678 3194 1756 3248 uti
1781 3196 2051 3251 voluistis.

475 3282 644 3353 Leges
674 3281 946 3338 Romanas
962 3294 1014 3338 et
1032 3282 1264 3339 Casaris
1294 3300 1510 3354 semper
1537 3286 1830 3354 reprobare
1860 3301 2055 3356 possu—

472 3392 618 3441 mus,
646 3377 818 3445 legem
847 3376 940 3431 Dei
970 3392 1336 3448 nequaquam.
1365 3376 1694 3448 Suscepistis
1720 3379 1865 3433 enim
1885 3394 2057 3449 nuper

475 3466 827 3521 miseratione
858 3466 1041 3521 divina
1077 3467 1130 3520 in
1166 3483 1334 3538 regno
1368 3466 1662 3523 Britannia:
1696 3468 1866 3538 legem
1911 3478 1964 3523 et
1997 3470 2060 3522 fi-

474 3558 597 3612 dem
633 3558 855 3613 Christi.
893 3557 1113 3613 Habetis
1148 3575 1313 3628 penes
1349 3576 1447 3615 vos
1477 3562 1529 3615 in
1567 3577 1734 3630 regno
1772 3571 2061 3631 utramque

474 3649 727 3719 paginam
757 3668 771 3714 ;
807 3665 873 3704 ex
910 3651 1017 3705 illis
1064 3649 1157 3704 Dei
1194 3651 1366 3721 gratia
1405 3668 1499 3721 per
1567 3653 1856 3708 consilium
1904 3655 2056 3723 regni

476 3742 641 3795 vestri
678 3757 834 3797 sume
869 3744 1037 3813 legem
1060 3785 1075 3809 ,
1110 3752 1164 3797 et
1198 3760 1295 3812 per
1347 3745 1493 3799 illam
1536 3745 1627 3799 Dei
1671 3746 1930 3815 patientia
1966 3760 2058 3800 vc-

584 3859 629 3891 “
652 3856 839 3940 Dpnst.
868 3856 941 3911 M.
965 3857 1030 3911 ad
1194 3856 1445 3940 Nicfepos
1484 3860 1537 3914 in
1567 3862 1671 3914 col.
1695 3859 1864 3940 lladr.
1888 3876 1937 3915 c.
1970 3861 2034 3940 ὗε
2058 3859 2200 3940 e_t__67
2223 3875 2288 3940 e_x
2310 3858 2439 3912 edit.
2464 3857 2591 3911 Ant.
2622 3857 2761 3940 Aug.
2829 3856 3004 3940 “_'l‘i_t.
3046 3870 3105 3908 ιιι
3126 3894 3142 3918 ,
3161 3856 3283 3940 Ill."
3340 3856 3397 3940 ζ’.
3419 3856 3505 3940 Ro

1264 3928 1307 3960 ‘9
1338 3927 1538 3985 Victor.
1568 3948 1653 3996 cp.
1690 3931 1943 4000 Carthag.
1970 3932 2037 3984 ad
2072 3930 2419 4000 Theodorum
2458 3943 2671 3997 papam,
2701 3922 2834 4000 Con.
2859 3924 3047 4000 linter.
3091 3925 3193 3977 sub
3249 3922 3581 4000 S._Martino
3602 3938 3713 4000 ς’ρξιο

1728 4000 1772 4031 ιι

486 4003 609 4048 sult.
641 4003 695 4057 2,
730 4012 875 4049 anno
903 4003 1027 4051 649.
1104 4003 1149 4029 ⁸⁰
1168 4003 1311 4050 Felix
1365 4003 1453 4063 lll,
1481 4018 1565 4068 ep.
1602 4003 1651 4055 l.
1728 4003 1772 4031 ἰ
1800 4003 2048 4066 perturba

486 4061 699 4117 Eleutb.
733 4066 786 4127 9,
822 4061 977 4118 Coss.
1013 4062 1261 4119 Triarius
1288 4065 1562 4121 Maternus
1593 4077 1649 4121 et
1687 4069 1941 4123 Aurelius
1983 4068 2053 4122 Br

2164 4083 2213 4119 Ω.

793 4132 839 4163 ⁸⁸
866 4132 1054 4187 Matth.
1077 4149 1242 4197 .xxm,
1270 4135 1361 4189 57.
1435 4139 1481 4170 ⁸⁸
1510 4136 1687 4192 Ecele.
1719 4156 1774 4203 ι,
1806 4138 1890 4193 l6.
1965 4140 2008 4171 ⁸ο
2040 4138 2181 4193 Psal.
2210 4151 2317 4197 Liv,
2345 4134 2435 4187 9.4.

479 3924 569 3980 10.
662 3928 709 3957 ⁸⁸
741 3929 761 3979 I
792 3927 953 3981 Joan.
988 3945 1060 3992 Iv,
1082 3929 1171 3981 20.

481 3996 609 4068 sult.
641 3995 695 4068 2,
730 4012 875 4068 annp
903 3997 1056 4068 649ζ
1092 3999 1149 4068 ,⁵ο
1168 3998 1335 4068 lj‘elix_
1365 4000 1453 4063 lll,
1481 4018 1565 4068 ep.
1602 3995 1651 4055 l.

486 4146 635 4195 ωιχι,
666 4134 716 4186 1.

2149 428 2280 481 estis
2313 428 2366 480 in
2413 440 2581 495 regno
2622 424 2776 494 juxta
2811 422 3135 491 Prophetam
3171 433 3353 487 regem
3391 434 3405 469 :
3444 436 3460 467 ι
3501 415 3687 471 Domini

2149 524 2233 573 est
2268 526 2407 571 terra
2455 526 2508 571 ct
2553 515 2831 586 plenitudo
2863 512 3005 582 ejus,
3027 513 3175 567 orbis
3201 520 3483 572 terrarum,
3506 517 3555 561 et
3586 510 3689 561 uni-

2151 607 2289 660 versi
2323 606 2414 675 qui
2451 606 2698 659 babilant
2730 605 2785 658 in
2820 618 2886 659 eo
2912 604 2988 669 ";
3014 622 3030 653 ι
3063 611 3115 657 et
3150 616 3368 656 rursum
3398 600 3543 669 juxta
3574 597 3688 652 Pro-

2153 698 2365 767 phetam
2403 713 2579 768 regem
2620 713 2631 749 :
2676 714 2694 748 ι
2737 694 2978 750 Dilexisti
3007 694 3296 765 justitiam,
3331 702 3383 747 et
3414 692 3565 747 odisti
3597 691 3686 745 ini-

2152 790 2412 858 quitatem
2439 807 2453 855 ;
2483 797 2763 859 propterea
2802 788 2955 842 unxit
2986 796 3039 841 te
3068 786 3228 849 Deus,
3266 785 3405 839 Deus
3432 796 3566 864 tuus,
3589 786 3690 837 oleo

2155 880 2351 935 laetitia:
2385 895 2494 951 pra:
2548 880 2893 935 consortibus
2946 878 3054 932 tuis
3094 878 3266 933 “vet
3300 892 3509 931 rursum
3555 878 3686 943 juxta

2154 972 2479 1045 Prophetam
2542 989 2720 1043 regem
2775 990 2788 1027 :
2844 993 2861 1024 ι
2904 972 3045 1027 Deus
3083 971 3346 1041 judicium
3402 977 3543 1021 tuum
3574 969 3632 1031 ετ,
3668 985 3684 1017 ι

2153 1073 2259 1120 etc.
2295 1064 2412 1120 Non
2448 1065 2591 1120 enim
2623 1065 2757 1120 dixit
2786 1064 3071 1135 judicium,
3104 1078 3279 1132 neque
3309 1061 3561 1129 justitiam
3590 1057 3690 1111 Cae-

2155 1171 2316 1211 SM‘IS.

2224 1268 2344 1323 Filii
2380 1270 2524 1323 enim
2564 1270 2703 1341 regis
2737 1278 2923 1339 gentes
2955 1267 3301 1330 Cbrislianm,
3335 1276 3386 1320 et
3422 1266 3584 1335 populi
3616 1280 3691 1317 re-

2156 1362 2244 1431 gni
2269 1370 2429 1424 sunt,
2466 1361 2557 1430 qui
2592 1361 2693 1415 sub
2726 1369 2902 1415 vestra
2934 1359 3269 1430 protectionc
3302 1366 3356 1427 et
3390 1373 3513 1425 pace
3544 1358 3588 1408 in
3625 1371 3694 1408 re-

2157 1470 2263 1522 gno
2326 1453 2559 1523 degunt,
2617 1448 2671 1507 et
2731 1454 3037 1509 consistunt
3099 1452 3255 1521 juxta
3323 1450 3691 1519 Evangelium:

2164 1565 2181 1595 ι
2223 1545 2689 1613 Quemadmodum
2724 1546 2921 1617 gallina
2956 1554 3249 1617 congregat
3282 1545 3455 1614 pullos
3486 1542 3578 1595 sub
3609 1542 3696 1594 alis

2158 1643 2222 1696 ".
2268 1660 2287 1694 ι
2322 1640 2521 1697 Gentes
2551 1656 2681 1695 vero
2728 1640 2876 1711 regni
2915 1639 3209 1694 Britannia:
3242 1646 3293 1692 et
3340 1635 3516 1706 populi
3566 1633 3695 1702 regni

2157 1743 2320 1802 sunt;
2357 1751 2495 1805 quos
2528 1735 2730 1791 divisos
2763 1734 2969 1789 debetis
3003 1734 3054 1787 in
3080 1749 3248 1787 unum
3285 1731 3348 1785 ad
3384 1728 3697 1783 concordiam

2156 1837 2210 1880 ct
2242 1842 2452 1897 pacem,
2490 1835 2542 1881 et
2576 1827 2640 1881 ad
2678 1826 2856 1891 fidem,
2890 1834 2944 1880 et
2986 1824 3051 1879 ad
3089 1825 3259 1894 legem
3316 1822 3532 1879 Christi,
3566 1829 3612 1870 rt
3643 1820 3697 1870 ad

2158 1932 2401 1977 sanctam
2452 1920 2746 1975 Ecclesium
2799 1933 3165 1989 congregare,
3199 1929 3488 1977 revocare,
3524 1911 3698 1973 fovere,

2157 2034 2319 2072 manu
2357 2027 2564 2077 tenere,
2598 2024 2897 2085 protegere,
2932 2022 3145 2081 tegere,
3181 2018 3235 2063 et
3261 2007 3331 2061 ab
3366 2003 3629 2074 injuriosis
3656 2011 3700 2055 et

2157 2111 2446 2167 malitiosis
2478 2120 2532 2165 et
2563 2110 2631 2163 ab
2664 2106 2900 2162 inimicis
2934 2120 3147 2172 semper
3179 2098 3487 2155 defendere.

2234 2240 2252 2273 ι
2295 2220 2389 2276 Vze
2421 2234 2588 2291 regno
2620 2217 2775 2287 cujus
2806 2231 2901 2270 rex
2935 2229 3069 2284 puer
3101 2221 3187 2268 est
3209 2254 3224 2279 ,
3260 2220 3316 2266 et
3346 2211 3501 2279 cujus
3529 2206 3699 2277 princi-

2160 2330 2252 2384 pes
2286 2328 2446 2368 mane
2478 2311 2770 2367 comedunt
2802 2309 2870 2361 ‘9.
2914 2326 2933 2360 ι
2967 2305 3083 2361 Non
3108 2321 3244 2360 voco
3278 2318 3480 2374 regem,
3515 2309 3699 2369 propter

2158 2422 2381 2478 parvam
2414 2415 2469 2461 et
2494 2404 2773 2459 minimam
2807 2399 3157 2467 attatem,sed
3193 2406 3414 2467 propter
3446 2394 3693 2449 stultitiam

2158 2510 2213 2554 et
2247 2498 2585 2568 iniquitatem
2622 2506 2675 2549 et
2702 2494 3071 2557 insanitatem,
3103 2491 3255 2561 juxta
3283 2487 3594 2557 Prophetam
3626 2499 3697 2537 re-

2160 2607 2325 2661 gem:
2369 2609 2388 2641 σ
2444 2588 2556 2644 Viri
2611 2588 2971 2659 sanguinum,
3007 2594 3063 2638 et
3105 2582 3281 2638 dolosi
3327 2595 3435 2634 non
3482 2576 3700 2633 dimidiav

2160 2685 2298 2738 bunt
2326 2682 2443 2737 dies
2475 2697 2605 2737 suos
2638 2682 2706 2744 ‘°,
2751 2698 2770 2731 ι
2805 2689 2909 2733 etc.
2946 2677 3048 2731 Per
3099 2674 3494 2730 comestiouem
3530 2668 3698 2723 intelli-

2161 2778 2338 2843 gimus
2359 2776 2574 2844 gulam,
2600 2788 2696 2843 per
2737 2773 2915 2842 gulam
2977 2769 3281 2833 luxuriam,
3317 2781 3415 2835 per
3461 2760 3698 2818 luxuriam

2160 2868 2343 2922 omnia
2379 2866 2576 2935 turpia,
2609 2873 2663 2919 et
2695 2879 2967 2934 perversa,
3000 2871 3054 2917 et
3086 2861 3262 2927 mala,
3292 2860 3451 2931 juxta
3485 2856 3700 2912 Salomo-

2162 2975 2284 3015 nem
2322 2974 2543 3030 regem:
2585 2978 2603 3010 ι
2647 2957 2703 3012 In
2754 2956 3072 3011 malevolam
3117 2954 3359 3009 animam
3406 2966 3513 3005 non
3554 2959 3702 3003 mtro-

2081 3045 2124 3104 C
2158 3049 2257 3105 ibit
2288 3048 2575 3120 sapientia,
2596 3063 2697 3104 nec
2730 3047 2995 3103 habitabit
3027 3047 3081 3100 in
3103 3058 3335 3115 corpore
3356 3040 3572 3097 subdito
3600 3053 3703 3108 pec-

2155 3144 2295 3198 catis
2325 3144 2389 3195 ⁶¹.
2437 3162 2456 3194 ι

2229 3278 2341 3333 Rex
2378 3278 2576 3334 dicitur
2628 3295 2659 3333 a
2695 3276 2960 3347 regendo,
2996 3291 3104 3329 non
3148 3289 3178 3327 a
3214 3288 3405 3344 regno.
3446 3271 3555 3327 Rex
3597 3269 3706 3331 cris,

2158 3372 2287 3427 dum
2323 3372 2458 3425 bene
2492 3372 2665 3442 regis;
2720 3372 2861 3440 quod
2918 3369 3022 3423 nisi
3072 3367 3284 3432 feceris,
3342 3382 3539 3420 nomen
3591 3364 3708 3433 regis

2161 3482 2268 3519 non
2305 3465 2357 3518 in
2395 3473 2445 3519 te
2479 3464 2787 3527 constabit,
2824 3471 2877 3517 ct
2909 3477 3103 3515 nomen
3144 3462 3287 3530 regis
3321 3461 3554 3529 perdes:
3588 3456 3708 3527 quod

2163 3559 2331 3612 absit!
2361 3557 2456 3612 Det
2487 3557 2642 3611 vobis
2680 3556 3021 3625 omnipotens
3056 3553 3199 3608 Deus
3250 3569 3480 3623 regnum
3527 3551 3710 3604 Britain-

2164 3656 2267 3705 nia:
2298 3650 2377 3704 sic
2409 3665 2614 3721 regere,
2653 3658 2710 3703 ut
2752 3652 2929 3718 possis
2961 3663 3083 3702 cum
3134 3661 3199 3700 eo
3233 3661 3465 3715 regnare
3500 3645 3550 3698 in
3582 3654 3711 3697 :eter-

2162 3760 2315 3808 num,
2350 3742 2506 3811 cujus
2540 3741 2775 3795 vicarius
2806 3740 2936 3794 estis
2971 3740 3022 3792 in
3051 3753 3216 3810 regno
3248 3738 3522 3807 praedicto.

2829 3856 2872 3885 “
2898 3853 3004 3909 'l‘it.
3046 3870 3142 3918 ιιι,
3174 3853 3261 3905 ll.
3340 3852 3383 3884 "
3419 3852 3577 3907 Rom.
3609 3867 3711 3910 nu,

3323 3994 3373 4024 ”
3408 3996 3566 4047 Anno
3598 3994 3712 4048 l873.

3323 4104 3333 4117 .
3362 4067 3417 4117 8.
3517 4066 3559 4095 ⁸⁷
3592 4062 3712 4117 Psal.

2226 4002 2271 4030 ⁸¹
2306 3994 2470 4051 Prov.
2517 3994 2684 4062 xvm,
2728 3998 2780 4049 9.
2856 3995 2903 4027 ⁸³
2947 3994 3211 4048 Materno.

2311 4066 2356 4096 ⁵⁵
2388 4064 2529 4119 l’sal.
2573 4080 2703 4117 χχιιι
2728 4105 2743 4125 ,
2778 4065 2828 4117 Ι.
2934 4066 2980 4095 ⁵⁶
3014 4063 3155 4119 l’sal.
3185 4079 3333 4127 xuv,
3362 4067 3417 4120 8.

2513 4134 2553 4164 “
2585 4132 2712 4203 Sap.
2742 4150 2781 4200 ι,
2805 4134 2853 4187 4.

482 4303 631 4341 mum
662 4297 873 4367 partum
906 4289 1162 4347 Ecclesia:
1185 4294 1580 4367 respuendum,
1614 4296 1705 4351 sed
1735 4298 1913 4367 potius
1937 4310 2051 4352 tau-
2086 4301 2131 4356 ιι
2159 4299 2527 4355 bierarcbicus
2552 4314 2580 4353 a
2615 4298 2832 4353 Christo
2878 4298 2931 4352 in
2962 4295 3201 4352 Ecclesia
3257 4296 3566 4353 institutus.
3599 4295 3711 4350 Nam

481 4372 647 4437 quam
684 4358 873 4413 matris
904 4375 1174 4437 germanae
1225 4358 1393 4437 fetum
1443 4358 1759 4433 germanum}
1806 4369 2055 4437 plurimis

484 4436 827 4508 posterorum
860 4430 1190 4508 pontificum
1207 4430 1607 4508 scriptisquasi
1636 4430 1871 4491 filiorum
1892 4440 2053 4492 vulti-

505 4466 655 4482 uua-un
671 4466 827 4481 υιυιη
861 4466 1174 4497 γυηιιιιυιιιιι
1207 4466 1426 4502 ῠιιιιγιιδ
1452 4466 1607 4504 quam
1636 4466 1871 4491 IIIIUIUIII
1895 4466 2053 4492 \Ulll‘

485 4466 586 4551 bus
628 4496 1011 4571 simillimum,
1046 4502 1128 4571 ab
1177 4502 1394 4571 injuriis
1436 4505 1775 4562 inimicorqu
1822 4509 2058 4561 vindiea-

483 4577 597 4644 tum
621 4567 795 4644 obviis
823 4570 1164 4644 amplexibus
1191 4567 1310 4627 esse
1338 4577 1726 4644 acceptandum
1766 4587 1820 4632 et
1873 4578 2056 4633 foven-

481 4638 633 4689 dum.
672 4635 799 4691 Sev.
833 4635 951 4693 sui.

554 4706 685 4780 (54)-
706 4706 988 4780 [lujusret‘
1017 4712 1193 4780 gratia
1222 4712 1535 4768 universalis
1588 4716 1732 4769 vobis
1758 4733 1790 4769 a
1841 4714 2053 4769 Christo

480 4774 629 4829 Jesu.
667 4774 719 4829 ld
752 4774 835 4831 eSt
875 4774 1036 4832 dum'
1064 4781 1335 4854 haeretici,
1394 4800 1629 4854 quorum
1670 4789 1775 4840 hoc
1819 4797 2059 4854 tempore

482 4861 716 4916 magnus
742 4862 1005 4923 numerus
1032 4859 1168 4923 erat,
1204 4853 1512 4923 universam
1558 4853 1853 4910 Ecclesiam
1887 4853 2057 4923 oppu-

482 4923 670 4996 gnant,
702 4930 810 4996 non
845 4919 1006 4996 modo
1033 4920 1326 4991 episcopis,
1352 4925 1445 4996 sed
1476 4924 1768 4996 unicuique
1789 4919 2059 4981 Cbrisiia-

482 5001 555 5040 nu
573 4986 693 5061 ejus
709 4985 1056 5061 defendendae
1066 4985 1203 5043 cura
1214 4985 1277 5061 et
1298 4994 1536 5048 studium
1560 4985 1881 5050 demandata
1900 5006 2057 5061 sunt;

479 5056 737 5109 erunibus
764 5058 909 5111 enim
937 5058 1092 5134 nobis
1142 5075 1172 5113 a
1206 5060 1315 5134 Deo
1362 5074 1687 5134 praeceptum
1726 5074 1842 5127 est,
1877 5056 2055 5120 Eccle.

483 5140 602 5193 cap.
636 5137 785 5191 tv,ut
810 5142 909 5203 pro
941 5129 1167 5203 veritate
1191 5146 1256 5185 ac
1278 5129 1489 5199 iustitia
1529 5129 1701 5203 usque
1730 5136 1798 5188 ad
1828 5143 2056 5188 mortem

482 5205 773 5252 certemus.
819 5196 927 5255 Nec
971 5198 1041 5255 ob
1082 5214 1201 5256 eam
1246 5196 1469 5258 causam
1527 5196 1881 5259 confunditur
1924 5204 2058 5259 ordo

2108 5182 2114 5185 _
2163 5151 2284 5204 cap.

2162 4370 2303 4424 sicut
2332 4369 2612 4439 quodlibet
2638 4370 2938 4424 membrum
2960 4368 3206 4439 corporis
3222 4382 3327 4439 suo
3357 4384 3583 4424 munere
3610 4368 3712 4420 fun-

2162 4455 2316 4508 gens,
2350 4438 2448 4508 pro
2475 4448 2589 4493 toto
2609 4454 2835 4509 corpore
2867 4439 3113 4492 laborare
3137 4438 3359 4509 dicitur,
3384 4439 3524 4493 adeo
3552 4449 3604 4491 ut
3629 4439 3709 4509 bac

2159 4507 2224 4561 ex
2247 4507 2397 4577 parte
2418 4510 2584 4563 totius
2603 4507 2983 4577 corporis,uon
3013 4507 3183 4576 partis
3209 4516 3426 4562 tantum
3451 4525 3578 4563 cura
3602 4508 3707 4561 abs-

2160 4594 2265 4646 que
2294 4578 2487 4648 eapitis
2520 4579 2712 4648 injuria
2744 4579 2818 4648 illi
2852 4578 3144 4631 commissa
3170 4578 3367 4632 merito
3397 4579 3504 4633 dici
3531 4577 3705 4648 possit;

2159 4648 2345 4702 eadem
2368 4647 2587 4703 ratione
2610 4649 2747 4702 dixit
2782 4647 3120 4701 Eleutherius
3155 4647 3400 4717 pontifex
3430 4688 3446 4713 ,
3482 4648 3707 4717 omnibus

2158 4726 2213 4770 et
2237 4718 2465 4785 singulis
2487 4720 2745 4774 membris
2769 4718 2892 4787 jure
2925 4715 3227 4787 meritoque
3277 4720 3603 4775 universalis
3627 4715 3706 4768 Ec—

2159 4787 2339 4843 clesia:
2366 4804 2553 4861 curam
2587 4786 2956 4861 commissam.
3004 4786 3276 4861 Novantes
3310 4804 3445 4861 ergo
3486 4791 3620 4861 hunc
3645 4787 3706 4840 lo-

2159 4870 2284 4910 cum
2316 4858 2469 4930 m’aleg
2495 4859 2881 4930 Aintelligentes,
2904 4866 3029 4912 ante
3069 4857 3358 4930 victoriam
3379 4857 3703 4930 'triumphum

2160 4926 2544 4997 canunt.Vide
2572 4925 2899 4984 Turriauum
2938 4968 2954 4994 ,
2985 4942 3106 4997 cap.
3129 4925 3184 4993 9,
3211 4927 3311 4983 lib.
3345 4945 3409 4996 ιι,
3447 4925 3701 4997 Pro-epist.

2155 4996 2352 5065 pontii.
2384 4996 2462 5053 lo.

2235 5067 2348 5190 (553
2375 5068 2916 5152 ιιι-οιιιιιίιύεεςιοίιιε
2942 5066 3015 5121 De
3035 5066 3247 5124 Britan.
3271 5068 3481 5154 Eccles.
3512 5069 3697 5141 prium.

2235 5152 2284 5204 p.
2332 5178 2368 5215 _,
2391 5140 2488 5215 sed
2515 5156 2757 5215 spumam
2772 5141 2981 5209 judieat
3001 5137 3286 5215 Coustaut.
3323 5159 3378 5198 tu
3410 5135 3699 5215 append.atl

2163 5215 2296 5260 tom.
2329 5206 2348 5261 l
2380 5206 2560 5281 Epist.
2581 5210 2731 5268 Rom.
2754 5206 2901 5283 ῥοηι.
2927 5225 3050 5281 pag.
3076 5208 3164 5266 22.
