3792 6218
156 352 3374 410 2m

1059 503 1268 715 s.
1434 427 2451 773 MELITO

375 862 1219 1025 SARDIUM
1298 870 1498 1020 IN
1581 866 2019 1022 ASIA
2102 870 3130 1032 EPISCOPUS

850 1314 1452 1427 NOTITIA
1541 1315 1722 1424 ΕΤ
1802 1317 2678 1432 FRAGMENTA

122 1530 662 1599 lCarolus_Christiarntis
687 1531 861 1599 loco,
890 1532 1219 1599 Deglllelilone.
1243 1532 1479 1599 Squljum
1517 1532 1564 1599 in
1590 1533 1730 1599 Asia
1750 1533 2005 1599 episcopo;
2046 1537 2345 1599 Dissertatio
2394 1537 2429 1595 l,
2470 1538 2535 1587 De
2566 1536 2663 1585 vita
2686 1543 2733 1587 et
2763 1535 2949 1587 meritis
2993 1540 3042 1587 S.
3089 1534 3329 1589 Memmi:

330 1592 512 1655 Ltpsite
534 1591 659 1643 1744
670 1584 1006 1655 ςἮὶεδείΊειιὶο
1031 1595 1095 1655 ll,
1118 1584 1189 1645 De
1207 1584 1405 1658 scriptis
1429 1598 1486 1646 S.
1511 1584 1923 1657 Melitonis,'cum'
1942 1584 2236 1661 fragmentis
2251 1584 3119 1662 eorum'dem,{ipsimi‘ifiﬁin-ii)

1687 1779 1757 1791 ...δ

1031 2104 1133 2165 DE
1161 2106 1223 2170 S.
1252 2107 1691 2170 MELITONIS
1724 2111 1917 2171 VITA
1950 2110 2051 2169 ET
2085 2110 2437 2171 MERlTlS.

1561 2272 1905 2329 lnstitutum.

175 2364 315 2425 Inter
345 2370 630 2439 praecipua
660 2370 844 2425 seculi
878 2380 1002 2441 post
1024 2370 1306 2425 Christum
1340 2382 1528 2425 natum
1558 2372 1784 2427 secundi
1805 2371 2065 2427 Ecclesia:
2085 2376 2408 2427 orn'amenta
2436 2374 2579 2427 haud
2616 2374 2871 2428 ultimum
2914 2376 3091 2431 locum
3125 2392 3365 2434 meretur

116 2468 331 2515 sanctus
355 2460 566 2527 Melita,
604 2460 860 2516 Sardium
893 2465 945 2517 in
975 2463 1105 2518 Asia
1135 2464 1449 2534 episcopus,
1476 2466 1558 2519 vir
1588 2466 1713 2520 vita:
1755 2466 2068 2532 sanctitate,
2100 2466 2363 2535 praeclara
2393 2468 2725 2531 eruditione,
2760 2470 3003 2523 mascula
3032 2470 3361 2528 Christianae

116 2548 391 2618 religionis
418 2549 766 2618 defensioue,
791 2552 1022 2621 aliisque
1058 2553 1113 2606 in
1142 2551 1445 2608 Eeclesiam
1471 2554 1679 2608 meritis
1715 2554 1874 2623 longe
1898 2554 2397 2621 celebratissimus;
2436 2564 2620 2623 utpote
2658 2571 2821 2624 quem
2866 2555 3038 2611 Grasci
3070 2556 3361 2628 Latinique

115 2637 313 2706 Patres,
330 2640 526 2711 primi,
552 2642 737 2708 medii,
756 2642 1040 2711 postremi,
1066 2641 1241 2696 amice
1265 2642 1673 2713 conspirantes,
1696 2650 1749 2696 et
1783 2642 1872 2711 pia
1900 2643 2137 2711 quadam
2167 2643 2333 2697 veluti
2372 2643 2717 2697 mmulatione
2743 2644 2998 2700 laudibus
3023 2649 3358 2718 extulerunt,

114 2735 524 2804 posteritatique
547 2735 914 2790 venerabilem
945 2734 1321 2793 reddiderunt.
1357 2734 1617 2806 Cogitans
1659 2736 1843 2804 itaque
1868 2736 2143 2805 quodnam
2170 2736 2515 2805 potissimum
2553 2747 2935 2806 argumentum
2989 2739 3091 2793 hoc
3138 2742 3359 2795 invicte-

115 2837 246 2881 mate
275 2830 629 2884 tractandum
652 2828 968 2899 deligerem,
1004 2845 1129 2884 cum
1159 2830 1302 2885 inter
1329 2830 1432 2884 alia
1470 2838 1525 2885 et
1544 2830 1710 2884 menti
1735 2844 1869 2883 meae
1899 2845 2019 2884 sese
2040 2828 2259 2884 oiIerret
2281 2828 2485 2895 Melito,
2529 2830 2595 2885 de
2633 2846 2698 2885 eo
2738 2830 2899 2886 etiam
2948 2847 3221 2899 exponere
3247 2849 3357 2886 non

114 2919 337 2975 multum
372 2921 653 2986 haesitavi,
685 2921 778 2976 sed
808 2936 875 2976 eo
902 2920 1068 2977 citius
1102 2921 1199 2975 inii
1235 2922 1551 2988 consilium,
1587 2929 1701 2975 tum
1738 2920 1882 2991 quod
1916 2935 2110 2987 magna
2150 2922 2336 2990 utique
2373 2921 2472 2974 viri
2516 2920 2679 2989 hujus
2724 2922 2777 2973 in
2824 2937 2938 2974 rem
2983 2920 3355 2973 Christianam

113 3013 292 3067 merita
318 3028 447 3069 esse
482 3014 907 3083 cognoscebam,
937 3030 966 3067 a
999 3014 1237 3079 nemine,
1263 3022 1528 3081 quantum
1560 3013 1730 3067 sciam
1763 3026 1884 3082 ego,
1914 3010 2171 3080 peculiari
2197 3012 2599 3065 schediasmate
2633 3020 2922 3075 enarrata;
2954 3022 3067 3064 tum
3104 3012 3248 3077 quod
3275 3012 3357 3067 sic

111 3106 318 3159 occasio
350 3106 490 3160 mihi
520 3105 817 3161 elllorescit
846 3107 1239 3161 anecdotorum
1267 3106 1659 3160 nonnullorum
1684 3147 1699 3173 ,
1742 3120 1976 3176 quorum
2004 3105 2059 3159 in
2099 3105 2292 3159 itinere
2334 3120 2456 3158 meo
2492 3106 2703 3160 condus
2753 3103 2869 3170 fui,
2920 3120 3171 3172 promum
3206 3120 3355 3159 nunc

111 3197 313 3266 agendi,
339 3206 510 3267 atque
534 3197 675 3251 beati
702 3197 866 3267 hujus
890 3197 1069 3253 Patris
1092 3196 1394 3266 fragmenta
1421 3199 1669 3267 quaedam
1696 3198 1752 3252 in
1780 3199 1955 3252 lucem
1985 3197 2363 3267 protrahendi,
2390 3198 2442 3250 in
2467 3212 2588 3267 qua:
2615 3197 2841 3251 volvens
2866 3197 3355 3267 praestantissimos

112 3290 411 3349 Bodleian-.1:
442 3297 797 3365 potissimum
825 3292 1169 3351 bibliothcme
1200 3292 1418 3347 codices
1454 3291 1594 3348 forte
1624 3293 1810 3349 incidi.
1836 3294 2024 3364 Operae
2046 3292 2171 3346 hinc
2194 3292 2427 3361 pretium
2462 3307 2549 3345 me
2578 3290 2849 3345 facturum
2878 3292 3063 3358 credo,
3096 3291 3142 3345 si
3166 3292 3351 3346 omnia

109 3401 217 3454 qua:
247 3389 314 3441 de
338 3388 624 3445 Melitonis
654 3389 790 3453 vita,
822 3390 1041 3458 scriptis
1078 3398 1133 3445 et
1161 3386 1371 3445 meritis
1403 3387 1642 3459 reperire
1667 3389 1855 3444 datum
1881 3387 2005 3453 fuit,
2038 3386 2091 3440 in
2119 3402 2285 3439 unum
2312 3399 2661 3453 congessere.
2694 3382 2765 3438 Ut
2795 3394 2977 3437 autem
3000 3383 3191 3437 ordine
3221 3398 3349 3450 per-

111 3489 407 3536 tractentur
430 3483 641 3549 omnia,
671 3483 738 3538 de
761 3484 1000 3547 nomine,
1031 3483 1228 3552 patria,
1262 3499 1458 3553 genere
1489 3494 1543 3537 et
1568 3492 1727 3538 aetate
1754 3481 1894 3553 ejus,
1925 3495 2030 3550 qua
2056 3480 2275 3544 claruit,
2300 3477 2549 3548 quadam
2580 3477 2760 3546 primo
2791 3476 2972 3532 statim
3000 3474 3121 3528 loco
3152 3473 3205 3526 in
3236 3489 3351 3526 mc-

108 3573 245 3626 dium
285 3574 568 3643 proferam
596 3593 613 3641 i;
648 3576 842 3629 deinde
873 3576 939 3630 de
965 3576 1084 3645 ejus
1118 3577 1360 3646 ingenio,
1401 3577 1707 3632 eruditione
1734 3617 1749 3641 ,
1783 3575 2143 3639 castimonia,
2184 3572 2415 3641 aliisque
2448 3571 2743 3625 virtutibus
2765 3611 2779 3633 ,
2822 3570 3063 3636 itemque
3098 3568 3164 3620 de
3202 3566 3346 3634 ejus,

108 3681 206 3733 quo
229 3666 502 3721 divinitas
524 3675 826 3721 exornatus
857 3665 957 3719 fuit
991 3668 1291 3737 praphetia:
1313 3669 1459 3722 dono
1480 3683 1658 3738 agam.
1684 3668 1855 3722 Porro
1885 3667 1952 3721 de
1982 3666 2168 3721 sedata
2192 3681 2286 3733 per
2319 3665 2437 3732 ejus
2465 3662 2769 3731 apologiam
2800 3662 2903 3715 sub
2928 3659 3108 3713 Marco
3131 3659 3353 3712 Aurelio

107 3766 154 3809 et
178 3755 344 3813 Lucio
386 3757 531 3813 Vero
572 3759 997 3826 imperatoribus
1019 3757 1461 3813 Christianorum
1488 3760 1799 3824 vexatione,
1829 3758 1896 3813 de
1930 3756 2189 3811 Ecclesiae
2213 3756 2533 3811 Laodieeua':
2566 3754 2773 3807 reddita
2801 3768 2952 3819 pace,
2975 3752 3041 3806 de
3065 3750 3351 3805 itineribus

107 3851 279 3915 variis,
307 3852 549 3920 ejusque
578 3850 721 3904 circa
755 3849 1056 3916 Canonem,
1098 3849 1306 3905 Veteris
1348 3852 1696 3921 potissimum
1734 3849 2092 3917 Testamenti,
2124 3866 2254 3905 cura
2281 3892 2295 3916 ,
2342 3865 2451 3903 uno
2482 3849 2650 3903 verbo
2693 3849 2760 3903 de
2790 3848 2910 3917 ejus
2954 3848 3006 3901 in
3048 3846 3350 3901 Ecclesiam

108 3943 303 3998 meritis
330 3945 522 4013 largus
548 3941 906 3997 dicendorum
932 3958 1159 4011 campus
1195 3958 1316 3997 sese
1341 3944 1473 3997 mihi
1508 3943 1685 3998 oili-rt.
1714 3943 1933 4013 Longus
1967 3944 2300 4012 scriptorum
2323 3959 2352 3996 a
2375 3941 2629 3995 Melitone
2660 3951 3010 3994 exaratorum
3039 3938 3349 4007 catalogus,

107 4051 254 4099 quem
288 4035 685 4104 Hieronymus,
724 4032 1011 4099 Eusebius,
1046 4034 1298 4102 Ruﬁnus,
1329 4035 1669 4105 Nieephorus
1692 4035 2080 4095 exhibuerunt,
2125 4045 2368 4088 nostram
2400 4049 2619 4104 quoque
2654 4032 2951 4087 merebitur
2980 4032 3342 4101 diligentiam.

106 4127 158 4178 ιη
178 4128 363 4196 primis
382 4135 573 4181 autem
598 4125 651 4179 in
670 4126 985 4197 colligendis
1006 4127 1109 4181 viri
1132 4128 1295 4198 hujus
1314 4128 1644 4184 sanctissimi
1666 4126 1982 4196 fragmentis
2004 4126 2225 4181 sedulus
2244 4142 2359 4193 ero,
2381 4142 2611 4196 quorum
2635 4125 2795 4180 etiam
2819 4124 3065 4195 quaedam
3089 4126 3352 4182 hactenus

108 4221 241 4289 typis
268 4221 526 4276 nondum
558 4219 830 4289 exscripta
859 4221 1137 4289 adjiciam.
1171 4220 1525 4290 Tandemque
1551 4221 1617 4274 de
1652 4220 1867 4283 haeresi,
1901 4235 2025 4288 quae
2051 4221 2119 4273 ab
2157 4236 2222 4274 eo
2254 4236 2449 4273 nomen
2470 4261 2484 4281 ,
2528 4227 2586 4271 ut
2617 4219 2671 4272 in
2696 4218 2893 4287 vulgus
2925 4218 3191 4281 creditur,
3228 4232 3351 4271 sor-

106 4314 192 4368 tita
211 4323 315 4381 est,
344 4314 560 4376 dicam,
592 4327 827 4383 eumque
856 4329 921 4368 cx
956 4314 1338 4369 hatreticorum
1372 4312 1552 4367 iudice
1597 4311 1835 4367 eximere
1865 4311 2201 4365 allaborabo.
2243 4310 2309 4365 Ut
2350 4311 2404 4363 in
2438 4325 2607 4379 pauca
2644 4325 2728 4363 me
2758 4309 3100 4373 contraham,
3144 4308 3209 4361 ad
3245 4308 3349 4360 tria

106 4406 211 4461 haec
231 4408 418 4478 capita
452 4422 675 4461 omnem
710 4408 1087 4462 tractationem
1112 4410 1384 4463 revocabo
1408 4424 1420 4459 :
1454 4405 1697 4459 Primum
1722 4403 1993 4459 Melitonis
2018 4406 2183 4460 vitam
2210 4405 2512 4473 meritaque
2528 4402 2829 4456 enarrabit.
2864 4399 2919 4453 lu
2945 4400 3117 4453 altero
3143 4398 3346 4467 scripta

105 4500 215 4567 ejus
240 4501 685 4572 recensebuntur
704 4511 865 4571 atque
885 4501 1312 4571 fragmentorum
1344 4500 1473 4555 hinc
1490 4499 1617 4554 inde
1636 4498 1971 4552 exstantium
1996 4497 2232 4567 diligens
2256 4495 2576 4549 iustituetur
2600 4492 2965 4561 spicilegium.
2992 4490 3349 4558 Tandemque

105 4590 288 4647 ultimo
304 4593 432 4648 loco
456 4591 526 4644 de
549 4590 1028 4646 Melitouianorum
1060 4591 1254 4647 hzeresi
1301 4602 1513 4662 agetur.
1550 4590 1690 4645 Cum
1732 4591 1835 4645 sub
1864 4590 2123 4645 manibus
2152 4599 2206 4643 et
2231 4596 2427 4657 praeter
2462 4602 2610 4654 spem
2639 4586 2875 4640 creverit
2907 4584 3209 4639 elaboratio
3232 4626 3247 4650 ,
3278 4601 3349 4640 ne

104 4680 315 4738 lecturis
347 4684 522 4739 nimis
550 4683 709 4754 longa
744 4684 995 4739 tractatio
1021 4698 1281 4738 nauseam
1314 4692 1549 4749 moveat,
1580 4681 1834 4750 moleque
1882 4695 1981 4735 sua
2010 4680 2261 4733 laborare
2309 4678 2555 4731 videatur
2601 4677 2914 4731 dissertatio
2964 4685 3173 4740 nostra,
3224 4690 3348 4743 per-

105 4778 434 4832 curendum
481 4792 737 4845 campum
790 4778 843 4831 in
892 4778 1067 4832 stadia
1115 4776 1427 4845 dispeseere
1474 4776 1676 4841 liceat,
1712 4781 1768 4828 et
1798 4775 1900 4828 hac
1944 4774 2063 4827 vice
2089 4774 2156 4827 de
2190 4770 2871 4826 Melitonis-tantummodo
2914 4769 3023 4823 vita
3052 4782 3347 4836 exponere,

106 4883 331 4938 cumque
361 4878 426 4923 ut
448 4867 698 4939 apprime
731 4869 974 4936 doctum,
998 4869 1292 4924 virtutibus
1337 4883 1505 4923 unum
1543 4868 1793 4921 omnium
1840 4865 1927 4920 sui
1964 4864 2227 4933 temporis
2272 4862 2510 4917 maxime
2540 4861 2823 4916 ﬂorentem
2852 4902 2867 4926 ,
2901 4869 2956 4915 et
2996 4860 3063 4914 de
3103 4858 3345 4913 Ecclesia

108 4955 191 5012 Dei
215 4959 438 5029 egregie
469 4967 772 5013 merentem
800 4960 1028 5026 sistere;
1061 4960 1269 5029 reliqua
1308 4968 1489 5013 autem
1521 4957 1611 5013 alii
1640 4957 1954 5027 propediem
1987 4956 2314 5010 insecutura!
2348 4954 2723 5009 dissertationi
2759 4968 3063 5008 reservare.
3100 4951 3347 5005 Benevo-

106 5048 210 5101 lum
244 5060 434 5105 autem
466 5050 749 5105 Lectorem
776 5052 1037 5121 majorem
1068 5052 1121 5105 in
1148 5051 1369 5106 modum
1409 5066 1541 5121 rogo
1570 5059 1734 5120 atque
1766 5049 2028 5114 obtestor,
2066 5060 2126 5102 ut
2153 5046 2534 5102 conaminibus
2562 5048 2699 5101 meis
2746 5046 2967 5112 faveat,
3016 5052 3347 5110 tenuemque

106 5139 306 5198 huncce
339 5144 593 5197 laborem
621 5143 761 5213 ωιιυί
796 5143 1033 5213 bonique
1061 5144 1328 5200 consulat.

1160 5299 1187 5370 §
1224 5298 1261 5350 I.
1311 5298 1383 5351 De
1412 5296 1681 5353 Melilonis
1716 5299 1921 5351 nomine
1954 5298 2263 5352 observatio.

169 5451 325 5507 Circa
358 5453 544 5523 ipsum
576 5448 848 5506 Melitouis
870 5467 1065 5506 nomen
1096 5452 1279 5508 statim
1310 5453 1361 5506 in
1396 5452 1585 5507 limine
1616 5452 1963 5509 tractationis
1993 5461 2193 5508 nostra:
2232 5450 2493 5510 nonnulla
2538 5460 2702 5505 erunt
2724 5450 3031 5506 adnotanda
3064 5460 3118 5506 et
3150 5451 3345 5508 obser-

106 5544 244 5600 vatio
273 5545 529 5615 quaedam
553 5544 908 5614 grammatica
945 5545 1320 5614 prmmittenda
1352 5547 1478 5612 erit,
1502 5561 1644 5615 qum,
1676 5554 1796 5600 utut
1829 5544 1964 5601 levis
2003 5544 2262 5599 momenti
2323 5559 2411 5598 res
2442 5542 2631 5600 multis
2662 5545 2830 5600 videri
2866 5544 3078 5614 possit,
3124 5545 3345 5602 silentio

106 5644 282 5691 tamen
307 5636 397 5693 vel
425 5635 551 5692 ideo
578 5651 683 5691 non
714 5639 1084 5705 przetcreuuda
1108 5639 1239 5694 mihi
1278 5640 1511 5708 videtur,
1539 5639 1707 5710 quod,
1748 5655 1870 5696 cum
1908 5656 1939 5695 a
1978 5639 2304 5709 quibusdam
2344 5636 2512 5695 fuerit
2548 5640 2826 5711 neglecta,
2862 5653 3102 5694 errorem
3148 5640 3349 5709 peperit
