3792 6218
464 302 598 357 ΗΠ
1518 301 1574 357 S.
1615 299 1871 355 MELITO
1911 298 2217 355 SARDIUM
2257 298 2656 354 EPISCOPUS.
3596 295 3706 347 lilii

464 418 521 472 in
553 437 716 490 quem
756 422 1095 476 eruditorum
1124 420 1372 474 nonnulli
1400 436 1518 473 sese
1544 419 1728 472 induci
1755 418 1899 487 passi
1928 416 2171 483 fuerunt,
2201 428 2254 472 et
2283 419 2376 488 qui
2404 417 2745 471 confusionis
2780 415 3192 484 multarumque
3240 412 3512 465 tricaruni
3540 427 3705 479 parens

465 507 625 563 facile
657 512 921 565 exsistere
948 521 1141 581 potest.
1177 509 1397 565 Scilicet
1431 510 1485 563 in
1529 509 1720 564 Latine
1758 510 2032 563 reddendo
2058 510 2231 564 nostri
2280 510 2615 565 confessoris
2655 508 2896 572 nomine,
2926 506 3072 575 quod
3101 506 3320 575 origine
3353 503 3599 558 Grzccum
3639 513 3704 555 est

467 608 521 651 et
547 599 798 653 Μελίτων
829 602 1000 666 audit,
1039 601 1267 655 diversae
1294 601 1636 655 diversorum
1676 601 2031 653 inveniuntur
2059 602 2362 655 sententiaz.
2390 602 2524 655 Aliis
2549 600 2695 654 enim
2729 597 2966 661 Melitus,
3001 598 3125 653 aliis
3163 597 3385 650 Miletus
3419 595 3502 647 vel
3528 594 3702 657 Mileto,

467 688 591 743 aliis
628 690 868 753 Meliton,
894 694 1017 746 aliis
1039 694 1277 762 denique
1326 692 1511 745 Melito
1539 693 1784 747 effertur.
1833 692 2109 757 Quaeritur
2141 694 2323 761 itaque
2351 708 2601 763 quanam
2640 693 2900 746 formatio
2948 692 3100 746 alteri
3135 692 3209 746 sit
3252 688 3624 759 pracferenda,
3665 699 3705 738 et

466 799 572 849 qua
605 786 951 853 potissimum
980 788 1366 841 terminatione
1392 802 1589 841 nomen
1625 787 1768 841 istud
1802 786 1993 841 Latine
2016 786 2235 840 veniat?
2262 786 2460 841 Facilis
2488 788 2784 840 admodum
2820 786 2886 839 ad
2934 786 3075 839 hanc
3113 784 3485 853 quaestionem
3517 780 3613 835 erit
3638 797 3705 832 re.

468 878 716 944 sponsio,
743 881 1042 933 dummodo
1065 889 1117 933 et
1156 880 1246 932 hic
1278 895 1627 933 communem
1662 868 2143 947 grammaticorum
2176 879 2407 947 pharum
2440 882 2616 947 sequi,
2650 894 2749 933 uec
2797 878 2865 931 ab
2906 878 3156 947 analogia
3186 918 3201 940 ,
3239 892 3339 929 seu
3376 873 3705 928 similitudine

468 971 700 1024 aliarum
733 986 928 1025 vocum
960 973 1216 1027 recedere
1240 972 1492 1025 velimus.
1529 970 1724 1024 Omnia
1756 982 1935 1023 autem
1964 971 2187 1023 nomina
2219 971 2435 1039 propria
2466 972 2519 1024 in
2554 971 2820 1040 syllabam
2850 987 2955 1025 των
2980 971 3122 1039 apud
3148 969 3380 1024 Graecos
3402 966 3703 1028 desinentia,

469 1058 661 1115 Latine
690 1060 743 1113 in
774 1078 834 1113 το
859 1062 1013 1115 linire
1041 1063 1289 1131 analogia
1325 1063 1484 1116 docet
1510 1079 1523 1126 ;
1558 1062 1637 1115 sic
1664 1078 1712 1113 v.
1740 1077 1788 1115 c.
1818 1060 2064 1124 Πλάτων,
2101 1060 2355 1113 Πλούτων
2384 1061 2571 1116 Latine
2616 1078 2726 1115 non
2751 1063 3009 1115 dicuntur
3034 1061 3229 1116 Platon
3267 1070 3369 1114 aut
3398 1058 3607 1123 Plutus,
3630 1058 3704 1112 sed

468 1151 651 1219 potius
680 1150 856 1213 Plato.
885 1151 1047 1207 Pluto
1071 1172 1083 1219 ;
1125 1155 1254 1208 hinc
1282 1155 1488 1208 clarum
1525 1168 1744 1223 quoque
1773 1168 1894 1207 esse
1926 1154 2183 1217 arbitror,
2214 1153 2465 1207 Μελίτων
2488 1154 2678 1208 Latine
2705 1170 2827 1208 esse
2852 1154 3056 1207 Melita.
3093 1154 3261 1208 Recte
3290 1154 3483 1223 itaque
3514 1153 3579 1205 ah
3600 1150 3705 1204 llal-

468 1247 635 1301 loixio
672 1248 749 1318 (1)
779 1250 987 1303 erroris
1016 1259 1323 1319 arguuntur
1342 1249 1537 1304 Petrus
1575 1249 1863 1319 Equilinus
1889 1258 1943 1302 et
1964 1246 2249 1318 Philippus
2276 1246 2692 1318 Bergomensis,
2734 1264 2974 1313 quorum
3026 1248 3115 1301 ille
3156 1256 3415 1301 nostrum
3468 1245 3703 1309 Melitam,

468 1338 558 1392 hic
587 1355 717 1393 vero
742 1341 994 1394 eumdem
1024 1341 1287 1401 Miletum,
1319 1344 1400 1396 vel
1432 1342 1712 1397 .llilctonen
1739 1344 1973 1397 vocavit.
2005 1342 2141 1399 Hinc
2174 1343 2447 1397 notandus
2478 1358 2693 1412 quoque
2722 1341 3007 1410 Philippus
3050 1341 3309 1395 Labbcus
3344 1340 3423 1409 (ἓ)
3452 1380 3467 1403 ,
3502 1339 3585 1393 cui
3608 1354 3705 1406 per-

469 1430 595 1486 inde
617 1445 719 1494 est,
758 1435 873 1488 sive
913 1434 1201 1499 Melitonis,
1236 1436 1349 1488 sive
1377 1436 1545 1489 Mileti
1580 1438 1802 1491 nomine
1852 1446 2039 1490 noster
2080 1436 2367 1489 salutetur.
2394 1432 2600 1504 Negare
2630 1444 2811 1488 tamen
2865 1450 2970 1487 non
3026 1449 3252 1501 possum
3303 1437 3451 1485 hunc
3492 1445 3704 1484 errorem

468 1524 655 1577 multis
679 1525 903 1593 jainjain
929 1536 1073 1579 retro
1104 1528 1317 1582 smculis
1348 1539 1612 1592 erratum,
1649 1528 2067 1599 Melitanemque
2122 1527 2311 1581 Latine
2343 1526 2589 1579 Miletum
2615 1543 2834 1595 quoque
2858 1525 3031 1581 fuisse
3054 1525 3420 1595 appellatum.
3468 1522 3558 1577 Sic
3581 1523 3702 1579 enim

469 1614 523 1666 in
547 1617 734 1671 codice
758 1619 984 1685 antiquo
1010 1620 1164 1684 satis,
1196 1622 1523 1690 optimaque
1572 1630 1733 1683 notae,
1765 1621 1857 1689 qui
1888 1620 2113 1673 Parisiis
2150 1618 2202 1670 in
2226 1619 2453 1687 collegio
2486 1617 2776 1671 Societatis
2808 1614 2939 1669 Jesu
2981 1615 3423 1670 Claromontano
3483 1628 3705 1666 asserva-

470 1715 580 1773 tur,
604 1711 808 1778 quique
833 1710 1103 1765 Melitouis
1131 1714 1355 1779 librum,
1383 1714 1590 1768 Clavim
1609 1714 1839 1776 dictum,
1866 1712 2130 1773 continet,
2163 1710 2455 1763 anterioris
2487 1707 2598 1762 folii
2621 1724 2876 1776 suprema
2906 1717 3058 1777 parte
3085 1708 3201 1760 lucc
3236 1706 3521 1775 leguntur,
3545 1702 3704 1757 eadem

466 1816 573 1869 qua
623 1802 791 1857 codex
818 1804 1022 1873 integer
1050 1822 1211 1859 manu
1246 1817 1465 1861 exarata
1492 1823 1502 1855 :
1542 1807 1779 1867 Miletus,
1818 1806 2046 1859 Asianus
2076 1804 2373 1872 episcopus,
2412 1803 2548 1855 hunc
2573 1801 2765 1855 librum
2789 1799 2975 1865 edidit,
2999 1815 3153 1868 quem
3179 1809 3230 1851 et
3261 1816 3499 1869 congruo
3532 1800 3705 1851 nomine

466 1896 675 1949 Clavim
702 1899 1010 1965 appellavit.
1046 1898 1114 1953 Ut
1140 1901 1322 1971 itaque
1351 1900 1622 1965 Labbeus,
1657 1903 1701 1955 si
1728 1902 1947 1970 quidem
1983 1898 2156 1951 errori
2184 1897 2484 1966 antiquitas
2515 1894 2883 1967 patrocinium
2911 1893 3106 1947 all'erre
3133 1902 3342 1963 potest,
3384 1896 3705 1947 excusandus

465 1988 871 2057 quodaminodo
897 1992 989 2057 sit,
1015 1996 1159 2061 quod
1188 2004 1439 2047 nostrum
1480 2010 1702 2064 quoque
1734 1994 1982 2048 Miletum
2009 1993 2304 2048 vocaverit.

1628 2147 1654 2219 §
1696 2146 1757 2200 ll.
1814 2149 1960 2203 Varii
2006 2152 2103 2200 hoc
2138 2148 2351 2200 nomine
2392 2145 2549 2199 clari.

536 2298 653 2353 Non
685 2300 1002 2373 infrequens
1032 2312 1213 2358 autem
1241 2303 1512 2361 Melit-niis
1538 2306 1591 2359 in
1621 2322 1802 2358 rerum
1836 2315 2113 2376 gestarum
2146 2302 2514 2357 monumentis
2543 2312 2873 2365 estnomen,
2906 2317 3006 2357 nec
3043 2308 3239 2353 noster
3258 2298 3429 2353 unice
3459 2295 3704 2351 memoria:

466 2396 883 2465 posteritatique
919 2398 1051 2451 illud
1085 2398 1329 2464 tradidit,
1356 2399 1449 2452 sed
1480 2400 1531 2453 in
1564 2400 1739 2454 sacris
1764 2415 1917 2468 atque
1950 2415 2014 2452 ac
2049 2398 2296 2464 profanis
2326 2398 2616 2454 annalibus
2644 2409 2938 2454 occurrunt
2969 2408 3021 2451 et
3049 2397 3141 2450 alii
3170 2395 3370 2449 eodem
3396 2434 3412 2455 ,
3457 2392 3537 2444 vel
3585 2388 3701 2443 haud

465 2493 698 2545 iii-ultum
731 2491 950 2545 diverso
981 2492 1201 2545 nomine
1225 2492 1380 2545 clari.
1410 2492 1691 2561 Philippus
1718 2490 2006 2545 Ferrarius
2045 2493 2145 2562 (5),
2177 2493 2384 2547 ordinis
2411 2490 2757 2546 Servitarum
2783 2492 3071 2563 generalis,
3102 2489 3184 2541 vir
3210 2486 3370 2541 omni
3407 2484 3703 2539 eruditionis

466 2602 665 2659 genere
687 2586 1171 2651 instructissimus,
1206 2598 1257 2641 et
1284 2590 1350 2642 de
1379 2598 1694 2644 sanctorum
1726 2588 2075 2656 potissimum
2106 2588 2264 2653 Vitis,
2293 2605 2526 2655 quorum
2553 2590 2774 2643 nomina
2821 2591 2873 2642 in
2921 2585 3375 2657 Martyrologium
3425 2583 3701 2635 Romanun

466 2696 576 2735 non
604 2678 826 2733 fuerunt
850 2682 1037 2746 relata,
1075 2683 1287 2751 egregie
1316 2682 1561 2745 meritus,
1590 2680 1862 2733 Mclitonis
1891 2681 2175 2750 cujusdam
2203 2682 2469 2737 Sulcitani
2501 2726 2515 2748 ,
2551 2684 2604 2736 in
2632 2682 2882 2735 Sardinia
2911 2680 3172 2750 episcopi,
3210 2678 3552 2733 mentionem
3585 2674 3705 2737 facit,

466 2772 772 2842 asseritque
828 2790 887 2828 se
933 2790 998 2828 ex
1035 2774 1231 2827 tabulis
1263 2784 1315 2827 et
1363 2774 1732 2827 monumentis
1762 2772 2018 2827 Ecclesia:
2052 2773 2346 2829 Sulcitanze
2392 2774 2593 2829 habere
2646 2773 3025 2827 testimonium
3076 2768 3401 2839 hujusmodi
3444 2765 3704 2821 Melitonis.

469 2863 644 2929 Sulci,
676 2882 769 2921 seu
797 2865 986 2919 Sulchi
1018 2864 1095 2937 (ιι)
1124 2868 1175 2919 in
1203 2866 1455 2921 Sardinia
1494 2865 1731 2934 episcopi
1782 2874 1835 2919 et
1865 2865 2142 2935 martyris,
2174 2881 2411 2935 eumque
2443 2866 2680 2935 primum
2728 2863 2890 2931 hujus
2913 2861 3060 2917 sedis
3091 2861 3387 2930 praesidem
3428 2860 3628 2921 statuit,
3665 2866 3709 2909 et

466 2959 757 3022 Bouifacii,
821 2961 1116 3014 Calaritani
1169 2962 1407 3030 episcopi
1459 2961 1811 3029 discipulum.
1866 2960 1951 3014 Cl.
2006 2958 2053 3013 «Ι.
2107 2959 2173 3013 Α.
2218 2958 2504 3013 Fabricius
2542 2960 2642 3028 (5),
2685 2958 2814 3028 quid
2875 2958 3020 3011 enim
3084 2956 3233 3009 hunc
3289 2956 3468 3007 latere
3520 2954 3709 3023 potuit?

467 3054 635 3124 huius
667 3071 885 3125 quoque
912 3055 1177 3119 meminit,
1204 3065 1367 3125 atque
1391 3056 1457 3109 ad
1493 3055 1809 3127 llieronynii
1848 3058 2028 3111 locum
2057 3097 2071 3121 ,
2108 3055 2200 3108 ubi
2250 3054 2317 3107 de
2343 3063 2534 3108 nostro
2557 3053 2809 3107 Melitoue
2848 3056 3027 3123 agitur
3052 3092 3067 3116 ,
3106 3050 3403 3119 diligenter
3437 3050 3710 3111 adnotavit,

466 3165 592 3203 eum
622 3164 744 3203 cum
785 3148 1065 3202 Sulcitano
1090 3149 1314 3202 minime
1338 3166 1457 3203 esse
1481 3148 1947 3203 confundendum.
1980 3149 2035 3201 ln
2071 3149 2216 3201 Actis
2244 3146 2561 3200 Sanctorum
2593 3146 2691 3216 (6),
2721 3162 2841 3215 quae
2871 3146 3055 3199 multis
3087 3146 3467 3199 voluminibus
3500 3147 3711 3197 Antwer-

466 3239 570 3308 pia:
600 3241 859 3310 singulari
886 3241 934 3296 J.
984 3242 1249 3304 Ballandi,
1285 3241 1609 3296 llenschenii
1636 3284 1651 3306 ,
1682 3240 2043 3311 Papebrochii
2090 3241 2435 3309 aliorumque
2495 3256 2627 3293 cura
2666 3240 2789 3293 inde
2821 3241 2889 3293 ab
2930 3255 3075 3293 anno
3124 3240 3266 3292 1615
3308 3240 3628 3309 prodierunt
3670 3248 3712 3289 et

466 3333 647 3387 adhuc
669 3334 960 3402 prodeunt,
993 3335 1057 3388 de
1091 3334 1359 3388 Sulcitani
1394 3336 1559 3405 hujus
1614 3336 1723 3388 vita
1749 3336 1998 3404 quaedam
2036 3335 2315 3389 memoria:
2345 3334 2697 3387 mandantur.
2738 3332 2979 3387 Ecclesia
3017 3332 3335 3387 Laodiceua
3359 3334 3601 3403 ejusdem
3633 3345 3715 3383 ιιο-

468 3424 633 3478 minis
659 3426 823 3479 etiam
844 3427 1159 3495 episcopum
1192 3428 1401 3492 habuit,
1432 3428 1592 3496 cujus
1638 3428 1825 3496 passio
1874 3428 2048 3480 sancti
2084 3426 2313 3481 Joannis
2370 3428 2721 3497 evangelista:
2756 3426 3102 3488 celebratur,
3150 3442 3275 3493 quae
3312 3424 3545 3479 Oxnniae
3591 3425 3714 3477 inter

466 3518 704 3583 codices,
728 3534 867 3587 quos
901 3518 1204 3573 indelebilis
1229 3520 1507 3573 memoria:
1528 3520 1611 3572 vir
1632 3518 1872 3573 Thomas
1893 3518 2139 3572 Bodlmus
2169 3518 2507 3573 bibliothecae
2531 3519 2761 3588 publica:
2784 3518 3004 3587 legavit,
3028 3518 3409 3587 manuscripta
3442 3516 3711 3583 exstat(7),

468 3618 518 3663 et
553 3628 715 3680 quam
748 3610 796 3664 J.
827 3612 993 3666 Maria
1024 3613 1393 3668 Florentinius
1422 3614 1523 3683 (8),
1558 3622 1611 3667 et
1632 3628 1698 3666 ex
1742 3626 1808 3665 eo
1856 3611 2019 3665 modo
2052 3620 2387 3665 memoratus
2416 3610 2703 3667 Fabricius
2728 3612 2804 3679 (9)
2833 3610 2974 3683 typis
2996 3610 3423 3666 exscribendam
3449 3618 3711 3668 curarunt,

468 3712 555 3755 ast
579 3704 763 3759 nescio
791 3720 852 3759 ex
880 3723 987 3775 quo
1033 3706 1254 3771 codice,
1296 3708 1345 3760 id
1372 3718 1582 3760 tantum
1620 3722 1729 3761 non
1772 3706 1983 3775 ignoro,
2019 3703 2183 3759 Beato
2228 3704 2426 3759 Joanni
2471 3705 2704 3760 Ernesto
2754 3705 2957 3759 Grabio
3001 3704 3298 3759 consilium
3344 3706 3521 3762 fuisse
3559 3706 3718 3759 denuo

380 3846 389 3857 ,
469 3793 641 3858 illam,
675 3796 720 3850 si
752 3797 1163 3865 supervixisset,
1183 3812 1245 3850 ex
1273 3797 1461 3851 codice
1485 3797 1789 3868 Anglicauo
1820 3796 2036 3849 edendi.
2064 3798 2143 3849 lta
2167 3796 2313 3849 enim
2343 3812 2428 3850 me
2451 3798 2757 3851 docuerunt
2787 3796 2887 3849 viri
2912 3797 3077 3866 hujus
3104 3798 3299 3865 optimi
3344 3798 3581 3861 schedaa,
3609 3801 3715 3865 post

468 3900 701 3944 mortem
736 3890 850 3960 ejus
882 3891 1021 3945 inter
1052 3892 1265 3945 cimelia
1312 3892 1653 3947 bibliotheca:
1697 3891 2035 3953 Bodleianaa,
2077 3907 2173 3944 ceu
2210 3891 2351 3945 inter
2396 3892 2573 3945 sidera
2610 3893 2791 3945 relatae
2816 3934 2829 3956 ,
2870 3891 3053 3961 ibique
3082 3892 3379 3961 diligenter
3420 3901 3710 3951 asset-vnter.

468 3998 607 4051 quas
646 3998 753 4037 non
801 3984 917 4037 sine
942 3983 1138 4053 insigni
1178 3985 1550 4039 emolumento
1576 3986 1826 4037 volutare
1854 3983 2289 4039 clarissimorum
2317 3983 2608 4037 custodum
2641 3984 2959 4037 humanitas
2994 3984 3127 4036 mihi
3158 3986 3461 4039 concessit.
3514 3985 3586 4037 De
3627 3985 3712 4037 hoc

470 4076 723 4131 Ilelitone
751 4077 1078 4144 Laodiceno,
1111 4078 1338 4132 videmla
1368 4079 1555 4147 utique
1585 4086 1713 4133 sunt
1742 4093 1804 4131 ea
1848 4094 1970 4147 quae
2013 4076 2458 4144 incomparabilis
2501 4074 2781 4130 Fabricius
2819 4077 2930 4145 (10)
2963 4077 3165 4145 passim
3206 4078 3273 4130 de
3320 4093 3389 4130 eo
3420 4077 3701 4131 annotavit.

470 4167 614 4223 Inter
647 4170 1006 4239 quadraginta
1037 4180 1300 4240 martyres
1326 4169 1567 4224 Sehasta:
1590 4173 1642 4225 iu
1684 4171 1937 4225 Armenia
1976 4170 2078 4223 sub
2107 4170 2487 4237 persecutione
2522 4169 2711 4225 Licinii
2738 4171 2799 4222 A.
2851 4169 2911 4223 (Σ.
2942 4168 3048 4223 520
3069 4211 3083 4234 ,
3118 4168 3326 4239 frigore
3358 4181 3635 4235 enecatos,
3662 4170 3713 4222 de

472 4266 675 4333 quibus
697 4265 884 4320 Basilii
914 4265 1113 4335 Magni,
1139 4264 1385 4335 Gregorii
1410 4263 1638 4336 Nysseni
1665 4309 1678 4329 ,
1706 4264 1940 4335 Ephrem
1980 4262 2122 4333 Syri,
2149 4263 2438 4318 Gaudentii
2484 4264 2784 4320 Brixiensis
2826 4266 3173 4334 aliorumque
3221 4267 3474 4336 insignes
3523 4274 3713 4321 exstant

469 4355 771 4422 orationes,
796 4357 1103 4411 celebratur
1126 4365 1179 4410 et
1205 4355 1476 4413 Mclitonis
1502 4358 1725 4411 nomine
1756 4373 1923 4424 unus,
1956 4365 2187 4424 quartus
2212 4370 2243 4408 a
2270 4356 2557 4426 principio,
2584 4366 2744 4425 prout
2767 4372 2829 4410 cx
2860 4355 3236 4412 Bollandianis
3258 4358 3407 4414 inter
3440 4377 3500 4416 se
3522 4357 3711 4414 collatis

536 4534 611 4616 (1)
656 4532 1062 4616 InJllluslriuni
1099 4532 1668 4616 Ecclesite_01°ieiitalis
1696 4532 2036 4616 scriptorum,
2072 4516 2116 4571 Α
2144 4530 2412 4616 ἀίηςιιειὶε,
2442 4546 2603 4616 quam
2631 4531 2784 4616 Δξτιιιι.
2821 4531 3058 4614 Patrick,
3090 4534 3249 4597 1751,
3285 4540 3523 4616 curavit.

502 4600 554 4674 ni
595 4600 876 4659 sanctitate
901 4607 1063 4674 juxta
1084 4616 1131 4659 et
1185 4607 1479 4658 eruditione
1510 4620 1631 4657 swc.
1676 4619 1711 4655 ιι
1744 4604 2037 4671 ﬂoruerunt
2161 4672 2170 4674 _
2213 4601 2389 4674 rt5)ﬂln
2442 4600 2771 4655 Bibliotheca
2829 4604 3151 4672 scriptorum
3212 4608 3707 4670 ecclesiasticarum,

524 4675 612 4728 itis
642 4688 690 4726 et
725 4672 1075 4739 documentis,
1108 4677 1201 4729 lol.
1240 4678 1359 4729 8'58.

866 4672 1075 4739 trientis,
1108 4677 1201 4729 lol.
1240 4678 1359 4729 8'58.
2148 4672 2241 4726 fol.
2271 4672 2356 4724 95.

539 4743 615 4811 (9)
660 4743 761 4809 Qui
794 4747 845 4803 in
884 4746 1033 4799 Nova
1062 4747 1393 4800 Bibliotheca
1426 4761 1551 4798 mss.
1595 4745 1852 4797 librorum
1881 4786 1895 4805 ,
1925 4744 2037 4797 sive
2220 4742 2294 4810 (ϐ)
2339 4741 2536 4793 Mensis
2562 4742 2731 4810 April.
2769 4752 2899 4795 tom.
2938 4745 2980 4803 Ι,
3015 4743 3109 4796 fol.
3139 4745 3225 4797 11.

466 4813 767 4887 speciniine
786 4818 1132 4885 antiquarum
1153 4818 1445 4871 lectionum
1474 4816 1787 4887 Latinarum
1814 4826 1863 4887 et
1890 4814 2038 4887 Grae-
2186 4814 2297 4887 __(7)
2328 4812 2761 4887 Videtlatalogos
2793 4814 3069 4887 libroruin
3091 4816 3704 4887 manuscriptorumAn-

465 4900 655 4937 carum
690 4885 743 4937 in
794 4901 843 4938 tv
870 4882 1049 4956 partes
1091 4887 1415 4940 tributurum
1438 4928 1451 4952 ,
1494 4885 1721 4940 Parisiis
1768 4886 1924 4949 1655,
1959 4884 2037 4956 4ῗ,
2149 4885 2275 4956 glia;
2304 4894 2357 4956 et
2386 4882 2653 4956 Hiberniae
2679 4886 2731 4956 in
2763 4900 2929 4937 unum
2968 4885 3228 4938 collectos
3268 4897 3325 4940 et
3356 4882 3394 4940 ἐ
3424 4888 3525 4941 Th.
3557 4886 3700 4955 llyde,

466 4963 623 5023 parte
653 4951 927 5027 secunda,
955 4957 1011 5011 in
1050 4973 1158 5027 qua
1195 4958 1391 5011 biblica
1435 4951 1489 5009 et
1521 4956 1823 5027 theologica
1862 4954 2039 5027 conti-
2150 4951 2490 5027 bibliotheca:
2516 4951 2820 5027 Bodleiana:
2853 4956 3463 5027 protobihliothecario,
3507 4951 3701 5011 Oxonia'

464 5034 685 5096 nentur,
711 5041 832 5096 pag.
856 5026 946 5090 21,
981 5023 1089 5085 ita}
1116 5027 1290 5081 Clanis
1322 5044 1487 5081 sacrm
1513 5026 1824 5094 Scriptum,
1859 5024 2039 5077 Mileto
2146 5024 2305 5085 1697,
2324 5040 2362 5096 ρ
2388 5024 2599 5076 theatro
2628 5023 3004 5096 Slieldnnianu
3029 5026 3246 5080 duobus
3275 5023 3637 5081 voluminibus
3659 5027 3698 5076 iu

464 5111 555 5147 seu
592 5094 859 5156 Melitone.
902 5100 1125 5161 Asiana,
1158 5110 1213 5152 ut
1244 5099 1443 5159 volunt,
1474 5099 1715 5165 episcopo
1746 5105 1980 5147 auclore.
2143 5095 2239 5149 fol.
2275 5094 2471 5165 editos,
2492 5104 2633 5165 tom.
2665 5094 2703 5156 I,
2735 5110 2857 5163 pag.
2905 5094 3035 5160 125,
3067 5098 3257 5150 codice
3292 5097 3440 5152 2452
3463 5143 3477 5163 ,
3520 5097 3698 5150 Bodlei.

539 5165 615 5239 (ᾖ)
656 5166 710 5218 lii
738 5168 997 5239 Catalogo
1028 5170 1263 5239 generali
1292 5163 1627 5239 sanctorum,
1651 5163 2038 5239 'quinonusunt
2142 5165 2203 5219 F.
2242 5165 2294 5239 7ἶ
2347 5163 2401 5217 4.
2426 5163 2549 5239 -52λ
2583 5180 2705 5233 pag.
2737 5165 2859 5239 191,
2908 5166 3081 5239 b,_sq.
3138 5166 3701 5239 Ejusdeingfragincnla

466 5235 521 5308 i_n
546 5233 1213 5308 Martyrologio'Romano
1240 5280 1254 5302 ,
1304 5237 1544 5291 Venetiis
1584 5233 1728 5291 anno
1778 5236 1943 5300 1625,
1982 5236 2036 5289 in
2140 5236 2389 5308 quadam
2407 5233 2955 5308 ξιιιςαιςηζιξᾳιτιιηι
2983 5233 3359 5289 inveniuntur.
3390 5233 3700 5292 Vide'Mout-

466 5304 916 5379 Qu._ad__Kaleiid.
945 5311 1167 5379 Aprilis.
1532 5378 1539 5379 ί
1772 5378 1781 5379 7
2139 5304 2363 5379 faucon.
2392 5304 2659 5379 _Bi_lglioth.
2686 5305 3353 5379 Bibliothecarumgp.ll,
3384 5310 3506 5361 H9...

540 5376 616 5441 (4)
664 5376 800 5431 Urbs
828 5374 1093 5461 Sardinia
1121 5379 1427 5461 notissima,
1456 5378 1614 5458 cujus
1643 5378 1784 5446 apud
1824 5386 2037 5459 veteres
2210 5377 2288 5499 δε)
2324 5374 2407 5429 Ad
2454 5374 2898 5446 Martyrologium
2935 5386 3089 5431 vetus
3132 5374 3189 5431 SI
3240 5376 3577 5449 Hieronymi,
3601 5392 3698 5445 pag.

540 5464 723 5499 iuuens
751 5460 1234 5499 occurritmentio.
1268 5448 1433 5499 Miror
1458 5449 1605 5499 Frid.
1642 5446 2031 5499 Spanhemium
2142 5447 2209 5499 15
2250 5487 2261 5498 .

467 5445 723 5517 frequens
751 5451 991 5504 occurrit
1012 5451 1234 5504 mentio.
1268 5448 1433 5502 Miror
1458 5449 1605 5502 Frid.
1642 5445 2031 5517 Spanhemium
2142 5445 2261 5501 150.

470 5518 523 5569 in
562 5513 885 5589 Geographie
916 5537 1012 5574 sua
1043 5538 1195 5573 sacra
1224 5530 1272 5573 et
1296 5518 1650 5573 ecclesiastica
1679 5513 1882 5571 nullam
1913 5516 2033 5584 ejus
2216 5517 2291 5589 (9)
2334 5516 2403 5589 ln_
2418 5513 2611 5589 codice
2626 5517 2949 5589 apocrypho
2965 5516 3030 5570 Ν.
3067 5516 3132 5571 T.
3157 5530 3313 5585 parte
3344 5537 3429 5583 ιιι,
3450 5536 3567 5589 pag.
3595 5513 3697 5589 (illi.

470 5588 800 5659 mentionem
841 5590 1115 5657 injecisse,
1147 5607 1269 5644 cum
1316 5600 1493 5642 tamen
1537 5590 1700 5643 fuerit
1734 5590 1889 5641 sedes
1925 5589 2033 5655 epi-
2214 5588 2325 5655 (10)
2368 5587 2545 5659 (litato
2582 5587 2675 5659 lib.
2708 5586 2857 5654 parte
2883 5603 2941 5650 ιι,
2975 5604 3095 5657 pag.
3129 5589 3256 5647 789.
3301 5591 3430 5647 790,
3452 5586 3590 5641 ‘ct‘in
3614 5586 3692 5659 Bi-

473 5656 729 5729 srnpalis.
752 5653 985 5723 Confer,
1024 5662 1066 5712 si
1103 5653 1320 5727 placet,
1375 5660 1591 5713 Cellarii
1650 5653 2033 5729 Geogrltpltiant
2146 5653 2401 5729 liliothectt
2434 5656 2617 5711 (ἐνατία
2644 5653 2737 5712 lib.
2776 5674 2825 5726 v,
2856 5653 3070 5726 capCl,‘
3093 5670 3208 5714 sect
3253 5660 3308 5721 ‘2,
3346 5662 3488 5729 3'2”.
3520 5662 3614 5711 vol.
3646 5653 3691 5715 Vi

473 5727 637 5794 attliq.
678 5743 728 5795 ι).
752 5729 837 5795 Sil,
869 5731 1275 5798 editionis,qu;e
1307 5730 1435 5784 mihi
1461 5732 1524 5784 ad
1557 5727 1873 5794 tuanus'est,
1897 5727 2033 5781 Lon-
2144 5746 2264 5799 pag.
2309 5728 2424 5781 185.
