3792 6218
486 259 626 313 115Ξί
1530 255 1587 309 S.
1632 254 1883 309 MELITO
1922 254 2227 311 SARDIUM
2266 255 2664 312 EPISCOPUS.
3600 254 3721 306 “:36

487 373 637 427 xime
671 370 820 425 dedit
837 376 1185 437 proventum.
1215 364 1353 421 Hinc
1380 367 1704 436 cognomine
1742 368 1981 422 Asianus
2025 370 2290 423 salutatur
2329 367 2660 439 Hieronymo
2704 367 2817 438 (57)
2863 379 2915 423 et
2948 363 3210 425 Chronici
3242 368 3604 424 Alexandrini
3637 384 3721 422 au-

482 463 621 516 ctori
652 462 788 532 (58).
814 460 987 527 Quam
1017 471 1196 513 autem
1228 458 1282 511 in
1311 458 1492 527 specie
1519 460 1854 529 provinciam
1881 460 2026 515 Asiae
2048 462 2277 530 patriam
2310 460 2582 523 habuerit,
2618 470 2671 513 et
2702 476 2825 529 quae
2860 461 3204 530 potissimum
3231 462 3365 517 urbs
3399 460 3503 530 ipsi
3531 462 3721 514 natales

481 554 711 619 dederit,
742 551 1045 606 tacentibus
1074 549 1312 603 historia:
1338 551 1724 614 monumentis.
1750 550 1975 605 definire
2000 568 2107 605 non
2136 552 2329 605 audeo.
2365 549 2633 604 Halloixio
2656 550 2767 619 (59)
2792 550 3007 618 quidem
3034 550 3503 604 verisimillimum
3527 550 3721 602 videtur

489 646 751 699 Sardibus
781 660 906 698 eum
934 644 1102 697 fuisse
1130 653 1340 707 natum,
1368 652 1529 712 atque
1552 659 1856 714 cognomen
1891 644 2198 709 Sardensis,
2231 644 2315 698 vel
2346 644 2547 698 rectius
2578 642 2859 707 Sardiani,
2891 642 3080 696 tulisse
3113 659 3221 695 non
3249 639 3637 695 tantummodo
3659 640 3718 691 ob

484 738 871 793 habitationem
905 746 959 791 et
989 752 1190 790 munus
1210 737 1473 805 episcopi,
1497 738 1644 806 quod
1684 738 1739 791 in
1778 739 1915 792 urbe
1943 739 2199 794 Sardium
2226 741 2424 809 gessit;
2452 738 2546 795 sed
2593 737 2754 791 etiam
2779 737 2850 790 ob
2887 736 3224 791 nativitatem
3257 745 3316 790 et
3348 735 3605 805 patriam.
3640 736 3718 785 Ast

482 848 608 886 cum
640 833 1011 900 conjecturam
1045 847 1200 886 suam
1237 832 1369 885 nulli
1401 832 1490 885 alii
1527 831 1880 887 fundamento
1912 836 2357 903 superstruxerit,
2394 850 2558 904 quam
2590 832 2736 904 quod
2767 830 3055 886 Sardensis
3089 829 3525 900 cognominatus
3547 827 3649 887 sit,
3677 834 3722 880 ut

480 928 531 979 ei
564 927 901 981 subscribam
935 926 1085 979 nullo
1123 927 1284 981 modo
1330 926 1427 980 abs
1469 942 1555 980 me
1602 926 1891 995 impetrare
1921 943 2168 997 possunt,
2203 929 2325 983 licet
2365 944 2463 983 nec
2504 928 2675 996 aperti
2709 926 2912 979 erroris
2936 939 3060 978 eum
3110 925 3254 977 hanc
3279 921 3353 975 ob
3386 933 3610 974 causam
3640 932 3718 971 υ·-

479 1035 645 1089 guere
678 1019 858 1071 velim.
892 1017 1022 1087 Ejus
1050 1028 1228 1073 tamen
1274 1021 1538 1075 sententia
1572 1036 1670 1074 cur
1701 1020 1912 1073 inﬁrma
1962 1028 2016 1072 et
2058 1020 2304 1089 precario
2348 1029 2560 1073 asserta
2606 1016 2741 1071 mihi
2793 1016 3055 1077 videatur,
3110 1013 3480 1084 sequentibus
3511 1009 3718 1065 inducor

492 1112 817 1167 rationibus.
849 1109 1031 1163 Primo
1060 1112 1205 1181 quod
1237 1112 1426 1164 nullibi
1454 1112 1595 1165 nude
1625 1112 1921 1180 appelletur
1950 1106 2270 1175 Sardensis,
2303 1111 2393 1164 sed
2444 1111 2512 1163 ita
2546 1123 2757 1177 semper
2786 1108 3107 1161 ordinentur
3135 1105 3331 1170 verba,
3374 1111 3440 1157 ut
3465 1101 3612 1155 nullo
3638 1115 3718 1153 ne-

479 1205 630 1273 gotio
662 1204 842 1257 statim
876 1212 1074 1271 pateat,
1101 1218 1223 1256 eum
1252 1218 1354 1255 non
1388 1202 1458 1255 ob
1488 1204 1741 1271 patriam,
1770 1203 1862 1256 sed
1894 1203 1965 1255 ob
1994 1203 2312 1270 dignitatem
2341 1202 2499 1256 unice
2522 1201 2942 1255 ecclesiasticam
2972 1200 3073 1253 hoc
3108 1211 3425 1266 cognomen
3453 1194 3719 1249 meruisse.

482 1300 573 1352 Sic
606 1314 657 1351 v.
697 1314 745 1351 c.
776 1296 1008 1349 Eusebio
1044 1304 1267 1349 vocatur
1296 1311 1309 1345 :
1340 1295 1451 1364 Τῆς
1484 1297 1541 1347 ὲν
1571 1295 1799 1365 Σάρδεσι
1828 1295 2058 1365 παροικίι

2185 1294 2444 1355 πίσκοπος
2475 1291 2584 1362 (60)
2612 1306 2623 1341 :
2658 1292 2757 1361 τῆς
2792 1294 2847 1344 ὲν
2872 1290 3129 1361 Σάρδεσιν
3158 1286 3496 1356 Ἐκκλησίας
3522 1285 3718 1338 ἐπίσκο-

482 1410 581 1454 πος
612 1390 720 1461 (61)
752 1406 764 1441 :
791 1387 1100 1461 Σαρδιανῶν
1131 1388 1422 1450 ἐπίσκοπος
1452 1388 1549 1457 τῆς
1581 1387 1777 1449 Λυδίας
1808 1387 1939 1457 (62),
1969 1388 2045 1440 sic

2185 1387 2283 1439 lino
2311 1405 2328 1435 ι
2361 1385 2649 1441 Sardensis
2672 1385 2898 1438 antistes
2925 1383 3203 1442 Ecclesiae,
3230 1381 3534 1451 episcopus
3557 1377 3719 1432 Eccle-

481 1487 577 1538 sia:
614 1484 903 1538 Sardensis
942 1482 1076 1551 (6'5),
1122 1501 1138 1532 ι
1174 1482 1251 1535 sic
1276 1481 1624 1551 llieronymo,
1655 1480 1961 1550 Nierphoro
1984 1482 2231 1549 aliisque.
2255 1481 2300 1531 Α
2328 1481 2540 1534 nemine
2565 1489 2748 1534 autem
2775 1488 3015 1534 veterum
3051 1478 3397 1546 scriptorum
3421 1474 3721 1543 simpliciter

480 1578 798 1649 Σαρδιανὸν,
836 1595 854 1626 ι
887 1574 1211 1629 Sardensetn
1242 1576 1356 1628 sive
1385 1573 1710 1627 Sardianum
1745 1593 1762 1624 ι
1794 1589 1916 1628 eum
1949 1575 2275 1643 appellatum
2304 1575 2503 1627 inveni.
2538 1574 2779 1629 Alterum
2810 1572 2952 1642 quod
2982 1587 3069 1625 me
3106 1578 3316 1634 movet,
3351 1570 3463 1622 hoc
3489 1576 3590 1629 est,
3621 1566 3720 1618 istis

487 1670 823 1737 temporibus
859 1668 1026 1721 moris
1058 1683 1161 1721 non
1194 1675 1301 1719 tam
1349 1665 1517 1718 fuisse
1561 1663 1817 1718 Ecclesia:
1856 1666 2170 1720 doctoribus
2200 1682 2231 1719 a
2276 1665 2447 1734 patria
2471 1666 2797 1736 cognomina
2829 1667 3129 1732 imponere,
3159 1663 3255 1717 sed
3286 1676 3386 1715 eos
3410 1661 3482 1714 ab
3508 1658 3720 1712 Ecclesia

486 1761 687 1827 potius,
714 1763 799 1815 cui
825 1770 1108 1830 prmerant,
1138 1759 1225 1811 illa
1247 1758 1455 1811 tulisse.
1482 1754 1573 1809 Sic
1600 1757 1745 1809 enim
1775 1759 2004 1826 lgnatio,
2028 1756 2227 1812 Nonne
2254 1759 2306 1811 in
2333 1758 2581 1814 Sardinia
2614 1766 2741 1810 nato
2760 1756 2893 1825 (64),
2922 1754 3281 1817 Antiocheui;
3314 1750 3585 1807 Clementi
3608 1748 3720 1817 (65).

484 1852 577 1919 qui
618 1852 857 1905 Italicam
894 1862 1036 1906 certe
1069 1850 1296 1920 patriam
1328 1864 1435 1902 non
1473 1848 1682 1913 habuit,
1720 1847 1989 1914 Romani;
2024 1852 2230 1904 Irenaeo
2266 1850 2400 1919 (66),
2429 1850 2519 1904 cui
2561 1849 2688 1902 Asia
2717 1850 2883 1902 vitam
2921 1846 3088 1911 dedit,
3121 1844 3519 1914 Lugdunensis
3550 1854 3723 1909 cogno-

488 1946 636 1999 mina
666 1945 845 1998 addita
888 1944 1255 2005 inveniuntur,
1293 1952 1439 1997 certe
1465 1958 1571 1996 non
1596 1944 1667 1996 ob
1700 1943 1952 2010 patriam,
1998 1942 2090 1995 sed
2122 1943 2193 1995 ob
2239 1959 2436 1996 munus
2482 1944 2719 2012 episcopi
2752 1941 3064 2011 regionibus
3103 1938 3224 1993 istis
3267 1938 3723 1991 administratum.

486 2037 724 2093 Eeontra
756 2036 868 2101 alii,
898 2050 1038 2104 quos
1074 2050 1251 2088 rerum
1284 2042 1510 2087 eventus
1559 2035 1615 2088 in
1656 2034 1862 2086 nullam
1907 2034 2218 2087 cathedram
2246 2033 2443 2097 evexit,
2484 2043 2604 2087 utut
2646 2035 2712 2087 de
2738 2047 2928 2087 eorum
2956 2031 3129 2099 patria
3155 2028 3479 2083 certissime
3511 2037 3718 2087 constet,

486 2128 699 2181 tmllum
730 2138 907 2181 tamen
934 2128 1001 2180 ab
1032 2143 1094 2181 ea
1119 2142 1419 2195 cognomen
1443 2136 1790 2196 acceperunt,
1824 2142 1889 2179 ne
1917 2126 2123 2179 scilicet
2158 2141 2255 2195 pro
2302 2126 2569 2195 episcopis
2607 2125 2743 2180 falso
2776 2125 3122 2178 haberentur.
3151 2124 3247 2177 Sic
3281 2121 3565 2187 Justinus,
3588 2123 3723 2191 cujus

489 2226 632 2269 terra
668 2228 840 2270 mater
872 2216 1115 2270 Samaria
1158 2216 1280 2282 fuit,
1313 2232 1420 2271 non
1468 2215 1867 2282 Samaritanus,
1896 2215 1989 2269 sed
2025 2217 2143 2268 κατ’
2186 2216 2377 2287 ὲξοχήν
2424 2226 2627 2287 martyr
2664 2228 2905 2270 vocatur.
2950 2214 3040 2269 Sic
3084 2212 3381 2285 Origenes,
3409 2213 3722 2267 Alexandriae

489 2320 673 2373 natus,
701 2327 729 2362 a
754 2312 923 2379 patria
954 2310 1176 2364 minime
1206 2310 1627 2377 Alexandrinus,
1663 2312 1755 2365 sed
1782 2311 1853 2364 ob
1882 2310 2129 2363 laborum
2160 2311 2475 2379 patientiam
2514 2310 2883 2381 Χώκὲντερος
2910 2324 3005 2363 seu
3045 2307 3424 2361 Adamantius
3471 2300 3700 2375 cognoui

489 2411 670 2457 natur.
706 2404 796 2457 Sic
824 2405 1092 2457 innumeri
1117 2404 1230 2468 alii,
1258 2420 1491 2473 quorum
1525 2406 1755 2472 patriam
1787 2413 2124 2473 compertam
2170 2405 2453 2469 habemus,
2478 2404 2681 2457 nullam
2712 2404 2780 2457 ab
2803 2419 2863 2456 ea
2892 2402 3213 2471 gentilitiam
3247 2400 3535 2469 accipiunt
3562 2398 3719 2467 appel-

488 2492 769 2549 lationem.
808 2490 1027 2549 Veteres
1058 2497 1259 2565 potius,
1289 2496 1394 2549 viri
1441 2496 1673 2563 alicujus
1716 2497 1942 2565 patriam
1977 2498 2308 2565 expressuri,
2348 2497 2664 2567 generaliori
2697 2497 2929 2565 quodam
2967 2505 3019 2548 et
3062 2495 3258 2548 laxiori
3294 2502 3515 2548 tantum
3546 2508 3718 2561 cogno-

491 2585 640 2639 mine
675 2586 859 2639 Asiani
895 2586 978 2640 vel
1012 2585 1252 2639 Africani
1281 2585 1425 2639 illam
1461 2585 1701 2639 indicare
1725 2594 2037 2639 sueverunt.
2070 2584 2182 2639 lloc
2214 2595 2267 2639 et
2298 2584 2532 2640 Melitoni
2565 2594 2748 2638 nostro
2777 2584 3020 2650 contigit,
3062 2585 3135 2637 ita
3172 2592 3231 2636 ut
3262 2596 3375 2636 non
3409 2584 3529 2637 sine
3556 2594 3722 2650 magna

492 2678 887 2745 probabilitatis
916 2679 1097 2747 specie
1145 2678 1445 2732 asseruisse
1486 2678 1617 2730 mihi
1666 2678 1883 2743 videar,
1912 2692 1977 2731 ex
2010 2679 2126 2731 solo
2158 2675 2449 2731 Sardensis
2488 2678 2814 2747 cognomine
2862 2675 3193 2731 llalloixium
3223 2674 3490 2744 colligere
3525 2691 3724 2745 prorsus

494 2786 602 2824 non
636 2770 893 2839 potuisse,
934 2766 1157 2840 Lydiam
1195 2768 1426 2839 ejusque
1456 2770 1771 2839 primariam
1803 2772 1993 2823 urbem
2022 2769 2223 2824 Sardes
2251 2772 2298 2824 ei
2336 2771 2569 2839 patrium
2599 2770 2873 2825 exstitisse
2895 2770 3089 2823 solum.

1645 2913 1675 2987 ᾗ
1716 2910 1779 2969 ν.
1823 2914 2048 2979 Quando
2090 2913 2572 2984 Melt'mrﬂoruerit.

564 3075 660 3130 Ast
690 3076 873 3130 relicta
914 3074 1053 3144 ejus,
1104 3088 1266 3144 quam
1320 3070 1499 3128 minus
1528 3085 1860 3143 compertam
1908 3073 2170 3128 habemus
2199 3084 2391 3143 patria,
2436 3078 2502 3129 ad
2551 3074 2654 3129 alia
2699 3083 3065 3139 transeamus,
3090 3086 3215 3143 quae
3258 3074 3441 3144 magis
3474 3084 3595 3128 sunt
3623 3087 3727 3141 per-

492 3178 699 3238 specta,
734 3178 895 3237 atque
928 3168 993 3221 de
1031 3177 1205 3231 :etate,
1233 3180 1339 3237 qua
1370 3167 1599 3222 celebris
1633 3170 1842 3223 exstitit
1891 3177 2075 3223 noster
2103 3168 2213 3236 jam
2240 3167 2630 3237 disquiramus.
2677 3165 2735 3221 In
2764 3182 2826 3220 ea
2861 3165 3193 3229 definienda,
3228 3170 3524 3236 sequentia
3554 3166 3729 3235 quibus

494 3266 612 3312 tuto
652 3258 829 3324 inniti,
860 3258 1401 3326 computationesque
1440 3265 1655 3312 nostras
1694 3275 1800 3311 non
1843 3260 1959 3313 sine
1998 3272 2159 3313 causa
2201 3268 2574 3326 superstruere
2612 3274 2903 3329 possumus
2939 3258 3409 3327 deprehendimus
3451 3265 3728 3311 momenta.

493 3347 859 3417 Hieronymus
901 3347 1050 3416 (67),
1092 3346 1359 3401 Eusebius
1397 3346 1509 3417 (68)
1547 3346 1989 3418 et-Nicephorus
2022 3350 2141 3417 (69)
2180 3351 2381 3420 aliique
2419 3366 2631 3405 coaevos
2682 3359 3031 3419 temporeque
3082 3365 3355 3418 suppares
3395 3351 3498 3419 ipsi
3541 3349 3731 3403 faciunt

497 3440 877 3509 llegcsippum,
920 3437 1258 3509 Dionysium,
1299 3438 1709 3494 Corinthiorum
1748 3442 2085 3512 episcopum,
2125 3442 2402 3513 Pinytum,
2440 3442 2780 3497 Cretensium
2819 3440 3157 3510 episcopum,
3203 3440 3542 3511 Philippum,
3583 3440 3733 3511 Apol-

496 3530 755 3597 linarem,
796 3528 1081 3583 Musanum
1106 3568 1122 3594 ,
1162 3526 1496 3596 Modestum,
1535 3532 1799 3585 Irenaeum
1837 3548 1901 3587 ac
1940 3532 2300 3604 Theophilum
2341 3532 2737 3586 Antiochenum
2764 3572 2778 3595 ,
2820 3532 2911 3601 qui
2945 3546 3139 3585 omnes
3178 3532 3329 3586 circa
3373 3534 3611 3587 medium
3646 3548 3732 3587 sa."

493 3626 603 3680 culi
644 3626 866 3679 secundi
908 3624 1227 3678 floruerunt.
1270 3623 1350 3679 Ex
1394 3624 1585 3678 iisdem
1621 3640 1785 3694 porro
1821 3628 2135 3682 auctoribus
2177 3628 2289 3696 (70)
2330 3636 2574 3690 constat,
2611 3625 2917 3681 Mclitonem
2955 3634 3206 3679 exortam
3251 3627 3374 3681 suis
3416 3628 3733 3698 temporibus

498 3720 557 3772 in
598 3716 838 3770 Ecclesia
880 3717 1186 3771 Laodicena
1227 3718 1624 3772 dissensionem
1664 3720 1805 3773 circa
1846 3722 2135 3789 pasehatos
2187 3722 2602 3775 Celebrationcm
2652 3720 3027 3790 composuisse
3081 3718 3337 3775 feliciter.
3398 3721 3572 3791 Hujus
3620 3736 3733 3773 vero

500 3812 889 3864 controversiae
938 3818 1151 3879 tempus
1203 3809 1321 3879 ipse
1372 3810 1426 3864 in
1480 3810 1745 3880 principio
1792 3812 2004 3881 operis“,
2047 3814 2187 3867 hanc
2241 3815 2295 3867 in
2335 3828 2556 3868 causam
2610 3813 2677 3869 de
2727 3814 2984 3883 paschate
3018 3813 3251 3878 exarati,
3297 3814 3384 3868 his
3426 3814 3733 3884 significavit

570 3987 681 4056 (57)
710 3986 1058 4060 ltthtalogo
1086 3989 1401 4060 scriptorum
1424 3989 2060 4060 ecclesiasticmm,gcap.
2093 3998 2136 4052 Α
2167 3999 2346 4046 tamen
2377 3992 2430 4047 in
2459 3990 2919 4046 'Adnotationibus
2949 3991 3019 4043 ad
3055 3990 3260 4060 lgnatii
3288 3993 3575 4060 epistolas,
3605 4006 3723 4057 quas

498 4058 590 4121 24,
616 4073 736 4125 pag.
776 4057 877 4108 110
910 4076 922 4109 :
963 4056 1194 4110 «Melita
1238 4059 1477 4113 Asianus
1523 4058 1811 4111 Sardensis
1852 4056 2066 4125 episco-

500 4143 620 4194 pus.
660 4145 679 4176 ι
712 4125 777 4178 Et
826 4127 1045 4195 antiqua
1095 4126 1282 4180 Gneca
1331 4131 1541 4191 versio,
1575 4143 1738 4196 quam
1786 4126 2067 4181 Fabricius

496 4196 663 4250 simul
702 4196 919 4249 exhibet
969 4215 981 4248 :
1026 4196 1270 4249 Μελίτων
1324 4198 1601 4259 Ἀσιανὸς,
1649 4197 1893 4267 Σαρδέων
1947 4198 2067 4249 ὲπί-

502 4282 723 4328 σκοπος.

574 4336 807 4407 (58)Αά
855 4336 1157 4407 Olympiad.
1222 4352 1485 4401 ccxxxvl,
1530 4352 1651 4407 pag.
1704 4334 1810 4389 ⁸206
1857 4354 1869 4388 :
1912 4335 2071 4407 Ἀλλὰ

501 4406 864 4479 χαὶ-Μνελ-ίτων
908 4405 1165 4470 ’Ᾱσιανὺςλ
1196 4407 1500 4479 Σαρδιανῶν
1520 4405 1912 4479 νέπίσκοποςρι.
1939 4422 1989 4457 τ.
2017 4405 2066 4460 λ.

577 4476 689 4547 (59)
729 4476 785 4529 In
835 4477 1135 4531 lllustrium
1197 4476 1448 4533 Ecclesia:
1498 4478 1696 4533 Orient.
1751 4477 2067 4544 scriptorum

516 4544 669 4600 Vitis.
700 4547 794 4600 fol.
826 4549 950 4600 8l8.

541 4544 679 4610 'itis,‘
700 4547 794 4601 fol.
826 4549 950 4603 818.

536 4616 924 4740 ᾱξῖθέιέᾞιοτ.
950 4620 1317 4673 ecclesiastica:
1342 4619 1435 4672 lib.
1463 4635 1536 4676 tv.
1561 4633 1680 4687 cap.
1705 4616 1793 4679 26,
1823 4614 1915 4670 fol.
1944 4614 2066 4680 188,

497 4694 633 4738 edit.
671 4694 835 4741 ﬂead.

576 4748 687 4828 (61)
723 4754 900 4828 _ll)id.,
951 4758 1045 4811 lib.
1098 4776 1179 4821 tv,
1213 4774 1331 4828 cap.
1382 4761 1451 4815 15
1488 4767 1543 4814 et
1585 4758 1873 4827 Nicepltor.
1922 4754 2063 4809 Hist.

498 4824 690 4897 ccc/gs.
722 4826 815 4897 lib.
852 4843 923 4897 ty,
960 4844 1080 4897 cap.
1112 4830 1199 4893 10,
1228 4824 1322 4883 fol.
1347 4829 1473 4885 294.
1496 4829 1686 4884 Front.
1718 4824 1924 4881 Duczei.

578 4891 690 4970 (6?)
738 4894 799 4970 [η
837 4891 1106 4970 ΔϐΙινοηὶττο
1256 4898 1465 4970 Olymp.
1502 4914 1749 4955 ccxxxvn
1785 4896 2067 4951 εΜελίτων

504 4961 810 5099 Σαῗὸιανῶν
833 4967 1125 5030 ἐπίσκοπος
1155 4968 1253 5037 τῆς
1284 4959 1500 5034 Αὒδίας,
1533 4988 1587 5023 κ.
1618 4987 1668 5021 τ.
1698 4970 1747 5021 λ.

600 5031 689 5099 65)
724 5033 861 5087 Rufi.
911 5035 1051 5091 Hist.
1091 5037 1272 5093 eccles.
1313 5040 1407 5093 ltb.
1442 5057 1529 5099 tv.
1572 5055 1691 5099 cap.
1726 5038 1747 5090 εξ

576 5031 701 5111 (65)
724 5033 1051 5111 “nihilist.
1073 5031 1272 5111 _ecclés.
1313 5040 1407 5093 ltb.
1442 5031 1529 5107 tv,
1572 5055 1691 5108 cap.
1726 5038 1818 5101 ‘25,
1850 5036 1944 5090 fol.
1974 5037 2064 5100 93.

502 5103 633 5155 edit.
666 5103 811 5159 Beat.
842 5105 1107 5161 Rhenani.

575 5172 692 5247 (64)
723 5172 801 5247 De
844 5178 1015 5247 patria
1050 5176 1336 5247 Balgnatii
1377 5178 1500 5232 vide
1533 5178 1581 5232 J.
1617 5178 1907 5247 Ernestum
1933 5175 2068 5229 Gra-

504 5239 734 5315 bium'in
760 5239 1040 5315 Spicilegio
1069 5239 1586 5303 SS.'Patrum.tom.
1628 5250 1695 5312 11,
1722 5261 1842 5315 pag.
1884 5245 1904 5297 1
1957 5260 2064 5313 sq-.

502 5311 597 5385 qui
642 5328 706 5385 ex
742 5311 1004 5385 Gregorio
1038 5317 1425 5385 Abulpharagii
1465 5318 1657 5370 Arabis
1701 5311 2067 5385 dyn'astz’orum

503 5360 808 5457 ιῖἑὶιρὶἶειῖὰ
816 5360 1001 5457 ᾗῗῗῖιὲὶῖ
1030 5360 1303 5457 ὗίἷῖρξἔέςῗ
1318 5360 1440 5449 iiii,
1465 5360 2067 5457 ‘gt'rst'ai’éaa‘m

504 5403 751 5445 nmana,
778 5403 808 5437 α
854 5403 993 5439 uasr.
1030 5403 1128 5449 vn,
1161 5403 1285 5456 pag.
1318 5403 1440 5449 nu,
1482 5403 1731 5457 prouavu
1759 5403 1881 5439 eum
1907 5403 2063 5437 nunc

504 5451 647 5530 apud
696 5403 896 5509 Sardos
925 5466 1148 5530 parente
1177 5455 1364 5530 Jud_teo
1387 5458 1573 5530 fuisse
1614 5456 2063 5530 proseminatum,

505 5519 781 5589 additque,
814 5541 879 5579 ex
914 5519 1229 5599 conjectura
1257 5527 1358 5581 Th.
1386 5527 1595 5599 Heydii,
1616 5519 1759 5599 forte
1790 5540 1871 5599 ex,
1892 5526 2065 5599 patria

504 5602 732 5667 quoque
773 5604 957 5667 natum
984 5594 1256 5667 ALatiuum
1304 5592 1496 5651 nomen
1525 5597 1911 5667 lgnatiiquuia
1946 5592 2065 5667 Nur

506 5657 801 5716 sive'Ntira
826 5664 1115 5721 Chaldaice
1154 5666 1329 5735 ignem
1360 5657 1639 5738 signiftit.
1679 5666 1726 5720 J.
1770 5657 2063 5718 P'earsouio

2165 4062 2388 4144 editioni
2414 4079 2537 4144 sua:
2570 4061 3051 4144 _praastz_intisr‘simie
3088 4062 3265 4115 Oxon.
3312 4061 3478 4144 una,
3532 4064 3679 4122 iii-4°,
3704 4078 3731 4114 e

2167 4130 2269 4184 Th.
2303 4131 2487 4187 Sheld.
2521 4130 2719 4201 adjecit
2745 4130 2845 4183 Th.
2879 4130 3145 4195 Smithus,
3183 4134 3362 4201 magis
3393 4136 3572 4201 placet
3600 4148 3730 4186 asse~

2167 4217 2286 4254 rere
2326 4200 2599 4271 lgnatiutn
2628 4218 2655 4253 a
2701 4200 2851 4271 Syris
2884 4216 2983 4252 sua
3029 4202 3208 4268 lingua
3256 4200 3547 4256 Nurauuni
3583 4203 3729 4255 fuisse

2168 4271 2515 4338 appellatum,
2546 4272 2701 4341 quasi
2748 4271 2956 4341 diceres
2986 4288 3003 4341 ι
3042 4272 3339 4332 illustrem,
3376 4274 3723 4341 splendidum.

2169 4337 2502 4410 gloriosum;
2547 4337 2576 4392 »⁷
2594 4351 2649 4395 et
2692 4342 2760 4393 ita
2793 4337 2996 4392 Nurani
3041 4355 3346 4409 cognomen
3383 4337 3496 4396 non
3535 4343 3727 4410 deloco

2170 4408 2313 4463 unde
2360 4420 2513 4465 ortus
2548 4421 2664 4469 est,
2715 4410 2806 4463 sed
2843 4410 2908 4461 de
2956 4408 3305 4478 cognomine,
3356 4427 3473 4479 quo
3527 4408 3725 4465 honoris

2170 4494 2337 4535 causa
2361 4490 2585 4533 vocatus
2623 4480 2745 4541 fuit,
2778 4479 3184 4547 interpretatur.

2242 4550 2355 4618 (65)
2408 4549 2479 4600 De
2524 4549 2816 4603 Clementis
2863 4547 3093 4602 Romani
3146 4548 3326 4619 patria
3373 4550 3550 4604 altum
3603 4547 3725 4619 apud

2170 4634 2361 4675 omnes
2389 4620 2685 4672 silentium.

2169 4689 2355 4814 h.666)
2388 4688 2624 4759 Smyrna
2658 4691 2802 4742 hunc
2828 4687 2997 4744 fuisse
3024 4688 3320 4744 oriundum
3350 4692 3603 4745 nonnulli
3626 4703 3725 4759 per-

2209 4777 2224 4813 ι
2264 4775 2330 4812 en
2360 4801 2374 4814 .

2209 4770 2374 4815 Ibem.

2238 4829 2350 4899 (67)
2386 4828 2624 4897 Epistola
2647 4827 2736 4892 85,
2760 4839 2890 4883 tom.
2923 4827 2989 4881 IV
3017 4826 3177 4898 Opp.,
3212 4840 3371 4899 parte
3403 4847 3465 4895 ιι,
3498 4830 3590 4886 fol.
3612 4827 3720 4883 656.

2237 4899 2351 4969 (68)
2383 4899 2603 4971 Ηὶδιον.
2633 4899 2867 4971 eccles.,
2889 4899 2997 4971 lib.
3028 4915 3114 4971 tv,
3144 4916 3267 4969 cap.
3309 4902 3376 4955 21
3419 4920 3433 4955 :
3465 4900 3723 4971 Ἤκμαζον

2166 4970 2223 5041 δὲ
2256 4972 2313 5021 ὲν
2334 4968 2551 5041 τούτοις
2594 4970 2684 5020 ἐπὶ
2713 4969 2813 5037 τῆς
2859 4969 3184 5041 Ἐκκλησίας
3218 4968 3567 5041 Ἡγήσιππός
3580 4968 3723 5041 *πᾶν

2171 5040 2328 5108 ἴσμεν
2372 5042 2435 5091 ὲκ
2475 5038 2584 5089 τῶν
2627 5041 2928 5111 προτέρων,
2972 5038 3066 5093 καὶ
3116 5038 3398 5105 Διονύσιος
3450 5039 3722 5163 Κορινθίων

2168 5110 2480 5164 ἐπίσκοπος.
2504 5108 2728 5164 ΙΙίνυτός
2756 5127 2816 5161 τε
2841 5109 2995 5164 ἄλλος
3020 5109 3127 5162 τῶν
3155 5111 3249 5163 ἐπὶ
3273 5114 3504 5164 Κρήτης
3558 5110 3721 5162 πίστιο-

2168 5126 2480 5172 επισκοπος,
2504 5126 2728 5171 ιιινυτος
2756 5127 2816 5161 τε
2841 5126 2995 5173 αΑΑος
3020 5128 3127 5162 των
3155 5126 3249 5163 επι
3273 5126 3381 5181 λρτ
3404 5129 3504 5181 της
3529 5126 3719 5163 amaxo-

2167 5196 2303 5253 πος,
2334 5178 2595 5253 Φίλιππός
2628 5181 2817 5253 ’τε-ἐπὶ
2854 5180 3199 5253 τούᾼτοιςηκαὶ
3245 5130 3719 5253 ’Δπᾷινάριοςίκαὶ

2168 5249 2434 5312 Μελιτων,
2469 5248 2751 5311 Μουσανός
2784 5267 2842 5303 τε
2873 5250 2967 5303 καὶ
2998 5250 3292 5315 Μόδεστος,
3335 5253 3434 5305 καὶ
3462 5248 3550 5305 ἐπὶ
3574 5252 3719 5301 πᾶσιν

2167 5319 2470 5389 Εἰρηναῖος.

2214 5352 2589 5460 ’i'é‘siiiiiiizor.
2622 5388 2831 5460 eccles"
2862 5390 2956 5444 lib.
2992 5407 3063 5453 tv,
3092 5406 3214 5460 cap.
3247 5391 3339 5445 19.

2242 5460 2354 5528 (70)
2394 5458 2591 5529 Euseb.
2630 5456 2776 5513 Hist.
2810 5467 3017 5523 ποίει,
3054 5456 3260 5525 111).“ιγ,
3289 5477 3413 5529 cap.
3446 5461 3547 5522 26;
3578 5456 3697 5510 Nice-

2168 5529 2323 5597 phor.
2362 5528 2503 5581 llist.
2535 5530 2743 5587 εεείυδ..
2777 5531 2870 5585 lib.
2908 5548 2979 5597 tv,
3005 5548 3123 5600 cap.
3172 5532 3273 5597 l0;
3307 5528 3509 5587 nam".
3534 5534 3615 5584 lib.
3647 5539 3710 5586 IV.

2167 5616 2280 5667 cap.
2310 5601 2398 5651 26.

3774 5378 3783 5416 ἑ
