3792 6218
70 223 193 277 1157
1032 216 1334 274 NOTITIA.
1373 250 1440 259 ——
1474 217 1514 272 1.
1557 217 1645 272 DE
1684 216 1847 273 VITA
1887 217 1943 270 S.
1990 215 2387 273 MELITONIS.
3201 229 3340 286 ηδε

68 338 237 393 verbis
282 354 296 391 :
340 355 363 387 ι
411 335 647 393 Servilio
700 336 874 392 Paulo
931 335 1076 392 Asia.
1125 336 1491 407 proconsule,
1547 353 1657 407 quo
1710 345 1953 406 tempore
2006 335 2226 406 Sagaris
2279 338 2605 411 martyrium
2663 354 2960 414 perpessus
2998 356 3100 409 est.
3142 363 3338 418 magna

68 434 444 488 controversia
482 432 765 488 Laodiceae
802 431 1037 487 excitata
1071 440 1154 486 est
1189 432 1255 486 de
1295 431 1639 486 solemnitate
1675 431 1927 486 Paschali
1960 430 2097 501 (71),
2134 451 2151 483 ι
2186 436 2294 488 etc.
2374 435 2435 487 In
2477 451 2639 505 quem
2681 454 2888 495 annum
2933 442 3147 498 Servilii
3185 438 3341 499 Pauli

66 523 472 593 proconsularis
510 524 747 595 dignitas
779 522 1051 584 inciderit,
1089 522 1333 593 diligenti
1374 520 1514 578 facta
1556 523 1914 592 inquisitione
1954 524 2202 579 invenire
2242 541 2351 580 non
2394 530 2567 597 potui.
2614 528 2833 603 Sagaris
2872 548 3054 592 autem
3092 539 3334 609 episcopi

66 618 352 673 Laodiceni
416 620 742 690 martyrium
795 633 825 672 a
866 616 1138 672 Ruinarto
1196 617 1311 686 (72)
1353 619 1419 673 ad
1474 627 1718 687 tempora
1770 617 1842 673 Μ.
1882 619 2090 674 Aurelii
2142 621 2402 676 Antonini
2456 625 2589 695 imp.
2643 626 2896 696 refertur,
2944 633 3037 700 qui
3085 634 3153 688 ab
3202 651 3348 688 anno

68 708 256 762 Christi
297 708 401 763 161
452 725 629 780 usque
667 711 735 765 ad
776 710 878 764 176
918 711 1147 781 imperio
1186 710 1436 767 Romano
1474 712 1709 782 praefuit,
1749 722 1801 768 et
1839 713 1942 767 sub
1982 729 2091 783 quo
2130 715 2319 785 quinta
2355 716 2795 775 Christianorum
2853 724 3051 793 agitata
3098 739 3183 781 est
3216 743 3346 797 pcr-

70 803 284 857 secutio.
333 801 481 858 Huic
522 804 709 859 itidem
746 805 1063 875 imperatori
1100 806 1350 861 exhibuit
1406 815 1593 861 noster
1645 822 1743 875 pro
1798 807 2130 863 Christianis
2183 805 2425 863 libellum
2482 813 2779 881 supplicem
2840 832 2935 871 seu
2991 821 3336 889 apologiam;

69 898 217 967 idque
252 896 584 969 Olympiade
619 916 847 955 ccxxxvr
886 901 1086 957 factum
1128 901 1298 957 fuisse
1353 912 1580 957 testatur
1635 904 1904 959 Eusebius
1946 900 2063 975 (75)
2118 913 2171 959 et
2222 905 2477 961 Chronici
2528 908 2879 965 Alexandrini
2934 924 3124 969 auctor
3180 916 3343 988 (7i);

71 1007 180 1062 quae
204 992 388 1046 debita
419 994 883 1065 ehronologorum
916 996 1161 1052 instituta
1190 997 1593 1065 computatione
1623 997 1736 1066 (75)
1763 1000 1926 1053 annis
1955 1008 2078 1068 post
2112 996 2391 1055 Chrismm
2426 1012 2613 1056 natum
2648 1003 2886 1059 169-172
2914 1010 3227 1076 respondet.
3267 1013 3343 1064 lix

72 1083 149 1138 his
178 1083 366 1153 itaque
396 1087 664 1141 omnibus
698 1103 807 1142 non
835 1089 953 1143 sine
978 1088 1278 1157 stringente
1295 1089 1541 1143 veritatis
1576 1089 1697 1143 luce
1737 1089 2014 1160 colligere,
2042 1099 2271 1161 tutoque
2298 1094 2657 1161 pronuntiare
2680 1110 3003 1164 possumus,
3038 1098 3348 1154 Melitenem

75 1179 314 1236 floruisse
344 1183 499 1238 circa
530 1184 705 1239 media
734 1186 916 1240 saeculi
948 1186 1174 1242 secundi
1208 1194 1474 1255 tempora.
1512 1187 1812 1241 inclinante
1841 1196 1894 1241 et
1933 1187 2002 1241 ad
2054 1186 2218 1242 finem
2248 1188 2476 1259 jamjam
2503 1201 2761 1261 vergente
2792 1193 3012 1247 saeculo.
3042 1192 3181 1250 llinc
3206 1207 3354 1251 recte

72 1274 177 1343 ejus
206 1282 341 1330 aetas
360 1277 469 1330 150
500 1279 852 1332 constituitur
875 1295 905 1333 a
929 1279 1259 1335 Bellarmino
1287 1278 1421 1350 (76),
1446 1280 1532 1334 cui
1560 1295 1785 1348 prorsus
1815 1297 1923 1335 non
1950 1282 2360 1336 contrariantur
2383 1285 2593 1339 (Zaveus
2626 1284 2764 1354 (77),
2794 1277 3182 1343 Tillemontius
3213 1288 3353 1358 (78),

76 1372 139 1425 Le
175 1370 351 1426 Sueur
385 1372 527 1441 (79),
561 1373 655 1442 qui
683 1374 803 1441 ejus
834 1374 998 1428 vitam
1032 1375 1098 1428 ad
1130 1390 1335 1429 annum
1369 1374 1471 1428 170
1498 1384 1805 1443 recensent,
1842 1375 2113 1431 Baronius
2148 1377 2286 1448 (80),
2322 1379 2413 1447 qui
2442 1395 2588 1433 anno
2612 1380 2738 1446 172,
2771 1390 2826 1436 et
2864 1380 3177 1453 Basnagius
3207 1384 3346 1454 (81),

73 1464 154 1531 qui
183 1480 327 1517 anno
371 1464 601 1518 demum
647 1465 748 1518 177
790 1466 857 1520 de
898 1481 965 1519 eo
1006 1478 1398 1535 exposuerunt,
1436 1475 1622 1536 utpote
1660 1468 1756 1536 qui
1796 1469 1861 1523 ad
1916 1469 2108 1523 ultima
2156 1469 2276 1538 ejus
2305 1472 2654 1539 pmissimum
2686 1484 3043 1547 respexerunt
3072 1484 3344 1546 tempora.

75 1552 367 1608 Probabilis
418 1570 589 1625 porro
638 1554 692 1609 in
738 1571 796 1610 re
833 1556 975 1610 haud
1014 1572 1240 1626 prorsus
1287 1566 1435 1613 certa
1482 1558 1795 1628 conjectura
1834 1568 1938 1624 est,
1990 1560 2301 1615 Melitenen]
2329 1562 2549 1617 circiter
2578 1580 2787 1619 annum
2819 1567 3205 1630 centesimum.
3242 1571 3347 1624 sub

77 1651 230 1717 prima
266 1649 499 1720 Trajaui
550 1665 795 1721 tempora
840 1654 896 1707 in
947 1654 1122 1708 lucem
1168 1653 1337 1710 fuisse
1385 1655 1614 1721 editum,
1642 1671 1707 1710 ex
1741 1657 1929 1710 divino
1973 1656 2192 1713 Davidis
2222 1657 2336 1727 (82)
2364 1658 2527 1713 eﬂ'ato
2554 1669 2611 1714 et
2637 1662 2957 1730 quotidiana
2996 1663 3346 1731 experientia

75 1744 383 1812 jndicantes.
417 1745 670 1801 Fuerunt
699 1753 879 1801 tamen
908 1748 1178 1812 nonnulli,
1211 1750 1305 1818 qui
1335 1749 1453 1818 ejus
1481 1750 1714 1804 natalem
1747 1751 1814 1805 ad
1848 1750 2028 1820 ipsum
2060 1767 2236 1820 usque
2261 1750 2496 1806 Neronis
2525 1754 2815 1823 imperium
2859 1768 3004 1809 retro
3037 1764 3345 1819 traxerunt,

80 1837 315 1890 nimirum
358 1837 463 1903 illi,
494 1840 587 1907 qui
614 1854 710 1908 per
738 1842 987 1908 angelum
1024 1839 1280 1896 Ecclesia:
1310 1839 1608 1907 Sardianae,
1640 1843 1710 1897 ad
1753 1859 1915 1913 quem
1949 1844 2110 1897 divus
2155 1841 2396 1898 Joannes
2441 1844 2552 1914 (85)
2585 1846 2875 1914 epistolam
2920 1863 3080 1901 suam
3121 1847 3344 1915 direxit,

83 1927 369 1984 llelitonem
396 1939 653 1984 nostrum
687 1930 1012 2000 intelligunt.
1040 1931 1095 1985 In
1119 1932 1313 1987 horum
1346 1935 1672 1988 sententiam
1704 1949 1767 1987 ex
1806 1934 2061 1988 instituto
2085 1944 2275 2002 postea
2317 1934 2590 2003 inquiram
2626 1936 2900 2005 pluribus,
2935 1945 3102 2005 atque
3135 1952 3202 1990 ex
3234 1934 3341 1990 dif-

82 2022 389 2079 ficultatibus
414 2033 539 2079 tum
568 2025 970 2094 ehronologicis
998 2034 1110 2080 tum
1140 2027 1283 2091 aliis,
1308 2029 1507 2097 quibus
1554 2027 1669 2082 haec
1698 2027 1964 2081 sententia
2001 2028 2290 2095 premitur,
2317 2034 2811 2080 commonstratum
2842 2027 3004 2090 dabo,
3030 2026 3339 2085 Melitonem

85 2126 195 2171 tunc
222 2135 325 2174 non
353 2120 533 2176 fuisse
558 2119 809 2175 Sardium
844 2123 1184 2193 episcopum,
1214 2140 1337 2178 cum
1371 2123 1611 2181 divinam
1642 2137 1799 2176 suam
1825 2122 2209 2177 revelationem
2244 2121 2302 2175 Β.
2327 2119 2562 2175 Joannes
2590 2122 2788 2176 litteris
2818 2124 3192 2190 consignaret.

961 2270 988 2341 §
1030 2270 1118 2327 VI.
1154 2271 1231 2325 De
1268 2271 1574 2341 parentibus
1606 2281 1657 2325 et
1693 2271 2099 2341 praeceptoribus
2139 2269 2433 2325 Melitonis.

145 2384 237 2449 Qui
265 2397 527 2454 parentes
556 2401 680 2440 eum
718 2386 771 2440 in
802 2387 1067 2442 mundum
1117 2388 1407 2452 ediderint,
1438 2395 1491 2441 et
1540 2403 1607 2440 an
1652 2386 1985 2451 Christiano,
2037 2402 2103 2440 an
2156 2387 2361 2456 gentili,
2413 2402 2480 2440 an
2525 2384 2754 2440 Judaico
2794 2386 3036 2456 denique
3070 2392 3338 2460 sanguine

87 2486 215 2532 satus
262 2478 450 2542 fuerit,
488 2494 719 2548 prorsus
754 2488 839 2533 est
885 2481 1306 2552 incompertum.
1344 2480 1526 2535 Manet
1566 2481 1792 2549 proinde
1841 2496 1995 2548 aeque
2029 2479 2254 2534 dubium
2304 2490 2466 2549 atque
2518 2478 2782 2531 incertum
2832 2488 3012 2532 utrum
3066 2493 3249 2536 noster
3281 2484 3335 2537 iu

87 2586 193 2625 vera
224 2572 323 2626 fide
369 2575 441 2627 sit
469 2574 757 2639 educatus,
795 2582 978 2628 utrum
1012 2588 1142 2629 vero
1188 2590 1219 2629 a
1258 2574 1539 2643 gentilium
1583 2575 1665 2628 vel
1712 2572 2024 2627 Judaeorutn
2075 2573 2465 2640 superstitione
2517 2571 2586 2625 ad
2633 2571 2977 2627 Christianos
3031 2575 3331 2630 transierit.

89 2659 220 2727 Quod
249 2665 292 2719 si
326 2674 508 2720 tamen
549 2666 874 2736 conjecturae
905 2667 1057 2721 locus
1087 2676 1189 2730 est,
1225 2666 1293 2719 ab
1323 2665 1555 2721 ethnicis
1600 2666 1779 2735 potius
1814 2667 1880 2719 ad
1912 2664 2351 2719 Christianorum
2383 2673 2561 2719 castra
2616 2664 2903 2718 transiisse
2934 2666 3067 2718 mihi
3100 2667 3336 2734 videtur,

91 2756 229 2824 idque
259 2758 498 2826 conjicio
529 2758 745 2824 exinde,
776 2760 926 2829 quia,
958 2760 1002 2813 si
1034 2775 1099 2813 ex
1130 2758 1394 2811 librorum
1427 2758 1494 2811 ab
1522 2775 1587 2812 eo
1613 2758 2046 2826 conscriptorum
2093 2756 2263 2811 titulis
2304 2757 2552 2827 judicare
2578 2757 2660 2811 fas
2690 2767 2792 2821 est,
2827 2758 2878 2812 in
2916 2761 3121 2814 scholis
3154 2763 3334 2829 philo-

92 2849 359 2916 sophorum
395 2850 546 2905 haud
579 2851 769 2905 leviter
798 2860 1045 2906 versatus
1074 2850 1196 2915 fuit,
1227 2866 1529 2919 eorumque
1568 2852 1701 2905 scita
1730 2850 1897 2919 probe
1937 2852 2147 2916 tenuit;
2194 2866 2353 2905 secus
2382 2859 2561 2904 tamen
2593 2853 2951 2908 sentientibus
2985 2855 3160 2907 dicam
3197 2859 3336 2911 hanc

92 2943 149 2995 ob
174 2958 382 2999 causam
414 2959 648 3016 prorsus
695 2961 804 3001 non
844 2946 1102 3001 scribam.
1152 2944 1235 2998 An
1266 2959 1428 3014 porro
1454 2942 1746 2998 Onesimus
1786 2943 1895 3009 ille,
1933 2959 2053 3007 seu,
2091 2953 2150 2997 ut
2192 2941 2535 3012 Nicephorus
2567 2959 2690 2997 eum
2719 2955 2896 3012 vocat,
2928 2945 3333 3016 Onesiphorus,

94 3051 230 3105 quem
268 3035 453 3093 fratris
480 3037 706 3093 nomine
736 3038 1011 3100 salutavit,
1047 3046 1101 3091 et
1133 3038 1222 3092 cui
1254 3034 1734 3090 celebratissimatn
1769 3035 1915 3087 illam
1950 3033 2235 3103 epistolam
2279 3032 2517 3101 scripsit,
2551 3033 2619 3087 ab
2679 3032 2917 3089 Eusebio
2947 3036 3106 3090 nobis
3149 3052 3332 3091 serva-

95 3137 184 3181 tam
217 3129 345 3200 (84),
384 3132 437 3184 in
478 3145 594 3201 quo
626 3129 836 3185 Veteris
868 3129 1201 3185 Testamenti
1236 3130 1402 3183 libros
1436 3128 1728 3184 canonicos
1773 3126 2128 3191 enumeravit,
2180 3124 2347 3177 frater
2377 3125 2497 3193 ejus
2536 3140 2600 3179 ex
2628 3134 2783 3179 utero
2819 3141 3111 3197 germanus
3147 3126 3331 3193 fuerit,

96 3237 151 3275 an
176 3238 293 3277 vero
323 3224 392 3278 ob
431 3235 649 3277 arctum
691 3223 1089 3287 tantummodo,
1123 3222 1267 3291 quod
1297 3236 1390 3275 eos
1420 3222 1560 3276 inter
1591 3219 1783 3291 viguit,
1816 3217 2069 3272 amicitia:
2115 3216 2388 3271 vinculum
2429 3215 2574 3271 hanc
2609 3218 2791 3271 tulerit
2820 3221 3317 3288 compcllationem,

99 3315 253 3370 itidem
278 3318 510 3388 quaestio
537 3325 622 3372 est
658 3317 745 3370 vix
780 3331 843 3370 ac
882 3331 949 3369 ne
978 3317 1067 3369 vix
1092 3313 1309 3383 quidem
1360 3314 1615 3367 solvenda
1661 3312 1796 3381 (85).
1852 3308 1976 3364 Uno
2006 3311 2174 3365 verbo
2221 3310 2286 3365 de
2339 3308 2610 3364 Melitonis
2660 3310 2977 3378 parentibus
3023 3320 3077 3366 et
3129 3312 3335 3366 familia

100 3407 209 3461 nihil
239 3410 364 3463 certi
415 3410 470 3464 in
520 3418 631 3463 tam
680 3418 888 3463 remota
924 3407 1264 3477 antiquitatis
1311 3406 1593 3472 memoria,
1625 3404 2002 3460 deficientibus
2052 3403 2276 3472 insuper
2319 3403 2710 3468 monumentis,
2755 3417 3053 3472 possumus
3082 3404 3326 3459 definire.

98 3500 162 3553 Ad
190 3512 538 3573 praeceptores
566 3500 686 3571 ejus
716 3501 862 3570 quod
896 3501 1087 3555 attinet
1131 3499 1319 3553 eadem
1366 3499 1468 3554 erit
1520 3498 1826 3568 responsio,
1853 3506 1907 3552 et
1940 3496 2123 3551 omnia
2150 3496 2355 3550 dixisse
2394 3493 2526 3548 mihi
2556 3494 2763 3562 videor,
2798 3496 2843 3549 si
2878 3496 3041 3549 modo
3071 3496 3331 3550 observa-

103 3606 221 3659 vero,
254 3609 373 3649 eum
409 3611 589 3666 neque
619 3596 686 3648 ab
713 3595 994 3664 apostolis,
1030 3608 1206 3664 neque
1235 3609 1265 3647 a
1300 3592 1574 3646 Frontone
1610 3592 1847 3660 quodam
1898 3589 2071 3645 fuisse
2119 3588 2449 3643 institutum.
2501 3586 2744 3658 Utraque
2789 3589 2934 3642 enim
2982 3588 3117 3651 haec,
3151 3603 3316 3658 quam

102 3694 315 3747 nonnulli
345 3695 411 3749 de
436 3692 560 3763 ejus
590 3691 1014 3762 praeceptoribus
1052 3689 1251 3753 fovent,
1286 3688 1553 3743 sententia
1591 3701 1819 3742 erronea
1863 3693 1946 3741 est
1985 3693 2039 3740 et
2069 3683 2297 3754 proinde
2336 3683 2521 3737 minus
2560 3681 2837 3737 sectanda.
2885 3682 3069 3738 Altera
3114 3684 3323 3739 scilicet

159 3846 255 3913 (71)
299 3849 450 3918 Apud
499 3846 702 3900 Euseb.
751 3846 869 3900 loco
914 3845 1121 3918 citato:
1166 3843 1254 3918 Ἐν

103 3918 208 3986 περὶ
235 3918 321 3970 τοῦ
346 3913 664 4000 ’πέισχαρὸν
689 3918 876 4000 χρόνον
910 3915 1029 4000 ita}?
1046 3913 1647 4000 ᾂνέυνέτξνςτενᾶἀρχό-

107 3982 236 4059 μενος
263 3982 514 4059 σημαίνέἰ
546 3990 603 4039 ἐν
638 3982 844 4059 τοῦτοες
867 4004 930 4059 ’γι
956 3985 1079 4038 Ἐπὶ
1114 3982 1418 4059 Σερουξλέου
1435 3982 1644 4059 Παῷλου

104 4051 373 4113 ἀνθυπάτου
412 4060 514 4129 τῆς
554 4058 754 4121 Ἀσίας,
857 4056 1099 4129 Σ-ἀγαρις
1130 4051 1309 4129 κᾴιρῷ
1335 4052 1647 4129 ὲμαρῖύρης

106 4144 206 4189 cev,
245 4130 450 4197 ἐγένετο
470 4122 713 4198 ’ζήτησις
758 4122 922 4197 πολλὴ
952 4122 1027 4179 ἐν
1056 4122 1510 4198 Λαοδιιιέίᾳςπερὶ
1553 4122 1645 4198 ἕτοΔῦ

106 4195 293 4271 saeva,
339 4195 673 4271 ἐμπεσόντος
719 4199 857 4271 καῖὰ
907 4195 1098 4270 iratpr
1141 4199 1199 4248 ὲν
1241 4195 1476 4257 ἐκείναις
1528 4195 1647 4255 ταῖς

106 4268 321 4357 integrq-
353 4268 449 4357 ita).
470 4270 688 4357 ξςτράφη
711 4268 907 4357 causa.
944 4287 961 4351 ξ

164 4334 262 4407 (72)
293 4343 350 4394 ln
393 4334 555 4395 Λειἰῖ
585 4334 879 4408 martyrum
922 4338 1164 4403 sinceris,
1200 4336 1294 4391 fol.
1344 4334 1446 4399 29,
1497 4342 1551 4390 et
1592 4334 1647 4388 in

106 4409 233 4480 praif.
261 4426 375 4480 pag.
401 4425 553 4465 ωιιν.

168 4476 273 4547 (75)
294 4476 349 4533 1ιῖ
402 4481 659 4537 Chronico
706 4479 826 4534 loco
874 4480 1061 4544 citato,
1093 4478 1255 4533 Claro
1308 4484 1361 4530 et
1412 4476 1649 4547 Cethego

110 4545 256 4621 ρος-ξς
275 4552 350 4621 sic
377 4559 567 4604 notat:
601 4550 846 4603 Μελίτων
862 4548 1172 4621 Σαρδιανῶν
1201 4547 1496 4621 irritatam;
1510 4586 1524 4608 ν
1552 4545 1649 4621 τῇς

110 4616 474 4740 ἒὲἑῗηβέϐλον
500 4620 793 4689 ἀπολογίας
830 4616 1126 4690 Ἀντιονίνῳ
1154 4618 1291 4690 ὑπὲρ
1311 4616 1649 4688 Χριστιανῶν

256 4707 362 4744 κεν.

169 4756 342 4831 (Ἱ4)ν1η
393 4761 628 4831 Corpore
660 4761 973 4831 _Byzantino
1004 4770 1136 4815 tom.
1193 4759 1279 4831 111,
1321 4756 1644 4831 pag.296‘:

112 4821 209 4903 ςλξ
243 4821 531 4903 ὀλομπιὰέ,
579 4839 630 4897 ς’
660 4821 800 4903 Ἰνδη
836 4841 884 4900 γ’
915 4829 1040 4883 ’Υπ.
1090 4821 1478 4903 Ὀρφίεὲοὑᾴιῖαὶ
1512 4826 1649 4903 Hori-

111 4891 605 4989 Eivjog."l"os_t‘quam
642 4891 937 4989 de.Jtl‘Sl:illi
972 4891 1226 4989 martyris
1258 4909 1312 4953 et
1341 4898 1648 4989 Crescentis

112 4966 337 5038 ³9010ςί15
392 4966 605 5027 diierat
641 4991 654 5027 :
710 4973 866 5026 Ἀλλὰ
927 4972 1022 5024 καὶ
1082 4966 1356 5032 Μελίτων,
1406 4969 1647 5031 Ἀσιανὸς

111 5030 378 5113 ξδῆρδιανῶν
409 5042 723 5107 ἐπίσκοπος,
758 5043 963 5113 βιϐλίον
994 5041 1315 5113 ἀπολογίας-
1337 5039 1505 5113 ἔδωκε
1538 5042 1647 5101 τοῖς

112 5099 412 5184 λελεγμένοις
445 5099 873 5184 βασιλεῦἇι,’κα“ι
904 5114 1078 5184 ἕτεροι
1108 5099 1403 5184 damnet

169 5173 583 5253 (75)_Proposito
630 5173 774 5238 enim
828 5173 1068 5253 quolibet
1119 5197 1263 5236 anno
1309 5179 1645 5253 Olympiaco,

110 5235 429 5323 (.lliytlttjtiadesr
447 5235 868 5323 multiplicandis];
889 5235 1037 5309 sunt
1058 5235 1123 5305 in
1153 5253 1205 5317 4,
1234 5235 1499 5323 producto
1546 5235 1645 5323 ad;

1296 3842 1392 3913 μὲν
1412 3837 1505 3894 οὖν
1534 3843 1644 3905 τοῖς
1678 3877 1686 3902 λ

1809 3840 1982 3913 nitebis
2008 3840 2143 3913 9M;
2174 3838 2331 3913 dictze
2351 3836 2686 3913 Olympiadis
2715 3838 2945 3913 audendi
2973 3840 3107 3894 nulli
3133 3841 3332 3913 adsunt

1749 3927 1911 3976 annt;
1972 3912 2100 3964 hinc
2150 3912 2417 3980 producto
2466 3910 2691 3978 adjicias
2733 3910 2907 3976 3938;
2942 3926 3154 3980 summa
3192 3912 3335 3966 4882

1747 3991 1833 4036 est
1859 3996 2035 4051 annus
2064 3978 2178 4050 per.
2209 3978 2316 4033 Jul.
2353 3996 2462 4050 quo
2492 3988 2921 4051 currente_nova
2949 3978 3225 4051 Olympias
3250 3983 3333 4035 in-

1748 4054 1906 4122 cepit.
1967 4049 2041 4104 Ex
2066 4048 2260 4122 'annoi
2304 4048 2483 4122 autem
2515 4050 2721 4119 periodi
2746 4048 2851 4104 Jul.
2898 4048 3075 4103 annus
3111 4048 3331 4105 Christi

1748 4120 1979 4185 eruitur,
2009 4120 2302 4176 auferendo
2335 4121 2497 4185 4715,
2531 4130 2585 4175 et
2620 4122 2863 4190 reliquus
2904 4123 2962 4174 tit
3002 4136 3180 4177 annus
3212 4138 3336 4177 aera:

1748 4190 2091 4246 Christiana.
2150 4191 2320 4258 Idem,
2372 4193 2464 4245 lib.
2515 4208 2576 4257 ιι,
2628 4207 2747 4261 cap.
2790 4191 2843 4254 9,
2878 4208 2987 4261 reg.
3016 4191 3069 4254 5,
3109 4209 3228 4260 pag.
3260 4209 3332 4247 nt.

1750 4207 2091 4246 Lurtsuanm.
2150 4207 2320 4258 mem,
2372 4207 2464 4245 tm.
2515 4208 2576 4257 ιι,
2628 4207 2747 4314 cag.
2790 4207 2843 4254 υ,
2878 4208 2987 4261 reg.
3016 4207 3069 4254 ο,
3109 4209 3228 4260 pag.
3260 4209 3332 4247 nt.

1750 4262 1874 4315 126.
1927 4261 2017 4315 Sic
2065 4261 2133 4331 ab
2175 4278 2320 4315 anno
2349 4277 2463 4331 per.
2510 4261 2616 4316 Jul.
2652 4262 2685 4314 4
2723 4262 2792 4315 82
2836 4261 2989 4315 aufer
3011 4262 3172 4326 4715,
3199 4266 3336 4316 resi-

1750 4333 1917 4386 duum
1952 4341 2035 4385 est
2074 4329 2196 4388 169.
2246 4329 2385 4400 Ergo
2432 4348 2609 4387 annus
2647 4331 2849 4385 Christi
2883 4331 2984 4384 169
3030 4331 3184 4385 fluxit
3227 4349 3333 4386 una

1750 4417 1878 4520 ἕξεί]
1903 4418 2195 4520 annoper.
2226 4401 2336 4456 Jul.
2366 4403 2527 4456 4882.
2558 4402 2700 4473 Ergo
2738 4416 2769 4456 a
2806 4400 2868 4455 C.
2900 4402 3023 4466 169,
3054 4403 3335 4472 Olympias

1787 4486 1820 4520 ἱ)
1902 4487 2072 4520 11109111
2104 4512 2117 4520 .

1787 4473 1855 4521 57
1902 4473 2117 4527 incepit.

1749 4489 2412 4665 Ξῡίῖόςιέἕῖέγὶριοτίὺιιε
2458 4541 2854 4605 ecclesiasticis,
2901 4556 3026 4610 pag.
3069 4540 3159 4604 65,
3200 4540 3331 4594 edit.

1794 4627 1923 4665 arts.
2104 4652 2117 4665 .

1794 4614 1923 4665 aris.
1960 4613 2117 4665 1631.

1823 4680 2026 4804 (77lflt:
2058 4682 2386 4804 Sicgiptorum
2416 4682 2893 4736 ecclesiasticarum
2923 4683 3164 4738 Historia
3190 4682 3335 4736 litte-

1823 4770 1917 4804 na.
1974 4767 2006 4804 ο
2034 4791 2047 4804 .
2083 4789 2093 4795 .
2123 4790 2173 4804 ...

1751 4755 1917 4815 raria,
1953 4754 2047 4805 fol.
2083 4754 2173 4805 42.

1822 4822 1934 4891 (78)
1963 4821 2106 4876 Dans
2135 4823 2212 4876 les
2243 4820 2519 4876 Mémoires
2540 4840 2674 4891 pour
2695 4824 2859 4877 servir
2886 4825 2918 4877 it
2942 4823 3219 4877 l‘llistoire
3250 4840 3337 4876 ec-

1752 4892 2109 4964 clésiastique,
2146 4903 2274 4948 tom.
2308 4891 2372 4954 ll,
2398 4909 2519 4964 pag.
2556 4894 2680 4955 707,
2715 4896 2766 4947 in
2797 4904 2909 4947 not.

1822 4963 2201 5035 (79)7l_listoire
2238 4964 2302 5035 de
2347 4963 2567 5033 l’Eglisc
2614 4975 2663 5018 et
2711 4966 2774 5018 de
2814 4964 3089 5035 l'Empire,
3121 4974 3252 5020 tom.
3292 4965 3333 5030 1,

1751 5048 1871 5103 pag.
1899 5033 2024 5099 622,
2049 5034 2180 5087 edit.
2224 5033 2425 5089 Gener.
2898 5056 2899 5059 η

1824 5104 1935 5175 (80)
1972 5106 2260 5157 Annalium
2290 5113 2422 5157 tom.
2459 5104 2522 5169 11,
2555 5121 2680 5159 ann.
2725 5106 2848 5171 172,
2878 5116 3006 5160 sect.
3042 5105 3096 5158 5.

1681 5214 1722 5269 Β
1825 5171 1937 5245 (81)
1971 5175 2260 5228 Annalium
2298 5176 2860 5243 politico-ecclesiast.,
2892 5191 3020 5227 ann.
3055 5173 3176 5232 177,
3214 5171 3241 5241 §
3276 5174 3329 5227 3.

1750 5245 1925 5299 Credo
1961 5254 2141 5299 tamen
2190 5244 2495 5299 Melitonem
2554 5256 2682 5299 tunc
2735 5246 2863 5299 latis
2908 5245 3129 5299 iamiam
3160 5243 3329 5297 fatssc

1775 5243 1925 5299 :reuo
1961 5254 2141 5299 tamen
2190 5244 2495 5301 Melitonem
2554 5256 2682 5301 tunc
2735 5246 2863 5300 fatis
2903 5245 3129 5313 jatnjam
3160 5243 3333 5297 fatsse

113 5310 864 5393 QSde-przeterlapsi'insuper,
898 5325 943 5380 si
989 5323 1081 5393 qui
1131 5310 1648 5393 adsunt,Olympia-
1751 5316 2019 5393 functum.

114 5380 183 5466 dis
220 5380 345 5445 data:
384 5380 531 5466 anni:
567 5380 864 5466 aggregam'
894 5380 1255 5466 adjiciendum
1277 5380 1459 5466 ⁸ῗ>9ῗλδξ
1484 5380 1549 5444 δι’
1569 5390 1650 5466 sic

116 5463 428 5536 summaerit
457 5461 871 5535 annu's'periodi
913 5461 1162 5518 lulianum.
1192 5461 1312 5517 Vid.
1351 5461 1647 5536 iVBevereg‘ii

116 5516 874 5605 institutiones"cnronoloqicas
916 5516 1268 5602 in.‘.“..;'cap.
1313 5535 1401 5595 15,
1440 5547 1550 5602 reg.
1575 5516 1645 5596 νϐ,

114 5599 213 5661 1818-
239 5597 349 5656 150.
379 5604 467 5658 Sic
490 5608 536 5660 si
567 5608 705 5661 scire
735 5597 925 5676 cupias
956 5607 1009 5659 in
1040 5597 1265 5676 quotum
1296 5597 1644 5672 annum'per.

114 5655 200 5714 Jul.
227 5663 485 5722 Olvmnias
520 5678 634 5722 hmo.
680 5676 785 5722 936
819 5688 1129 5722 onnourmt-
1158 5674 1265 5722 236
1290 5676 1460 5722 ducas
1504 5674 1558 5722 in
1588 5674 1644 5722 4.

288 5676 485 5744 ympias
520 5678 634 5732 bare
680 5676 785 5730 236
810 5674 1130 5743 concurrat,
1158 5674 1265 5729 256
1290 5676 1460 5729 ducas
1504 5674 1558 5726 in
1588 5674 1645 5737 4,

1824 5386 1938 5455 (82)
1970 5384 2171 5440 Psalm.
2209 5402 2296 5452 xc,
2328 5385 2417 5438 10.

1822 5458 1935 5529 (85)
1964 5456 2444 5529 A_pocalyps._cap.
2484 5470 2581 5529 ιιι,
2606 5454 2723 5512 1-6.
2936 5522 2999 5529 η
3079 5523 3128 5529 __
3165 5521 3215 5529 __
3288 5504 3289 5507 η

1823 5521 1937 5597 (84)
1968 5521 2184 5580 Πέδιονῖ
2205 5521 2504 5597 ecclesiam.
2530 5526 2624 5580 lib.
2668 5543 2741 5595 tv,
2776 5541 2894 5595 cap.
2932 5522 3001 5577 26
3032 5541 3046 5576 :
3078 5521 3324 5575 Μελίτων

1765 5598 2035 5722 Ὀνησίμὶγ
2068 5596 2144 5667 τῷ
2174 5596 2385 5666 ἀδελφῷ
2416 5596 2645 5666 χαίρειν.
3217 5661 3225 5670 ⁵
3305 5661 3314 5672 ἱ

1826 5670 1938 5722 (851
2024 5668 2285 5722 illetnont.
2325 5668 2563 5722 dansles
2598 5667 2875 5722 Mémoircs
2918 5681 3049 5719 nour
3096 5678 3258 5718 εει-υπς’
3289 5674 3314 5715 α

1826 5667 2285 5740 (85)Tillemont,
2325 5670 2462 5722 dans
2486 5668 2563 5722 les
2598 5667 2875 5723 Memoircs
2918 5681 3049 5731 ηοω·
3096 5667 3258 5718 servir
3289 5667 3326 5715 ἁ
