3792 6218
484 272 624 326 1159
1548 264 1605 318 S.
1649 260 1901 315 MELITO
1944 261 1981 315 S

2229 260 2250 313 1
2291 260 2621 315 El'lSCUl’ll
2634 261 2692 312 5.
3618 258 3726 313 1160

478 404 545 443 ex
580 398 952 459 praeconcepta
982 395 1037 442 et
1064 385 1242 441 obiter
1273 383 1502 455 jamjam
1558 391 1744 438 notata
1792 380 2049 451 opinione
2083 381 2282 445 oritur,
2317 378 2629 433 Melitonem
2691 391 2814 432 esse
2857 374 3108 447 angelum
3146 376 3315 431 istum
3344 374 3600 431 Ecclesia:
3625 376 3727 430 Sar-

483 483 683 549 dianze,
717 497 880 553 quem
910 481 1071 535 divus
1100 478 1341 535 Joannes
1367 476 1735 547 reprehendit.
1776 473 1915 529 lline
1944 475 2317 544 apostolorum
2344 473 2490 527 aetati
2527 471 2791 540 aequalem
2820 469 3131 524 necessario
3159 484 3290 524 eum
3334 466 3566 532 faciunt,
3592 468 3725 525 viris-

482 593 590 646 que
623 578 691 630 ab
718 574 979 646 apostolis
1012 570 1316 632 instructis,
1344 584 1485 638 quos
1517 566 1865 636 apostolicos
1892 574 2162 619 vocarunt
2193 572 2423 628 veteres,
2452 568 2836 617 annumerant.
2879 559 3061 613 Altera
3096 574 3230 614 vero
3269 575 3341 614 ex
3378 574 3567 614 errore
3605 561 3724 629 grati

482 668 749 737 procedit,
791 676 845 721 et
874 680 1065 717 eorum
1095 671 1199 725 est,
1226 676 1366 731 quos
1397 659 1605 714 notavit
1630 656 1933 713 Halloixius
1967 657 2105 727 (86),
2135 656 2230 726 qui
2266 654 2575 710 Melitoncm
2602 652 2911 717 Frontonis,
2941 666 3036 707 seu
3067 661 3128 706 ut
3163 667 3273 706 non
3319 651 3442 705 sine
3477 651 3605 707 vitio
3627 668 3723 707 eum

482 769 696 823 vocant,
729 757 1013 813 Frontonii
1064 753 1392 824 discipulum
1437 750 1610 806 fuisse
1652 750 1950 804 somniant.
2003 747 2279 818 Legerunt
2331 763 2569 818 namque
2620 746 2698 800 illi
2748 744 2801 798 in
2852 743 3185 815 Hieronymo
3226 744 3345 814 (87)
3382 744 3503 799 haec
3544 744 3721 800 verba:

488 875 507 907 ι
546 854 725 908 Melito
753 853 1013 915 Asianus,
1056 848 1346 903 Sardensis
1372 846 1688 916 episcopus,
1722 845 1920 898 librum
1947 844 2263 915 imperatori
2298 844 2368 899 Μ.
2396 844 2621 897 Aurelio
2651 841 2813 907 Vero,
2842 842 2935 912 qui
2961 838 3258 894 Frontonis
3303 840 3547 894 oratoris
3588 840 3722 895 disci-

479 946 645 1019 pulus
677 944 797 1009 fuit,
831 960 930 1013 pro
952 940 1270 997 Christiano
1300 938 1555 1005 dogmate
1584 935 1751 999 dedit,
1785 954 1803 986 ι
1831 933 2051 1004 etquod
2085 934 2433 988 tribuendum
2458 944 2575 989 erat
2620 932 2690 986 Μ.
2723 934 2944 989 Aurelio
2975 932 3288 987 tribuerunt
3325 928 3587 987 Melitoni.
3614 930 3724 987 Vere

480 1040 630 1094 enim
665 1037 963 1093 Frontonis
998 1033 1330 1102 discipulum
1363 1030 1433 1084 Μ.
1460 1028 1645 1084 Aurel.
1682 1029 2022 1082 Antoninum
2065 1027 2256 1093 fuisse,
2286 1036 2519 1083 testatur
2548 1042 2652 1080 non
2686 1028 2849 1081 modo
2882 1028 2997 1097 ipse
3030 1026 3325 1080 verborum
3360 1040 3557 1087 nexus.
3586 1025 3726 1081 sedet

478 1140 725 1185 veterum
772 1130 914 1183 hanc
949 1128 1004 1180 in
1050 1141 1165 1181 rem
1201 1122 1513 1178 testimonia
1545 1122 1801 1191 probant.
1846 1118 2212 1190 Hieronymus
2243 1119 2361 1189 (88)
2388 1118 2536 1172 enim
2576 1116 2691 1188 ipse
2739 1117 2871 1172 alibi
2920 1118 2988 1171 de
3013 1116 3293 1173 Frontone
3324 1118 3603 1172 memoria:
3624 1133 3725 1187 pro-

478 1226 617 1281 didit
640 1224 712 1278 ita
743 1242 756 1276 :
792 1242 809 1272 ‹
843 1220 1049 1274 Fronto
1078 1225 1267 1272 orator
1311 1214 1541 1285 insignis
1577 1214 1827 1275 habetur,
1856 1212 1949 1281 qui
1994 1210 2042 1263 Μ
2100 1210 2434 1265 Antoninum
2475 1208 2672 1264 Verum
2700 1210 2909 1265 Latinis
2960 1209 3156 1265 litteris
3205 1210 3469 1265 erudivit.
3506 1230 3525 1261 ι
3560 1209 3621 1264 Et
3640 1210 3723 1265 Jul.

478 1315 823 1387 Capitolinus
850 1312 963 1383 (89)
995 1309 1340 1380 imperatoris
1386 1309 1553 1377 hujus
1586 1309 1877 1377 magistros
1926 1320 2242 1367 recensens,
2273 1320 2413 1374 quos
2451 1304 2601 1358 varia
2631 1305 2684 1358 in
2720 1303 2979 1358 facultate
3006 1303 3189 1359 varios
3223 1304 3445 1368 habuit,
3499 1303 3579 1359 sic
3616 1304 3726 1357 inter

476 1406 585 1460 alia
629 1425 642 1461 :
684 1425 702 1456 ι
741 1403 1239 1458 Ογίιιοτίὺυδιυευς
1267 1411 1352 1455 est
1396 1398 1624 1465 Graecis,
1662 1398 1842 1452 Annio
1891 1395 1973 1450 Ma

2228 1396 2382 1459 tinio,
2430 1396 2619 1451 Celere
2664 1406 2718 1451 et
2764 1395 2976 1451 Herode
3003 1395 3222 1461 Attico;
3254 1394 3458 1450 Latino
3486 1394 3725 1450 Frontone

478 1497 758 1553 Cornelio.
796 1495 901 1550 Sed
939 1494 1172 1547 multum
1202 1509 1270 1547 ex
1304 1492 1390 1547 his
1422 1490 1687 1545 Frontoni
1717 1489 1930 1555 detulit,
1956 1489 2045 1544 cui
2071 1497 2125 1543 et
2163 1498 2399 1543 statuam
2433 1489 2488 1543 in
2536 1498 2730 1545 senatu
2774 1489 2947 1560 petiit.
2987 1508 3006 1540 ι
3050 1488 3193 1555 Quin
3230 1498 3288 1543 et
3319 1490 3602 1544 consulem
3628 1507 3726 1544 eum

480 1589 629 1654 fecit,
663 1596 724 1642 ut
762 1588 888 1641 fasti
932 1588 1251 1640 consulares
1295 1592 1590 1649 testantur,
1630 1593 1683 1639 et
1729 1591 1925 1653 printer
1952 1581 2258 1636 Ausonium
2295 1580 2409 1652 (90)
2451 1583 2607 1638 testis
2652 1596 2871 1652 quoque
2902 1590 2987 1637 est
3014 1597 3047 1636 a
3074 1579 3315 1637 Grutero
3340 1580 3459 1652 (91)
3486 1582 3637 1636 allata
3660 1583 3723 1635 in-

480 1683 705 1752 scriptio
738 1692 917 1744 vetus,
949 1695 979 1734 e
1015 1679 1145 1732 fano
1176 1676 1431 1731 Fortuna:
1464 1676 1518 1730 in
1560 1677 1742 1731 littore
1777 1677 2056 1732 Adriatico
2095 1675 2383 1747 producta.
2431 1673 2597 1728 Error
2627 1675 2814 1743 itaque
2845 1672 2937 1728 hic
2982 1683 3067 1729 est
3108 1674 3368 1744 insignis,
3400 1674 3499 1745 qui
3527 1690 3555 1728 a
3585 1677 3723 1746 negli-

479 1774 817 1846 gentioribus
849 1770 1174 1841 quibusdam
1204 1768 1635 1837 chronographis
1664 1778 1945 1839 acceptus,
1981 1768 2035 1822 in
2068 1769 2207 1823 alios
2237 1777 2399 1837 atque
2435 1768 2573 1822 alios
2600 1776 2684 1821 est
2715 1764 3014 1821 derivatus.
3058 1764 3187 1821 Haec
3216 1767 3286 1821 de
3316 1766 3517 1836 primis
3546 1767 3726 1823 Melita-

476 1869 564 1922 nis
595 1865 787 1931 nostri,
816 1863 1180 1932 omnibusque
1215 1861 1528 1915 hominibus
1561 1876 1715 1930 aeque
1747 1862 2133 1917 communibus
2176 1861 2303 1915 vitae
2341 1859 2489 1923 fatis,
2531 1860 2675 1914 dicta
2725 1868 2908 1914 sunto.
2954 1857 3082 1913 Heee
3128 1858 3196 1913 tle
3237 1862 3443 1930 patria,
3467 1870 3725 1930 aetate,pa-

477 1958 723 2015 rentibus
747 1966 910 2025 atque
943 1953 1367 2025 prazceptoribus
1396 1954 1516 2023 ejus
1548 1954 1601 2007 in
1628 1954 1867 2008 medium
1897 1954 2141 2024 proferre
2170 1954 2341 2024 potui,
2379 1952 2472 2007 sed
2502 1968 2677 2022 pauca
2705 1968 2791 2007 me
2826 1952 3031 2008 dixisse
3068 1951 3268 2021 fateor,
3303 1964 3393 2009 ast
3421 1956 3602 2011 omnia
3631 1973 3725 2027 qua

474 2052 718 2123 reperire
753 2050 930 2120 potui.

1032 2142 1059 2214 ς
1100 2140 1211 2196 VH.
1250 2142 1322 2195 De
1357 2142 1653 2195 eruditione
1692 2141 1963 2196 Melitonis
2002 2144 2058 2195 in
2091 2157 2294 2212 genere,
2322 2151 2371 2194 et
2410 2140 2464 2193 in
2495 2140 2665 2209 specie
2692 2140 2755 2193 de
2782 2141 2894 2208 ejus
2926 2142 3187 2197 oratoria.

543 2262 602 2316 ln
633 2260 803 2316 animi
839 2274 968 2314 vero
1010 2257 1130 2327 ejus
1158 2256 1516 2312 describenda
1562 2256 1744 2312 indole
1792 2258 2166 2327 amplissimus
2198 2266 2251 2310 et
2296 2256 2382 2309 vix
2435 2254 2776 2309 emetiendus
2805 2254 3161 2312 dicendorum
3212 2276 3448 2332 campus
3502 2281 3560 2321 se
3608 2269 3716 2322 mihi

472 2357 650 2413 olfert.
685 2353 946 2408 Naturam
971 2353 1117 2406 enim
1152 2351 1205 2404 in
1240 2350 1545 2405 tribuendis
1586 2350 1756 2406 animi
1787 2350 2006 2406 dotibus
2054 2350 2347 2421 benignam
2395 2364 2625 2419 prorsus
2676 2358 2840 2418 atque
2884 2350 3153 2406 faventem
3186 2352 3381 2411 habuit
3428 2374 3539 2413 non
3569 2361 3721 2425 modo,

472 2452 567 2507 sed
604 2459 656 2503 et
685 2449 800 2517 ipse
840 2445 999 2500 donis
1046 2460 1075 2497 a
1125 2454 1320 2498 natura
1362 2442 1465 2498 sibi
1511 2443 1788 2499 concessis
1843 2444 2048 2513 optime
2096 2440 2199 2497 fuit
2246 2458 2403 2498 usus.
2436 2441 2587 2496 Felix
2622 2441 2767 2496 enim
2806 2442 3084 2513 ingenium
3125 2447 3293 2503 variis
3337 2450 3552 2507 artibus
3592 2465 3725 2523 atque

474 2541 727 2595 sciemus
775 2540 849 2592 ita
903 2536 1213 2607 perpolivit,
1241 2545 1299 2591 et
1338 2535 1404 2590 ad
1441 2536 1584 2591 bona
1623 2537 1829 2606 quaevis
1857 2536 2342 2607 propensissimam
2368 2538 2702 2592 voluntatem
2732 2535 2806 2591 ita
2853 2539 3148 2595 assuefecit
3178 2540 3448 2599 virtutum
3478 2548 3726 2608 exercitio,

474 2646 536 2691 ut
567 2634 766 2689 eruditi
792 2649 901 2688 non
934 2632 1117 2686 minus
1150 2647 1314 2700 quam
1341 2630 1415 2700 pii
1441 2632 1802 2699 promeruerit
1832 2632 2383 2687 commendationem.
2430 2630 2649 2699 Quanto
2695 2634 2890 2690 ardore
2941 2635 3395 2694 meditationibus
3445 2639 3726 2705 indulserit,

474 2737 793 2798 quantaque
820 2725 1069 2779 laborum
1098 2724 1356 2793 patientia
1386 2730 1441 2777 et
1466 2724 1787 2780 assiduitate
1810 2726 2005 2780 studiis
2035 2742 2157 2783 sese
2176 2724 2413 2791 .dederit,
2449 2740 2558 2780 non
2599 2727 2763 2781 modo
2798 2726 3039 2797 insignes
3075 2728 3195 2798 ejus
3226 2728 3283 2783 in
3307 2731 3484 2785 variis
3511 2734 3729 2788 scientiis

475 2829 751 2876 testantur
776 2833 1129 2889 progressus,
1150 2816 1242 2871 sed
1271 2825 1326 2871 et
1352 2816 1725 2886 amplissimus
1767 2818 2032 2873 librorum
2065 2828 2297 2874 testatur
2328 2833 2613 2883 numerus,
2664 2834 2828 2885 quem
2875 2819 3147 2876 indefessa
3201 2821 3304 2877 viri
3356 2825 3527 2897 hujus
3564 2829 3728 2897 optimi

473 2923 597 2985 post
628 2931 686 2970 se
724 2914 945 2983 reliquit
970 2911 1270 2982 diligentia,
1298 2910 1638 2981 gravissimis
1670 2913 1894 2983 insuper
1928 2912 2053 2966 aliis
2082 2927 2304 2982 quoque
2335 2911 2727 2967 ecclesiasticis
2766 2913 3218 2981 occupationibus
3245 2920 3523 2986 oppressi.
3550 2919 3727 2974 Horum

476 3008 738 3063 librorum
786 3005 1059 3075 prolixum
1108 3003 1414 3073 catalogum
1467 3003 1836 3058 exhibuerunt
1882 3002 2152 3059 Eusebius
2190 3003 2326 3073 (92),
2380 2999 2743 3074 Hieronymus
2790 3003 2927 3071 (95),
2976 3002 3219 3060 Bullinus
3264 3006 3421 3076 (94),
3479 3007 3725 3083 Nicepho.

472 3117 569 3155 rus
601 3100 743 3171 (95),
780 3098 1088 3167 meritoque
1117 3097 1393 3164 dolemus,
1418 3096 1563 3166 quod
1594 3096 1855 3166 temporis
1890 3096 2089 3166 injuria
2125 3097 2385 3167 perierint
2419 3111 2610 3151 omnes
2642 3095 2729 3151 isti
2755 3095 2955 3167 ingenii
2988 3097 3108 3166 ejus
3147 3096 3290 3153 fetus
3321 3102 3552 3172 egregii,
3582 3106 3732 3175 quilll‘

469 3206 577 3259 que
599 3198 793 3259 praeter
817 3188 1003 3243 titulos
1024 3197 1080 3242 et
1105 3203 1277 3257 pauca
1304 3188 1553 3259 quaedam
1584 3186 1910 3258 fragmenta,
1944 3197 2029 3242 ast
2057 3204 2222 3243 aurea
2252 3198 2308 3243 et
2336 3187 2614 3258 quantivis
2646 3187 2825 3257 pretii,
2850 3198 2981 3243 aetas
3014 3202 3201 3244 nostra
3234 3191 3371 3245 nihil
3406 3195 3593 3249 tulerit
3613 3196 3729 3262 (96).

471 3284 787 3339 Melitonem
822 3284 897 3339 ob
922 3283 1291 3339 eruditionem
1322 3292 1379 3338 et
1406 3283 1610 3352 scripta
1644 3282 1760 3337 suis
1794 3282 2136 3352 temporibus
2182 3298 2352 3336 unum
2400 3282 2646 3335 omnium
2698 3282 2931 3336 maxime
2975 3282 3241 3337 celebrem
3294 3288 3595 3353 exstitisse,
3626 3305 3731 3359 pro-

473 3374 605 3427 bant
632 3389 797 3443 porro
823 3382 1064 3427 veterum
1102 3374 1244 3428 hanc
1282 3374 1340 3427 in
1372 3388 1488 3428 rem
1522 3371 1855 3427 testimonia.
1891 3371 2140 3427 llullinus
2172 3372 2287 3441 (97)
2326 3372 2691 3444 fragmentum
2732 3389 2797 3427 ex
2842 3373 2961 3443 ejus
3006 3375 3255 3445 apologia
3288 3376 3548 3446 aﬂ‘erens,
3587 3400 3605 3432 ι
3637 3382 3733 3437 hac

469 3475 525 3519 et
554 3466 724 3520 multa
752 3465 858 3520 alia
886 3465 1140 3519 nobiliter
1171 3448 1239 3520 ab
1270 3480 1336 3520 eo
1362 3465 1565 3535 scripta
1592 3464 1763 3519 fuisse
1802 3484 1821 3517 ι
1859 3464 2157 3537 subjungit.
2183 3465 2452 3520 Eusebius
2482 3465 2616 3533 (98),
2648 3475 2840 3520 contra
2876 3466 3188 3522 Artemonis
3210 3478 3264 3522 et
3290 3468 3450 3525 Pauli
3497 3471 3731 3527 Samosa-

469 3560 583 3614 teui
628 3560 861 3614 haeresin
892 3559 1173 3614 elaborata
1213 3558 1418 3629 scripta
1450 3572 1752 3620 enarrans,
1792 3558 1867 3612 ita
1918 3571 1966 3613 ta

2233 3558 2489 3614 Lclamat:
2526 3558 2605 3610 Τὰ
2650 3558 2705 3611 δὲ
2743 3558 3028 3628 Εἰρηναίου
3071 3576 3131 3612 τε
3170 3562 3265 3614 καὶ
3310 3563 3622 3630 Melinum;
3654 3567 3730 3619 καὶ

466 3652 576 3707 τῶν
603 3652 804 3706 λοιπῶν
838 3652 921 3715 τίς
953 3652 1137 3719 ἀγνοεῖ
1166 3648 1387 3720 prmia;
1418 3652 1523 3706 hoc
1549 3660 1657 3712 est,
1690 3648 1905 3719 Ruﬂipo
1930 3652 1963 3704 it

2253 3670 2265 3704 :
2304 3671 2323 3701 ι
2347 3649 2539 3705 1η·ηωί
2563 3660 2764 3704 \croct
2790 3648 3060 3706 Melitonis
3089 3663 3529 3726 cartetoruniqne
3551 3661 3637 3729 qui
3656 3677 3728 3729 per

473 3745 618 3800 idem
643 3756 859 3816 tempus
904 3744 1144 3809 fuerunt,
1176 3743 1453 3798 volumina
1503 3745 1627 3815 quis
1676 3744 1923 3814 ignorat?
1954 3763 1970 3795 ι
2003 3742 2068 3798 Et
2100 3754 2328 3814 uterque
2353 3744 2465 3812 (99)
2494 3758 2660 3813 porro
2692 3743 2764 3796 ita
2789 3744 3063 3797 memoria:
3092 3760 3314 3815 quoque
3342 3749 3726 3817 prodiderunt:

476 3853 496 3885 ε
531 3834 843 3890 Melitonem
877 3834 1163 3888 Sardensis
1194 3833 1451 3889 Ecclesia:
1481 3835 1777 3889 antistitem
1815 3844 1867 3889 et
1905 3835 2271 3903 Apollinarem
2298 3835 2447 3903 (100)
2480 3834 2622 3904 apud
2659 3833 2988 3904 Hierapolim
3013 3835 3315 3891 Ecclesiam
3356 3853 3631 3911 regentem
3657 3861 3728 3897 ce-

472 3926 799 3985 leberrimos
841 3931 983 3983 inter
1031 3939 1260 3984 caateros
1288 3929 1459 3984 fuisse
1491 3929 1758 3985 habitos.»
1791 3930 2003 3996 Quaeris
2032 3930 2124 3999 qui
2163 3928 2366 3983 fuerint
2404 3928 2493 3982 isti
2523 3929 2701 3982 caeteri
2728 3930 2850 3993 viri,
2882 3944 3021 3999 quos
3061 3930 3203 3984 inter
3232 3943 3428 3988 noster
3458 3936 3728 3991 celeberri-

464 4038 595 4076 anus
625 4022 926 4076 habebatur
952 4040 966 4088 ;
990 4038 1086 4076 eos
1109 4022 1231 4076 illos
1263 4023 1410 4092 ipsos
1440 4021 1609 4079 fuisse
1634 4023 1958 4091 respondeo,
1982 4037 2122 4092 quos
2147 4032 2391 4092 tempore
2407 4021 2647 4091 aequales
2678 4022 2725 4075 ei
2750 4033 2909 4077 antea
2948 4023 3326 4079 nominaverat
3348 4024 3618 4083 Eusebius
3644 4031 3724 4098 tl).

466 4114 807 4185 llegesippus
854 4116 932 4185 (2)
981 4115 1222 4180 scilicet,
1273 4114 1567 4185 Dionysius
1620 4116 1740 4186 (5),
1787 4116 2046 4187 Pinytus,
2092 4115 2374 4187 Philippus
2430 4115 2546 4186 (4),
2599 4114 2853 4187 Mysanus
2902 4114 3016 4185 (5),
3052 4113 3368 4179 Modestus,
3413 4115 3646 4173 Irentcus
3686 4132 3727 4174 rt

468 4269 749 4325 l‘flistoire
778 4268 1191 4338 ecclésiastique.
1234 4279 1367 4323 tom.
1390 4266 1457 4333 11,
1483 4284 1605 4337 pag.
1648 4268 1754 4321 445
1786 4287 1798 4323 :
1834 4289 1853 4319 ι
1900 4269 2046 4325 Méli-
2080 4276 2127 4333 Α
2227 4268 2341 4408 (91)
2380 4269 2790 4339 Inscriptionum
2819 4268 3107 4326 Romamn.
3141 4287 3261 4341 pag.
3290 4288 3545 4327 eccuni.

473 4355 561 4395 ton
593 4340 813 4408 qualilie
840 4338 1097 4394 Onésime
1142 4354 1242 4393 son
1284 4338 1447 4400 frére.
1480 4340 1587 4393 soit
1626 4339 1755 4406 qu‘il
1792 4340 1839 4393 le
1862 4338 1941 4394 tm
1969 4340 2039 4393 ef-
2252 4341 2344 4408 92)
2380 4340 2585 4394 Histor.
2615 4341 2911 4393 ecclesiast.
2942 4340 3037 4394 lib.
3077 4358 3148 4399 tv,
3175 4358 3296 4408 cap.
3332 4343 3428 4406 26,
3461 4360 3545 4408 pa;

473 4355 561 4413 ton
593 4340 813 4410 qualilie
840 4338 1097 4413 Onesimus
1128 4354 1242 4413 son
1284 4338 1447 4400 frére.
1480 4340 1587 4393 soit
1626 4339 1755 4413 qn‘il
1792 4340 1839 4413 le
1862 4338 1941 4394 tm
1969 4340 2039 4413 ef-
2230 4338 2344 4413 (92)
2380 4338 2585 4413 (liuor.
2615 4341 2911 4413 ecclesia“.
2942 4340 3037 4413 lib.
3077 4338 3151 4399 tv,
3175 4338 3296 4410 cap.
3332 4343 3428 4406 26,
3461 4360 3584 4413 pag.
3616 4343 3719 4397 188.

469 4409 836 4484 fectivement,
880 4410 988 4464 suit
1026 4410 1330 4465 seulement
1356 4410 1688 4484 pa_rce_qu_‘il
1722 4409 1855 4465 était
1886 4409 2047 4466 chré~
2167 4411 2341 4484 __(95)
2380 4410 2455 4464 De
2491 4411 2840 4484 scriptoribus
2884 4409 3286 4477 ecclesiasticis,
3325 4409 3582 4482 capfil,
3614 4430 3721 4484 pag.

471 4485 602 4538 tien.
631 4480 826 4550 CIetait
854 4491 1265 4550 apparemment
1287 4496 1359 4550 un
1392 4479 1584 4547 simple
1620 4480 1820 4548 laique.
1852 4498 1869 4531 ι

1220 4491 1265 4533 ιι
1287 4496 1359 4550 un
1392 4479 1584 4547 simple
1620 4480 1820 4548 laique.
1852 4498 1869 4531 ι
2158 4481 2282 4539 110,
2314 4489 2446 4534 tom.
2489 4480 2555 4533 IV
2583 4479 2717 4550 Opp.

544 4553 653 4623 (86)
674 4546 733 4600 In
778 4546 939 4623 ‘Vitis—
967 4550 1259 4623 illustrium
1299 4546 1552 4604 Ecclesia:
1583 4546 1789 4605 Orient.
1822 4551 2049 4621 scripto—
2152 4619 2187 4623 _
2227 4550 2516 4623 (94)_>Hist.
2538 4546 2824 4623 ecclesia“.
2853 4550 2947 4605 lib.
2982 4566 3056 4615 tv,
3079 4566 3199 4620 cap.
3229 4550 3321 4617 25,
3351 4551 3449 4607 fol.
3480 4554 3573 4621 95,
3604 4554 3716 4609 edit.

470 4618 610 4678 runt.
637 4618 734 4676 fol.
768 4618 892 4683 858,
929 4632 1062 4675 tum.
1094 4620 1157 4673 ιι.
1928 4618 1937 4621 ’

2152 4619 2301 4673 Beat.
2338 4618 2607 4675 llhenani.
3146 4618 3161 4620 “
3558 4618 3566 4621 ’
3604 4638 3608 4639 ί

544 4693 656 4761 (87)
687 4693 746 4747 ln
786 4690 1047 4761 Catalogo
1094 4692 1275 4758 script.
1307 4690 1599 4746 ecclesiast.
1634 4708 1753 4761 cap.
1796 4693 1889 4748 24.
1920 4691 2051 4758 Quae
2226 4691 2337 4761 (95)
2369 4689 2575 4761 Histor.
2610 4691 2897 4744 ecclesiast.
2936 4690 3030 4744 lib.
3074 4707 3147 4756 tv,
3181 4706 3301 4760 cap.
3338 4692 3429 4757 10,
3480 4694 3572 4749 fol.
3602 4694 3711 4749 291.

467 4763 637 4816 verba
666 4762 936 4817 Aubertus
970 4760 1186 4816 Miratus
1219 4764 1272 4815 in
1318 4778 1420 4817 suo
1460 4763 1527 4816 ad
1566 4766 1620 4817 h.
1655 4760 1933 4817 lfscholio
1977 4764 2051 4815 ita
2228 4761 2341 4831 (96)
2379 4760 2566 4815 Obiter
2594 4762 2682 4816 hic
2710 4762 2901 4816 saltem
2937 4761 3201 4815 librorum
3244 4778 3273 4814 a
3317 4761 3572 4819 Melitone
3600 4781 3713 4819 cono

470 4831 876 4902 interpretatur,
902 4833 1058 4901 quasi
1089 4848 1151 4886 ea
1181 4848 1287 4885 non
1323 4834 1391 4902 de
1419 4833 1747 4902 imperatore
1775 4833 2050 4886 Antonino
2153 4834 2479 4899 scriptorum
2526 4832 2684 4900 iujeci
2716 4834 3066 4894 mentionem,
3100 4833 3230 4901 quia
3271 4833 3328 4885 in
3376 4836 3550 4891 altera
3595 4836 3709 4891 diss.

468 4900 815 4985 philosopho,
834 4900 931 4984 sed
950 4902 1319 4985 de‘Antonino
1340 4900 1691 4985 verm—(quem
1720 4904 2049 4985 iseollegam
2151 4903 2511 4985 “instituto
2535 4903 2602 4955 de
2633 4903 2711 4985 iis.
2732 4916 2890 4985 agere
2913 4900 3193 4985 constitui.

471 4970 701 5043 imperii
730 4973 936 5043 habuit,
970 4973 1316 5042 intelligenda
1346 4974 1474 5027 sint.
1509 4970 1613 5027 sed
1649 4970 1945 5027 manifeste
1964 4989 2050 5026 re-
2222 4970 2339 5043 (97)
2368 4971 2573 5043 Histor.
2604 4970 2894 5043 ecclesiast.
2921 4971 3015 5043 lib.
3050 4988 3123 5037 tv,
3153 4988 3273 5041 cap.
3310 4975 3406 5038 25,
3436 4974 3532 5030 fol.
3558 4974 3642 5029 95.

466 5040 671 5098 clamat
704 5042 1008 5098 differentia
1043 5040 1414 5113 praenominis.
1451 5044 1540 5098 Uti
1580 5045 1724 5097 enim
1754 5043 1901 5110 prior
1928 5045 2050 5113 (sine
2222 5040 2338 5113 (98)
2373 5040 2931 5113 Historiteiecclesiast.
2951 5041 3044 5096 lib.
3075 5059 3127 5107 ν,
3158 5040 3278 5113 cap.
3309 5047 3402 5099 28.

471 5115 584 5170 ulla
607 5115 977 5169 controversia
1002 5112 1250 5167 «Marcus
1275 5115 1528 5168 Aurelius
1547 5112 2047 5184 VerusAntoninus
2162 5182 2204 5184 __
2232 5111 2344 5184 (99)
2369 5112 2591 5184 Rullin.,
2624 5112 2773 5166 Hist.
2802 5111 2996 5184 eccles.
3013 5113 3104 5166 lib.
3124 5128 3196 5176 tv,
3221 5111 3340 5184 cap.
3362 5116 3437 5171 25
3466 5136 3481 5183 ;
3504 5114 3704 5173 Euseb.

470 5184 853 5254 philosophus,
886 5205 908 5235 ι
940 5185 1020 5239 sic
1050 5184 1325 5254 posterior
1353 5193 1667 5238 constanter
1705 5182 1759 5254 in
1793 5182 2047 5254 omnibus
2152 5182 2298 5236 Hist.
2327 5182 2512 5237 eccles.
2547 5184 2641 5237 lib.
2674 5199 2746 5247 tv,
2786 5198 2906 5254 cap.
2934 5182 3003 5235 26
3033 5201 3046 5236 :
3080 5184 3200 5237 Ἐπὶ
3243 5182 3413 5239 τῶνδε
3448 5189 3539 5240 καὶ
3565 5184 3709 5254 Μελέ-

470 5249 712 5324 ὀηιὶίιιιίἐ
764 5249 1186 5310 tiumisntatibus
1238 5273 1256 5305 ‹
1309 5253 1514 5308 Lucius
1566 5252 1821 5306 Aurelius
1875 5249 1967 5306 Vel

2206 5271 2258 5326 av
2287 5254 2388 5324 τῆς
2418 5256 2477 5326 ἐγ
2508 5254 2733 5326 Σᾲρδεσι
2764 5249 3582 5326 ἐπείξςκρπος,-Ἄπολλινὰριόςτε
3621 5253 3703 5321 τῆς

470 5323 847 5397 Antoninus,»
886 5336 1291 5397 nuncupatur,
1423 5392 1434 5397 Α
1477 5392 1487 5397 _
1522 5391 1561 5397 _
1666 5393 1713 5397 __
1798 5394 1808 5397 _
1899 5393 1911 5397 _

1704 5393 1713 5397 _
1798 5394 1808 5397 _
1899 5393 1911 5397 _
2147 5325 2205 5376 ὲν
2244 5323 2538 5397 ’ᾲιερατεᾴλει
2567 5323 3181 5397 διαπρεπῶς-*ἤκμαζοψ

541 5394 659 5465 (88)
688 5393 746 5465 In
774 5391 1198 5450 Continuatioue
1234 5392 1492 5449 Chronici
1521 5391 1813 5449 Eusebiani
1848 5393 1916 5448 ad
1948 5411 2043 5449 an-
2222 5391 2370 5465 (100)
2403 5394 2609 5465 Hister.
2643 5391 2824 5449 eccles.
2860 5391 2953 5465 lib.
2990 5391 3063 5457 iv,
3095 5410 3214 5464 cap.
3241 5394 3334 5449 2|.

472 5462 773 5536 numini.
804 5467 990 5519 Aurel.
1022 5466 1146 5519 Ver.
1346 5531 1407 5536 _-_
2221 5467 2298 5536 (l)
2334 5462 2504 5534 Cujus
2530 5462 2711 5536 Yitam
2742 5465 2835 5536 dat
2861 5462 3064 5536 Euseb.
3103 5465 3140 5519 l.
3162 5462 3245 5536 c..
3287 5483 3414 5536 cap.
3437 5468 3527 5521 27.

543 5481 603 5517 im
636 5470 669 5517 4
702 5470 773 5517 Μ.
804 5470 990 5519 Aurel.
1023 5470 1146 5519 Ver.
2245 5470 2298 5530 1)
2334 5470 2504 5534 Cujus
2534 5470 2711 5518 Vitam
2742 5470 2835 5518 dat
2867 5470 3064 5519 Euseb.
3103 5470 3140 5519 Ι.
3170 5482 3245 5524 c..
3287 5483 3414 5536 cap.
3437 5470 3527 5521 27.

543 5534 657 5603 (89)
684 5533 739 5604 ιιι
776 5536 945 5603 ipsius
978 5536 1318 5604 imperatoris
1346 5531 1489 5588 Vita.
2221 5470 2298 5604 (2)
2330 5536 2499 5601 Quem
2528 5533 2725 5604 Euseb.
2761 5533 2830 5588 Η.
2852 5531 2916 5586 Ε.
2935 5534 2969 5588 l.
3005 5552 3077 5599 tv,
3104 5552 3155 5590 c.
3186 5535 3278 5600 2‘2,
3317 5538 3572 5592 laudavit.

543 5602 655 5672 (9U)
692 5603 747 5677 l_n
780 5602 1071 5677 gratiarum
1096 5610 1316 5677 actione
1351 5621 1446 5673 pro
1472 5606 1772 5677 consulatu
1808 5607 1874 5659 ad
1909 5605 2045 5660 Gra-
2218 5602 2297 5677 (ὃ)
2321 5606 2551 5677 ρετ-ἥρῳ
2592 5603 2865 5677 Dionysio
2896 5605 3015 5659 vide
3041 5607 3290 5660 eumdem
3320 5608 3357 5662 l.
3386 5624 3463 5672 c..
3484 5623 3597 5677 cap.

470 5671 840 5752 tianitiniinp.
877 5675 1226 5746 discipulum,
1257 5671 1376 5745 pag.
1430 5675 1531 5729 l95
1602 5675 1859 5746 Operunt,
1905 5677 2038 5733 edit.
2218 5671 2296 5752 (ﬁt)
2318 5675 2391 5752 l_)e
2406 5674 2656 5752 Philippo
2670 5671 2990 5752 et‘Mod‘esto
3018 5678 3160 5734 idem
3180 5678 3290 5747 egit
3323 5671 3696 5747 ibidem,'c.3l.

472 5740 585 5796 Jac.
612 5740 804 5796 Tullii.
1016 5740 1035 5746 ⁷
1214 5740 1221 5743 ⁷
1260 5740 1273 5745 ’
1330 5740 1352 5744 ⁷
1651 5740 1667 5746 “
1846 5740 1855 5744 ⁷
2216 5740 2295 5815 (5)
2326 5744 2493 5813 Idem,
2531 5740 2773 5818 lien-ap
2813 5744 2901 5799 28.

1976 5894 2043 5904 τ’,
