  <div class='ocr_page' id='page_1' title='image "/cluster/home/n/w/nwhite01/storage/ocr_20150623/5/hvd.32044019206598/588.png"; bbox 0 0 3792 6218; ppageno 0'>
   <div class='ocr_carea' id='block_1_1' title="bbox 146 248 1670 340">
    <p class='ocr_par' dir='ltr' id='par_1_1' title="bbox 146 248 1670 315">
     <span class='ocr_line' id='line_1_1' title="bbox 146 248 1670 315; baseline 0.007 -12"><span class='ocrx_word' id='word_1_1' title='bbox 146 248 259 303; x_wconf 67' lang='lat' dir='ltr'><strong>iiii!</strong></span> <span class='ocrx_word' id='word_1_2' title='bbox 1082 254 1386 312; x_wconf 75' lang='lat' dir='ltr'><strong>NOTITIA.</strong></span> <span class='ocrx_word' id='word_1_3' title='bbox 1420 289 1490 299; x_wconf 86' lang='lat'><strong>—-</strong></span> <span class='ocrx_word' id='word_1_4' title='bbox 1527 258 1571 315; x_wconf 88' lang='grc' dir='ltr'><strong>ι.</strong></span> <span class='ocrx_word' id='word_1_5' title='bbox 1615 258 1670 314; x_wconf 79' lang='lat' dir='ltr'><strong>Di</strong></span> 
     </span>
    </p>
   </div>
   <div class='ocr_carea' id='block_1_2' title="bbox 1791 248 3386 340">
    <p class='ocr_par' dir='ltr' id='par_1_2' title="bbox 1791 261 3386 340">
     <span class='ocr_line' id='line_1_2' title="bbox 1791 261 3386 340; baseline 0.016 -25"><span class='ocrx_word' id='word_1_6' title='bbox 1791 261 1902 317; x_wconf 80' lang='lat' dir='ltr'><strong>[TA</strong></span> <span class='ocrx_word' id='word_1_7' title='bbox 1945 264 2004 319; x_wconf 88' lang='lat' dir='ltr'><strong>S.</strong></span> <span class='ocrx_word' id='word_1_8' title='bbox 2043 263 2435 325; x_wconf 67' lang='lat' dir='ltr'><strong>HELITONIS.</strong></span> <span class='ocrx_word' id='word_1_9' title='bbox 3252 285 3272 340; x_wconf 74' lang='grc' dir='ltr'><strong>Ι</strong></span> <span class='ocrx_word' id='word_1_10' title='bbox 3290 286 3386 340; x_wconf 64' lang='lat' dir='ltr'><strong>illi!</strong></span> 
     </span>
    </p>
   </div>
   <div class='ocr_carea' id='block_1_3' title="bbox 140 364 3383 464">
    <p class='ocr_par' dir='ltr' id='par_1_3' title="bbox 140 364 3383 464">
     <span class='ocr_line' id='line_1_3' title="bbox 140 364 3383 464; baseline 0.011 -43"><span class='ocrx_word' id='word_1_11' title='bbox 140 364 457 464; x_wconf 78' lang='lat' dir='ltr'><strong>Theophilus</strong></span> <span class='ocrx_word' id='word_1_12' title='bbox 487 367 887 464; x_wconf 50' lang='lat' dir='ltr'><strong>dntiochenus.</strong></span> <span class='ocrx_word' id='word_1_13' title='bbox 932 372 1031 427; x_wconf 88' lang='lat' dir='ltr'><strong>viri</strong></span> <span class='ocrx_word' id='word_1_14' title='bbox 1062 374 1128 429; x_wconf 90' lang='lat' dir='ltr'><strong>de</strong></span> <span class='ocrx_word' id='word_1_15' title='bbox 1160 374 1399 432; x_wconf 81' lang='lat' dir='ltr'><strong>Ecclesia</strong></span> <span class='ocrx_word' id='word_1_16' title='bbox 1431 387 1484 431; x_wconf 91' lang='lat' dir='ltr'><strong>et</strong></span> <span class='ocrx_word' id='word_1_17' title='bbox 1519 377 1663 433; x_wconf 86' lang='lat' dir='ltr'><strong>fama</strong></span> <span class='ocrx_word' id='word_1_18' title='bbox 1694 389 1747 435; x_wconf 90' lang='lat' dir='ltr'><strong>et</strong></span> <span class='ocrx_word' id='word_1_19' title='bbox 1778 382 1996 451; x_wconf 86' lang='lat' dir='ltr'><strong>scriptis</strong></span> <span class='ocrx_word' id='word_1_20' title='bbox 2037 399 2230 440; x_wconf 89' lang='lat' dir='ltr'><strong>omnes</strong></span> <span class='ocrx_word' id='word_1_21' title='bbox 2261 396 2427 458; x_wconf 89' lang='lat' dir='ltr'><strong>atque</strong></span> <span class='ocrx_word' id='word_1_22' title='bbox 2458 389 2658 461; x_wconf 83' lang='lat' dir='ltr'><strong>singuli</strong></span> <span class='ocrx_word' id='word_1_23' title='bbox 2688 392 2848 464; x_wconf 82' lang='lat' dir='ltr'><strong>longe</strong></span> <span class='ocrx_word' id='word_1_24' title='bbox 2880 397 3239 456; x_wconf 87' lang='lat' dir='ltr'><strong>meritissimi.</strong></span> <span class='ocrx_word' id='word_1_25' title='bbox 3271 401 3383 458; x_wconf 82' lang='lat' dir='ltr'><strong>Lu-</strong></span> 
     </span>
    </p>
   </div>
   <div class='ocr_carea' id='block_1_4' title="bbox 139 459 3386 562">
    <p class='ocr_par' dir='ltr' id='par_1_4' title="bbox 139 459 3386 562">
     <span class='ocr_line' id='line_1_4' title="bbox 139 459 3386 562; baseline 0.012 -50"><span class='ocrx_word' id='word_1_26' title='bbox 139 474 251 514; x_wconf 83' lang='lat' dir='ltr'><strong>scus</strong></span> <span class='ocrx_word' id='word_1_27' title='bbox 280 459 462 562; x_wconf 72' lang='lat' dir='ltr'><strong>itaque</strong></span> <span class='ocrx_word' id='word_1_28' title='bbox 494 460 641 562; x_wconf 78' lang='lat' dir='ltr'><strong>inter</strong></span> <span class='ocrx_word' id='word_1_29' title='bbox 675 478 849 519; x_wconf 64' lang='lat' dir='ltr'><strong>caecos</strong></span> <span class='ocrx_word' id='word_1_30' title='bbox 880 467 1105 522; x_wconf 90' lang='lat' dir='ltr'><strong>minime</strong></span> <span class='ocrx_word' id='word_1_31' title='bbox 1151 470 1418 537; x_wconf 77' lang='lat' dir='ltr'><strong>regnavit,</strong></span> <span class='ocrx_word' id='word_1_32' title='bbox 1468 472 1562 525; x_wconf 90' lang='lat' dir='ltr'><strong>sed</strong></span> <span class='ocrx_word' id='word_1_33' title='bbox 1605 473 1843 540; x_wconf 92' lang='lat' dir='ltr'><strong>optimus</strong></span> <span class='ocrx_word' id='word_1_34' title='bbox 1875 474 2018 531; x_wconf 89' lang='lat' dir='ltr'><strong>inter</strong></span> <span class='ocrx_word' id='word_1_35' title='bbox 2048 479 2286 546; x_wconf 80' lang='lat' dir='ltr'><strong>Optimos</strong></span> <span class='ocrx_word' id='word_1_36' title='bbox 2318 459 2650 542; x_wconf 26' lang='lat' dir='ltr'><strong>exstititjlu</strong></span> <span class='ocrx_word' id='word_1_37' title='bbox 2683 459 2811 541; x_wconf 64' lang='lat' dir='ltr'><strong>rem</strong></span> <span class='ocrx_word' id='word_1_38' title='bbox 2849 492 3111 562; x_wconf 85' lang='lat' dir='ltr'><strong>evestigio</strong></span> <span class='ocrx_word' id='word_1_39' title='bbox 3172 509 3386 560; x_wconf 87' lang='lat' dir='ltr'><strong>eamus,</strong></span> 
     </span>
    </p>
   </div>
   <div class='ocr_carea' id='block_1_5' title="bbox 137 550 3393 655">
    <p class='ocr_par' dir='ltr' id='par_1_5' title="bbox 137 550 3393 655">
     <span class='ocr_line' id='line_1_5' title="bbox 137 550 3393 655; baseline 0.011 -50"><span class='ocrx_word' id='word_1_40' title='bbox 137 558 284 653; x_wconf 80' lang='lat' dir='ltr'><strong>atque</strong></span> <span class='ocrx_word' id='word_1_41' title='bbox 311 550 491 619; x_wconf 84' lang='lat' dir='ltr'><strong>palam</strong></span> <span class='ocrx_word' id='word_1_42' title='bbox 516 551 633 655; x_wconf 62' lang='lat' dir='ltr'><strong>jani</strong></span> <span class='ocrx_word' id='word_1_43' title='bbox 668 570 887 655; x_wconf 84' lang='lat' dir='ltr'><strong>quoque</strong></span> <span class='ocrx_word' id='word_1_44' title='bbox 939 556 1223 623; x_wconf 85' lang='lat' dir='ltr'><strong>faciamus,</strong></span> <span class='ocrx_word' id='word_1_45' title='bbox 1276 560 1328 614; x_wconf 92' lang='lat' dir='ltr'><strong>in</strong></span> <span class='ocrx_word' id='word_1_46' title='bbox 1364 562 1691 631; x_wconf 83' lang='lat' dir='ltr'><strong>quibusnam</strong></span> <span class='ocrx_word' id='word_1_47' title='bbox 1724 567 2066 635; x_wconf 88' lang='lat' dir='ltr'><strong>potissimum</strong></span> <span class='ocrx_word' id='word_1_48' title='bbox 2101 572 2404 627; x_wconf 90' lang='lat' dir='ltr'><strong>studiorum</strong></span> <span class='ocrx_word' id='word_1_49' title='bbox 2447 577 2736 645; x_wconf 83' lang='lat' dir='ltr'><strong>generibus</strong></span> <span class='ocrx_word' id='word_1_50' title='bbox 2765 550 3053 653; x_wconf 61' lang='lat' dir='ltr'><strong>egregium</strong></span> <span class='ocrx_word' id='word_1_51' title='bbox 3084 598 3142 639; x_wconf 82' lang='lat' dir='ltr'><strong>se</strong></span> <span class='ocrx_word' id='word_1_52' title='bbox 3179 550 3393 655; x_wconf 59' lang='lat' dir='ltr'><strong>praesti;</strong></span> 
     </span>
    </p>
   </div>
   <div class='ocr_carea' id='block_1_6' title="bbox 138 643 3388 738">
    <p class='ocr_par' dir='ltr' id='par_1_6' title="bbox 138 643 3388 738">
     <span class='ocr_line' id='line_1_6' title="bbox 138 643 3388 738; baseline 0.011 -41"><span class='ocrx_word' id='word_1_53' title='bbox 138 644 249 698; x_wconf 90' lang='lat' dir='ltr'><strong>terit</strong></span> <span class='ocrx_word' id='word_1_54' title='bbox 299 653 509 699; x_wconf 91' lang='lat' dir='ltr'><strong>noster.</strong></span> <span class='ocrx_word' id='word_1_55' title='bbox 567 643 784 716; x_wconf 78' lang='lat' dir='ltr'><strong>Optime</strong></span> <span class='ocrx_word' id='word_1_56' title='bbox 817 650 1172 717; x_wconf 84' lang='lat' dir='ltr'><strong>perspiciens,</strong></span> <span class='ocrx_word' id='word_1_57' title='bbox 1205 661 1408 720; x_wconf 86' lang='lat' dir='ltr'><strong>quanta</strong></span> <span class='ocrx_word' id='word_1_58' title='bbox 1457 654 1536 707; x_wconf 89' lang='lat' dir='ltr'><strong>vis</strong></span> <span class='ocrx_word' id='word_1_59' title='bbox 1576 655 1864 711; x_wconf 80' lang='lat' dir='ltr'><strong>verborum</strong></span> <span class='ocrx_word' id='word_1_60' title='bbox 1916 661 2137 714; x_wconf 80' lang='lat' dir='ltr'><strong>ornatui</strong></span> <span class='ocrx_word' id='word_1_61' title='bbox 2184 662 2334 729; x_wconf 88' lang='lat' dir='ltr'><strong>insit,</strong></span> <span class='ocrx_word' id='word_1_62' title='bbox 2369 671 2422 718; x_wconf 90' lang='lat' dir='ltr'><strong>et</strong></span> <span class='ocrx_word' id='word_1_63' title='bbox 2455 643 2826 738; x_wconf 27' lang='lat' dir='ltr'><strong>vqnantopere&#39;</strong></span> <span class='ocrx_word' id='word_1_64' title='bbox 2856 643 3111 728; x_wconf 72' lang='lat' dir='ltr'><strong>conciliet</strong></span> <span class='ocrx_word' id='word_1_65' title='bbox 3171 643 3388 734; x_wconf 72' lang='lat' dir='ltr'><strong>animos</strong></span> 
     </span>
    </p>
   </div>
   <div class='ocr_carea' id='block_1_7' title="bbox 132 930 3387 1025">
    <p class='ocr_par' dir='ltr' id='par_1_7' title="bbox 132 930 3387 1025">
     <span class='ocr_line' id='line_1_7' title="bbox 132 930 3387 1025; baseline 0.01 -47"><span class='ocrx_word' id='word_1_66' title='bbox 132 939 330 995; x_wconf 85' lang='lat' dir='ltr'><strong>quoque</strong></span> <span class='ocrx_word' id='word_1_67' title='bbox 356 935 489 980; x_wconf 90' lang='lat' dir='ltr'><strong>ante</strong></span> <span class='ocrx_word' id='word_1_68' title='bbox 516 930 703 982; x_wconf 82' lang='lat' dir='ltr'><strong>omnia</strong></span> <span class='ocrx_word' id='word_1_69' title='bbox 726 945 946 999; x_wconf 86' lang='lat' dir='ltr'><strong>operam</strong></span> <span class='ocrx_word' id='word_1_70' title='bbox 980 932 1217 997; x_wconf 89' lang='lat' dir='ltr'><strong>navavit,</strong></span> <span class='ocrx_word' id='word_1_71' title='bbox 1249 943 1302 987; x_wconf 91' lang='lat' dir='ltr'><strong>et</strong></span> <span class='ocrx_word' id='word_1_72' title='bbox 1339 934 1413 989; x_wconf 90' lang='lat' dir='ltr'><strong>ita</strong></span> <span class='ocrx_word' id='word_1_73' title='bbox 1439 938 1658 991; x_wconf 90' lang='lat' dir='ltr'><strong>navavit</strong></span> <span class='ocrx_word' id='word_1_74' title='bbox 1690 937 1944 1003; x_wconf 85' lang='lat' dir='ltr'><strong>feliciter.</strong></span> <span class='ocrx_word' id='word_1_75' title='bbox 1974 952 2033 996; x_wconf 91' lang='lat' dir='ltr'><strong>ut</strong></span> <span class='ocrx_word' id='word_1_76' title='bbox 2060 943 2115 997; x_wconf 92' lang='lat' dir='ltr'><strong>in</strong></span> <span class='ocrx_word' id='word_1_77' title='bbox 2151 944 2439 1000; x_wconf 88' lang='lat' dir='ltr'><strong>rhetoricis</strong></span> <span class='ocrx_word' id='word_1_78' title='bbox 2470 955 2524 1001; x_wconf 91' lang='lat' dir='ltr'><strong>et</strong></span> <span class='ocrx_word' id='word_1_79' title='bbox 2555 946 2860 1007; x_wconf 78' lang='lat' dir='ltr'><strong>ﬂcxanimis</strong></span> <span class='ocrx_word' id='word_1_80' title='bbox 2891 952 3100 1009; x_wconf 89' lang='lat' dir='ltr'><strong>artibus</strong></span> <span class='ocrx_word' id='word_1_81' title='bbox 3144 955 3387 1025; x_wconf 81' lang='lat' dir='ltr'><strong>insignes</strong></span> 
     </span>
    </p>
   </div>
   <div class='ocr_carea' id='block_1_8' title="bbox 132 1020 3389 1121">
    <p class='ocr_par' dir='ltr' id='par_1_8' title="bbox 132 1020 3389 1121">
     <span class='ocr_line' id='line_1_8' title="bbox 132 1020 3389 1121; baseline 0.012 -50"><span class='ocrx_word' id='word_1_82' title='bbox 132 1034 336 1121; x_wconf 71' lang='lat' dir='ltr'><strong>prorsus</strong></span> <span class='ocrx_word' id='word_1_83' title='bbox 366 1020 563 1076; x_wconf 87' lang='lat' dir='ltr'><strong>fecerit</strong></span> <span class='ocrx_word' id='word_1_84' title='bbox 593 1037 939 1093; x_wconf 84' lang='lat' dir='ltr'><strong>progressus.</strong></span> <span class='ocrx_word' id='word_1_85' title='bbox 969 1023 1236 1096; x_wconf 86' lang='lat' dir='ltr'><strong>Cumque,</strong></span> <span class='ocrx_word' id='word_1_86' title='bbox 1267 1026 1445 1083; x_wconf 86' lang='lat' dir='ltr'><strong>Tullio</strong></span> <span class='ocrx_word' id='word_1_87' title='bbox 1470 1029 1647 1101; x_wconf 74' lang='grc'>(6-64)</span> <span class='ocrx_word' id='word_1_88' title='bbox 1678 1042 1835 1099; x_wconf 89' lang='lat' dir='ltr'><strong>teste,</strong></span> <span class='ocrx_word' id='word_1_89' title='bbox 1861 1037 2043 1091; x_wconf 79' lang='lat' dir='ltr'><strong>oratio</strong></span> <span class='ocrx_word' id='word_1_90' title='bbox 2063 1037 2257 1093; x_wconf 85' lang='lat' dir='ltr'><strong>debeat</strong></span> <span class='ocrx_word' id='word_1_91' title='bbox 2280 1054 2399 1095; x_wconf 89' lang='lat' dir='ltr'><strong>esse</strong></span> <span class='ocrx_word' id='word_1_92' title='bbox 2430 1042 2675 1096; x_wconf 81' lang='lat' dir='ltr'><strong>ornatior</strong></span> <span class='ocrx_word' id='word_1_93' title='bbox 2703 1046 2988 1102; x_wconf 90' lang='lat' dir='ltr'><strong>sententiis</strong></span> <span class='ocrx_word' id='word_1_94' title='bbox 3002 1064 3164 1117; x_wconf 90' lang='lat' dir='ltr'><strong>quam</strong></span> <span class='ocrx_word' id='word_1_95' title='bbox 3184 1020 3389 1121; x_wconf 65' lang='lat' dir='ltr'><strong>verbis,</strong></span> 
     </span>
    </p>
   </div>
   <div class='ocr_carea' id='block_1_9' title="bbox 132 1112 3390 1214">
    <p class='ocr_par' dir='ltr' id='par_1_9' title="bbox 132 1112 3390 1214">
     <span class='ocr_line' id='line_1_9' title="bbox 132 1112 3390 1214; baseline 0.011 -50"><span class='ocrx_word' id='word_1_96' title='bbox 132 1112 394 1167; x_wconf 88' lang='lat' dir='ltr'><strong>altioribus</strong></span> <span class='ocrx_word' id='word_1_97' title='bbox 417 1129 643 1214; x_wconf 71' lang='lat' dir='ltr'><strong>qupque</strong></span> <span class='ocrx_word' id='word_1_98' title='bbox 668 1118 880 1171; x_wconf 88' lang='lat' dir='ltr'><strong>vacavit</strong></span> <span class='ocrx_word' id='word_1_99' title='bbox 908 1119 1231 1189; x_wconf 86' lang='lat' dir='ltr'><strong>disciplinis,</strong></span> <span class='ocrx_word' id='word_1_100' title='bbox 1260 1123 1763 1197; x_wconf 78' lang='lat' dir='ltr'><strong>philosophicisque</strong></span> <span class='ocrx_word' id='word_1_101' title='bbox 1785 1130 1989 1198; x_wconf 74' lang='lat' dir='ltr'><strong>pariter</strong></span> <span class='ocrx_word' id='word_1_102' title='bbox 2015 1146 2079 1186; x_wconf 90' lang='lat' dir='ltr'><strong>ac</strong></span> <span class='ocrx_word' id='word_1_103' title='bbox 2110 1133 2473 1189; x_wconf 88' lang='lat' dir='ltr'><strong>divinioribus</strong></span> <span class='ocrx_word' id='word_1_104' title='bbox 2508 1144 2682 1191; x_wconf 89' lang='lat' dir='ltr'><strong>totum</strong></span> <span class='ocrx_word' id='word_1_105' title='bbox 2708 1152 2829 1195; x_wconf 90' lang='lat' dir='ltr'><strong>sese</strong></span> <span class='ocrx_word' id='word_1_106' title='bbox 2853 1112 3088 1198; x_wconf 72' lang='lat' dir='ltr'><strong>sacravit</strong></span> <span class='ocrx_word' id='word_1_107' title='bbox 3117 1112 3390 1214; x_wconf 67' lang='lat' dir='ltr'><strong>scientiis,</strong></span> 
     </span>
    </p>
   </div>
   <div class='ocr_carea' id='block_1_10' title="bbox 129 1204 3393 1305">
    <p class='ocr_par' dir='ltr' id='par_1_10' title="bbox 129 1204 3393 1305">
     <span class='ocr_line' id='line_1_10' title="bbox 129 1204 3393 1305; baseline 0.012 -51"><span class='ocrx_word' id='word_1_108' title='bbox 129 1210 175 1255; x_wconf 82' lang='lat' dir='ltr'><strong>et</strong></span> <span class='ocrx_word' id='word_1_109' title='bbox 202 1211 457 1274; x_wconf 83' lang='lat' dir='ltr'><strong>utrasque.</strong></span> <span class='ocrx_word' id='word_1_110' title='bbox 490 1204 639 1305; x_wconf 65' lang='lat' dir='ltr'><strong>felici</strong></span> <span class='ocrx_word' id='word_1_111' title='bbox 666 1209 942 1263; x_wconf 87' lang='lat' dir='ltr'><strong>connubio</strong></span> <span class='ocrx_word' id='word_1_112' title='bbox 974 1212 1047 1265; x_wconf 91' lang='lat' dir='ltr'><strong>ita</strong></span> <span class='ocrx_word' id='word_1_113' title='bbox 1076 1213 1180 1266; x_wconf 91' lang='lat' dir='ltr'><strong>sibi</strong></span> <span class='ocrx_word' id='word_1_114' title='bbox 1205 1213 1413 1281; x_wconf 80' lang='lat' dir='ltr'><strong>junxit,</strong></span> <span class='ocrx_word' id='word_1_115' title='bbox 1444 1226 1502 1270; x_wconf 92' lang='lat' dir='ltr'><strong>ut</strong></span> <span class='ocrx_word' id='word_1_116' title='bbox 1525 1218 1726 1288; x_wconf 82' lang='lat' dir='ltr'><strong>egregii</strong></span> <span class='ocrx_word' id='word_1_117' title='bbox 1760 1220 2070 1291; x_wconf 81' lang='lat' dir='ltr'><strong>phiIOSOphi</strong></span> <span class='ocrx_word' id='word_1_118' title='bbox 2100 1232 2154 1278; x_wconf 91' lang='lat' dir='ltr'><strong>et</strong></span> <span class='ocrx_word' id='word_1_119' title='bbox 2185 1231 2713 1286; x_wconf 87' lang='lat' dir='ltr'><strong>consummatissimi</strong></span> <span class='ocrx_word' id='word_1_120' title='bbox 2748 1233 2980 1305; x_wconf 86' lang='lat' dir='ltr'><strong>theologi</strong></span> <span class='ocrx_word' id='word_1_121' title='bbox 3013 1237 3203 1292; x_wconf 85' lang='lat' dir='ltr'><strong>laudes</strong></span> <span class='ocrx_word' id='word_1_122' title='bbox 3226 1204 3393 1295; x_wconf 75' lang='lat' dir='ltr'><strong>fuerit</strong></span> 
     </span>
    </p>
   </div>
   <div class='ocr_carea' id='block_1_11' title="bbox 129 1297 3391 1387">
    <p class='ocr_par' dir='ltr' id='par_1_11' title="bbox 129 1297 3391 1387">
     <span class='ocr_line' id='line_1_11' title="bbox 129 1297 3391 1387; baseline 0.012 -38"><span class='ocrx_word' id='word_1_123' title='bbox 129 1307 455 1353; x_wconf 87' lang='lat' dir='ltr'><strong>consecutus.</strong></span> <span class='ocrx_word' id='word_1_124' title='bbox 491 1297 593 1354; x_wconf 82' lang='lat' dir='ltr'><strong>His</strong></span> <span class='ocrx_word' id='word_1_125' title='bbox 623 1302 865 1357; x_wconf 88' lang='lat' dir='ltr'><strong>scientiis</strong></span> <span class='ocrx_word' id='word_1_126' title='bbox 889 1302 1208 1371; x_wconf 87' lang='lat' dir='ltr'><strong>instructus,</strong></span> <span class='ocrx_word' id='word_1_127' title='bbox 1235 1316 1443 1375; x_wconf 85' lang='lat' dir='ltr'><strong>poterat</strong></span> <span class='ocrx_word' id='word_1_128' title='bbox 1478 1326 1586 1363; x_wconf 90' lang='lat' dir='ltr'><strong>non</strong></span> <span class='ocrx_word' id='word_1_129' title='bbox 1620 1311 1783 1365; x_wconf 90' lang='lat' dir='ltr'><strong>modo</strong></span> <span class='ocrx_word' id='word_1_130' title='bbox 1826 1314 2175 1370; x_wconf 90' lang='lat' dir='ltr'><strong>ethnicorum</strong></span> <span class='ocrx_word' id='word_1_131' title='bbox 2224 1317 2416 1373; x_wconf 89' lang='lat' dir='ltr'><strong>allatas</strong></span> <span class='ocrx_word' id='word_1_132' title='bbox 2459 1331 2646 1377; x_wconf 88' lang='lat' dir='ltr'><strong>contra</strong></span> <span class='ocrx_word' id='word_1_133' title='bbox 2688 1297 2970 1382; x_wconf 70' lang='lat' dir='ltr'><strong>veritatem</strong></span> <span class='ocrx_word' id='word_1_134' title='bbox 3017 1328 3391 1387; x_wconf 75' lang='lat' dir='ltr'><strong>Christianam</strong></span> 
     </span>
    </p>
   </div>
   <div class='ocr_carea' id='block_1_12' title="bbox 129 1390 3390 1488">
    <p class='ocr_par' dir='ltr' id='par_1_12' title="bbox 129 1390 3390 1488">
     <span class='ocr_line' id='line_1_12' title="bbox 129 1390 3390 1488; baseline 0.012 -45"><span class='ocrx_word' id='word_1_135' title='bbox 129 1390 270 1488; x_wconf 69' lang='lat' dir='ltr'><strong>facili</strong></span> <span class='ocrx_word' id='word_1_136' title='bbox 301 1394 526 1463; x_wconf 81' lang='lat' dir='ltr'><strong>neg0tio</strong></span> <span class='ocrx_word' id='word_1_137' title='bbox 567 1397 911 1452; x_wconf 88' lang='lat' dir='ltr'><strong>contundere</strong></span> <span class='ocrx_word' id='word_1_138' title='bbox 960 1398 1320 1468; x_wconf 85' lang='lat' dir='ltr'><strong>objectiones,</strong></span> <span class='ocrx_word' id='word_1_139' title='bbox 1356 1403 1450 1457; x_wconf 90' lang='lat' dir='ltr'><strong>sed</strong></span> <span class='ocrx_word' id='word_1_140' title='bbox 1481 1412 1534 1458; x_wconf 88' lang='lat' dir='ltr'><strong>et</strong></span> <span class='ocrx_word' id='word_1_141' title='bbox 1566 1404 1838 1460; x_wconf 67' lang='lat' dir='ltr'><strong>htercticis</strong></span> <span class='ocrx_word' id='word_1_142' title='bbox 1869 1408 2087 1463; x_wconf 86' lang='lat' dir='ltr'><strong>obviam</strong></span> <span class='ocrx_word' id='word_1_143' title='bbox 2122 1410 2200 1464; x_wconf 93' lang='lat' dir='ltr'><strong>ire</strong></span> <span class='ocrx_word' id='word_1_144' title='bbox 2234 1411 2464 1481; x_wconf 81' lang='lat' dir='ltr'><strong>valebat,</strong></span> <span class='ocrx_word' id='word_1_145' title='bbox 2512 1425 2565 1470; x_wconf 92' lang='lat' dir='ltr'><strong>et</strong></span> <span class='ocrx_word' id='word_1_146' title='bbox 2619 1419 3009 1488; x_wconf 87' lang='lat' dir='ltr'><strong>rempublicam</strong></span> <span class='ocrx_word' id='word_1_147' title='bbox 3044 1422 3285 1480; x_wconf 86' lang='lat' dir='ltr'><strong>divinam</strong></span> <span class='ocrx_word' id='word_1_148' title='bbox 3319 1429 3390 1481; x_wconf 88' lang='lat' dir='ltr'><strong>ab</strong></span> 
     </span>
    </p>
   </div>
   <div class='ocr_carea' id='block_1_13' title="bbox 127 1484 3388 1576">
    <p class='ocr_par' dir='ltr' id='par_1_13' title="bbox 127 1484 3388 1576">
     <span class='ocr_line' id='line_1_13' title="bbox 127 1484 3388 1576; baseline 0.011 -39"><span class='ocrx_word' id='word_1_149' title='bbox 127 1484 357 1540; x_wconf 89' lang='lat' dir='ltr'><strong>omnibus</strong></span> <span class='ocrx_word' id='word_1_150' title='bbox 396 1495 516 1540; x_wconf 89' lang='lat' dir='ltr'><strong>tum</strong></span> <span class='ocrx_word' id='word_1_151' title='bbox 552 1489 796 1544; x_wconf 73' lang='lat' dir='ltr'><strong>externis</strong></span> <span class='ocrx_word' id='word_1_152' title='bbox 829 1499 943 1544; x_wconf 89' lang='lat' dir='ltr'><strong>tum</strong></span> <span class='ocrx_word' id='word_1_153' title='bbox 988 1490 1262 1548; x_wconf 88' lang='lat' dir='ltr'><strong>intestinis</strong></span> <span class='ocrx_word' id='word_1_154' title='bbox 1316 1493 1609 1551; x_wconf 85' lang='lat' dir='ltr'><strong>defendere</strong></span> <span class='ocrx_word' id='word_1_155' title='bbox 1640 1496 1955 1555; x_wconf 90' lang='lat' dir='ltr'><strong>insultibus.</strong></span> <span class='ocrx_word' id='word_1_156' title='bbox 2007 1500 2298 1559; x_wconf 77' lang='lat' dir='ltr'><strong>Exstitisse</strong></span> <span class='ocrx_word' id='word_1_157' title='bbox 2330 1506 2513 1576; x_wconf 86' lang='lat' dir='ltr'><strong>itaque</strong></span> <span class='ocrx_word' id='word_1_158' title='bbox 2546 1484 2855 1566; x_wconf 79' lang='lat' dir='ltr'><strong>Melitenem</strong></span> <span class='ocrx_word' id='word_1_159' title='bbox 2889 1518 3241 1572; x_wconf 88' lang='lat' dir='ltr'><strong>commodum</strong></span> <span class='ocrx_word' id='word_1_160' title='bbox 3276 1535 3388 1574; x_wconf 89' lang='lat' dir='ltr'><strong>non</strong></span> 
     </span>
    </p>
   </div>
   <div class='ocr_carea' id='block_1_14' title="bbox 126 1578 3387 1679">
    <p class='ocr_par' dir='ltr' id='par_1_14' title="bbox 126 1578 3387 1679">
     <span class='ocr_line' id='line_1_14' title="bbox 126 1578 3387 1679; baseline 0.01 -50"><span class='ocrx_word' id='word_1_161' title='bbox 126 1578 269 1679; x_wconf 72' lang='lat' dir='ltr'><strong>modo</strong></span> <span class='ocrx_word' id='word_1_162' title='bbox 321 1582 793 1647; x_wconf 20' lang='lat' dir='ltr'><strong>oratorem,,sed</strong></span> <span class='ocrx_word' id='word_1_163' title='bbox 836 1593 891 1637; x_wconf 85' lang='lat' dir='ltr'><strong>et</strong></span> <span class='ocrx_word' id='word_1_164' title='bbox 937 1584 1202 1639; x_wconf 79' lang='lat' dir='ltr'><strong>eximium</strong></span> <span class='ocrx_word' id='word_1_165' title='bbox 1249 1584 1674 1657; x_wconf 83' lang='lat' dir='ltr'><strong>philosOphum,</strong></span> <span class='ocrx_word' id='word_1_166' title='bbox 1734 1604 1837 1645; x_wconf 89' lang='lat' dir='ltr'><strong>nec</strong></span> <span class='ocrx_word' id='word_1_167' title='bbox 1896 1592 2163 1648; x_wconf 89' lang='lat' dir='ltr'><strong>minorem</strong></span> <span class='ocrx_word' id='word_1_168' title='bbox 2206 1597 2596 1669; x_wconf 87' lang='lat' dir='ltr'><strong>philosophum</strong></span> <span class='ocrx_word' id='word_1_169' title='bbox 2657 1618 2820 1672; x_wconf 87' lang='lat' dir='ltr'><strong>quam</strong></span> <span class='ocrx_word' id='word_1_170' title='bbox 2886 1606 3194 1678; x_wconf 75' lang='lat' dir='ltr'><strong>theologum</strong></span> <span class='ocrx_word' id='word_1_171' title='bbox 3256 1626 3387 1679; x_wconf 86' lang='lat' dir='ltr'><strong>pro—</strong></span> 
     </span>
    </p>
   </div>
   <div class='ocr_carea' id='block_1_15' title="bbox 127 1670 3388 1771">
    <p class='ocr_par' dir='ltr' id='par_1_15' title="bbox 127 1670 3388 1771">
     <span class='ocr_line' id='line_1_15' title="bbox 127 1670 3388 1771; baseline 0.011 -50"><span class='ocrx_word' id='word_1_172' title='bbox 127 1670 344 1771; x_wconf 84' lang='lat' dir='ltr'><strong>bandum</strong></span> <span class='ocrx_word' id='word_1_173' title='bbox 400 1673 545 1771; x_wconf 74' lang='lat' dir='ltr'><strong>mihi</strong></span> <span class='ocrx_word' id='word_1_174' title='bbox 604 1676 922 1771; x_wconf 76' lang='lat' dir='ltr'><strong>incumbere</strong></span> <span class='ocrx_word' id='word_1_175' title='bbox 980 1678 1158 1771; x_wconf 81' lang='lat' dir='ltr'><strong>video.</strong></span> <span class='ocrx_word' id='word_1_176' title='bbox 1220 1678 1507 1737; x_wconf 87' lang='lat' dir='ltr'><strong>Oratorem</strong></span> <span class='ocrx_word' id='word_1_177' title='bbox 1537 1698 1665 1738; x_wconf 90' lang='lat' dir='ltr'><strong>eum</strong></span> <span class='ocrx_word' id='word_1_178' title='bbox 1697 1682 1867 1740; x_wconf 80' lang='lat' dir='ltr'><strong>fuisse</strong></span> <span class='ocrx_word' id='word_1_179' title='bbox 1897 1686 2199 1755; x_wconf 81' lang='lat' dir='ltr'><strong>elegantem</strong></span> <span class='ocrx_word' id='word_1_180' title='bbox 2232 1705 2299 1744; x_wconf 83' lang='lat' dir='ltr'><strong>ex</strong></span> <span class='ocrx_word' id='word_1_181' title='bbox 2330 1689 2649 1749; x_wconf 89' lang='lat' dir='ltr'><strong>Tertulliani</strong></span> <span class='ocrx_word' id='word_1_182' title='bbox 2675 1670 2823 1765; x_wconf 80' lang='lat' dir='ltr'><strong>apud</strong></span> <span class='ocrx_word' id='word_1_183' title='bbox 2853 1670 3388 1771; x_wconf 40' lang='lat' dir='ltr'><strong>liieronyv&#39;mum-(ﬁﬁi</strong></span> 
     </span>
    </p>
   </div>
   <div class='ocr_carea' id='block_1_16' title="bbox 124 1765 3388 1862">
    <p class='ocr_par' dir='ltr' id='par_1_16' title="bbox 124 1765 3388 1862">
     <span class='ocr_line' id='line_1_16' title="bbox 124 1765 3388 1862; baseline 0.01 -45"><span class='ocrx_word' id='word_1_184' title='bbox 124 1765 428 1862; x_wconf 71' lang='lat' dir='ltr'><strong>auctoritate</strong></span> <span class='ocrx_word' id='word_1_185' title='bbox 460 1766 781 1822; x_wconf 86' lang='lat' dir='ltr'><strong>edocemur.</strong></span> <span class='ocrx_word' id='word_1_186' title='bbox 818 1768 1065 1825; x_wconf 80' lang='lat' dir='ltr'><strong>Eximius</strong></span> <span class='ocrx_word' id='word_1_187' title='bbox 1118 1772 1262 1826; x_wconf 87' lang='lat' dir='ltr'><strong>enim</strong></span> <span class='ocrx_word' id='word_1_188' title='bbox 1298 1773 1388 1829; x_wconf 89' lang='lat' dir='ltr'><strong>hic</strong></span> <span class='ocrx_word' id='word_1_189' title='bbox 1437 1776 1621 1830; x_wconf 62' lang='lat' dir='ltr'><strong>saeculi</strong></span> <span class='ocrx_word' id='word_1_190' title='bbox 1655 1777 1880 1831; x_wconf 89' lang='lat' dir='ltr'><strong>secundi</strong></span> <span class='ocrx_word' id='word_1_191' title='bbox 1930 1780 2187 1847; x_wconf 90' lang='lat' dir='ltr'><strong>scriptor,</strong></span> <span class='ocrx_word' id='word_1_192' title='bbox 2242 1783 2335 1853; x_wconf 89' lang='lat' dir='ltr'><strong>qui</strong></span> <span class='ocrx_word' id='word_1_193' title='bbox 2379 1795 2566 1853; x_wconf 91' lang='lat' dir='ltr'><strong>postea</strong></span> <span class='ocrx_word' id='word_1_194' title='bbox 2638 1796 2819 1843; x_wconf 87' lang='lat' dir='ltr'><strong>tamen</strong></span> <span class='ocrx_word' id='word_1_195' title='bbox 2871 1765 3074 1862; x_wconf 71' lang='lat' dir='ltr'><strong>magno</strong></span> <span class='ocrx_word' id='word_1_196' title='bbox 3128 1765 3388 1849; x_wconf 64' lang='lat' dir='ltr'><strong>Ecclesiae</strong></span> 
     </span>
    </p>
   </div>
   <div class='ocr_carea' id='block_1_17' title="bbox 124 1855 3384 1954">
    <p class='ocr_par' dir='ltr' id='par_1_17' title="bbox 124 1855 3384 1954">
     <span class='ocr_line' id='line_1_17' title="bbox 124 1855 3384 1954; baseline 0.01 -47"><span class='ocrx_word' id='word_1_197' title='bbox 124 1855 426 1912; x_wconf 87' lang='lat' dir='ltr'><strong>detrimento</strong></span> <span class='ocrx_word' id='word_1_198' title='bbox 465 1859 537 1913; x_wconf 87' lang='lat' dir='ltr'><strong>ad</strong></span> <span class='ocrx_word' id='word_1_199' title='bbox 568 1858 927 1916; x_wconf 83' lang='lat' dir='ltr'><strong>Montanistas</strong></span> <span class='ocrx_word' id='word_1_200' title='bbox 957 1862 1111 1929; x_wconf 87' lang='lat' dir='ltr'><strong>abiit,</strong></span> <span class='ocrx_word' id='word_1_201' title='bbox 1145 1864 1365 1934; x_wconf 76' lang='lat' dir='ltr'><strong>elegans</strong></span> <span class='ocrx_word' id='word_1_202' title='bbox 1396 1874 1450 1920; x_wconf 93' lang='lat' dir='ltr'><strong>et</strong></span> <span class='ocrx_word' id='word_1_203' title='bbox 1478 1866 1928 1922; x_wconf 89' lang='lat' dir='ltr'><strong>declamatorium</strong></span> <span class='ocrx_word' id='word_1_204' title='bbox 1976 1868 2247 1927; x_wconf 84' lang='lat' dir='ltr'><strong>Melitonis</strong></span> <span class='ocrx_word' id='word_1_205' title='bbox 2280 1874 2555 1945; x_wconf 89' lang='lat' dir='ltr'><strong>ingenium</strong></span> <span class='ocrx_word' id='word_1_206' title='bbox 2602 1879 2845 1935; x_wconf 90' lang='lat' dir='ltr'><strong>laudavit</strong></span> <span class='ocrx_word' id='word_1_207' title='bbox 2873 1884 2925 1936; x_wconf 91' lang='lat' dir='ltr'><strong>in</strong></span> <span class='ocrx_word' id='word_1_208' title='bbox 2963 1855 3176 1954; x_wconf 70' lang='lat' dir='ltr'><strong>septem</strong></span> <span class='ocrx_word' id='word_1_209' title='bbox 3205 1885 3384 1951; x_wconf 86' lang='lat' dir='ltr'><strong>libris,</strong></span> 
     </span>
    </p>
   </div>
   <div class='ocr_carea' id='block_1_18' title="bbox 122 1952 3387 2040">
    <p class='ocr_par' dir='ltr' id='par_1_18' title="bbox 122 1952 3387 2040">
     <span class='ocr_line' id='line_1_18' title="bbox 122 1952 3387 2040; baseline 0.009 -37"><span class='ocrx_word' id='word_1_210' title='bbox 122 1965 243 2019; x_wconf 84' lang='lat' dir='ltr'><strong>quos</strong></span> <span class='ocrx_word' id='word_1_211' title='bbox 271 1952 495 2021; x_wconf 88' lang='lat' dir='ltr'><strong>scripsit</strong></span> <span class='ocrx_word' id='word_1_212' title='bbox 527 1953 792 2010; x_wconf 85' lang='lat' dir='ltr'><strong>adversus</strong></span> <span class='ocrx_word' id='word_1_213' title='bbox 824 1953 1120 2010; x_wconf 82' lang='lat' dir='ltr'><strong>Ecclesiam</strong></span> <span class='ocrx_word' id='word_1_214' title='bbox 1154 1971 1253 2024; x_wconf 81' lang='lat' dir='ltr'><strong>pro</strong></span> <span class='ocrx_word' id='word_1_215' title='bbox 1300 1956 1576 2013; x_wconf 85' lang='lat' dir='ltr'><strong>Montano.</strong></span> <span class='ocrx_word' id='word_1_216' title='bbox 1614 1958 1871 2029; x_wconf 87' lang='lat' dir='ltr'><strong>Ejusdem</strong></span> <span class='ocrx_word' id='word_1_217' title='bbox 1905 1976 2071 2029; x_wconf 92' lang='lat' dir='ltr'><strong>porro</strong></span> <span class='ocrx_word' id='word_1_218' title='bbox 2110 1974 2365 2019; x_wconf 88' lang='lat' dir='ltr'><strong>ornatum</strong></span> <span class='ocrx_word' id='word_1_219' title='bbox 2410 1967 2624 2022; x_wconf 88' lang='lat' dir='ltr'><strong>dicendi</strong></span> <span class='ocrx_word' id='word_1_220' title='bbox 2658 1986 2830 2040; x_wconf 91' lang='lat' dir='ltr'><strong>genus</strong></span> <span class='ocrx_word' id='word_1_221' title='bbox 2862 1973 2945 2025; x_wconf 89' lang='lat' dir='ltr'><strong>vel</strong></span> <span class='ocrx_word' id='word_1_222' title='bbox 2975 1952 3043 2027; x_wconf 68' lang='lat' dir='ltr'><strong>ert</strong></span> <span class='ocrx_word' id='word_1_223' title='bbox 3066 1966 3232 2030; x_wconf 81' lang='lat' dir='ltr'><strong>unius</strong></span> <span class='ocrx_word' id='word_1_224' title='bbox 3259 1991 3387 2031; x_wconf 88' lang='lat' dir='ltr'><strong>ora-</strong></span> 
     </span>
    </p>
   </div>
   <div class='ocr_carea' id='block_1_19' title="bbox 126 2042 3381 2136">
    <p class='ocr_par' dir='ltr' id='par_1_19' title="bbox 126 2042 3381 2136">
     <span class='ocr_line' id='line_1_19' title="bbox 126 2042 3381 2136; baseline 0.009 -42"><span class='ocrx_word' id='word_1_225' title='bbox 126 2042 288 2106; x_wconf 89' lang='lat' dir='ltr'><strong>tionis,</strong></span> <span class='ocrx_word' id='word_1_226' title='bbox 327 2059 498 2114; x_wconf 87' lang='lat' dir='ltr'><strong>quam</strong></span> <span class='ocrx_word' id='word_1_227' title='bbox 546 2058 649 2113; x_wconf 89' lang='lat' dir='ltr'><strong>pro</strong></span> <span class='ocrx_word' id='word_1_228' title='bbox 698 2043 822 2099; x_wconf 83' lang='lat' dir='ltr'><strong>ﬁdei</strong></span> <span class='ocrx_word' id='word_1_229' title='bbox 870 2055 1074 2102; x_wconf 73' lang='lat' dir='ltr'><strong>nostra:</strong></span> <span class='ocrx_word' id='word_1_230' title='bbox 1121 2045 1439 2103; x_wconf 82' lang='lat' dir='ltr'><strong>defensione</strong></span> <span class='ocrx_word' id='word_1_231' title='bbox 1480 2052 1809 2120; x_wconf 82' lang='lat' dir='ltr'><strong>composuit,</strong></span> <span class='ocrx_word' id='word_1_232' title='bbox 1860 2053 2153 2121; x_wconf 85' lang='lat' dir='ltr'><strong>superstite</strong></span> <span class='ocrx_word' id='word_1_233' title='bbox 2197 2057 2339 2125; x_wconf 88' lang='lat' dir='ltr'><strong>apud</strong></span> <span class='ocrx_word' id='word_1_234' title='bbox 2384 2057 2680 2114; x_wconf 88' lang='lat' dir='ltr'><strong>Eusebium</strong></span> <span class='ocrx_word' id='word_1_235' title='bbox 2732 2062 2843 2130; x_wconf 90' lang='lat'><strong>(66)</strong></span> <span class='ocrx_word' id='word_1_236' title='bbox 2896 2062 3200 2136; x_wconf 84' lang='lat' dir='ltr'><strong>fragmento</strong></span> <span class='ocrx_word' id='word_1_237' title='bbox 3245 2069 3381 2122; x_wconf 86' lang='lat' dir='ltr'><strong>satis</strong></span> 
     </span>
    </p>
   </div>
   <div class='ocr_carea' id='block_1_20' title="bbox 124 2138 2917 2221">
    <p class='ocr_par' dir='ltr' id='par_1_20' title="bbox 124 2138 2917 2221">
     <span class='ocr_line' id='line_1_20' title="bbox 124 2138 2917 2221; baseline 0.008 -33"><span class='ocrx_word' id='word_1_238' title='bbox 124 2151 376 2206; x_wconf 86' lang='lat' dir='ltr'><strong>superque</strong></span> <span class='ocrx_word' id='word_1_239' title='bbox 402 2153 710 2204; x_wconf 86' lang='lat' dir='ltr'><strong>possumus</strong></span> <span class='ocrx_word' id='word_1_240' title='bbox 741 2138 1074 2209; x_wconf 86' lang='lat' dir='ltr'><strong>perspicere,</strong></span> <span class='ocrx_word' id='word_1_241' title='bbox 1106 2152 1173 2194; x_wconf 79' lang='lat' dir='ltr'><strong>ex</strong></span> <span class='ocrx_word' id='word_1_242' title='bbox 1200 2154 1385 2210; x_wconf 86' lang='lat' dir='ltr'><strong>ungue</strong></span> <span class='ocrx_word' id='word_1_243' title='bbox 1412 2140 1650 2209; x_wconf 90' lang='lat' dir='ltr'><strong>leonem,</strong></span> <span class='ocrx_word' id='word_1_244' title='bbox 1684 2143 1831 2211; x_wconf 88' lang='lat' dir='ltr'><strong>quod</strong></span> <span class='ocrx_word' id='word_1_245' title='bbox 1857 2144 1912 2197; x_wconf 93' lang='lat' dir='ltr'><strong>in</strong></span> <span class='ocrx_word' id='word_1_246' title='bbox 1944 2145 2238 2214; x_wconf 87' lang='lat' dir='ltr'><strong>proverbio</strong></span> <span class='ocrx_word' id='word_1_247' title='bbox 2267 2146 2374 2202; x_wconf 82' lang='lat' dir='ltr'><strong>diei</strong></span> <span class='ocrx_word' id='word_1_248' title='bbox 2401 2148 2559 2213; x_wconf 83' lang='lat' dir='ltr'><strong>solet.</strong></span> <span class='ocrx_word' id='word_1_249' title='bbox 2583 2151 2917 2221; x_wconf 90' lang='lat' dir='ltr'><strong>judicantes.</strong></span> 
     </span>
    </p>
   </div>
   <div class='ocr_carea' id='block_1_21' title="bbox 1039 2346 2427 2422">
    <p class='ocr_par' dir='ltr' id='par_1_21' title="bbox 1039 2346 2427 2422">
     <span class='ocr_line' id='line_1_21' title="bbox 1039 2346 2427 2422; baseline 0.005 -21"><span class='ocrx_word' id='word_1_250' title='bbox 1039 2346 1067 2418; x_wconf 82' lang='lat'><strong>§</strong></span> <span class='ocrx_word' id='word_1_251' title='bbox 1136 2346 1272 2403; x_wconf 81' lang='lat' dir='ltr'><strong>Vill.</strong></span> <span class='ocrx_word' id='word_1_252' title='bbox 1304 2347 1383 2402; x_wconf 88' lang='lat' dir='ltr'><strong>De</strong></span> <span class='ocrx_word' id='word_1_253' title='bbox 1417 2349 1781 2422; x_wconf 74' lang='lat' dir='ltr'><strong>philosOpltica</strong></span> <span class='ocrx_word' id='word_1_254' title='bbox 1810 2350 2079 2406; x_wconf 79' lang='lat' dir='ltr'><strong>Melitonis</strong></span> <span class='ocrx_word' id='word_1_255' title='bbox 2108 2351 2427 2408; x_wconf 69' lang='lat' dir='ltr'><strong>eruditione.</strong></span> 
     </span>
    </p>
   </div>
   <div class='ocr_carea' id='block_1_22' title="bbox 177 2521 3380 2600">
    <p class='ocr_par' dir='ltr' id='par_1_22' title="bbox 177 2521 3380 2600">
     <span class='ocr_line' id='line_1_22' title="bbox 177 2521 3380 2600; baseline 0.004 -22"><span class='ocrx_word' id='word_1_256' title='bbox 177 2521 444 2590; x_wconf 83' lang='lat' dir='ltr'><strong>Quantum</strong></span> <span class='ocrx_word' id='word_1_257' title='bbox 484 2524 541 2581; x_wconf 92' lang='lat' dir='ltr'><strong>in</strong></span> <span class='ocrx_word' id='word_1_258' title='bbox 575 2524 917 2594; x_wconf 79' lang='lat' dir='ltr'><strong>philosophia</strong></span> <span class='ocrx_word' id='word_1_259' title='bbox 945 2526 1278 2596; x_wconf 69' lang='lat' dir='ltr'><strong>prmstiterit,</strong></span> <span class='ocrx_word' id='word_1_260' title='bbox 1298 2534 1568 2583; x_wconf 88' lang='lat' dir='ltr'><strong>testantur</strong></span> <span class='ocrx_word' id='word_1_261' title='bbox 1592 2530 1718 2584; x_wconf 86' lang='lat' dir='ltr'><strong>libri</strong></span> <span class='ocrx_word' id='word_1_262' title='bbox 1745 2528 1813 2585; x_wconf 87' lang='lat' dir='ltr'><strong>de</strong></span> <span class='ocrx_word' id='word_1_263' title='bbox 1838 2529 2178 2600; x_wconf 84' lang='lat' dir='ltr'><strong>gravissimis</strong></span> <span class='ocrx_word' id='word_1_264' title='bbox 2206 2530 2371 2600; x_wconf 86' lang='lat' dir='ltr'><strong>hujus</strong></span> <span class='ocrx_word' id='word_1_265' title='bbox 2390 2530 2630 2586; x_wconf 59' lang='lat' dir='ltr'><strong>scientiae</strong></span> <span class='ocrx_word' id='word_1_266' title='bbox 2648 2534 2941 2589; x_wconf 89' lang='lat' dir='ltr'><strong>momentis</strong></span> <span class='ocrx_word' id='word_1_267' title='bbox 2958 2535 3027 2588; x_wconf 88' lang='lat' dir='ltr'><strong>ab</strong></span> <span class='ocrx_word' id='word_1_268' title='bbox 3046 2549 3113 2590; x_wconf 91' lang='lat' dir='ltr'><strong>eo</strong></span> <span class='ocrx_word' id='word_1_269' title='bbox 3131 2536 3380 2591; x_wconf 84' lang='lat' dir='ltr'><strong>conscri-</strong></span> 
     </span>
    </p>
   </div>
   <div class='ocr_carea' id='block_1_23' title="bbox 118 2616 3381 2690">
    <p class='ocr_par' dir='ltr' id='par_1_23' title="bbox 118 2616 3381 2690">
     <span class='ocr_line' id='line_1_23' title="bbox 118 2616 3381 2690; baseline 0.003 -21"><span class='ocrx_word' id='word_1_270' title='bbox 118 2616 456 2687; x_wconf 76' lang='lat' dir='ltr'><strong>pti,quorum</strong></span> <span class='ocrx_word' id='word_1_271' title='bbox 492 2626 752 2672; x_wconf 86' lang='lat' dir='ltr'><strong>auctores</strong></span> <span class='ocrx_word' id='word_1_272' title='bbox 785 2619 950 2671; x_wconf 91' lang='lat' dir='ltr'><strong>modo</strong></span> <span class='ocrx_word' id='word_1_273' title='bbox 980 2620 1246 2673; x_wconf 87' lang='lat' dir='ltr'><strong>nominati</strong></span> <span class='ocrx_word' id='word_1_274' title='bbox 1276 2618 1385 2690; x_wconf 79' lang='lat'><strong>(6&#39;7)</strong></span> <span class='ocrx_word' id='word_1_275' title='bbox 1406 2620 1595 2675; x_wconf 80' lang='lat' dir='ltr'><strong>titulos</strong></span> <span class='ocrx_word' id='word_1_276' title='bbox 1622 2621 1909 2675; x_wconf 87' lang='lat' dir='ltr'><strong>dederunt.</strong></span> <span class='ocrx_word' id='word_1_277' title='bbox 1934 2618 2195 2690; x_wconf 84' lang='lat' dir='ltr'><strong>Singulos</strong></span> <span class='ocrx_word' id='word_1_278' title='bbox 2211 2621 2419 2676; x_wconf 91' lang='lat' dir='ltr'><strong>scilicet</strong></span> <span class='ocrx_word' id='word_1_279' title='bbox 2434 2630 2487 2676; x_wconf 91' lang='lat' dir='ltr'><strong>et</strong></span> <span class='ocrx_word' id='word_1_280' title='bbox 2503 2622 2749 2677; x_wconf 90' lang='lat' dir='ltr'><strong>diversos</strong></span> <span class='ocrx_word' id='word_1_281' title='bbox 2778 2624 2948 2678; x_wconf 87' lang='lat' dir='ltr'><strong>edidit</strong></span> <span class='ocrx_word' id='word_1_282' title='bbox 2976 2633 3279 2680; x_wconf 88' lang='lat' dir='ltr'><strong>tractatus:</strong></span> <span class='ocrx_word' id='word_1_283' title='bbox 3304 2627 3381 2680; x_wconf 81' lang='lat' dir='ltr'><strong>De</strong></span> 
     </span>
    </p>
   </div>
   <div class='ocr_carea' id='block_1_24' title="bbox 116 2708 1670 2781">
    <p class='ocr_par' dir='ltr' id='par_1_24' title="bbox 116 2708 1670 2780">
     <span class='ocr_line' id='line_1_24' title="bbox 116 2708 1670 2780; baseline 0.003 -18"><span class='ocrx_word' id='word_1_284' title='bbox 116 2712 325 2764; x_wconf 55' lang='lat' dir='ltr'><strong>unitersi</strong></span> <span class='ocrx_word' id='word_1_285' title='bbox 343 2711 508 2780; x_wconf 83' lang='lat' dir='ltr'><strong>hujus</strong></span> <span class='ocrx_word' id='word_1_286' title='bbox 528 2710 819 2774; x_wconf 84' lang='lat' dir='ltr'><strong>creatione,</strong></span> <span class='ocrx_word' id='word_1_287' title='bbox 837 2710 979 2777; x_wconf 79' lang='grc' dir='ltr'><strong>Περὶ</strong></span> <span class='ocrx_word' id='word_1_288' title='bbox 993 2708 1295 2778; x_wconf 75' lang='grc' dir='ltr'><strong>πλάσεως·</strong></span> <span class='ocrx_word' id='word_1_289' title='bbox 1314 2711 1391 2767; x_wconf 88' lang='lat' dir='ltr'><strong>De</strong></span> <span class='ocrx_word' id='word_1_290' title='bbox 1412 2713 1670 2770; x_wconf 74' lang='lat' dir='ltr'><strong>hominist</strong></span> 
     </span>
    </p>
   </div>
   <div class='ocr_carea' id='block_1_25' title="bbox 1791 2708 3382 2781">
    <p class='ocr_par' dir='ltr' id='par_1_25' title="bbox 1791 2711 3382 2781">
     <span class='ocr_line' id='line_1_25' title="bbox 1791 2711 3382 2781; baseline 0.006 -17"><span class='ocrx_word' id='word_1_291' title='bbox 1791 2729 1867 2777; x_wconf 89' lang='lat' dir='ltr'><strong>ra,</strong></span> <span class='ocrx_word' id='word_1_292' title='bbox 1895 2711 2617 2781; x_wconf 72' lang='grc' dir='ltr'><strong>Περὶ)φύσεως’ἀνθρώπου</strong></span> <span class='ocrx_word' id='word_1_293' title='bbox 2634 2732 2648 2745; x_wconf 88' lang='grc'><strong>·</strong></span> <span class='ocrx_word' id='word_1_294' title='bbox 2680 2714 2757 2770; x_wconf 87' lang='lat' dir='ltr'><strong>De</strong></span> <span class='ocrx_word' id='word_1_295' title='bbox 2770 2716 3026 2781; x_wconf 78' lang='lat' dir='ltr'><strong>sensibus,</strong></span> <span class='ocrx_word' id='word_1_296' title='bbox 3040 2717 3106 2771; x_wconf 87' lang='lat' dir='ltr'><strong>de</strong></span> <span class='ocrx_word' id='word_1_297' title='bbox 3126 2718 3308 2773; x_wconf 84' lang='lat' dir='ltr'><strong>anima</strong></span> <span class='ocrx_word' id='word_1_298' title='bbox 3328 2731 3382 2773; x_wconf 82' lang='lat' dir='ltr'><strong>et</strong></span> 
     </span>
    </p>
   </div>
   <div class='ocr_carea' id='block_1_26' title="bbox 118 2804 1670 2879">
    <p class='ocr_par' dir='ltr' id='par_1_26' title="bbox 118 2804 1670 2879">
     <span class='ocr_line' id='line_1_26' title="bbox 118 2804 1670 2879; baseline 0.005 -24"><span class='ocrx_word' id='word_1_299' title='bbox 118 2819 309 2874; x_wconf 80' lang='lat' dir='ltr'><strong>corpore</strong></span> <span class='ocrx_word' id='word_1_300' title='bbox 328 2818 378 2861; x_wconf 89' lang='lat' dir='ltr'><strong>et</strong></span> <span class='ocrx_word' id='word_1_301' title='bbox 407 2815 605 2872; x_wconf 78' lang='lat' dir='ltr'><strong>mente,</strong></span> <span class='ocrx_word' id='word_1_302' title='bbox 620 2805 759 2873; x_wconf 79' lang='grc' dir='ltr'><strong>Περὶ</strong></span> <span class='ocrx_word' id='word_1_303' title='bbox 777 2804 987 2875; x_wconf 68' lang='grc' dir='ltr'><strong>ψυχῆς</strong></span> <span class='ocrx_word' id='word_1_304' title='bbox 1008 2806 1105 2859; x_wconf 79' lang='grc' dir='ltr'><strong>καὶ</strong></span> <span class='ocrx_word' id='word_1_305' title='bbox 1128 2805 1449 2879; x_wconf 74' lang='grc' dir='ltr'><strong>σώματοςῆ</strong></span> <span class='ocrx_word' id='word_1_306' title='bbox 1464 2809 1562 2862; x_wconf 76' lang='grc' dir='ltr'><strong>καὶ</strong></span> <span class='ocrx_word' id='word_1_307' title='bbox 1576 2818 1670 2863; x_wconf 69' lang='lat' dir='ltr'><strong>rod</strong></span> 
     </span>
    </p>
   </div>
   <div class='ocr_carea' id='block_1_27' title="bbox 1791 2804 3378 2879">
    <p class='ocr_par' dir='ltr' id='par_1_27' title="bbox 1791 2804 3378 2879">
     <span class='ocr_line' id='line_1_27' title="bbox 1791 2804 3378 2879; baseline 0.003 -17"><span class='ocrx_word' id='word_1_308' title='bbox 1791 2817 1866 2863; x_wconf 86' lang='lat' dir='ltr'><strong>te.</strong></span> <span class='ocrx_word' id='word_1_309' title='bbox 1886 2804 1958 2863; x_wconf 88' lang='lat' dir='ltr'><strong>Ut</strong></span> <span class='ocrx_word' id='word_1_310' title='bbox 1987 2816 2167 2861; x_wconf 89' lang='lat' dir='ltr'><strong>autem</strong></span> <span class='ocrx_word' id='word_1_311' title='bbox 2191 2806 2382 2861; x_wconf 90' lang='lat' dir='ltr'><strong>harum</strong></span> <span class='ocrx_word' id='word_1_312' title='bbox 2409 2823 2590 2863; x_wconf 90' lang='lat' dir='ltr'><strong>rerum</strong></span> <span class='ocrx_word' id='word_1_313' title='bbox 2606 2808 2843 2878; x_wconf 80' lang='lat' dir='ltr'><strong>perfecta</strong></span> <span class='ocrx_word' id='word_1_314' title='bbox 2867 2809 3107 2879; x_wconf 86' lang='lat' dir='ltr'><strong>cognitio</strong></span> <span class='ocrx_word' id='word_1_315' title='bbox 3121 2812 3187 2866; x_wconf 92' lang='lat' dir='ltr'><strong>ad</strong></span> <span class='ocrx_word' id='word_1_316' title='bbox 3212 2812 3378 2866; x_wconf 82' lang='lat' dir='ltr'><strong>vitam</strong></span> 
     </span>
    </p>
   </div>
   <div class='ocr_carea' id='block_1_28' title="bbox 116 2897 3382 2969">
    <p class='ocr_par' dir='ltr' id='par_1_28' title="bbox 116 2897 3382 2969">
     <span class='ocr_line' id='line_1_28' title="bbox 116 2897 3382 2969; baseline 0 -17"><span class='ocrx_word' id='word_1_317' title='bbox 116 2909 351 2954; x_wconf 78' lang='lat' dir='ltr'><strong>:eternam</strong></span> <span class='ocrx_word' id='word_1_318' title='bbox 375 2913 601 2968; x_wconf 88' lang='lat' dir='ltr'><strong>semper</strong></span> <span class='ocrx_word' id='word_1_319' title='bbox 624 2898 765 2953; x_wconf 88' lang='lat' dir='ltr'><strong>viam</strong></span> <span class='ocrx_word' id='word_1_320' title='bbox 784 2899 995 2962; x_wconf 89' lang='lat' dir='ltr'><strong>sternit,</strong></span> <span class='ocrx_word' id='word_1_321' title='bbox 1025 2898 1273 2954; x_wconf 90' lang='lat' dir='ltr'><strong>homines</strong></span> <span class='ocrx_word' id='word_1_322' title='bbox 1292 2900 1495 2954; x_wconf 86' lang='lat' dir='ltr'><strong>sensim</strong></span> <span class='ocrx_word' id='word_1_323' title='bbox 1518 2900 1831 2969; x_wconf 88' lang='lat' dir='ltr'><strong>sensimque</strong></span> <span class='ocrx_word' id='word_1_324' title='bbox 1847 2897 1913 2952; x_wconf 92' lang='lat' dir='ltr'><strong>ad</strong></span> <span class='ocrx_word' id='word_1_325' title='bbox 1928 2899 2140 2952; x_wconf 87' lang='lat' dir='ltr'><strong>altioris</strong></span> <span class='ocrx_word' id='word_1_326' title='bbox 2163 2898 2514 2954; x_wconf 87' lang='lat' dir='ltr'><strong>revelationis</strong></span> <span class='ocrx_word' id='word_1_327' title='bbox 2533 2901 2912 2955; x_wconf 79' lang='lat' dir='ltr'><strong>necessitatem</strong></span> <span class='ocrx_word' id='word_1_328' title='bbox 2932 2900 3272 2963; x_wconf 89' lang='lat' dir='ltr'><strong>deducendo,</strong></span> <span class='ocrx_word' id='word_1_329' title='bbox 3300 2911 3382 2954; x_wconf 77' lang='lat' dir='ltr'><strong>ut.</strong></span> 
     </span>
    </p>
   </div>
   <div class='ocr_carea' id='block_1_29' title="bbox 118 2991 3381 3063">
    <p class='ocr_par' dir='ltr' id='par_1_29' title="bbox 118 2991 3381 3063">
     <span class='ocr_line' id='line_1_29' title="bbox 118 2991 3381 3063; baseline 0 -18"><span class='ocrx_word' id='word_1_330' title='bbox 118 3007 209 3059; x_wconf 90' lang='lat' dir='ltr'><strong>que</strong></span> <span class='ocrx_word' id='word_1_331' title='bbox 223 2993 450 3062; x_wconf 82' lang='lat' dir='ltr'><strong>proinde</strong></span> <span class='ocrx_word' id='word_1_332' title='bbox 464 3008 660 3047; x_wconf 89' lang='lat' dir='ltr'><strong>earum</strong></span> <span class='ocrx_word' id='word_1_333' title='bbox 676 2992 929 3046; x_wconf 89' lang='lat' dir='ltr'><strong>tractatio</strong></span> <span class='ocrx_word' id='word_1_334' title='bbox 945 2993 1090 3047; x_wconf 90' lang='lat' dir='ltr'><strong>omni</strong></span> <span class='ocrx_word' id='word_1_335' title='bbox 1111 3002 1355 3062; x_wconf 90' lang='lat' dir='ltr'><strong>tempore</strong></span> <span class='ocrx_word' id='word_1_336' title='bbox 1372 2991 1619 3063; x_wconf 89' lang='lat' dir='ltr'><strong>perutilis</strong></span> <span class='ocrx_word' id='word_1_337' title='bbox 1645 2992 1857 3047; x_wconf 81' lang='lat' dir='ltr'><strong>exstitit</strong></span> <span class='ocrx_word' id='word_1_338' title='bbox 1883 3007 1946 3045; x_wconf 90' lang='lat' dir='ltr'><strong>ac</strong></span> <span class='ocrx_word' id='word_1_339' title='bbox 1970 2992 2311 3058; x_wconf 90' lang='lat' dir='ltr'><strong>necessaria;</strong></span> <span class='ocrx_word' id='word_1_340' title='bbox 2346 2993 2423 3047; x_wconf 91' lang='lat' dir='ltr'><strong>sic</strong></span> <span class='ocrx_word' id='word_1_341' title='bbox 2445 2994 2511 3047; x_wconf 84' lang='lat' dir='ltr'><strong>de</strong></span> <span class='ocrx_word' id='word_1_342' title='bbox 2529 2992 2797 3062; x_wconf 84' lang='lat' dir='ltr'><strong>ejusmodi</strong></span> <span class='ocrx_word' id='word_1_343' title='bbox 2816 2992 3173 3062; x_wconf 70' lang='lat' dir='ltr'><strong>philosophia:</strong></span> <span class='ocrx_word' id='word_1_344' title='bbox 3184 2993 3381 3062; x_wconf 86' lang='lat' dir='ltr'><strong>capiti-</strong></span> 
     </span>
    </p>
   </div>
   <div class='ocr_carea' id='block_1_30' title="bbox 116 3076 3376 3157">
    <p class='ocr_par' dir='ltr' id='par_1_30' title="bbox 116 3076 3376 3157">
     <span class='ocr_line' id='line_1_30' title="bbox 116 3076 3376 3157; baseline 0.001 -20"><span class='ocrx_word' id='word_1_345' title='bbox 116 3083 205 3139; x_wconf 89' lang='lat' dir='ltr'><strong>bus</strong></span> <span class='ocrx_word' id='word_1_346' title='bbox 218 3087 313 3141; x_wconf 89' lang='lat' dir='ltr'><strong>rite</strong></span> <span class='ocrx_word' id='word_1_347' title='bbox 331 3100 617 3156; x_wconf 83' lang='lat' dir='ltr'><strong>exponere</strong></span> <span class='ocrx_word' id='word_1_348' title='bbox 643 3085 763 3140; x_wconf 90' lang='lat' dir='ltr'><strong>istis</strong></span> <span class='ocrx_word' id='word_1_349' title='bbox 778 3085 1119 3153; x_wconf 77' lang='lat' dir='ltr'><strong>temporibus</strong></span> <span class='ocrx_word' id='word_1_350' title='bbox 1146 3086 1387 3139; x_wconf 84' lang='lat' dir='ltr'><strong>maxime</strong></span> <span class='ocrx_word' id='word_1_351' title='bbox 1404 3084 1766 3148; x_wconf 88' lang='lat' dir='ltr'><strong>conducebat,</strong></span> <span class='ocrx_word' id='word_1_352' title='bbox 1782 3084 1983 3154; x_wconf 87' lang='lat' dir='ltr'><strong>quibus</strong></span> <span class='ocrx_word' id='word_1_353' title='bbox 1996 3093 2183 3157; x_wconf 86' lang='lat' dir='ltr'><strong>noster</strong></span> <span class='ocrx_word' id='word_1_354' title='bbox 2195 3076 2399 3147; x_wconf 70' lang='lat' dir='ltr'><strong>ﬂoruit,</strong></span> <span class='ocrx_word' id='word_1_355' title='bbox 2415 3095 2468 3139; x_wconf 88' lang='lat' dir='ltr'><strong>et</strong></span> <span class='ocrx_word' id='word_1_356' title='bbox 2484 3085 2685 3155; x_wconf 87' lang='lat' dir='ltr'><strong>quibus</strong></span> <span class='ocrx_word' id='word_1_357' title='bbox 2706 3087 2908 3141; x_wconf 90' lang='lat' dir='ltr'><strong>ethnici</strong></span> <span class='ocrx_word' id='word_1_358' title='bbox 2931 3103 2962 3143; x_wconf 89' lang='lat' dir='ltr'><strong>a</strong></span> <span class='ocrx_word' id='word_1_359' title='bbox 2984 3102 3083 3143; x_wconf 89' lang='lat' dir='ltr'><strong>sua</strong></span> <span class='ocrx_word' id='word_1_360' title='bbox 3107 3088 3376 3156; x_wconf 89' lang='lat' dir='ltr'><strong>supersti-</strong></span> 
     </span>
    </p>
   </div>
   <div class='ocr_carea' id='block_1_31' title="bbox 116 3177 3375 3260">
    <p class='ocr_par' dir='ltr' id='par_1_31' title="bbox 116 3177 3375 3260">
     <span class='ocr_line' id='line_1_31' title="bbox 116 3177 3375 3260; baseline 0.002 -28"><span class='ocrx_word' id='word_1_361' title='bbox 116 3181 245 3236; x_wconf 88' lang='lat' dir='ltr'><strong>tione</strong></span> <span class='ocrx_word' id='word_1_362' title='bbox 268 3179 628 3237; x_wconf 87' lang='lat' dir='ltr'><strong>abstrahendi</strong></span> <span class='ocrx_word' id='word_1_363' title='bbox 651 3186 827 3244; x_wconf 88' lang='lat' dir='ltr'><strong>erant,</strong></span> <span class='ocrx_word' id='word_1_364' title='bbox 866 3179 1342 3260; x_wconf 83' lang='lat' dir='ltr'><strong>philosophisque,</strong></span> <span class='ocrx_word' id='word_1_365' title='bbox 1369 3178 1517 3233; x_wconf 86' lang='lat' dir='ltr'><strong>haud</strong></span> <span class='ocrx_word' id='word_1_366' title='bbox 1544 3194 1717 3249; x_wconf 88' lang='lat' dir='ltr'><strong>pauca</strong></span> <span class='ocrx_word' id='word_1_367' title='bbox 1746 3189 1941 3233; x_wconf 77' lang='lat' dir='ltr'><strong>contra</strong></span> <span class='ocrx_word' id='word_1_368' title='bbox 1968 3178 2254 3249; x_wconf 87' lang='lat' dir='ltr'><strong>religionis</strong></span> <span class='ocrx_word' id='word_1_369' title='bbox 2284 3177 2615 3233; x_wconf 69' lang='lat' dir='ltr'><strong>Christianae</strong></span> <span class='ocrx_word' id='word_1_370' title='bbox 2655 3180 2942 3234; x_wconf 88' lang='lat' dir='ltr'><strong>veritatem</strong></span> <span class='ocrx_word' id='word_1_371' title='bbox 2972 3180 3375 3251; x_wconf 79' lang='lat' dir='ltr'><strong>exeipientibus</strong></span> 
     </span>
    </p>
   </div>
   <div class='ocr_carea' id='block_1_32' title="bbox 118 3270 3376 3345">
    <p class='ocr_par' dir='ltr' id='par_1_32' title="bbox 118 3270 3376 3345">
     <span class='ocr_line' id='line_1_32' title="bbox 118 3270 3376 3345; baseline -0 -18"><span class='ocrx_word' id='word_1_372' title='bbox 118 3284 547 3345; x_wconf 60' lang='lat' dir='ltr'><strong>prmpostereque</strong></span> <span class='ocrx_word' id='word_1_373' title='bbox 583 3272 754 3326; x_wconf 90' lang='lat' dir='ltr'><strong>multa</strong></span> <span class='ocrx_word' id='word_1_374' title='bbox 787 3273 855 3326; x_wconf 91' lang='lat' dir='ltr'><strong>de</strong></span> <span class='ocrx_word' id='word_1_375' title='bbox 882 3271 1151 3341; x_wconf 85' lang='lat' dir='ltr'><strong>ejusmodi</strong></span> <span class='ocrx_word' id='word_1_376' title='bbox 1182 3271 1535 3341; x_wconf 81' lang='lat' dir='ltr'><strong>dogmatibus</strong></span> <span class='ocrx_word' id='word_1_377' title='bbox 1552 3272 1933 3338; x_wconf 86' lang='lat' dir='ltr'><strong>sentientibus,</strong></span> <span class='ocrx_word' id='word_1_378' title='bbox 1955 3280 2073 3326; x_wconf 89' lang='lat' dir='ltr'><strong>erat</strong></span> <span class='ocrx_word' id='word_1_379' title='bbox 2104 3271 2541 3341; x_wconf 88' lang='lat' dir='ltr'><strong>respondendum</strong></span> <span class='ocrx_word' id='word_1_380' title='bbox 2561 3270 2695 3342; x_wconf 88' lang='lat'><strong>(68).</strong></span> <span class='ocrx_word' id='word_1_381' title='bbox 2720 3271 2866 3326; x_wconf 88' lang='lat' dir='ltr'><strong>Satis</strong></span> <span class='ocrx_word' id='word_1_382' title='bbox 2898 3272 3043 3326; x_wconf 90' lang='lat' dir='ltr'><strong>enim</strong></span> <span class='ocrx_word' id='word_1_383' title='bbox 3096 3270 3376 3338; x_wconf 72' lang='lat' dir='ltr'><strong>perspexit</strong></span> 
     </span>
    </p>
   </div>
   <div class='ocr_carea' id='block_1_33' title="bbox 117 3363 3375 3438">
    <p class='ocr_par' dir='ltr' id='par_1_33' title="bbox 117 3363 3375 3438">
     <span class='ocr_line' id='line_1_33' title="bbox 117 3363 3375 3438; baseline 0 -15"><span class='ocrx_word' id='word_1_384' title='bbox 117 3369 286 3425; x_wconf 87' lang='lat' dir='ltr'><strong>beatus</strong></span> <span class='ocrx_word' id='word_1_385' title='bbox 343 3370 577 3429; x_wconf 83' lang='lat' dir='ltr'><strong>Melito,</strong></span> <span class='ocrx_word' id='word_1_386' title='bbox 626 3374 888 3438; x_wconf 89' lang='lat' dir='ltr'><strong>quantam</strong></span> <span class='ocrx_word' id='word_1_387' title='bbox 935 3364 1132 3419; x_wconf 86' lang='lat' dir='ltr'><strong>horum</strong></span> <span class='ocrx_word' id='word_1_388' title='bbox 1173 3366 1628 3435; x_wconf 84' lang='lat' dir='ltr'><strong>philosophorum</strong></span> <span class='ocrx_word' id='word_1_389' title='bbox 1677 3366 1813 3421; x_wconf 89' lang='lat' dir='ltr'><strong>scita</strong></span> <span class='ocrx_word' id='word_1_390' title='bbox 1862 3367 2108 3436; x_wconf 73' lang='lat' dir='ltr'><strong>qutedam</strong></span> <span class='ocrx_word' id='word_1_391' title='bbox 2154 3365 2262 3419; x_wconf 88' lang='lat' dir='ltr'><strong>vim</strong></span> <span class='ocrx_word' id='word_1_392' title='bbox 2292 3366 2557 3420; x_wconf 87' lang='lat' dir='ltr'><strong>haberent</strong></span> <span class='ocrx_word' id='word_1_393' title='bbox 2599 3366 2667 3420; x_wconf 90' lang='lat' dir='ltr'><strong>ad</strong></span> <span class='ocrx_word' id='word_1_394' title='bbox 2718 3366 2997 3436; x_wconf 85' lang='lat' dir='ltr'><strong>religionis</strong></span> <span class='ocrx_word' id='word_1_395' title='bbox 3042 3363 3375 3423; x_wconf 72' lang='lat' dir='ltr'><strong>Christianae</strong></span> 
     </span>
    </p>
   </div>
   <div class='ocr_carea' id='block_1_34' title="bbox 115 3455 3374 3531">
    <p class='ocr_par' dir='ltr' id='par_1_34' title="bbox 115 3455 3374 3531">
     <span class='ocr_line' id='line_1_34' title="bbox 115 3455 3374 3531; baseline 0.001 -20"><span class='ocrx_word' id='word_1_396' title='bbox 115 3463 185 3515; x_wconf 79' lang='lat' dir='ltr'><strong>\el</strong></span> <span class='ocrx_word' id='word_1_397' title='bbox 216 3463 610 3517; x_wconf 84' lang='lat' dir='ltr'><strong>retardandum</strong></span> <span class='ocrx_word' id='word_1_398' title='bbox 647 3473 1021 3531; x_wconf 89' lang='lat' dir='ltr'><strong>progressum,</strong></span> <span class='ocrx_word' id='word_1_399' title='bbox 1057 3456 1139 3511; x_wconf 87' lang='lat' dir='ltr'><strong>vel</strong></span> <span class='ocrx_word' id='word_1_400' title='bbox 1193 3464 1529 3511; x_wconf 89' lang='lat' dir='ltr'><strong>structuram</strong></span> <span class='ocrx_word' id='word_1_401' title='bbox 1560 3456 2020 3523; x_wconf 78' lang='lat' dir='ltr'><strong>labefactandam,</strong></span> <span class='ocrx_word' id='word_1_402' title='bbox 2071 3456 2175 3509; x_wconf 91' lang='lat' dir='ltr'><strong>nisi</strong></span> <span class='ocrx_word' id='word_1_403' title='bbox 2222 3455 2401 3526; x_wconf 86' lang='lat' dir='ltr'><strong>prima</strong></span> <span class='ocrx_word' id='word_1_404' title='bbox 2450 3456 2698 3525; x_wconf 90' lang='lat' dir='ltr'><strong>ipsorum</strong></span> <span class='ocrx_word' id='word_1_405' title='bbox 2737 3456 3093 3513; x_wconf 88' lang='lat' dir='ltr'><strong>fundamenta</strong></span> <span class='ocrx_word' id='word_1_406' title='bbox 3128 3459 3374 3518; x_wconf 81' lang='lat' dir='ltr'><strong>suii‘ode-</strong></span> 
     </span>
    </p>
   </div>
   <div class='ocr_carea' id='block_1_35' title="bbox 116 3546 3361 3631">
    <p class='ocr_par' dir='ltr' id='par_1_35' title="bbox 116 3546 3361 3631">
     <span class='ocr_line' id='line_1_35' title="bbox 116 3546 3361 3631; baseline 0.001 -26"><span class='ocrx_word' id='word_1_407' title='bbox 116 3563 305 3608; x_wconf 86' lang='lat' dir='ltr'><strong>rentur.</strong></span> <span class='ocrx_word' id='word_1_408' title='bbox 340 3554 486 3609; x_wconf 84' lang='lat' dir='ltr'><strong>llinc</strong></span> <span class='ocrx_word' id='word_1_409' title='bbox 512 3554 620 3607; x_wconf 86' lang='lat' dir='ltr'><strong>hoc</strong></span> <span class='ocrx_word' id='word_1_410' title='bbox 654 3552 758 3607; x_wconf 92' lang='lat' dir='ltr'><strong>sibi</strong></span> <span class='ocrx_word' id='word_1_411' title='bbox 790 3552 931 3604; x_wconf 92' lang='lat' dir='ltr'><strong>ultro</strong></span> <span class='ocrx_word' id='word_1_412' title='bbox 967 3548 1208 3619; x_wconf 89' lang='lat' dir='ltr'><strong>suscepit</strong></span> <span class='ocrx_word' id='word_1_413' title='bbox 1238 3546 1466 3617; x_wconf 87' lang='lat' dir='ltr'><strong>negotii,</strong></span> <span class='ocrx_word' id='word_1_414' title='bbox 1498 3555 1557 3601; x_wconf 91' lang='lat' dir='ltr'><strong>ut</strong></span> <span class='ocrx_word' id='word_1_415' title='bbox 1603 3549 1718 3603; x_wconf 66' lang='lat' dir='ltr'><strong>haec</strong></span> <span class='ocrx_word' id='word_1_416' title='bbox 1752 3548 2337 3617; x_wconf 67' lang='lat' dir='ltr'><strong>pliilOSOphiteczipita,</strong></span> <span class='ocrx_word' id='word_1_417' title='bbox 2371 3563 2507 3631; x_wconf 57' lang='grc' dir='ltr'><strong>(ιυωῖ</strong></span> <span class='ocrx_word' id='word_1_418' title='bbox 2535 3547 2755 3601; x_wconf 89' lang='lat' dir='ltr'><strong>maximi</strong></span> <span class='ocrx_word' id='word_1_419' title='bbox 2797 3550 2864 3603; x_wconf 90' lang='lat' dir='ltr'><strong>ad</strong></span> <span class='ocrx_word' id='word_1_420' title='bbox 2899 3550 3059 3605; x_wconf 89' lang='lat' dir='ltr'><strong>iidem</strong></span> <span class='ocrx_word' id='word_1_421' title='bbox 3098 3556 3361 3608; x_wconf 89' lang='lat' dir='ltr'><strong>momenti</strong></span> 
     </span>
    </p>
   </div>
   <div class='ocr_carea' id='block_1_36' title="bbox 115 3640 3369 3719">
    <p class='ocr_par' dir='ltr' id='par_1_36' title="bbox 115 3640 3369 3719">
     <span class='ocr_line' id='line_1_36' title="bbox 115 3640 3369 3719; baseline -0 -19"><span class='ocrx_word' id='word_1_422' title='bbox 115 3660 245 3712; x_wconf 87' lang='lat' dir='ltr'><strong>sunt,</strong></span> <span class='ocrx_word' id='word_1_423' title='bbox 277 3659 330 3704; x_wconf 90' lang='lat' dir='ltr'><strong>et</strong></span> <span class='ocrx_word' id='word_1_424' title='bbox 360 3650 487 3705; x_wconf 87' lang='lat' dir='ltr'><strong>sine</strong></span> <span class='ocrx_word' id='word_1_425' title='bbox 512 3648 719 3719; x_wconf 89' lang='lat' dir='ltr'><strong>quibus</strong></span> <span class='ocrx_word' id='word_1_426' title='bbox 751 3661 860 3700; x_wconf 92' lang='lat' dir='ltr'><strong>non</strong></span> <span class='ocrx_word' id='word_1_427' title='bbox 908 3653 1090 3715; x_wconf 87' lang='lat' dir='ltr'><strong>potest</strong></span> <span class='ocrx_word' id='word_1_428' title='bbox 1117 3658 1245 3697; x_wconf 88' lang='lat' dir='ltr'><strong>vera</strong></span> <span class='ocrx_word' id='word_1_429' title='bbox 1294 3642 1348 3696; x_wconf 89' lang='lat' dir='ltr'><strong>in</strong></span> <span class='ocrx_word' id='word_1_430' title='bbox 1386 3640 1555 3696; x_wconf 90' lang='lat' dir='ltr'><strong>Deum</strong></span> <span class='ocrx_word' id='word_1_431' title='bbox 1599 3643 1772 3712; x_wconf 91' lang='lat' dir='ltr'><strong>pietas</strong></span> <span class='ocrx_word' id='word_1_432' title='bbox 1803 3657 2025 3711; x_wconf 88' lang='lat' dir='ltr'><strong>surgere</strong></span> <span class='ocrx_word' id='word_1_433' title='bbox 2066 3652 2160 3695; x_wconf 88' lang='lat' dir='ltr'><strong>aut</strong></span> <span class='ocrx_word' id='word_1_434' title='bbox 2189 3640 2511 3707; x_wconf 89' lang='lat' dir='ltr'><strong>consistere,</strong></span> <span class='ocrx_word' id='word_1_435' title='bbox 2552 3643 2743 3696; x_wconf 91' lang='lat' dir='ltr'><strong>sedqu</strong></span> <span class='ocrx_word' id='word_1_436' title='bbox 2769 3651 3158 3711; x_wconf 89' lang='lat' dir='ltr'><strong>pertractarct,</strong></span> <span class='ocrx_word' id='word_1_437' title='bbox 3185 3654 3239 3698; x_wconf 90' lang='lat' dir='ltr'><strong>et</strong></span> <span class='ocrx_word' id='word_1_438' title='bbox 3268 3661 3369 3714; x_wconf 86' lang='lat' dir='ltr'><strong>pro</strong></span> 
     </span>
    </p>
   </div>
   <div class='ocr_carea' id='block_1_37' title="bbox 114 3733 3367 3807">
    <p class='ocr_par' dir='ltr' id='par_1_37' title="bbox 114 3733 3367 3807">
     <span class='ocr_line' id='line_1_37' title="bbox 114 3733 3367 3807; baseline 0 -17"><span class='ocrx_word' id='word_1_439' title='bbox 114 3740 294 3796; x_wconf 73' lang='lat' dir='ltr'><strong>virium</strong></span> <span class='ocrx_word' id='word_1_440' title='bbox 322 3741 593 3797; x_wconf 84' lang='lat' dir='ltr'><strong>facultate</strong></span> <span class='ocrx_word' id='word_1_441' title='bbox 619 3739 945 3795; x_wconf 87' lang='lat' dir='ltr'><strong>clarissimis</strong></span> <span class='ocrx_word' id='word_1_442' title='bbox 972 3736 1283 3792; x_wconf 89' lang='lat' dir='ltr'><strong>rationibus</strong></span> <span class='ocrx_word' id='word_1_443' title='bbox 1314 3735 1641 3790; x_wconf 80' lang='lat' dir='ltr'><strong>sull&#39;ulciret.</strong></span> <span class='ocrx_word' id='word_1_444' title='bbox 1665 3734 1802 3789; x_wconf 82' lang='lat' dir='ltr'><strong>Nam</strong></span> <span class='ocrx_word' id='word_1_445' title='bbox 1823 3744 1969 3789; x_wconf 89' lang='lat' dir='ltr'><strong>certe</strong></span> <span class='ocrx_word' id='word_1_446' title='bbox 1994 3733 2097 3788; x_wconf 91' lang='lat' dir='ltr'><strong>nisi</strong></span> <span class='ocrx_word' id='word_1_447' title='bbox 2129 3733 2490 3788; x_wconf 90' lang='lat' dir='ltr'><strong>constitutum</strong></span> <span class='ocrx_word' id='word_1_448' title='bbox 2523 3734 2614 3797; x_wconf 89' lang='lat' dir='ltr'><strong>sit,</strong></span> <span class='ocrx_word' id='word_1_449' title='bbox 2647 3734 2899 3803; x_wconf 89' lang='lat' dir='ltr'><strong>quisnam</strong></span> <span class='ocrx_word' id='word_1_450' title='bbox 2934 3737 3174 3791; x_wconf 90' lang='lat' dir='ltr'><strong>universi</strong></span> <span class='ocrx_word' id='word_1_451' title='bbox 3202 3736 3367 3807; x_wconf 89' lang='lat' dir='ltr'><strong>hujus</strong></span> 
     </span>
    </p>
   </div>
   <div class='ocr_carea' id='block_1_38' title="bbox 173 3910 3380 3988">
    <p class='ocr_par' dir='ltr' id='par_1_38' title="bbox 173 3910 3380 3988">
     <span class='ocr_line' id='line_1_38' title="bbox 173 3910 3380 3988; baseline -0.001 -16"><span class='ocrx_word' id='word_1_452' title='bbox 173 3919 341 3988; x_wconf 23' lang='lat'><strong>(6.6.5)</strong></span> <span class='ocrx_word' id='word_1_453' title='bbox 366 3922 426 3974; x_wconf 87' lang='lat' dir='ltr'><strong>in</strong></span> <span class='ocrx_word' id='word_1_454' title='bbox 450 3918 608 3971; x_wconf 83' lang='lat' dir='ltr'><strong>Part.</strong></span> <span class='ocrx_word' id='word_1_455' title='bbox 640 3917 816 3979; x_wconf 63' lang='lat' dir='ltr'><strong>Orat,</strong></span> <span class='ocrx_word' id='word_1_456' title='bbox 848 3916 981 3985; x_wconf 87' lang='lat' dir='ltr'><strong>Opp.</strong></span> <span class='ocrx_word' id='word_1_457' title='bbox 1008 3924 1046 3969; x_wconf 90' lang='lat' dir='ltr'><strong>t.</strong></span> <span class='ocrx_word' id='word_1_458' title='bbox 1073 3910 1691 3982; x_wconf 78' lang='lat' dir='ltr'><strong>l,fol.iO9.Edit.Fro—</strong></span> <span class='ocrx_word' id='word_1_459' title='bbox 1796 3914 1931 3988; x_wconf 86' lang='lat' dir='ltr'><strong>alias</strong></span> <span class='ocrx_word' id='word_1_460' title='bbox 1965 3912 2141 3988; x_wconf 69' lang='lat' dir='ltr'><strong>prima</strong></span> <span class='ocrx_word' id='word_1_461' title='bbox 2188 3912 2372 3967; x_wconf 89' lang='lat' dir='ltr'><strong>vocari</strong></span> <span class='ocrx_word' id='word_1_462' title='bbox 2409 3912 2632 3979; x_wconf 81' lang='lat' dir='ltr'><strong>suevit),</strong></span> <span class='ocrx_word' id='word_1_463' title='bbox 2662 3927 2796 3988; x_wconf 87' lang='lat' dir='ltr'><strong>_cap_.</strong></span> <span class='ocrx_word' id='word_1_464' title='bbox 2831 3912 2885 3988; x_wconf 82' lang='lat'><strong>8_,</strong></span> <span class='ocrx_word' id='word_1_465' title='bbox 2923 3928 3043 3988; x_wconf 82' lang='lat' dir='ltr'><strong>pag.</strong></span> <span class='ocrx_word' id='word_1_466' title='bbox 3088 3913 3200 3988; x_wconf 44' lang='grc' dir='ltr'><strong>εει</strong></span> <span class='ocrx_word' id='word_1_467' title='bbox 3230 3915 3380 3988; x_wconf 68' lang='lat' dir='ltr'><strong>edit.’</strong></span> 
     </span>
    </p>
   </div>
   <div class='ocr_carea' id='block_1_39' title="bbox 116 3990 648 4053">
    <p class='ocr_par' dir='ltr' id='par_1_39' title="bbox 116 3990 648 4053">
     <span class='ocr_line' id='line_1_39' title="bbox 116 3990 648 4053; baseline -0.008 -10"><span class='ocrx_word' id='word_1_468' title='bbox 116 3991 222 4043; x_wconf 80' lang='lat' dir='ltr'><strong>ben.</strong></span> <span class='ocrx_word' id='word_1_469' title='bbox 252 3993 408 4053; x_wconf 67' lang='grc'><strong>1540,</strong></span> <span class='ocrx_word' id='word_1_470' title='bbox 448 4006 502 4042; x_wconf 82' lang='lat' dir='ltr'><strong>tv</strong></span> <span class='ocrx_word' id='word_1_471' title='bbox 542 3990 648 4042; x_wconf 83' lang='lat' dir='ltr'><strong>vol.</strong></span> 
     </span>
    </p>
   </div>
   <div class='ocr_carea' id='block_1_40' title="bbox 174 4054 1685 4131">
    <p class='ocr_par' dir='ltr' id='par_1_40' title="bbox 174 4054 1685 4131">
     <span class='ocr_line' id='line_1_40' title="bbox 174 4054 1685 4131; baseline 0.001 -22"><span class='ocrx_word' id='word_1_472' title='bbox 174 4064 277 4131; x_wconf 77' lang='grc'>(65)</span> <span class='ocrx_word' id='word_1_473' title='bbox 312 4063 367 4116; x_wconf 84' lang='lat' dir='ltr'><strong>In</strong></span> <span class='ocrx_word' id='word_1_474' title='bbox 411 4061 675 4128; x_wconf 76' lang='lat' dir='ltr'><strong>Galalogo</strong></span> <span class='ocrx_word' id='word_1_475' title='bbox 717 4054 1536 4131; x_wconf 28' lang='grc' dir='ltr'><strong>δενίριοζηηι-ρεσιεδξᾳδι.χρη).</strong></span> <span class='ocrx_word' id='word_1_476' title='bbox 1572 4055 1685 4131; x_wconf 44' lang='lat'><strong>‘24}</strong></span> 
     </span>
    </p>
   </div>
   <div class='ocr_carea' id='block_1_41' title="bbox 113 4124 1689 4203">
    <p class='ocr_par' dir='ltr' id='par_1_41' title="bbox 113 4124 1689 4203">
     <span class='ocr_line' id='line_1_41' title="bbox 113 4124 1689 4203; baseline 0.006 -20"><span class='ocrx_word' id='word_1_477' title='bbox 113 4124 295 4184; x_wconf 66' lang='lat' dir='ltr'><strong>Toiitoo</strong></span> <span class='ocrx_word' id='word_1_478' title='bbox 338 4134 441 4203; x_wconf 76' lang='grc' dir='ltr'><strong>τὴν</strong></span> <span class='ocrx_word' id='word_1_479' title='bbox 498 4124 725 4197; x_wconf 70' lang='grc' dir='ltr'>εὑφύῖαν</span> <span class='ocrx_word' id='word_1_480' title='bbox 755 4126 989 4203; x_wconf 60' lang='grc' dir='ltr'>ἐπαινῶν</span> <span class='ocrx_word' id='word_1_481' title='bbox 1012 4124 1455 4203; x_wconf 33' lang='grc' dir='ltr'><strong>,Τειρτοῇζλλιᾳνδς</strong></span> <span class='ocrx_word' id='word_1_482' title='bbox 1492 4127 1689 4203; x_wconf 40' lang='grc' dir='ltr'><strong>εῖν-τρῖς</strong></span> 
     </span>
    </p>
   </div>
   <div class='ocr_carea' id='block_1_42' title="bbox 112 4194 1687 4270">
    <p class='ocr_par' dir='ltr' id='par_1_42' title="bbox 112 4194 1687 4270">
     <span class='ocr_line' id='line_1_42' title="bbox 112 4194 1687 4270; baseline -0.004 -17"><span class='ocrx_word' id='word_1_483' title='bbox 112 4203 237 4256; x_wconf 70' lang='grc' dir='ltr'><strong>ἑπτα</strong></span> <span class='ocrx_word' id='word_1_484' title='bbox 270 4194 476 4270; x_wconf 74' lang='grc' dir='ltr'><strong>λόγοίς,</strong></span> <span class='ocrx_word' id='word_1_485' title='bbox 525 4194 617 4262; x_wconf 61' lang='grc' dir='ltr'><strong>οὖς</strong></span> <span class='ocrx_word' id='word_1_486' title='bbox 663 4199 867 4270; x_wconf 70' lang='grc' dir='ltr'>ἔγραψε</span> <span class='ocrx_word' id='word_1_487' title='bbox 898 4196 1036 4249; x_wconf 83' lang='grc' dir='ltr'>κατὰ</span> <span class='ocrx_word' id='word_1_488' title='bbox 1067 4194 1165 4266; x_wconf 80' lang='grc' dir='ltr'><strong>τῆς</strong></span> <span class='ocrx_word' id='word_1_489' title='bbox 1198 4194 1525 4267; x_wconf 75' lang='grc' dir='ltr'>Ἐκκλησίας</span> <span class='ocrx_word' id='word_1_490' title='bbox 1548 4195 1687 4268; x_wconf 80' lang='grc' dir='ltr'><strong>ὑπὲρ</strong></span> 
     </span>
    </p>
   </div>
   <div class='ocr_carea' id='block_1_43' title="bbox 111 4274 393 4328">
    <p class='ocr_par' dir='ltr' id='par_1_43' title="bbox 111 4274 393 4328">
     <span class='ocr_line' id='line_1_43' title="bbox 111 4274 393 4328; baseline 0 -3"><span class='ocrx_word' id='word_1_491' title='bbox 111 4274 393 4328; x_wconf 77' lang='grc' dir='ltr'><strong>Μοντάνου.</strong></span> 
     </span>
    </p>
   </div>
   <div class='ocr_carea' id='block_1_44' title="bbox 174 4335 1191 4413">
    <p class='ocr_par' dir='ltr' id='par_1_44' title="bbox 174 4335 1191 4413">
     <span class='ocr_line' id='line_1_44' title="bbox 174 4335 1191 4413; baseline -0.01 -16"><span class='ocrx_word' id='word_1_492' title='bbox 174 4344 279 4413; x_wconf 79' lang='grc'>(66)</span> <span class='ocrx_word' id='word_1_493' title='bbox 315 4344 468 4396; x_wconf 88' lang='lat' dir='ltr'><strong>Hist.</strong></span> <span class='ocrx_word' id='word_1_494' title='bbox 503 4339 687 4413; x_wconf 72' lang='lat' dir='ltr'><strong>certes.</strong></span> <span class='ocrx_word' id='word_1_495' title='bbox 719 4339 922 4413; x_wconf 76' lang='lat' dir='ltr'><strong>lib.__iv,</strong></span> <span class='ocrx_word' id='word_1_496' title='bbox 947 4352 1074 4413; x_wconf 84' lang='lat' dir='ltr'><strong>cap.</strong></span> <span class='ocrx_word' id='word_1_497' title='bbox 1101 4335 1191 4388; x_wconf 75' lang='grc'><strong>26.</strong></span> 
     </span>
    </p>
   </div>
   <div class='ocr_carea' id='block_1_45' title="bbox 173 4405 1683 4483">
    <p class='ocr_par' dir='ltr' id='par_1_45' title="bbox 173 4405 1683 4483">
     <span class='ocr_line' id='line_1_45' title="bbox 173 4405 1683 4483; baseline -0.005 -17"><span class='ocrx_word' id='word_1_498' title='bbox 173 4405 280 4483; x_wconf 82' lang='grc'>(67)</span> <span class='ocrx_word' id='word_1_499' title='bbox 316 4414 524 4468; x_wconf 76' lang='lat' dir='ltr'><strong>Euseb.</strong></span> <span class='ocrx_word' id='word_1_500' title='bbox 559 4410 765 4465; x_wconf 87' lang='lat' dir='ltr'><strong>scilicet</strong></span> <span class='ocrx_word' id='word_1_501' title='bbox 800 4408 946 4483; x_wconf 70' lang='lat' dir='ltr'><strong>Hist.</strong></span> <span class='ocrx_word' id='word_1_502' title='bbox 973 4412 1153 4483; x_wconf 75' lang='lat' dir='ltr'><strong>ecctes.</strong></span> <span class='ocrx_word' id='word_1_503' title='bbox 1192 4407 1397 4483; x_wconf 84' lang='lat' dir='ltr'><strong>lib._tv,</strong></span> <span class='ocrx_word' id='word_1_504' title='bbox 1425 4421 1546 4476; x_wconf 90' lang='lat' dir='ltr'><strong>cap.</strong></span> 
     </span>
    </p>
   </div>
   <div class='ocr_carea' id='block_1_46' title="bbox 144 4477 1670 4553">
    <p class='ocr_par' dir='ltr' id='par_1_46' title="bbox 144 4477 1670 4553">
     <span class='ocr_line' id='line_1_46' title="bbox 144 4477 1670 4553; baseline -0.005 -16"><span class='ocrx_word' id='word_1_505' title='bbox 144 4477 219 4553; x_wconf 72' lang='lat' dir='ltr'><strong>ag.</strong></span> <span class='ocrx_word' id='word_1_506' title='bbox 262 4477 391 4539; x_wconf 57' lang='lat'><strong>188.</strong></span> <span class='ocrx_word' id='word_1_507' title='bbox 442 4478 932 4553; x_wconf 66' lang='lat' dir='ltr'><strong>liierony_mus_1)e</strong></span> <span class='ocrx_word' id='word_1_508' title='bbox 974 4479 1157 4545; x_wconf 82' lang='lat' dir='ltr'><strong>script.</strong></span> <span class='ocrx_word' id='word_1_509' title='bbox 1202 4478 1396 4553; x_wconf 54' lang='lat' dir='ltr'><strong>cretes.</strong></span> <span class='ocrx_word' id='word_1_510' title='bbox 1423 4493 1543 4553; x_wconf 80' lang='lat' dir='ltr'><strong>cap.</strong></span> <span class='ocrx_word' id='word_1_511' title='bbox 1579 4477 1670 4531; x_wconf 72' lang='grc'><strong>24.</strong></span> 
     </span>
    </p>
   </div>
   <div class='ocr_carea' id='block_1_47' title="bbox 158 4546 1675 4616">
    <p class='ocr_par' dir='ltr' id='par_1_47' title="bbox 158 4546 1675 4616">
     <span class='ocr_line' id='line_1_47' title="bbox 158 4546 1675 4616; baseline -0.005 -7"><span class='ocrx_word' id='word_1_512' title='bbox 158 4546 346 4610; x_wconf 76' lang='lat' dir='ltr'><strong>uiiinus</strong></span> <span class='ocrx_word' id='word_1_513' title='bbox 386 4554 544 4607; x_wconf 77' lang='lat' dir='ltr'><strong>Hist.</strong></span> <span class='ocrx_word' id='word_1_514' title='bbox 585 4546 795 4610; x_wconf 74' lang='lat' dir='ltr'><strong>eccles.,</strong></span> <span class='ocrx_word' id='word_1_515' title='bbox 829 4549 924 4601; x_wconf 87' lang='lat' dir='ltr'><strong>lib.</strong></span> <span class='ocrx_word' id='word_1_516' title='bbox 959 4564 1033 4608; x_wconf 81' lang='grc' dir='ltr'><strong>ιν,</strong></span> <span class='ocrx_word' id='word_1_517' title='bbox 1062 4562 1183 4616; x_wconf 88' lang='lat' dir='ltr'><strong>cap.</strong></span> <span class='ocrx_word' id='word_1_518' title='bbox 1214 4548 1304 4601; x_wconf 73' lang='lat'><strong>25.</strong></span> <span class='ocrx_word' id='word_1_519' title='bbox 1336 4546 1675 4616; x_wconf 89' lang='lat' dir='ltr'><strong>Nicephorus</strong></span> 
     </span>
    </p>
   </div>
   <div class='ocr_carea' id='block_1_48' title="bbox 112 4616 1534 4685">
    <p class='ocr_par' dir='ltr' id='par_1_48' title="bbox 112 4616 1534 4685">
     <span class='ocr_line' id='line_1_48' title="bbox 112 4616 1534 4685; baseline -0.006 -6"><span class='ocrx_word' id='word_1_520' title='bbox 112 4627 302 4680; x_wconf 78' lang='lat' dir='ltr'><strong>Callisti</strong></span> <span class='ocrx_word' id='word_1_521' title='bbox 343 4625 498 4678; x_wconf 84' lang='lat' dir='ltr'><strong>Hist.</strong></span> <span class='ocrx_word' id='word_1_522' title='bbox 520 4621 730 4683; x_wconf 86' lang='lat' dir='ltr'><strong>eccles.,</strong></span> <span class='ocrx_word' id='word_1_523' title='bbox 763 4619 855 4672; x_wconf 91' lang='lat' dir='ltr'><strong>lib.</strong></span> <span class='ocrx_word' id='word_1_524' title='bbox 895 4633 968 4682; x_wconf 82' lang='lat' dir='ltr'><strong>iv,</strong></span> <span class='ocrx_word' id='word_1_525' title='bbox 1004 4632 1125 4685; x_wconf 88' lang='lat' dir='ltr'><strong>cap.</strong></span> <span class='ocrx_word' id='word_1_526' title='bbox 1160 4616 1247 4681; x_wconf 73' lang='lat'><strong>10,</strong></span> <span class='ocrx_word' id='word_1_527' title='bbox 1282 4617 1377 4671; x_wconf 77' lang='lat' dir='ltr'><strong>i’ol.</strong></span> <span class='ocrx_word' id='word_1_528' title='bbox 1406 4618 1534 4670; x_wconf 72' lang='grc'><strong>294.</strong></span> 
     </span>
    </p>
   </div>
   <div class='ocr_carea' id='block_1_49' title="bbox 175 4685 1675 4768">
    <p class='ocr_par' dir='ltr' id='par_1_49' title="bbox 175 4685 1675 4768">
     <span class='ocr_line' id='line_1_49' title="bbox 175 4685 1675 4768; baseline -0.009 -17"><span class='ocrx_word' id='word_1_529' title='bbox 175 4698 282 4768; x_wconf 87' lang='grc'>(68)</span> <span class='ocrx_word' id='word_1_530' title='bbox 313 4692 608 4768; x_wconf 82' lang='lat' dir='ltr'><strong>Taies_qui</strong></span> <span class='ocrx_word' id='word_1_531' title='bbox 650 4692 769 4768; x_wconf 74' lang='lat' dir='ltr'><strong>istis</strong></span> <span class='ocrx_word' id='word_1_532' title='bbox 799 4687 1369 4768; x_wconf 50' lang='lat' dir='ltr'><strong>temporibusncontra</strong></span> <span class='ocrx_word' id='word_1_533' title='bbox 1403 4685 1675 4768; x_wconf 69' lang='lat' dir='ltr'><strong>Christia-</strong></span> 
     </span>
    </p>
   </div>
   <div class='ocr_carea' id='block_1_50' title="bbox 115 4750 1677 4836">
    <p class='ocr_par' dir='ltr' id='par_1_50' title="bbox 115 4750 1677 4836">
     <span class='ocr_line' id='line_1_50' title="bbox 115 4750 1677 4836; baseline -0.008 -17"><span class='ocrx_word' id='word_1_534' title='bbox 115 4750 201 4822; x_wconf 72' lang='lat' dir='ltr'><strong>nos</strong></span> <span class='ocrx_word' id='word_1_535' title='bbox 246 4750 430 4836; x_wconf 71' lang='lat' dir='ltr'><strong>egere,</strong></span> <span class='ocrx_word' id='word_1_536' title='bbox 478 4750 701 4836; x_wconf 72' lang='lat' dir='ltr'><strong>fuerunt</strong></span> <span class='ocrx_word' id='word_1_537' title='bbox 729 4761 870 4836; x_wconf 81' lang='lat' dir='ltr'><strong>inter</strong></span> <span class='ocrx_word' id='word_1_538' title='bbox 891 4750 1116 4836; x_wconf 64' lang='lat' dir='ltr'><strong>a&#39;lioszl.</strong></span> <span class='ocrx_word' id='word_1_539' title='bbox 1127 4750 1419 4836; x_wconf 68' lang='lat' dir='ltr'><strong>Crescens,</strong></span> <span class='ocrx_word' id='word_1_540' title='bbox 1443 4757 1677 4836; x_wconf 58' lang='lat' dir='ltr'><strong>philoso-</strong></span> 
     </span>
    </p>
   </div>
   <div class='ocr_carea' id='block_1_51' title="bbox 112 4825 1677 4905">
    <p class='ocr_par' dir='ltr' id='par_1_51' title="bbox 112 4825 1677 4905">
     <span class='ocr_line' id='line_1_51' title="bbox 112 4825 1677 4905; baseline -0.008 -13"><span class='ocrx_word' id='word_1_541' title='bbox 112 4841 240 4905; x_wconf 86' lang='lat' dir='ltr'><strong>phus</strong></span> <span class='ocrx_word' id='word_1_542' title='bbox 268 4825 542 4905; x_wconf 70' lang='lat' dir='ltr'><strong>Cynicus,</strong></span> <span class='ocrx_word' id='word_1_543' title='bbox 592 4832 759 4905; x_wconf 78' lang='lat' dir='ltr'><strong>homo</strong></span> <span class='ocrx_word' id='word_1_544' title='bbox 789 4829 913 4881; x_wconf 59' lang='lat' dir='ltr'><strong>vitm.</strong></span> <span class='ocrx_word' id='word_1_545' title='bbox 942 4827 1347 4905; x_wconf 68' lang='lat' dir='ltr'><strong>impurissimaa,</strong></span> <span class='ocrx_word' id='word_1_546' title='bbox 1378 4825 1677 4905; x_wconf 52' lang='lat' dir='ltr'><strong>quiEuse—</strong></span> 
     </span>
    </p>
   </div>
   <div class='ocr_carea' id='block_1_52' title="bbox 114 4894 1675 4967">
    <p class='ocr_par' dir='ltr' id='par_1_52' title="bbox 114 4894 1675 4967">
     <span class='ocr_line' id='line_1_52' title="bbox 114 4894 1675 4967; baseline -0.009 -6"><span class='ocrx_word' id='word_1_547' title='bbox 114 4894 192 4961; x_wconf 73' lang='lat' dir='ltr'><strong>bio</strong></span> <span class='ocrx_word' id='word_1_548' title='bbox 226 4898 367 4961; x_wconf 58' lang='lat' dir='ltr'><strong>His&#39;t.</strong></span> <span class='ocrx_word' id='word_1_549' title='bbox 402 4894 615 4967; x_wconf 65' lang='lat' dir='ltr'><strong>eccles,</strong></span> <span class='ocrx_word' id='word_1_550' title='bbox 662 4901 749 4952; x_wconf 85' lang='lat' dir='ltr'><strong>lib.</strong></span> <span class='ocrx_word' id='word_1_551' title='bbox 785 4914 859 4958; x_wconf 75' lang='lat' dir='ltr'><strong>iV,</strong></span> <span class='ocrx_word' id='word_1_552' title='bbox 890 4894 1134 4965; x_wconf 50' lang='lat' dir='ltr'><strong>capfiii,</strong></span> <span class='ocrx_word' id='word_1_553' title='bbox 1168 4898 1317 4967; x_wconf 81' lang='lat' dir='ltr'><strong>audit</strong></span> <span class='ocrx_word' id='word_1_554' title='bbox 1358 4894 1675 4966; x_wconf 75' lang='grc' dir='ltr'><strong>φὲρώνυμος</strong></span> 
     </span>
    </p>
   </div>
   <div class='ocr_carea' id='block_1_53' title="bbox 112 4966 1677 5049">
    <p class='ocr_par' dir='ltr' id='par_1_53' title="bbox 112 4966 1677 5049">
     <span class='ocr_line' id='line_1_53' title="bbox 112 4966 1677 5049; baseline -0.009 -18"><span class='ocrx_word' id='word_1_555' title='bbox 112 4982 167 5049; x_wconf 78' lang='grc' dir='ltr'>τῇ</span> <span class='ocrx_word' id='word_1_556' title='bbox 198 4980 392 5047; x_wconf 73' lang='grc' dir='ltr'>κυνικῇ</span> <span class='ocrx_word' id='word_1_557' title='bbox 445 4966 789 5045; x_wconf 71' lang='grc' dir='ltr'>προσηγορίᾳ</span> <span class='ocrx_word' id='word_1_558' title='bbox 825 4968 936 5038; x_wconf 81' lang='grc' dir='ltr'>βίον</span> <span class='ocrx_word' id='word_1_559' title='bbox 976 4983 1036 5019; x_wconf 80' lang='grc' dir='ltr'><strong>τε</strong></span> <span class='ocrx_word' id='word_1_560' title='bbox 1072 4967 1166 5048; x_wconf 59' lang='lat' dir='ltr'><strong>ita).</strong></span> <span class='ocrx_word' id='word_1_561' title='bbox 1191 4966 1412 5049; x_wconf 14' lang='grc' dir='ltr'><strong>ντρόπρην,</strong></span> <span class='ocrx_word' id='word_1_562' title='bbox 1437 4968 1573 5047; x_wconf 48' lang='lat' dir='ltr'><strong>equi</strong></span> <span class='ocrx_word' id='word_1_563' title='bbox 1601 4969 1677 5017; x_wconf 83' lang='lat' dir='ltr'><strong>vi—</strong></span> 
     </span>
    </p>
   </div>
   <div class='ocr_carea' id='block_1_54' title="bbox 110 5032 1677 5111">
    <p class='ocr_par' dir='ltr' id='par_1_54' title="bbox 110 5032 1677 5111">
     <span class='ocr_line' id='line_1_54' title="bbox 110 5032 1677 5111; baseline -0.006 -14"><span class='ocrx_word' id='word_1_564' title='bbox 110 5032 258 5102; x_wconf 59' lang='lat' dir='ltr'><strong>vendi</strong></span> <span class='ocrx_word' id='word_1_565' title='bbox 311 5032 589 5101; x_wconf 57' lang='lat' dir='ltr'><strong>raiion&#39;cm</strong></span> <span class='ocrx_word' id='word_1_566' title='bbox 615 5032 845 5110; x_wconf 73' lang='lat' dir='ltr'><strong>prorsus</strong></span> <span class='ocrx_word' id='word_1_567' title='bbox 881 5032 1290 5111; x_wconf 71' lang='lat' dir='ltr'><strong>con_venientem</strong></span> <span class='ocrx_word' id='word_1_568' title='bbox 1321 5032 1551 5111; x_wconf 67' lang='lat' dir='ltr'><strong>Cynicae</strong></span> <span class='ocrx_word' id='word_1_569' title='bbox 1581 5051 1677 5103; x_wconf 81' lang='lat' dir='ltr'><strong>ap-~</strong></span> 
     </span>
    </p>
   </div>
   <div class='ocr_carea' id='block_1_55' title="bbox 174 5105 1672 5176">
    <p class='ocr_par' dir='ltr' id='par_1_55' title="bbox 174 5105 1672 5176">
     <span class='ocr_line' id='line_1_55' title="bbox 174 5105 1672 5176; baseline -0.009 -6"><span class='ocrx_word' id='word_1_570' title='bbox 174 5120 417 5173; x_wconf 87' lang='lat' dir='ltr'><strong>llationis</strong></span> <span class='ocrx_word' id='word_1_571' title='bbox 447 5105 832 5172; x_wconf 75' lang='lat' dir='ltr'><strong>aemulabatur,</strong></span> <span class='ocrx_word' id='word_1_572' title='bbox 859 5128 877 5157; x_wconf 68' lang='grc' dir='ltr'><strong>ν</strong></span> <span class='ocrx_word' id='word_1_573' title='bbox 900 5105 1200 5161; x_wconf 84' lang='lat' dir='ltr'><strong>etTatiano</strong></span> <span class='ocrx_word' id='word_1_574' title='bbox 1222 5105 1277 5156; x_wconf 89' lang='lat' dir='ltr'><strong>in</strong></span> <span class='ocrx_word' id='word_1_575' title='bbox 1298 5105 1517 5176; x_wconf 78' lang='lat' dir='ltr'><strong>Apolog.</strong></span> <span class='ocrx_word' id='word_1_576' title='bbox 1552 5122 1672 5176; x_wconf 80' lang='lat' dir='ltr'><strong>cap.</strong></span> 
     </span>
    </p>
   </div>
   <div class='ocr_carea' id='block_1_56' title="bbox 144 5173 1678 5259">
    <p class='ocr_par' dir='ltr' id='par_1_56' title="bbox 144 5173 1678 5259">
     <span class='ocr_line' id='line_1_56' title="bbox 144 5173 1678 5259; baseline -0.013 -15"><span class='ocrx_word' id='word_1_577' title='bbox 144 5192 189 5251; x_wconf 70' lang='lat'><strong>2.</strong></span> <span class='ocrx_word' id='word_1_578' title='bbox 231 5205 353 5259; x_wconf 87' lang='lat' dir='ltr'><strong>pag.</strong></span> <span class='ocrx_word' id='word_1_579' title='bbox 392 5188 486 5250; x_wconf 77' lang='grc' dir='ltr'><strong>Ἠ,</strong></span> <span class='ocrx_word' id='word_1_580' title='bbox 521 5184 649 5237; x_wconf 83' lang='lat' dir='ltr'><strong>edit.</strong></span> <span class='ocrx_word' id='word_1_581' title='bbox 670 5177 950 5259; x_wconf 36' lang='lat' dir='ltr'><strong>‘Worth‘ii,</strong></span> <span class='ocrx_word' id='word_1_582' title='bbox 983 5187 1248 5259; x_wconf 43' lang='lat' dir='ltr'><strong>vocatur}</strong></span> <span class='ocrx_word' id='word_1_583' title='bbox 1283 5173 1678 5259; x_wconf 60' lang='lat' dir='ltr'><strong>ﬂetLSEpaccai;</strong></span> 
     </span>
    </p>
   </div>
   <div class='ocr_carea' id='block_1_57' title="bbox 110 5246 1678 5328">
    <p class='ocr_par' dir='ltr' id='par_1_57' title="bbox 110 5246 1678 5328">
     <span class='ocr_line' id='line_1_57' title="bbox 110 5246 1678 5328; baseline -0.008 -19"><span class='ocrx_word' id='word_1_584' title='bbox 110 5246 754 5328; x_wconf 50' lang='grc' dir='ltr'><strong>πάἧνέαςνὺπερενεγκῶν,</strong></span> <span class='ocrx_word' id='word_1_585' title='bbox 802 5248 1134 5328; x_wconf 70' lang='grc' dir='ltr'><strong>φιλαργυρίᾳ</strong></span> <span class='ocrx_word' id='word_1_586' title='bbox 1182 5246 1237 5299; x_wconf 80' lang='grc' dir='ltr'>δὲ</span> <span class='ocrx_word' id='word_1_587' title='bbox 1270 5247 1429 5327; x_wconf 49' lang='grc' dir='ltr'><strong>πάνυ</strong></span> <span class='ocrx_word' id='word_1_588' title='bbox 1458 5246 1678 5325; x_wconf 64' lang='grc' dir='ltr'><strong>προςετ</strong></span> 
     </span>
    </p>
   </div>
   <div class='ocr_carea' id='block_1_58' title="bbox 108 5328 1678 5399">
    <p class='ocr_par' dir='ltr' id='par_1_58' title="bbox 108 5328 1678 5399">
     <span class='ocr_line' id='line_1_58' title="bbox 108 5328 1678 5399; baseline -0.01 -16"><span class='ocrx_word' id='word_1_589' title='bbox 108 5332 199 5399; x_wconf 80' lang='grc' dir='ltr'><strong>χὴς</strong></span> <span class='ocrx_word' id='word_1_590' title='bbox 222 5331 321 5393; x_wconf 80' lang='grc' dir='ltr'><strong>ὢν,</strong></span> <span class='ocrx_word' id='word_1_591' title='bbox 364 5349 383 5379; x_wconf 73' lang='grc' dir='ltr'><strong>ε</strong></span> <span class='ocrx_word' id='word_1_592' title='bbox 411 5328 651 5399; x_wconf 78' lang='lat' dir='ltr'><strong>maxime</strong></span> <span class='ocrx_word' id='word_1_593' title='bbox 678 5334 923 5399; x_wconf 72' lang='lat' dir='ltr'><strong>omnium</strong></span> <span class='ocrx_word' id='word_1_594' title='bbox 958 5333 1249 5399; x_wconf 71' lang='lat' dir='ltr'><strong>puerorum</strong></span> <span class='ocrx_word' id='word_1_595' title='bbox 1270 5329 1475 5399; x_wconf 56' lang='lat' dir='ltr'><strong>moesto</strong></span> <span class='ocrx_word' id='word_1_596' title='bbox 1505 5332 1678 5369; x_wconf 81' lang='lat' dir='ltr'><strong>amori</strong></span> 
     </span>
    </p>
   </div>
   <div class='ocr_carea' id='block_1_59' title="bbox 108 5387 1679 5468">
    <p class='ocr_par' dir='ltr' id='par_1_59' title="bbox 108 5387 1679 5468">
     <span class='ocr_line' id='line_1_59' title="bbox 108 5387 1679 5468; baseline -0.008 -15"><span class='ocrx_word' id='word_1_597' title='bbox 108 5387 318 5455; x_wconf 65' lang='lat' dir='ltr'><strong>deditus</strong></span> <span class='ocrx_word' id='word_1_598' title='bbox 344 5410 403 5455; x_wconf 89' lang='lat' dir='ltr'><strong>et</strong></span> <span class='ocrx_word' id='word_1_599' title='bbox 431 5394 693 5468; x_wconf 68' lang='lat' dir='ltr'><strong>pecunite</strong></span> <span class='ocrx_word' id='word_1_600' title='bbox 712 5391 891 5444; x_wconf 87' lang='lat' dir='ltr'><strong>studio</strong></span> <span class='ocrx_word' id='word_1_601' title='bbox 910 5388 1339 5468; x_wconf 59' lang='lat' dir='ltr'><strong>addictissimus.</strong></span> <span class='ocrx_word' id='word_1_602' title='bbox 1370 5407 1388 5437; x_wconf 77' lang='grc' dir='ltr'><strong>ι</strong></span> <span class='ocrx_word' id='word_1_603' title='bbox 1414 5387 1679 5468; x_wconf 67' lang='grc' dir='ltr'><strong>Ηίετριιγι</strong></span> 
     </span>
    </p>
   </div>
   <div class='ocr_carea' id='block_1_60' title="bbox 110 5459 1680 5536">
    <p class='ocr_par' dir='ltr' id='par_1_60' title="bbox 110 5459 1680 5536">
     <span class='ocr_line' id='line_1_60' title="bbox 110 5459 1680 5536; baseline -0.009 -14"><span class='ocrx_word' id='word_1_604' title='bbox 110 5487 223 5526; x_wconf 89' lang='lat' dir='ltr'><strong>mus</strong></span> <span class='ocrx_word' id='word_1_605' title='bbox 250 5471 329 5524; x_wconf 84' lang='lat' dir='ltr'><strong>De</strong></span> <span class='ocrx_word' id='word_1_606' title='bbox 363 5459 553 5536; x_wconf 67' lang='lat' dir='ltr'><strong>script.</strong></span> <span class='ocrx_word' id='word_1_607' title='bbox 588 5461 771 5536; x_wconf 75' lang='lat' dir='ltr'><strong>eccles.</strong></span> <span class='ocrx_word' id='word_1_608' title='bbox 799 5476 919 5536; x_wconf 84' lang='lat' dir='ltr'><strong>cap.</strong></span> <span class='ocrx_word' id='word_1_609' title='bbox 951 5459 1040 5523; x_wconf 78' lang='lat'><strong>50,</strong></span> <span class='ocrx_word' id='word_1_610' title='bbox 1069 5474 1194 5513; x_wconf 88' lang='lat' dir='ltr'><strong>eum</strong></span> <span class='ocrx_word' id='word_1_611' title='bbox 1226 5459 1454 5511; x_wconf 89' lang='lat' dir='ltr'><strong>multum</strong></span> <span class='ocrx_word' id='word_1_612' title='bbox 1486 5459 1680 5536; x_wconf 53' lang='lat' dir='ltr'><strong>adver:</strong></span> 
     </span>
    </p>
   </div>
   <div class='ocr_carea' id='block_1_61' title="bbox 110 5526 1679 5600">
    <p class='ocr_par' dir='ltr' id='par_1_61' title="bbox 110 5526 1679 5600">
     <span class='ocr_line' id='line_1_61' title="bbox 110 5526 1679 5600; baseline -0.009 -5"><span class='ocrx_word' id='word_1_613' title='bbox 110 5558 197 5596; x_wconf 84' lang='lat' dir='ltr'><strong>sus</strong></span> <span class='ocrx_word' id='word_1_614' title='bbox 248 5526 605 5596; x_wconf 80' lang='lat' dir='ltr'><strong>Christianos</strong></span> <span class='ocrx_word' id='word_1_615' title='bbox 660 5526 1072 5600; x_wconf 78' lang='lat' dir='ltr'><strong>blasphemasse</strong></span> <span class='ocrx_word' id='word_1_616' title='bbox 1127 5538 1414 5600; x_wconf 85' lang='lat' dir='ltr'><strong>memorat.</strong></span> <span class='ocrx_word' id='word_1_617' title='bbox 1456 5526 1679 5583; x_wconf 71' lang='lat' dir='ltr'><strong>Justini</strong></span> 
     </span>
    </p>
   </div>
   <div class='ocr_carea' id='block_1_62' title="bbox 110 5598 1681 5683">
    <p class='ocr_par' dir='ltr' id='par_1_62' title="bbox 110 5598 1681 5683">
     <span class='ocr_line' id='line_1_62' title="bbox 110 5598 1681 5683; baseline -0.01 -18"><span class='ocrx_word' id='word_1_618' title='bbox 110 5613 363 5683; x_wconf 77' lang='lat' dir='ltr'><strong>martyris</strong></span> <span class='ocrx_word' id='word_1_619' title='bbox 422 5598 802 5683; x_wconf 63' lang='lat' dir='ltr'><strong>potissimme</strong></span> <span class='ocrx_word' id='word_1_620' title='bbox 832 5600 1178 5683; x_wconf 63' lang='lat' dir='ltr'><strong>antagonista</strong></span> <span class='ocrx_word' id='word_1_621' title='bbox 1237 5598 1340 5653; x_wconf 86' lang='lat' dir='ltr'><strong>fuit</strong></span> <span class='ocrx_word' id='word_1_622' title='bbox 1368 5640 1383 5663; x_wconf 95' lang='lat'><strong>,</strong></span> <span class='ocrx_word' id='word_1_623' title='bbox 1411 5673 1418 5683; x_wconf 41' lang='grc' dir='ltr'><strong>Ι</strong></span> <span class='ocrx_word' id='word_1_624' title='bbox 1453 5601 1681 5683; x_wconf 69' lang='lat' dir='ltr'><strong>ejusque</strong></span> 
     </span>
    </p>
   </div>
   <div class='ocr_carea' id='block_1_63' title="bbox 109 5668 1681 5753">
    <p class='ocr_par' dir='ltr' id='par_1_63' title="bbox 109 5668 1681 5753">
     <span class='ocr_line' id='line_1_63' title="bbox 109 5668 1681 5753; baseline -0.008 -17"><span class='ocrx_word' id='word_1_625' title='bbox 109 5668 350 5753; x_wconf 58' lang='lat' dir='ltr'><strong>mart§rii</strong></span> <span class='ocrx_word' id='word_1_626' title='bbox 391 5668 586 5736; x_wconf 72' lang='lat' dir='ltr'><strong>causa.</strong></span> <span class='ocrx_word' id='word_1_627' title='bbox 610 5672 744 5728; x_wconf 83' lang='lat' dir='ltr'><strong>Vide</strong></span> <span class='ocrx_word' id='word_1_628' title='bbox 757 5671 877 5740; x_wconf 91' lang='lat' dir='ltr'><strong>ejus</strong></span> <span class='ocrx_word' id='word_1_629' title='bbox 898 5670 1207 5740; x_wconf 83' lang='lat' dir='ltr'><strong>Apologiam</strong></span> <span class='ocrx_word' id='word_1_630' title='bbox 1230 5673 1512 5724; x_wconf 83' lang='lat' dir='ltr'><strong>secundam</strong></span> <span class='ocrx_word' id='word_1_631' title='bbox 1537 5668 1681 5741; x_wconf 70' lang='lat' dir='ltr'><strong>(quae</strong></span> 
     </span>
    </p>
   </div>
   <div class='ocr_carea' id='block_1_64' title="bbox 392 5787 952 5859">
    <p class='ocr_par' dir='ltr' id='par_1_64' title="bbox 392 5787 952 5859">
     <span class='ocr_line' id='line_1_64' title="bbox 392 5787 952 5859; baseline -0.021 -1"><span class='ocrx_word' id='word_1_632' title='bbox 392 5798 669 5859; x_wconf 72' lang='grc' dir='ltr'><strong>Ριτιιοι..</strong></span> <span class='ocrx_word' id='word_1_633' title='bbox 718 5789 836 5851; x_wconf 77' lang='lat' dir='ltr'><strong>(in.</strong></span> <span class='ocrx_word' id='word_1_634' title='bbox 879 5787 952 5847; x_wconf 88' lang='lat' dir='ltr'><strong>V.</strong></span> 
     </span>
    </p>
   </div>
   <div class='ocr_carea' id='block_1_65' title="bbox 1796 3982 3366 4052">
    <p class='ocr_par' dir='ltr' id='par_1_65' title="bbox 1796 3982 3366 4052">
     <span class='ocr_line' id='line_1_65' title="bbox 1796 3982 3366 4052; baseline 0.001 -13"><span class='ocrx_word' id='word_1_635' title='bbox 1796 3983 2254 4052; x_wconf 86' lang='lat' dir='ltr'><strong>splendidissima,</strong></span> <span class='ocrx_word' id='word_1_636' title='bbox 2290 3998 2453 4052; x_wconf 84' lang='lat' dir='ltr'><strong>quam</strong></span> <span class='ocrx_word' id='word_1_637' title='bbox 2493 3996 2574 4052; x_wconf 15' lang='lat' dir='ltr'><strong>erit</strong></span> <span class='ocrx_word' id='word_1_638' title='bbox 2599 3983 2815 4037; x_wconf 87' lang='lat' dir='ltr'><strong>sehedis</strong></span> <span class='ocrx_word' id='word_1_639' title='bbox 2844 3982 3133 4039; x_wconf 85' lang='lat' dir='ltr'><strong>Grabianis</strong></span> <span class='ocrx_word' id='word_1_640' title='bbox 3166 3983 3366 4041; x_wconf 78' lang='lat' dir='ltr'><strong>Oxonii</strong></span> 
     </span>
    </p>
   </div>
   <div class='ocr_carea' id='block_1_66' title="bbox 1797 4051 3365 4115">
    <p class='ocr_par' dir='ltr' id='par_1_66' title="bbox 1797 4051 3365 4115">
     <span class='ocr_line' id='line_1_66' title="bbox 1797 4051 3365 4115; baseline 0.004 -9"><span class='ocrx_word' id='word_1_641' title='bbox 1797 4051 1958 4115; x_wconf 75' lang='lat' dir='ltr'><strong>i705,</strong></span> <span class='ocrx_word' id='word_1_642' title='bbox 1990 4054 2130 4109; x_wconf 71' lang='grc' dir='ltr'><strong>ἰπὶ-8,</strong></span> <span class='ocrx_word' id='word_1_643' title='bbox 2154 4053 2301 4107; x_wconf 88' lang='lat' dir='ltr'><strong>dedit</strong></span> <span class='ocrx_word' id='word_1_644' title='bbox 2332 4051 2498 4106; x_wconf 84' lang='lat' dir='ltr'><strong>Henr.</strong></span> <span class='ocrx_word' id='word_1_645' title='bbox 2533 4051 2792 4115; x_wconf 77' lang='lat' dir='ltr'><strong>ilutchin,</strong></span> <span class='ocrx_word' id='word_1_646' title='bbox 2829 4063 2882 4107; x_wconf 92' lang='lat' dir='ltr'><strong>et</strong></span> <span class='ocrx_word' id='word_1_647' title='bbox 2915 4053 3113 4109; x_wconf 83' lang='lat' dir='ltr'><strong>Euseb.</strong></span> <span class='ocrx_word' id='word_1_648' title='bbox 3148 4055 3184 4110; x_wconf 92' lang='lat' dir='ltr'><strong>l.</strong></span> <span class='ocrx_word' id='word_1_649' title='bbox 3212 4073 3261 4112; x_wconf 89' lang='lat' dir='ltr'><strong>c.</strong></span> <span class='ocrx_word' id='word_1_650' title='bbox 3294 4055 3365 4112; x_wconf 84' lang='lat' dir='ltr'><strong>Il.</strong></span> 
     </span>
    </p>
   </div>
   <div class='ocr_carea' id='block_1_67' title="bbox 1797 4120 3368 4187">
    <p class='ocr_par' dir='ltr' id='par_1_67' title="bbox 1797 4120 3368 4187">
     <span class='ocr_line' id='line_1_67' title="bbox 1797 4120 3368 4187; baseline 0.003 -10"><span class='ocrx_word' id='word_1_651' title='bbox 1797 4123 2075 4178; x_wconf 85' lang='lat' dir='ltr'><strong>Lucianus</strong></span> <span class='ocrx_word' id='word_1_652' title='bbox 2104 4120 2522 4187; x_wconf 87' lang='lat' dir='ltr'><strong>Samosatenus,</strong></span> <span class='ocrx_word' id='word_1_653' title='bbox 2554 4123 2943 4178; x_wconf 89' lang='lat' dir='ltr'><strong>celeberrimus</strong></span> <span class='ocrx_word' id='word_1_654' title='bbox 2974 4125 3063 4178; x_wconf 89' lang='lat' dir='ltr'><strong>ille</strong></span> <span class='ocrx_word' id='word_1_655' title='bbox 3093 4125 3368 4182; x_wconf 80' lang='lat' dir='ltr'><strong>Christia-</strong></span> 
     </span>
    </p>
   </div>
   <div class='ocr_carea' id='block_1_68' title="bbox 1796 4191 3367 4262">
    <p class='ocr_par' dir='ltr' id='par_1_68' title="bbox 1796 4191 3367 4262">
     <span class='ocr_line' id='line_1_68' title="bbox 1796 4191 3367 4262; baseline 0.004 -15"><span class='ocrx_word' id='word_1_656' title='bbox 1796 4209 1994 4247; x_wconf 89' lang='lat' dir='ltr'><strong>norum</strong></span> <span class='ocrx_word' id='word_1_657' title='bbox 2021 4202 2302 4262; x_wconf 77' lang='lat' dir='ltr'><strong>empzecta,</strong></span> <span class='ocrx_word' id='word_1_658' title='bbox 2344 4193 2503 4261; x_wconf 87' lang='lat' dir='ltr'><strong>cujus</strong></span> <span class='ocrx_word' id='word_1_659' title='bbox 2533 4191 2708 4246; x_wconf 79' lang='lat' dir='ltr'><strong>Vitam</strong></span> <span class='ocrx_word' id='word_1_660' title='bbox 2755 4209 2786 4247; x_wconf 88' lang='lat' dir='ltr'><strong>a</strong></span> <span class='ocrx_word' id='word_1_661' title='bbox 2829 4193 2915 4247; x_wconf 84' lang='lat' dir='ltr'><strong>Jo.</strong></span> <span class='ocrx_word' id='word_1_662' title='bbox 2949 4193 3263 4251; x_wconf 62' lang='lat' dir='ltr'><strong>Burde-lotio</strong></span> <span class='ocrx_word' id='word_1_663' title='bbox 3296 4213 3367 4254; x_wconf 80' lang='lat' dir='ltr'><strong>ex</strong></span> 
     </span>
    </p>
   </div>
   <div class='ocr_carea' id='block_1_69' title="bbox 1794 4263 3365 4335">
    <p class='ocr_par' dir='ltr' id='par_1_69' title="bbox 1794 4263 3365 4335">
     <span class='ocr_line' id='line_1_69' title="bbox 1794 4263 3365 4335; baseline 0.004 -19"><span class='ocrx_word' id='word_1_664' title='bbox 1794 4264 1971 4332; x_wconf 89' lang='lat' dir='ltr'><strong>ipsius</strong></span> <span class='ocrx_word' id='word_1_665' title='bbox 2010 4263 2497 4335; x_wconf 64' lang='lat' dir='ltr'><strong>Lucianiscriptis</strong></span> <span class='ocrx_word' id='word_1_666' title='bbox 2538 4265 2921 4335; x_wconf 69' lang='lat' dir='ltr'><strong>compgsitam,</strong></span> <span class='ocrx_word' id='word_1_667' title='bbox 2960 4267 3215 4335; x_wconf 89' lang='lat' dir='ltr'><strong>notisque</strong></span> <span class='ocrx_word' id='word_1_668' title='bbox 3244 4270 3365 4323; x_wconf 84' lang='lat' dir='ltr'><strong>suis</strong></span> 
     </span>
    </p>
   </div>
   <div class='ocr_carea' id='block_1_70' title="bbox 1794 4332 3361 4407">
    <p class='ocr_par' dir='ltr' id='par_1_70' title="bbox 1794 4332 3361 4407">
     <span class='ocr_line' id='line_1_70' title="bbox 1794 4332 3361 4407; baseline 0.004 -20"><span class='ocrx_word' id='word_1_669' title='bbox 1794 4343 2013 4407; x_wconf 83' lang='lat' dir='ltr'><strong>auctam</strong></span> <span class='ocrx_word' id='word_1_670' title='bbox 2060 4333 2274 4407; x_wconf 64' lang='lat' dir='ltr'><strong>dedit!1</strong></span> <span class='ocrx_word' id='word_1_671' title='bbox 2304 4333 2369 4386; x_wconf 89' lang='lat' dir='ltr'><strong>A.</strong></span> <span class='ocrx_word' id='word_1_672' title='bbox 2410 4332 2568 4407; x_wconf 57' lang='lat' dir='ltr'><strong>lfabr.</strong></span> <span class='ocrx_word' id='word_1_673' title='bbox 2603 4336 2660 4407; x_wconf 89' lang='lat' dir='ltr'><strong>in_</strong></span> <span class='ocrx_word' id='word_1_674' title='bbox 2689 4333 2830 4385; x_wconf 84' lang='lat' dir='ltr'><strong>Bibl.</strong></span> <span class='ocrx_word' id='word_1_675' title='bbox 2876 4335 2976 4407; x_wconf 73' lang='lat' dir='ltr'><strong>Gr.</strong></span> <span class='ocrx_word' id='word_1_676' title='bbox 3001 4336 3094 4388; x_wconf 85' lang='lat' dir='ltr'><strong>lib.</strong></span> <span class='ocrx_word' id='word_1_677' title='bbox 3116 4332 3205 4407; x_wconf 51' lang='lat' dir='ltr'><strong>iv,</strong></span> <span class='ocrx_word' id='word_1_678' title='bbox 3238 4354 3361 4407; x_wconf 82' lang='lat' dir='ltr'><strong>cap.</strong></span> 
     </span>
    </p>
   </div>
   <div class='ocr_carea' id='block_1_71' title="bbox 1796 4402 3363 4476">
    <p class='ocr_par' dir='ltr' id='par_1_71' title="bbox 1796 4402 3363 4476">
     <span class='ocr_line' id='line_1_71' title="bbox 1796 4402 3363 4476; baseline 0.003 -19"><span class='ocrx_word' id='word_1_679' title='bbox 1796 4406 1883 4476; x_wconf 76' lang='lat' dir='ltr'><strong>i6,</strong></span> <span class='ocrx_word' id='word_1_680' title='bbox 1916 4420 2037 4474; x_wconf 89' lang='lat' dir='ltr'><strong>pag.</strong></span> <span class='ocrx_word' id='word_1_681' title='bbox 2074 4403 2198 4458; x_wconf 71' lang='grc'><strong>485.</strong></span> <span class='ocrx_word' id='word_1_682' title='bbox 2220 4402 2555 4476; x_wconf 70' lang='lat' dir='ltr'><strong>iltntclalso</strong></span> <span class='ocrx_word' id='word_1_683' title='bbox 2583 4403 2819 4469; x_wconf 90' lang='lat' dir='ltr'><strong>primum</strong></span> <span class='ocrx_word' id='word_1_684' title='bbox 2849 4405 3069 4476; x_wconf 76' lang='lat' dir='ltr'><strong>quidem</strong></span> <span class='ocrx_word' id='word_1_685' title='bbox 3115 4402 3363 4476; x_wconf 78' lang='lat' dir='ltr'><strong>Evange-</strong></span> 
     </span>
    </p>
   </div>
   <div class='ocr_carea' id='block_1_72' title="bbox 1776 4472 3361 4544">
    <p class='ocr_par' dir='ltr' id='par_1_72' title="bbox 1776 4472 3361 4544">
     <span class='ocr_line' id='line_1_72' title="bbox 1776 4472 3361 4544; baseline 0.003 -18"><span class='ocrx_word' id='word_1_686' title='bbox 1776 4473 1834 4526; x_wconf 90' lang='lat' dir='ltr'><strong>lii</strong></span> <span class='ocrx_word' id='word_1_687' title='bbox 1861 4472 2186 4544; x_wconf 73' lang='lat' dir='ltr'><strong>ministrum</strong></span> <span class='ocrx_word' id='word_1_688' title='bbox 2196 4472 2525 4544; x_wconf 65' lang='lat' dir='ltr'><strong>Antiochiae,</strong></span> <span class='ocrx_word' id='word_1_689' title='bbox 2557 4481 2749 4544; x_wconf 15' lang='lat' dir='ltr'><strong>postea»</strong></span> <span class='ocrx_word' id='word_1_690' title='bbox 2770 4473 3095 4544; x_wconf 78' lang='grc' dir='ltr'><strong>παραϐάτην</strong></span> <span class='ocrx_word' id='word_1_691' title='bbox 3126 4486 3180 4529; x_wconf 87' lang='lat' dir='ltr'><strong>et</strong></span> <span class='ocrx_word' id='word_1_692' title='bbox 3201 4472 3361 4529; x_wconf 76' lang='grc' dir='ltr'>ᾰθέον</span> 
     </span>
    </p>
   </div>
   <div class='ocr_carea' id='block_1_73' title="bbox 1776 4541 3355 4610">
    <p class='ocr_par' dir='ltr' id='par_1_73' title="bbox 1776 4541 3355 4610">
     <span class='ocr_line' id='line_1_73' title="bbox 1776 4541 3355 4610; baseline 0.002 -13"><span class='ocrx_word' id='word_1_693' title='bbox 1776 4545 2009 4598; x_wconf 84' lang='lat' dir='ltr'><strong>credunt</strong></span> <span class='ocrx_word' id='word_1_694' title='bbox 2034 4543 2121 4597; x_wconf 78' lang='lat' dir='ltr'><strong>Jo.</strong></span> <span class='ocrx_word' id='word_1_695' title='bbox 2170 4542 2336 4597; x_wconf 90' lang='lat' dir='ltr'><strong>Henr.</strong></span> <span class='ocrx_word' id='word_1_696' title='bbox 2370 4543 2655 4610; x_wconf 81' lang='lat' dir='ltr'><strong>Hottinger</strong></span> <span class='ocrx_word' id='word_1_697' title='bbox 2706 4541 2912 4596; x_wconf 74' lang='lat' dir='ltr'><strong>Hister.</strong></span> <span class='ocrx_word' id='word_1_698' title='bbox 2953 4541 3248 4599; x_wconf 81' lang='lat' dir='ltr'><strong>ecclesiast.</strong></span> <span class='ocrx_word' id='word_1_699' title='bbox 3287 4546 3355 4600; x_wconf 88' lang='grc' dir='ltr'><strong>Ν.</strong></span> 
     </span>
    </p>
   </div>
   <div class='ocr_carea' id='block_1_74' title="bbox 1777 4610 3355 4682">
    <p class='ocr_par' dir='ltr' id='par_1_74' title="bbox 1777 4610 3355 4682">
     <span class='ocr_line' id='line_1_74' title="bbox 1777 4610 3355 4682; baseline 0.008 -23"><span class='ocrx_word' id='word_1_700' title='bbox 1777 4612 1841 4666; x_wconf 86' lang='grc' dir='ltr'><strong>Τ,</strong></span> <span class='ocrx_word' id='word_1_701' title='bbox 1884 4625 2035 4682; x_wconf 66' lang='lat' dir='ltr'><strong>parte</strong></span> <span class='ocrx_word' id='word_1_702' title='bbox 2082 4631 2124 4676; x_wconf 82' lang='grc' dir='ltr'><strong>ι,</strong></span> <span class='ocrx_word' id='word_1_703' title='bbox 2153 4628 2274 4682; x_wconf 74' lang='lat' dir='ltr'><strong>pag.</strong></span> <span class='ocrx_word' id='word_1_704' title='bbox 2315 4610 2411 4674; x_wconf 83' lang='grc'><strong>55,</strong></span> <span class='ocrx_word' id='word_1_705' title='bbox 2446 4621 2500 4682; x_wconf 80' lang='lat' dir='ltr'><strong>et</strong></span> <span class='ocrx_word' id='word_1_706' title='bbox 2531 4611 2615 4664; x_wconf 79' lang='lat' dir='ltr'><strong>Jo.</strong></span> <span class='ocrx_word' id='word_1_707' title='bbox 2649 4610 2749 4664; x_wconf 88' lang='lat' dir='ltr'><strong>Ph.</strong></span> <span class='ocrx_word' id='word_1_708' title='bbox 2786 4611 3098 4668; x_wconf 86' lang='lat' dir='ltr'><strong>Treunerus</strong></span> <span class='ocrx_word' id='word_1_709' title='bbox 3124 4617 3178 4668; x_wconf 90' lang='lat' dir='ltr'><strong>in</strong></span> <span class='ocrx_word' id='word_1_710' title='bbox 3216 4617 3355 4672; x_wconf 80' lang='lat' dir='ltr'><strong>diss.</strong></span> 
     </span>
    </p>
   </div>
   <div class='ocr_carea' id='block_1_75' title="bbox 1777 4681 3351 4752">
    <p class='ocr_par' dir='ltr' id='par_1_75' title="bbox 1777 4681 3351 4752">
     <span class='ocr_line' id='line_1_75' title="bbox 1777 4681 3351 4752; baseline 0.001 -17"><span class='ocrx_word' id='word_1_711' title='bbox 1777 4684 1854 4736; x_wconf 84' lang='lat' dir='ltr'><strong>De</strong></span> <span class='ocrx_word' id='word_1_712' title='bbox 1888 4681 2168 4748; x_wconf 68' lang='lat' dir='ltr'><strong>theolom&#39;e</strong></span> <span class='ocrx_word' id='word_1_713' title='bbox 2197 4681 2605 4744; x_wconf 77' lang='lat' dir='ltr'><strong>Lueiani,Jen:e</strong></span> <span class='ocrx_word' id='word_1_714' title='bbox 2646 4682 2805 4736; x_wconf 79' lang='lat' dir='ltr'><strong>i697.</strong></span> <span class='ocrx_word' id='word_1_715' title='bbox 2853 4683 2949 4735; x_wconf 81' lang='lat' dir='ltr'><strong>Hie</strong></span> <span class='ocrx_word' id='word_1_716' title='bbox 2980 4684 3201 4752; x_wconf 84' lang='lat' dir='ltr'><strong>quidem</strong></span> <span class='ocrx_word' id='word_1_717' title='bbox 3255 4685 3351 4752; x_wconf 91' lang='lat' dir='ltr'><strong>ju-</strong></span> 
     </span>
    </p>
   </div>
   <div class='ocr_carea' id='block_1_76' title="bbox 1770 4752 3358 4823">
    <p class='ocr_par' dir='ltr' id='par_1_76' title="bbox 1770 4752 3358 4823">
     <span class='ocr_line' id='line_1_76' title="bbox 1770 4752 3358 4823; baseline 0.003 -20"><span class='ocrx_word' id='word_1_718' title='bbox 1770 4762 1913 4806; x_wconf 90' lang='lat' dir='ltr'><strong>stum</strong></span> <span class='ocrx_word' id='word_1_719' title='bbox 1931 4752 2338 4823; x_wconf 72' lang='lat' dir='ltr'><strong>opus-adversus</strong></span> <span class='ocrx_word' id='word_1_720' title='bbox 2359 4752 2702 4823; x_wconf 76' lang='lat' dir='ltr'><strong>Christianos</strong></span> <span class='ocrx_word' id='word_1_721' title='bbox 2734 4767 2840 4805; x_wconf 93' lang='lat' dir='ltr'><strong>non</strong></span> <span class='ocrx_word' id='word_1_722' title='bbox 2878 4752 3118 4822; x_wconf 87' lang='lat' dir='ltr'><strong>scripsit,</strong></span> <span class='ocrx_word' id='word_1_723' title='bbox 3151 4755 3205 4807; x_wconf 92' lang='lat' dir='ltr'><strong>in</strong></span> <span class='ocrx_word' id='word_1_724' title='bbox 3236 4756 3358 4809; x_wconf 88' lang='lat' dir='ltr'><strong>dia-</strong></span> 
     </span>
    </p>
   </div>
   <div class='ocr_carea' id='block_1_77' title="bbox 1775 4820 3353 4891">
    <p class='ocr_par' dir='ltr' id='par_1_77' title="bbox 1775 4820 3353 4891">
     <span class='ocr_line' id='line_1_77' title="bbox 1775 4820 3353 4891; baseline 0.004 -16"><span class='ocrx_word' id='word_1_725' title='bbox 1775 4823 1900 4891; x_wconf 88' lang='lat' dir='ltr'><strong>logo</strong></span> <span class='ocrx_word' id='word_1_726' title='bbox 1928 4820 2106 4875; x_wconf 79' lang='lat' dir='ltr'><strong>tamen</strong></span> <span class='ocrx_word' id='word_1_727' title='bbox 2140 4821 2277 4888; x_wconf 79' lang='grc' dir='ltr'><strong>Περὶ</strong></span> <span class='ocrx_word' id='word_1_728' title='bbox 2326 4820 2437 4887; x_wconf 83' lang='grc' dir='ltr'><strong>τῆς</strong></span> <span class='ocrx_word' id='word_1_729' title='bbox 2465 4822 2825 4889; x_wconf 68' lang='grc' dir='ltr'><strong>Περεπρίνου</strong></span> <span class='ocrx_word' id='word_1_730' title='bbox 2868 4820 3158 4891; x_wconf 73' lang='grc' dir='ltr'><strong>τελὲυτῆς</strong></span> <span class='ocrx_word' id='word_1_731' title='bbox 3195 4841 3353 4881; x_wconf 86' lang='lat' dir='ltr'><strong>sacra</strong></span> 
     </span>
    </p>
   </div>
   <div class='ocr_carea' id='block_1_78' title="bbox 1776 4891 3351 4960">
    <p class='ocr_par' dir='ltr' id='par_1_78' title="bbox 1776 4891 3351 4960">
     <span class='ocr_line' id='line_1_78' title="bbox 1776 4891 3351 4960; baseline 0.001 -14"><span class='ocrx_word' id='word_1_732' title='bbox 1776 4908 1968 4946; x_wconf 84' lang='lat' dir='ltr'><strong>eorum</strong></span> <span class='ocrx_word' id='word_1_733' title='bbox 2002 4893 2254 4960; x_wconf 87' lang='lat' dir='ltr'><strong>dogmata</strong></span> <span class='ocrx_word' id='word_1_734' title='bbox 2286 4891 2395 4945; x_wconf 90' lang='lat' dir='ltr'><strong>imo</strong></span> <span class='ocrx_word' id='word_1_735' title='bbox 2423 4891 2703 4945; x_wconf 75' lang='lat' dir='ltr'><strong>Christum</strong></span> <span class='ocrx_word' id='word_1_736' title='bbox 2734 4903 2788 4945; x_wconf 84' lang='lat' dir='ltr'><strong>et</strong></span> <span class='ocrx_word' id='word_1_737' title='bbox 2817 4894 3096 4960; x_wconf 84' lang='lat' dir='ltr'><strong>apostolos</strong></span> <span class='ocrx_word' id='word_1_738' title='bbox 3164 4913 3351 4953; x_wconf 84' lang='lat' dir='ltr'><strong>sarca-</strong></span> 
     </span>
    </p>
   </div>
   <div class='ocr_carea' id='block_1_79' title="bbox 1770 4962 3349 5028">
    <p class='ocr_par' dir='ltr' id='par_1_79' title="bbox 1770 4962 3349 5028">
     <span class='ocr_line' id='line_1_79' title="bbox 1770 4962 3349 5028; baseline 0 -13"><span class='ocrx_word' id='word_1_739' title='bbox 1770 4962 2180 5017; x_wconf 86' lang='lat' dir='ltr'><strong>sticisludibriis</strong></span> <span class='ocrx_word' id='word_1_740' title='bbox 2210 4962 2555 5028; x_wconf 70' lang='lat' dir='ltr'><strong>perstrinxut,</strong></span> <span class='ocrx_word' id='word_1_741' title='bbox 2586 4971 2640 5014; x_wconf 91' lang='lat' dir='ltr'><strong>et</strong></span> <span class='ocrx_word' id='word_1_742' title='bbox 2666 4962 2717 5015; x_wconf 89' lang='lat' dir='ltr'><strong>in</strong></span> <span class='ocrx_word' id='word_1_743' title='bbox 2745 4962 3100 5016; x_wconf 81' lang='lat' dir='ltr'><strong>historiarum</strong></span> <span class='ocrx_word' id='word_1_744' title='bbox 3145 4979 3349 5016; x_wconf 85' lang='lat' dir='ltr'><strong>moun-</strong></span> 
     </span>
    </p>
   </div>
   <div class='ocr_carea' id='block_1_80' title="bbox 1779 5033 3350 5103">
    <p class='ocr_par' dir='ltr' id='par_1_80' title="bbox 1779 5033 3350 5103">
     <span class='ocr_line' id='line_1_80' title="bbox 1779 5033 3350 5103; baseline -0.001 -18"><span class='ocrx_word' id='word_1_745' title='bbox 1779 5034 1975 5086; x_wconf 84' lang='lat' dir='ltr'><strong>meutis</strong></span> <span class='ocrx_word' id='word_1_746' title='bbox 2004 5033 2069 5084; x_wconf 86' lang='lat' dir='ltr'><strong>de</strong></span> <span class='ocrx_word' id='word_1_747' title='bbox 2101 5046 2167 5103; x_wconf 73' lang='lat' dir='ltr'><strong>eo</strong></span> <span class='ocrx_word' id='word_1_748' title='bbox 2203 5034 2480 5103; x_wconf 69' lang='lat' dir='ltr'><strong>memoriae</strong></span> <span class='ocrx_word' id='word_1_749' title='bbox 2495 5033 2763 5103; x_wconf 84' lang='lat' dir='ltr'><strong>proditur,</strong></span> <span class='ocrx_word' id='word_1_750' title='bbox 2787 5035 2930 5103; x_wconf 85' lang='lat' dir='ltr'><strong>quod</strong></span> <span class='ocrx_word' id='word_1_751' title='bbox 2966 5033 3350 5103; x_wconf 65' lang='lat' dir='ltr'><strong>maxumean-</strong></span> 
     </span>
    </p>
   </div>
   <div class='ocr_carea' id='block_1_81' title="bbox 1778 5100 3354 5172">
    <p class='ocr_par' dir='ltr' id='par_1_81' title="bbox 1778 5100 3354 5172">
     <span class='ocr_line' id='line_1_81' title="bbox 1778 5100 3354 5172; baseline 0.001 -18"><span class='ocrx_word' id='word_1_752' title='bbox 1778 5103 2004 5156; x_wconf 81' lang='grc' dir='ltr'><strong>ἅπτεται</strong></span> <span class='ocrx_word' id='word_1_753' title='bbox 2048 5101 2139 5154; x_wconf 79' lang='grc' dir='ltr'>τοῦ</span> <span class='ocrx_word' id='word_1_754' title='bbox 2181 5100 2638 5171; x_wconf 77' lang='grc' dir='ltr'><strong>Χριστιανισμοῧ,</strong></span> <span class='ocrx_word' id='word_1_755' title='bbox 2680 5104 2774 5155; x_wconf 69' lang='grc' dir='ltr'>καὶ</span> <span class='ocrx_word' id='word_1_756' title='bbox 2806 5100 2990 5171; x_wconf 61' lang='grc' dir='ltr'>ξαὺτὸν</span> <span class='ocrx_word' id='word_1_757' title='bbox 3044 5102 3354 5172; x_wconf 57' lang='grc' dir='ltr'><strong>βλασφημεῖ</strong></span> 
     </span>
    </p>
   </div>
   <div class='ocr_carea' id='block_1_82' title="bbox 1778 5171 3354 5244">
    <p class='ocr_par' dir='ltr' id='par_1_82' title="bbox 1778 5171 3354 5244">
     <span class='ocr_line' id='line_1_82' title="bbox 1778 5171 3354 5244; baseline 0.001 -21"><span class='ocrx_word' id='word_1_758' title='bbox 1778 5174 2033 5244; x_wconf 76' lang='grc' dir='ltr'><strong>Χριστόν.</strong></span> <span class='ocrx_word' id='word_1_759' title='bbox 2062 5173 2143 5224; x_wconf 79' lang='lat' dir='ltr'><strong>III.</strong></span> <span class='ocrx_word' id='word_1_760' title='bbox 2171 5172 2384 5244; x_wconf 84' lang='lat' dir='ltr'><strong>Celsus,</strong></span> <span class='ocrx_word' id='word_1_761' title='bbox 2422 5174 2514 5244; x_wconf 80' lang='lat' dir='ltr'><strong>qui</strong></span> <span class='ocrx_word' id='word_1_762' title='bbox 2547 5188 2685 5240; x_wconf 89' lang='lat' dir='ltr'><strong>opus</strong></span> <span class='ocrx_word' id='word_1_763' title='bbox 2726 5190 2885 5227; x_wconf 88' lang='lat' dir='ltr'><strong>suum</strong></span> <span class='ocrx_word' id='word_1_764' title='bbox 2922 5183 3109 5244; x_wconf 80' lang='lat' dir='ltr'><strong>contra</strong></span> <span class='ocrx_word' id='word_1_765' title='bbox 3136 5171 3354 5244; x_wconf 59' lang='lat' dir='ltr'><strong>Judteos</strong></span> 
     </span>
    </p>
   </div>
   <div class='ocr_carea' id='block_1_83' title="bbox 1778 5240 3352 5312">
    <p class='ocr_par' dir='ltr' id='par_1_83' title="bbox 1778 5240 3352 5312">
     <span class='ocr_line' id='line_1_83' title="bbox 1778 5240 3352 5312; baseline -0.003 -14"><span class='ocrx_word' id='word_1_766' title='bbox 1778 5240 2195 5298; x_wconf 78' lang='lat' dir='ltr'><strong>etChristianos</strong></span> <span class='ocrx_word' id='word_1_767' title='bbox 2224 5243 2361 5297; x_wconf 84' lang='lat' dir='ltr'><strong>falso</strong></span> <span class='ocrx_word' id='word_1_768' title='bbox 2395 5242 2554 5295; x_wconf 86' lang='lat' dir='ltr'><strong>titulo</strong></span> <span class='ocrx_word' id='word_1_769' title='bbox 2586 5244 2864 5312; x_wconf 79' lang='lat' dir='ltr'><strong>inscripsit</strong></span> <span class='ocrx_word' id='word_1_770' title='bbox 2894 5242 3089 5310; x_wconf 78' lang='grc' dir='ltr'><strong>Λόγον</strong></span> <span class='ocrx_word' id='word_1_771' title='bbox 3129 5240 3352 5311; x_wconf 77' lang='grc' dir='ltr'><strong>ἀληθῆ,</strong></span> 
     </span>
    </p>
   </div>
   <div class='ocr_carea' id='block_1_84' title="bbox 1779 5312 3353 5382">
    <p class='ocr_par' dir='ltr' id='par_1_84' title="bbox 1779 5312 3353 5382">
     <span class='ocr_line' id='line_1_84' title="bbox 1779 5312 3353 5382; baseline 0 -17"><span class='ocrx_word' id='word_1_772' title='bbox 1779 5316 1846 5367; x_wconf 87' lang='lat' dir='ltr'><strong>de</strong></span> <span class='ocrx_word' id='word_1_773' title='bbox 1874 5330 1983 5382; x_wconf 91' lang='lat' dir='ltr'><strong>quo</strong></span> <span class='ocrx_word' id='word_1_774' title='bbox 2002 5314 2263 5367; x_wconf 89' lang='lat' dir='ltr'><strong>videndus</strong></span> <span class='ocrx_word' id='word_1_775' title='bbox 2293 5312 2489 5367; x_wconf 81' lang='lat' dir='ltr'><strong>Euseb.</strong></span> <span class='ocrx_word' id='word_1_776' title='bbox 2525 5312 2667 5365; x_wconf 85' lang='lat' dir='ltr'><strong>Hist.</strong></span> <span class='ocrx_word' id='word_1_777' title='bbox 2692 5314 2874 5367; x_wconf 85' lang='lat' dir='ltr'><strong>eccles.</strong></span> <span class='ocrx_word' id='word_1_778' title='bbox 2903 5314 2993 5365; x_wconf 91' lang='lat' dir='ltr'><strong>lib.</strong></span> <span class='ocrx_word' id='word_1_779' title='bbox 3028 5327 3099 5382; x_wconf 70' lang='lat' dir='ltr'><strong>vi,</strong></span> <span class='ocrx_word' id='word_1_780' title='bbox 3121 5328 3240 5380; x_wconf 90' lang='lat' dir='ltr'><strong>cap.</strong></span> <span class='ocrx_word' id='word_1_781' title='bbox 3260 5312 3353 5375; x_wconf 74' lang='grc'><strong>56.</strong></span> 
     </span>
    </p>
   </div>
   <div class='ocr_carea' id='block_1_85' title="bbox 1781 5380 3352 5454">
    <p class='ocr_par' dir='ltr' id='par_1_85' title="bbox 1781 5380 3352 5454">
     <span class='ocr_line' id='line_1_85' title="bbox 1781 5380 3352 5454; baseline -0.002 -16"><span class='ocrx_word' id='word_1_782' title='bbox 1781 5380 1932 5454; x_wconf 81' lang='lat' dir='ltr'><strong>Opus</strong></span> <span class='ocrx_word' id='word_1_783' title='bbox 1962 5385 2137 5454; x_wconf 89' lang='lat' dir='ltr'><strong>ipsum</strong></span> <span class='ocrx_word' id='word_1_784' title='bbox 2171 5382 2317 5437; x_wconf 82' lang='lat' dir='ltr'><strong>Celsi</strong></span> <span class='ocrx_word' id='word_1_785' title='bbox 2362 5383 2514 5436; x_wconf 87' lang='lat' dir='ltr'><strong>libris</strong></span> <span class='ocrx_word' id='word_1_786' title='bbox 2542 5393 2668 5454; x_wconf 89' lang='lat' dir='ltr'><strong>octo</strong></span> <span class='ocrx_word' id='word_1_787' title='bbox 2707 5382 3012 5437; x_wconf 83' lang='lat' dir='ltr'><strong>confutavit</strong></span> <span class='ocrx_word' id='word_1_788' title='bbox 3049 5380 3352 5454; x_wconf 87' lang='lat' dir='ltr'><strong>Origenes,</strong></span> 
     </span>
    </p>
   </div>
   <div class='ocr_carea' id='block_1_86' title="bbox 1777 5453 3359 5525">
    <p class='ocr_par' dir='ltr' id='par_1_86' title="bbox 1777 5453 3359 5525">
     <span class='ocr_line' id='line_1_86' title="bbox 1777 5453 3359 5525; baseline -0.001 -17"><span class='ocrx_word' id='word_1_789' title='bbox 1777 5453 1889 5525; x_wconf 85' lang='lat' dir='ltr'><strong>jam</strong></span> <span class='ocrx_word' id='word_1_790' title='bbox 1915 5465 2029 5508; x_wconf 88' lang='lat' dir='ltr'><strong>tum</strong></span> <span class='ocrx_word' id='word_1_791' title='bbox 2062 5455 2415 5523; x_wconf 75' lang='lat' dir='ltr'><strong>sexagenario</strong></span> <span class='ocrx_word' id='word_1_792' title='bbox 2445 5453 2651 5521; x_wconf 90' lang='lat' dir='ltr'><strong>major;</strong></span> <span class='ocrx_word' id='word_1_793' title='bbox 2685 5455 2777 5523; x_wconf 88' lang='lat' dir='ltr'><strong>qui</strong></span> <span class='ocrx_word' id='word_1_794' title='bbox 2814 5468 2986 5521; x_wconf 87' lang='lat' dir='ltr'><strong>nuper</strong></span> <span class='ocrx_word' id='word_1_795' title='bbox 3013 5470 3042 5505; x_wconf 87' lang='lat' dir='ltr'><strong>a</strong></span> <span class='ocrx_word' id='word_1_796' title='bbox 3064 5453 3266 5506; x_wconf 77' lang='lat' dir='ltr'><strong>Carolo</strong></span> <span class='ocrx_word' id='word_1_797' title='bbox 3290 5453 3359 5506; x_wconf 79' lang='lat' dir='ltr'><strong>de</strong></span> 
     </span>
    </p>
   </div>
   <div class='ocr_carea' id='block_1_87' title="bbox 1781 5524 3353 5585">
    <p class='ocr_par' dir='ltr' id='par_1_87' title="bbox 1781 5524 3353 5585">
     <span class='ocr_line' id='line_1_87' title="bbox 1781 5524 3353 5585; baseline -0.001 -6"><span class='ocrx_word' id='word_1_798' title='bbox 1781 5524 1833 5580; x_wconf 83' lang='lat' dir='ltr'><strong>la</strong></span> <span class='ocrx_word' id='word_1_799' title='bbox 1875 5525 1988 5579; x_wconf 81' lang='lat' dir='ltr'><strong>Rue</strong></span> <span class='ocrx_word' id='word_1_800' title='bbox 2028 5526 2338 5578; x_wconf 84' lang='lat' dir='ltr'><strong>accuratius</strong></span> <span class='ocrx_word' id='word_1_801' title='bbox 2379 5524 2656 5585; x_wconf 84' lang='lat' dir='ltr'><strong>recensiti,</strong></span> <span class='ocrx_word' id='word_1_802' title='bbox 2705 5534 2760 5578; x_wconf 89' lang='lat' dir='ltr'><strong>et</strong></span> <span class='ocrx_word' id='word_1_803' title='bbox 2795 5542 2825 5577; x_wconf 86' lang='lat' dir='ltr'><strong>a</strong></span> <span class='ocrx_word' id='word_1_804' title='bbox 2858 5538 3070 5577; x_wconf 83' lang='lat' dir='ltr'><strong>summe</strong></span> <span class='ocrx_word' id='word_1_805' title='bbox 3095 5524 3353 5577; x_wconf 73' lang='lat' dir='ltr'><strong>venerat).</strong></span> 
     </span>
    </p>
   </div>
   <div class='ocr_carea' id='block_1_88' title="bbox 1781 5594 3355 5666">
    <p class='ocr_par' dir='ltr' id='par_1_88' title="bbox 1781 5594 3355 5666">
     <span class='ocr_line' id='line_1_88' title="bbox 1781 5594 3355 5666; baseline 0 -17"><span class='ocrx_word' id='word_1_806' title='bbox 1781 5596 2086 5663; x_wconf 81' lang='lat' dir='ltr'><strong>Mosherpio</strong></span> <span class='ocrx_word' id='word_1_807' title='bbox 2134 5597 2188 5647; x_wconf 90' lang='lat' dir='ltr'><strong>in</strong></span> <span class='ocrx_word' id='word_1_808' title='bbox 2219 5594 2601 5650; x_wconf 86' lang='lat' dir='ltr'><strong>Germanicam</strong></span> <span class='ocrx_word' id='word_1_809' title='bbox 2634 5594 2877 5666; x_wconf 87' lang='lat' dir='ltr'><strong>linguam</strong></span> <span class='ocrx_word' id='word_1_810' title='bbox 2909 5594 3157 5648; x_wconf 89' lang='lat' dir='ltr'><strong>translati</strong></span> <span class='ocrx_word' id='word_1_811' title='bbox 3186 5594 3355 5649; x_wconf 84' lang='lat' dir='ltr'><strong>notis-</strong></span> 
     </span>
    </p>
   </div>
   <div class='ocr_carea' id='block_1_89' title="bbox 1784 5666 2364 5738">
    <p class='ocr_par' dir='ltr' id='par_1_89' title="bbox 1784 5666 2364 5738">
     <span class='ocr_line' id='line_1_89' title="bbox 1784 5666 2364 5738; baseline -0.005 -17"><span class='ocrx_word' id='word_1_812' title='bbox 1784 5683 1889 5738; x_wconf 91' lang='lat' dir='ltr'><strong>que</strong></span> <span class='ocrx_word' id='word_1_813' title='bbox 1920 5666 2173 5721; x_wconf 86' lang='lat' dir='ltr'><strong>illustrati</strong></span> <span class='ocrx_word' id='word_1_814' title='bbox 2215 5672 2364 5721; x_wconf 89' lang='lat' dir='ltr'><strong>sunt.</strong></span> 
     </span>
    </p>
   </div>
   <div class='ocr_carea' id='block_1_90' title="bbox 2964 5784 3042 5845">
    <p class='ocr_par' dir='ltr' id='par_1_90' title="bbox 2964 5784 3042 5845">
     <span class='ocr_line' id='line_1_90' title="bbox 2964 5784 3042 5845; baseline -0.026 0"><span class='ocrx_word' id='word_1_815' title='bbox 2964 5784 3042 5845; x_wconf 79' lang='lat'><strong>3&#39;1</strong></span> 
     </span>
    </p>
   </div>
  </div>
