3792 6218
83 273 212 331 “65
1038 281 1335 336 NtlTlTlA.
1372 311 1441 320 —
1479 280 1521 334 l.
1560 281 1649 335 DE
1690 282 1851 336 VITA
1891 283 1947 336 S.
1990 280 2384 335 MELITONIS.
3197 282 3334 339 “66

79 400 156 445 ter
177 393 474 461 restiterit,
515 407 571 452 et
600 398 659 453 in
690 414 982 469 pravarum
1007 416 1197 457 eorum
1240 404 1562 474 opinionum
1602 404 1950 473 potissimum
1997 404 2241 473 origines
2270 405 2337 457 de
2380 401 2649 458 industria
2699 402 3066 474 inquisiverit.
3106 402 3337 456 Multum

81 486 218 540 enim
253 504 385 542 cum
417 492 602 546 valeat
647 495 713 549 ad
744 495 1171 550 abstrahendum
1198 498 1268 551 ab
1295 514 1487 554 errore
1523 499 1791 561 animum,
1831 510 1997 552 nosse
2035 512 2281 551 erroneze
2323 499 2605 552 sentcntiae.
2636 513 2860 564 causas;
2892 504 3078 555 noster
3116 513 3337 568 quoque

79 579 128 632 in
155 594 221 634 eo
246 596 484 650 operam
514 598 669 638 suam
701 590 915 657 egregie
953 604 1181 657 prorsus
1207 591 1424 656 locavit,
1459 591 1603 659 quod
1632 590 1837 658 scripto
1861 590 2100 658 quodam
2122 630 2136 652 ,
2172 599 2231 643 ut
2262 600 2451 644 auctor
2474 599 2557 643 est
2586 588 2949 660 Hieronymus
2977 588 3126 662 (78),
3171 606 3335 644 mon-

79 672 349 739 straverit,
380 689 451 727 ex
485 691 594 744 qua
621 678 1070 747 philosophorum
1099 693 1245 736 secta
1270 683 1499 753 singula:
1537 684 1589 736 in
1616 681 1858 739 Ecclesia
1890 685 2124 737 haereses
2155 682 2386 735 natalem
2414 682 2681 737 traxerint
2718 694 2881 751 atque
2925 681 3213 752 originem.
3240 678 3341 735 Vel

78 762 232 816 unico
256 762 453 832 itaque
486 766 605 821 hoc
630 781 791 836 Opere
814 769 946 823 satis
982 788 1257 841 superque
1293 774 1469 828 evinci
1500 782 1697 843 potest,
1728 790 1853 829 cum
1882 775 1937 829 in
1962 773 2459 844 philosophicarum
2486 789 2641 843 aeque
2667 789 2731 827 ac
2761 773 3195 843 theologicarum
3240 790 3332 829 rc-

78 871 191 908 ruln
225 853 567 922 latifundiis,
600 858 740 912 haud
771 871 999 929 angusta
1034 863 1363 917 instructum
1392 861 1563 917 fuisse
1594 865 1842 917 scientia.
1872 864 2070 918 Meruit
2097 863 2345 933 proinde,
2378 862 2447 917 ob
2472 862 2837 918 eruditionem
2870 879 3098 933 prorsus
3143 864 3336 934 singu-

78 952 257 1014 larem,
290 966 601 1020 perennem
627 954 693 1006 ad
717 966 962 1021 posteros
988 958 1329 1011 memoriam.
1358 956 1555 1010 Meruit
1598 958 1834 1011 oratoris
1862 958 2172 1028 philosOpbi
2209 968 2370 1027 atque
2397 955 2631 1029 theologi
2653 974 2870 1025 nomen,
2899 969 3097 1015 etcum
3121 974 3337 1015 summa

77 1042 228 1098 laude
250 1043 485 1097 meruit.

1266 1164 1296 1236 ξ
1324 1164 1391 1219 Χ.
1426 1165 1498 1220 De
1528 1165 1799 1219 Melitonis
1830 1166 2168 1219 castimonia.

138 1315 309 1383 Quem
368 1318 645 1373 hactenus
676 1318 1014 1386 argumentis
1067 1319 1404 1387 gravissimis
1437 1319 1682 1388 apprime
1714 1318 1936 1372 doctum
1971 1317 2132 1385 evici,
2171 1317 2312 1373 idem
2355 1332 2499 1373 nunc
2532 1332 2751 1388 quoque
2784 1320 2905 1389 pius
2938 1329 2989 1374 et
3026 1320 3333 1375 virtutibus

77 1410 302 1464 maxime
335 1410 573 1475 ﬂoreus,
605 1410 884 1465 sistendus
916 1410 1053 1463 mihi
1087 1410 1208 1475 erit,
1243 1426 1343 1463 nec
1378 1406 1661 1463 infeliciori
1685 1424 1967 1471 successu,
1993 1423 2092 1463 nec
2118 1408 2415 1464 levioribus
2448 1412 2785 1479 argumentis
2815 1412 2867 1466 id
2892 1421 3075 1466 actum
3111 1413 3174 1467 iri
3203 1429 3340 1467 con—

78 1502 196 1556 ﬁdo.
230 1503 334 1569 Qui
372 1506 528 1558 enim
564 1519 595 1558 e
622 1504 866 1574 diligenti
899 1503 1069 1558 variis
1102 1504 1314 1557 artibus
1348 1512 1402 1557 et
1431 1503 1676 1558 scientiis
1705 1503 2048 1574 ingeniorum
2075 1505 2315 1569 cultura,
2340 1512 2394 1557 et
2425 1519 2455 1558 e
2488 1518 2769 1559 sacrarum
2809 1504 3118 1559 litterarum
3142 1505 3340 1559 crebra

80 1596 296 1650 lectione
325 1597 382 1648 iu
420 1596 713 1649 hominum
748 1595 884 1650 bene
918 1604 1220 1664 prreparata
1254 1603 1473 1662 pectora
1516 1610 1775 1651 emanare
1804 1590 1979 1649 solent
2020 1594 2251 1658 fructus,
2301 1606 2361 1647 ut
2392 1594 2601 1650 scilicet
2631 1595 2978 1649 emolliantur
3010 1608 3213 1663 mores,
3239 1610 3340 1650 nec

78 1689 318 1743 sinantur
375 1690 640 1744 homines
673 1704 792 1745 esse
825 1689 1079 1759 improbi,
1132 1688 1167 1741 ii
1223 1697 1372 1742 tanto
1406 1687 1628 1743 uberius
1689 1690 1743 1741 in
1777 1688 2083 1758 piissimam
2132 1687 2403 1743 Melitonis
2456 1690 2696 1744 animam
2729 1698 3079 1755 emanarunt,
3130 1699 3338 1759 quanto

80 1784 260 1850 majori
295 1784 490 1838 studio
527 1784 746 1853 utrique
796 1798 1018 1851 cperam
1076 1797 1303 1836 navasse
1340 1782 1605 1836 hactenus
1637 1781 1897 1836 vidimus.
1951 1781 2079 1836 lnde
2128 1782 2294 1853 igitur
2336 1783 2545 1837 exstitit
2584 1783 2783 1838 animae
2834 1784 2956 1852 ejus
3004 1796 3341 1851 morumque

77 1877 272 1943 le‘llaS
307 1915 324 1941 ,
366 1876 502 1929 inde
534 1876 657 1944 ejus
691 1876 1003 1938 caelibatus,
1039 1883 1094 1929 et
1133 1874 1479 1940 castimonia,
1539 1890 1645 1943 qua
1681 1872 1824 1927 inter
1856 1874 1962 1927 alia
1994 1874 2258 1927 virtutum
2301 1874 2559 1929 exercitia
2607 1877 2943 1945 conspicuus
2990 1874 3116 1942 fuit,
3161 1885 3215 1931 et
3266 1878 3339 1931 ob

78 1981 224 2033 quam
260 1967 511 2021 eunuchi
552 1982 854 2037 cognomen
888 1968 1119 2037 accepit.
1156 1966 1231 2021 lta
1265 1983 1504 2037 namque
1536 1976 1763 2022 vocatur
1794 1983 1824 2021 a
1858 1966 2141 2038 Polycrate
2167 1967 2280 2036 ('79)
2324 1968 2379 2021 in
2413 1968 2642 2037 epistola
2672 1970 2931 2039 synodica
2964 1969 3032 2024 ad
3060 1968 3335 2025 Victorem

77 2075 254 2129 papam
286 2079 300 2115 :
337 2062 405 2113 Τί
439 2060 557 2133 γὰρ
587 2061 667 2113 δεῖ
698 2060 874 2129 λέγειν
908 2062 1147 2133 Σάγαριν
1178 2060 1476 2116 ἐπίσκοπον
1510 2060 1605 2114 καὶ
1639 2061 1911 2132 μάρτυρα,
1944 2055 2003 2123 ὃς
2035 2060 2322 2133 Λαοδικείᾳ
2366 2057 2720 2133 κεκοίμηται;
2755 2061 2835 2114 ἔτι
2866 2064 2974 2133 γὰρ
3004 2064 3098 2117 καὶ
3129 2061 3336 2118 Παπεί-

78 2170 178 2223 ριον
206 2154 295 2206 τὸν
332 2154 633 2225 μακάριον,
669 2155 761 2207 καὶ
791 2154 1074 2208 Μελίτωνα
1104 2152 1195 2211 τὸν
1226 2152 1477 2222 εὐνοῦχον
1497 2194 1511 2216 ,
1544 2153 1636 2206 τὸν
1678 2154 1735 2205 ὲν
1767 2153 1907 2223 ἁγίῳ
1939 2152 2214 2223 Πνεύματι
2260 2152 2439 2206 πάντα
2471 2154 2960 2223 πολιτευσάμενον;
2996 2172 3050 2207 κ.
3089 2171 3137 2207 τ.
3174 2154 3221 2207 λ.
3273 2152 3331 2208 Id

77 2255 148 2298 est
178 2255 235 2298 ut
288 2246 456 2301 divus
499 2245 869 2315 Hieronymus
903 2244 1017 2316 (80)
1052 2246 1345 2300 verborum
1378 2242 1684 2314 Polycratis
1728 2243 2078 2313 interpretem
2113 2243 2263 2314 egit:
2303 2262 2322 2293 ι
2366 2242 2505 2309 Quid
2544 2259 2774 2299 necesse
2814 2254 2897 2299 est
2950 2244 3173 2316 Sagaris
3212 2246 3333 2314 epi-

80 2339 214 2407 scopi
247 2348 300 2393 et
331 2338 603 2409 martyris
636 2338 933 2402 recordari,
968 2337 1061 2407 qui
1102 2338 1156 2391 in
1199 2336 1468 2390 Laodicea
1504 2344 1830 2405 soporatur,
1870 2345 1924 2390 et
1956 2334 2159 2404 Papirii
2206 2334 2368 2399 beati,
2402 2344 2457 2389 et
2481 2334 2754 2391 Melitonis
2795 2336 2849 2390 in
2880 2346 3072 2392 sancto
3122 2337 3331 2408 Spiritu

79 2429 319 2492 eunuchi,
355 2430 454 2499 qui
499 2443 721 2497 semper
763 2427 994 2481 Domino
1027 2426 1237 2482 servit?
1274 2444 1293 2477 ι
1333 2424 1501 2479 Audit
1529 2426 1713 2495 itaque
1748 2434 1935 2481 noster
1964 2427 2271 2481 eunuchus.
2306 2425 2554 2496 Cumque
2593 2426 2848 2482 Servatur
2884 2429 3124 2497 optimus
3156 2432 3332 2484 maxi-

80 2533 186 2571 mus
210 2519 262 2571 in
296 2518 607 2590 Evangelio
636 2521 650 2550 ί
684 2519 793 2589 (81)
814 2519 918 2573 tria
946 2518 1325 2572 cunuchorum
1353 2517 1577 2571 constiti

1838 2532 1890 2585 a,
1917 2517 2063 2572 aliud
2085 2518 2291 2574 scilicet
2309 2533 2519 2584 eorum,
2553 2519 2745 2582 οἵτινες
2777 2522 2839 2572 ὲκ
2869 2521 3081 2585 κοιλίας
3126 2524 3332 2594 μητρὸς

80 2612 427 2683 ἐγεννήθησαν
460 2612 631 2673 οὕτω,
672 2632 689 2661 ι
730 2613 798 2665 ab
829 2621 952 2664 ortu
986 2630 1003 2661 ι
1044 2610 1257 2674 talium,
1291 2611 1384 2679 qui
1417 2610 1486 2663 ad
1520 2608 1577 2663 Vt

1836 2610 2093 2667 inhabiles
2125 2612 2238 2666 nati
2269 2620 2431 2679 sunt;
2460 2612 2607 2667 aliud
2640 2600 2880 2679 illorum,
2914 2614 3110 2678 οἵτινες
3142 2615 3333 2669 εὐνου-

80 2704 319 2774 χίσθησαν
349 2705 460 2757 ὐπὸ
494 2704 604 2757 τῶν
636 2702 954 2775 ἀνθρώπων,
980 2722 997 2753 ι
1023 2703 1115 2773 qui
1142 2703 1209 2757 ab
1238 2702 1577 2757 hominibus

1835 2702 1918 2757 :cti
1951 2712 2112 2769 sunt;
2141 2723 2159 2754 ι
2190 2713 2244 2758 et
2275 2704 2421 2758 aliud
2454 2706 2687 2775 denique
2719 2706 2981 2770 istorum,
3016 2706 3211 2771 οἵτινες
3239 2709 3332 2762 εὐ-

80 2797 308 2867 νούχισαν
340 2798 579 2858 ἑαυτοὺς
608 2794 694 2847 διὰ
725 2794 821 2864 τὴν
854 2794 1128 2864 βασιλείαν
1158 2792 1265 2845 τῶν
1294 2791 1561 2864 οὐρανῶν,

1829 2791 1968 2854 ipsos
1984 2802 2296 2847 castrarunt
2324 2804 2541 2863 propter
2572 2809 2797 2864 regnum
2824 2796 3120 2862 enatorum;
3158 2816 3174 2848 ι
3213 2812 3326 2850 ιιοιι

82 2889 166 2944 abs
196 2907 249 2945 re
279 2891 383 2945 erit
416 2890 734 2959 inquirere,
769 2889 835 2942 ad
869 2902 1163 2957 quamnam
1197 2902 1387 2941 eorum
1423 2888 1654 2942 classem
1688 2885 1872 2940 Melite
1904 2894 2092 2941 noster
2122 2887 2192 2941 sit
2224 2885 2562 2942 referendus.
2598 2886 2813 2943 Ultimm
2844 2900 3027 2943 autem
3054 2905 3178 2944 eum
3227 2892 3327 2943 ad-

84 2983 461 3036 uumerandum
498 2996 660 3042 esse.
695 2996 758 3034 ex
810 2981 1022 3034 duabus
1081 2979 1387 3033 rationibus
1444 2979 1590 3033 haud
1647 2980 1880 3034 obscure
1924 2988 2100 3048 potest
2130 2978 2501 3047 comprobari.
2553 2980 2736 3033 l’rimo
2769 2980 3079 3051 Polycrates
3112 2982 3321 3037 nullam

86 3074 225 3129 aliam
257 3077 326 3130 ob
360 3089 597 3130 causam
631 3073 868 3128 eunuchi
901 3073 1229 3142 cognomine
1261 3071 1574 3127 Melitenem
1609 3072 1875 3144 insignire
1913 3072 2042 3126 mihi
2065 3073 2297 3136 videtur,
2319 3088 2485 3141 quam
2522 3081 2579 3125 ut
2602 3073 2765 3126 simul
2798 3074 3004 3143 aliquid
3038 3075 3091 3127 in
3129 3075 3322 3130 Iaudes

86 3177 226 3238 atque
256 3169 727 3224 existimationem
774 3166 892 3235 ejus
942 3166 1167 3232 atl'erat;
1214 3174 1270 3220 et
1311 3165 1390 3220 sic
1437 3166 1723 3220 sententize
1754 3180 1887 3229 suae,
1939 3180 2104 3235 quam
2152 3175 2343 3219 contra
2384 3163 2655 3219 Victorem
2699 3165 2979 3228 tuebatur,
3014 3164 3161 3219 haud
3204 3165 3323 3220 leve

86 3259 272 3327 pondus
304 3260 671 3329 superaddat,
708 3268 895 3327 utpote
926 3274 1047 3328 quae
1079 3267 1158 3312 tot
1190 3258 1665 3313 sanctissimorum
1699 3258 1942 3312 virorum
1984 3257 2313 3313 auctoritate
2345 3257 2708 3312 suffulciatur.
2750 3255 3009 3311 Eamdem
3043 3257 3229 3328 itaque
3248 3260 3321 3313 ob

86 3366 304 3418 causam,
338 3353 410 3406 ob
459 3368 631 3422 quam
683 3350 942 3420 Sagarem
991 3352 1267 3423 μάρτυρα,
1313 3361 1366 3407 et
1401 3350 1581 3421 Papiri

1814 3352 1984 3423 ιάριον
2026 3361 2341 3418 vocaverat,
2374 3351 2689 3406 Melitenem
2736 3366 2955 3421 quoque
2994 3352 3311 3406 eunuchum

87 3447 293 3509 vocavit,
346 3444 489 3497 alias
527 3443 648 3497 sine
698 3444 805 3496 ullo
838 3457 1001 3511 scopo
1033 3442 1140 3497 hoc
1174 3442 1450 3511 epitheton
1506 3441 1826 3506 addidisset,
1867 3443 2012 3511 quod
2062 3443 2178 3498 sive
2209 3442 2279 3497 ob
2327 3454 2536 3497 natura:
2568 3442 2783 3508 vitium,
2833 3441 2948 3496 sive
2979 3442 3050 3495 ob
3082 3442 3319 3496 aliorum

90 3536 343 3592 hominum
394 3538 719 3593 violentiam
770 3538 847 3591 illi
882 3538 1188 3607 obtigisset,
1225 3536 1293 3590 ad
1343 3536 1533 3592 laudes
1566 3538 1687 3606 eius
1715 3577 1731 3602 ,
1784 3547 1839 3592 et
1869 3539 2423 3603 commendationem,
2473 3538 2584 3591 imo
2615 3546 2669 3591 et
2699 3538 2766 3592 ad
2801 3538 3144 3607 propositum
3180 3538 3318 3592 nihil

90 3642 289 3695 prorsus
320 3632 588 3687 conferre
618 3630 906 3699 potuisset.
948 3629 1006 3683 In
1039 3630 1311 3699 ejusmodi
1343 3639 1527 3684 autem
1560 3630 1813 3699 epistola,
1847 3646 2012 3699 quam
2046 3631 2293 3699 privatus
2326 3632 2393 3685 ad
2426 3631 2698 3699 privatum
2732 3629 2961 3684 minime
2986 3629 3131 3683 dedit
3156 3628 3318 3700 Poly-

90 3733 260 3791 cratcS,
294 3727 385 3781 sed
408 3740 584 3797 quam
623 3725 842 3793 publico
882 3726 1124 3787 nomine,
1160 3725 1253 3779 sed
1286 3740 1450 3795 quam
1487 3726 1707 3778 nomine
1738 3726 1981 3778 omnium
2017 3726 2186 3779 totius
2218 3724 2364 3779 Asia:
2402 3722 2771 3780 Ecclesiarum
2820 3722 2887 3777 ad
2912 3720 3186 3776 Victorem
3214 3720 3317 3776 Ec-

89 3818 391 3892 clesiamque
426 3821 760 3886 Romanam,
808 3822 863 3874 in
906 3837 963 3875 re
1008 3822 1247 3875 maxime
1281 3821 1447 3883 seria,
1484 3819 1762 3884 exaravit,
1797 3828 1852 3873 et
1880 3835 2043 3889 quam
2089 3822 2142 3873 in
2179 3819 2388 3890 synodo
2419 3817 2650 3873 solemni
2684 3824 2763 3871 tot
2792 3816 3029 3886 episcopi
3058 3829 3315 3884 compro-

91 3912 339 3982 baverant,
382 3927 437 3972 et
478 3917 888 3985 subscriptione
919 3916 1397 3978 conﬁrmaverant,
1422 3914 1633 3984 aliquid
1686 3896 1975 3969 temet-eiet
2022 3913 2161 3967 nihil
2202 3913 2267 3967 ad
2302 3928 2417 3967 rem
2452 3912 2725 3981 adjectum
2762 3909 2952 3977 fuisse,
3000 3910 3089 3963 vix
3136 3924 3200 3964 ac
3243 3924 3314 3965 ne

91 4010 162 4061 vix
193 4014 406 4080 quidem
444 4024 636 4067 mente
678 4026 903 4081 possum
946 4010 1256 4080 concipere.
1292 4010 1538 4064 Alterum
1585 4020 1965 4079 argumentum
1998 4025 2063 4064 ex
2109 4008 2300 4063 Latina
2345 4010 2543 4063 horum
2575 4009 2870 4063 verborum
2910 4007 3164 4063 versione
3188 4006 3314 4062 Ilie-

93 4109 275 4176 ronymi
318 4118 486 4177 atque
535 4105 733 4160 Ruﬂiui
761 4115 939 4176 potest
968 4105 1204 4170 desumi,
1240 4119 1476 4174 quorum
1522 4104 1657 4157 alter
1688 4103 1799 4175 (89.)
1833 4102 2141 4159 Melitenem
2177 4104 2230 4157 in
2267 4103 2468 4174 Spiritu
2498 4113 2689 4159 saneto
2729 4104 3045 4158 eunuchum
3072 4104 3310 4171 vocavit,

94 4194 207 4249 alter
233 4213 358 4253 vero
400 4199 521 4270 (85)
568 4195 869 4267 Polycratis
904 4196 1064 4250 verba
1102 4196 1172 4248 ita
1211 4196 1601 4264 interpretatus
1633 4205 1717 4249 est
1747 4212 1760 4248 :
1804 4214 1823 4245 ι
1860 4194 1965 4250 Sed
1998 4206 2051 4251 et
2080 4195 2380 4266 Papirium,
2412 4195 2709 4252 Macarium
2746 4195 2860 4268 (84)
2901 4205 2956 4250 et
2996 4194 3311 4249 Melitenem

95 4299 283 4359 propter
315 4308 551 4363 regnum
588 4289 683 4343 Dei
715 4298 769 4343 et
801 4290 1115 4343 eunuchum
1149 4299 1204 4343 et
1238 4289 1445 4359 Spiritu
1482 4296 1672 4343 sancto
1705 4290 1993 4359 repletum.
2027 4312 2044 4344 ›
2084 4292 2159 4347 Ita
2185 4301 2243 4346 ut
2266 4293 2572 4348 clarissime
2612 4292 2808 4348 exinde
2840 4302 3044 4361 pateat,
3079 4307 3176 4361 per
3202 4290 3310 4345 Po-

94 4380 283 4450 lycratis
314 4386 573 4456 εὐνοῦχον
607 4383 694 4437 τὸν
727 4386 785 4436 ὲν
815 4383 953 4454 ἁγίῳ
985 4383 1261 4453 Πνεύματι
1298 4383 1475 4437 πάντα
1509 4382 1591 4436 πο]

1813 4403 1966 4454 μενον
1998 4387 2208 4441 nullum
2243 4387 2388 4442 aliud
2422 4386 2798 4441 cunuchorum
2846 4400 3017 4455 genus
3063 4399 3185 4439 esse
3222 4384 3310 4437 in-

96 4476 435 4547 telligendum,
472 4494 644 4549 quam
680 4492 885 4549 eorum
913 4477 1106 4540 οἴτινες
1140 4476 1227 4529 διὰ
1258 4476 1355 4547 τὴν
1389 4476 1593 4547 βασιλεί

1838 4480 2080 4549 οὐρανῶν
2129 4481 2444 4552 εὐνούχισαν
2477 4479 2718 4535 ἑαυτούς,
2766 4499 2785 4532 ι
2815 4481 2906 4549 qui
2949 4496 3008 4535 se
3040 4460 3187 4549 ipsos
3208 4493 3306 4533 ca-

98 4578 306 4629 strarunt
335 4584 563 4643 propter
594 4585 818 4641 regnum
852 4569 1174 4625 contorum.»
1217 4568 1360 4639 Ergo
1408 4580 1627 4639 propter
1678 4585 1903 4638 regnum
1942 4573 2207 4627 caelorum
2245 4575 2597 4644 semetipsum
2644 4573 2874 4630 eviravit
2916 4571 3137 4626 Melite?
3162 4570 3307 4641 Ergo

151 4752 165 4780 ¹
194 4750 368 4809 Matth.
401 4767 523 4818 nx,
560 4749 648 4803 12.

168 4904 242 4975 78)
266 4906 506 4976 Epistola
539 4903 809 4976 8'5,_tom.
851 4901 920 4976 IV
949 4902 1106 4972 0pp.,
1126 4910 1280 4976 parte
1310 4918 1372 4966 ιι,
1398 4916 1452 4970 p.
1483 4901 1588 4976 656
1614 4921 1627 4976 ς
1733 4900 1927 4976 Μοιοιι.
1954 4899 2375 4976 lnchoferidiSs.
2405 4899 2481 4953 De
2510 4903 2876 4976 eunuchismo;
2900 4902 3200 4976 Seldenum
3224 4904 3306 4958 De

102 4972 263 5052 {Quid
287 4972 490 5052 loquar
521 4973 864 5052 d_e_Melito_ne
890 4972 1150 5052 Sardensi
1174 4974 1465 5052 episcopo;
1489 4972 1627 5052 quid
1724 4972 1848 5052 iure
1891 4980 2097 5052 nqtuqa:
2144 4981 2193 5023 et
2226 4972 2477 5052 gentium,
2539 4988 2661 5052 pag.
2714 4972 2843 5033 658;
2895 4972 3210 5052 Saldenum_
3247 4976 3304 5027 iu

96 5041 147 5114 de
184 5040 503 5113 Apollinario
549 5043 966 5114 Hierapolitanum
1011 5040 1625 5114 Eecles_i:ersacerd9te,
1737 5040 2143 5114 Otiisrtltcolog.
2191 5056 2244 5114 ρ.
2277 5041 2381 5114 499
2411 5040 3061 5114 Δδιι(ι.-Ρ1ρι·‹ξειγξιιιειοτεξδ
3088 5044 3155 5114 de
3200 5045 3305 5098 hoc

98 5107 316 5183 Dionysio
344 5107 757 5171 Corinthiorum
785 5114 1062 5183 episcopo,
1094 5122 1147 5167 et
1177 5111 1408 5166 Tatiano
1428 5122 1481 5165 et
1497 5111 1627 5165 Bar-
1730 5113 1951 5183 oraculo
1981 5107 2310 5183 evolvendos
2340 5107 2487 5166 dabit
2508 5107 2521 5111 ’
2547 5112 2604 5167 S.
2647 5112 2713 5166 Β.
2753 5112 2988 5167 Wolﬁus
3020 5114 3074 5167 in
3106 5112 3262 5167 Curis
3285 5154 3302 5176 ,

97 5180 264 5255 desane
311 5188 403 5255 qui
454 5185 697 5254 origines
744 5180 1027 5255 haereseuw
1074 5183 1412 5255 singularum
1459 5190 1513 5234 et
1539 5196 1626 5255 _c_x
1729 5182 1915 5255 vol.__l,
1947 5196 2078 5255 pag.
2114 5181 2236 5235 281.

98 5251 260 5323 quibus
300 5251 753 5323 philosophorum
804 5253 1048 5315 fontibus
1091 5254 1399 5307 emanariut
1442 5252 1625 5304 multis
1800 5251 1911 5322 (82)
1946 5251 2259 5323 [lieronytm
2294 5251 2405 5323 l.__e.
2435 5267 2554 5321 cap.
2590 5253 2677 5307 24.

98 5320 426 5392 νοιριηὶιιὶὺυδ
450 5320 835 5392 explicarunt?
869 5343 886 5374 ι
1543 5390 1598 5392 μ
1808 5320 1919 5391 (85)
1948 5321 2192 5392 Bullinus
2228 5322 2281 5373 in
2320 5320 2464 5374 Hist.
2499 5320 2683 5377 ecutos.
2719 5323 2813 5377 lib.
2851 5338 2902 5387 v,
2938 5338 3058 5391 cap.
3086 5320 3178 5375 24.

86 5426 116 5463 ;_
144 5387 255 5463 X79)
279 5394 425 5463 Apud
461 5387 667 5449 Euseb.
706 5394 851 5448 Hist.
874 5394 1165 5447 ecclesiast.
1191 5392 1284 5447 lib.
1314 5408 1366 5456 v,
1392 5406 1514 5460 cap.
1536 5390 1629 5454 24,
1808 5387 1920 5461 (84)
1978 5390 2221 5444 Bullinus
2241 5431 2255 5452 ,
2304 5407 2494 5463 parum
2553 5395 2861 5457 attendens,
2914 5387 3156 5445 errorem
3211 5391 3305 5446 hic

87 5451 333 5537 ζῐοιζρμς
582 5534 615 5537 Η
735 5532 770 5537 _
841 5535 923 5537 -γ
1100 5534 1108 5537 Α
1240 5534 1268 5537 Α
1355 5451 1364 5456 ⁷
1460 5451 1477 5460 ’
1538 5529 1565 5537 Α

1806 5451 2028 5537 minisit,
2053 5472 2216 5537 atque
2248 5451 2515 5537 μάκαρ-ιον
2544 5463 2646 5515 viri
2676 5451 2872 5537 nomen
2896 5462 3178 5531 proprium
3200 5477 3302 5537 pu:

153 5529 248 5601 (80)
284 5534 359 5587 De
386 5534 691 5588 illustribus
724 5532 974 5588 Ecclesiw
1003 5534 1369 5601 scriptoribus,
1398 5547 1515 5599 cap.
1535 5529 1626 5583 24.
1734 5534 1890 5597 tavit,
1925 5542 1980 5585 et
2021 5531 2102 5585 sic
2153 5546 2258 5582 non
2297 5539 2354 5582 ut
2383 5529 2625 5601 _llieron.
2660 5548 2755 5601 per
2808 5551 2827 5583 ι
2859 5529 3103 5598 beatum,
3134 5549 3155 5583 ι
3204 5529 3302 5587 Sed

155 5598 251 5722 (81)
311 5602 384 5657 De
426 5605 633 5674 triplici
678 5604 781 5658 hoc
832 5598 1193 5658 euuucliisino
1223 5604 1413 5658 coul'er
1449 5602 1631 5723 Doug;
1733 5619 1829 5672 per
1865 5624 1881 5654 ι
1919 5601 2213 5656 Macarium
2251 5619 2268 5649 ι
2308 5599 2560 5656 reddidit.

155 5682 166 5718 ι
258 5675 441 5723 ualeat.
498 5690 663 5723 men-
723 5685 863 5723 nart.
926 5691 983 5723 ιι.
1016 5690 1232 5723 excurs.
1292 5674 1380 5723 fit).
1435 5687 1486 5723 ι).
1540 5672 1567 5722 ’ῖ
1619 5678 1633 5723 ;

100 5668 166 5718 uti
214 5668 441 5728 Anatect.
498 5668 664 5738 Each,
723 5685 863 5744 part.
926 5691 983 5738 ιι,
1016 5690 1232 5729 excurs.
1292 5674 1380 5737 50,
1435 5687 1486 5742 p.
1540 5668 1633 5725 71;
