3792 6218
122 326 242 381 1169
1064 321 1365 377 NOTlTlA.
1402 352 1472 362 -—
1506 319 1547 373 l.
1584 320 1619 375 D

1858 354 1869 373 ι
1908 320 1967 375 S.
2009 317 2398 375 MENTONIS.
3219 317 3355 373 1170

118 447 328 513 γέγονας
360 444 687 516 παρασᾰπης
707 442 1034 516 v6poo’.Nee
1061 444 1259 498 desunt
1293 444 1434 499 hanc
1470 443 1522 497 in
1554 459 1667 498 rem
1696 453 1938 498 veterum
1962 457 2185 512 quoque
2214 440 2552 495 testimonia.
2580 439 2887 511 Scriptores
2909 434 3055 497 enim
3086 440 3179 509 qui
3213 439 3367 496 Meli-

120 548 285 589 tonem
331 545 589 589 nostrum
642 537 712 591 ob
754 535 1023 591 castitatis
1064 534 1307 591 studium
1338 534 1592 589 laudibus
1626 536 1962 599 extulerunt,
1997 534 2254 588 eumdem
2294 534 2460 587 etiam
2490 534 2560 587 ob
2596 532 2827 589 aliarum
2857 534 3119 589 virtutum
3160 536 3368 591 exerci-

121 628 239 680 tium
268 627 586 696 posteritati
618 631 982 685 venerabilem
1018 631 1375 686 tradiderunt.
1411 630 1503 686 Sic
1544 630 1858 702 Polycrates
1892 632 2006 703 (95)
2054 629 2257 701 insigni
2306 631 2399 684 illa
2448 630 2625 685 laudis
2670 633 3197 686 com-memoratione
3240 648 3369 687 eum

120 734 322 787 quoque
342 733 625 777 exornare
648 721 795 776 haud
815 721 1104 789 dubitavit,
1128 737 1237 792 qua
1264 718 1443 775 πάντα
1467 723 1525 775 ὲν
1550 722 1617 790 ἀγ

1874 721 2476 793 ματιπολιτευσὰμενον
2519 735 2651 776 θωΙι
2682 725 2919 789 vocavit,
2978 724 3035 779 h.
3095 740 3146 779 e.
3190 725 3371 780 virum

122 808 342 879 Spiritus
364 812 548 866 sancti
585 812 766 868 alIlatu
808 817 992 871 omnia
1026 831 1324 887 gerentem.
1360 816 1450 872 Sis
1478 815 1841 888 Hieronymus
1878 818 2015 887 (94),
2058 816 2365 887 Polycratis
2400 816 2567 872 modo
2595 818 2653 873 in
2690 819 2930 873 medium
2964 821 3176 889 prolata
3208 821 3373 877 verba

119 919 206 959 sua
233 902 462 973 faciens’,
488 907 560 963 de
590 907 847 965 Melitone
871 911 946 966 ita
967 927 1131 982 porro
1158 913 1433 967 memoria:
1463 910 1719 981 prodidit,
1754 928 1774 961 ι
1814 910 1963 981 quod
1999 926 2217 980 semper
2246 909 2477 966 Domino
2504 910 2805 965 serviverit.
2840 927 2860 961 ι
2886 908 2955 964 Et
2976 908 3226 967 Bullinus
3257 910 3373 980 (95)

119 997 323 1055 Eusebii
360 1002 690 1059 notissimus
720 1004 1013 1075 interpres,
1054 1007 1296 1061 unanimi
1331 1007 1569 1076 quodam
1606 1020 1877 1061 consensu
1908 1004 1976 1059 de
2003 1013 2205 1059 nostro.
2229 1018 2451 1073 quoque
2484 1012 2737 1073 testatur,
2761 1002 2911 1073 quod
2944 1001 3150 1073 Spiritu
3183 1010 3376 1059 sancto

118 1109 318 1164 semper
348 1096 601 1166 repletus
640 1097 837 1166 fuerit;
890 1100 967 1154 ita
1010 1109 1069 1155 ut
1093 1100 1298 1157 aﬂ‘atim
1331 1115 1419 1155 me
1446 1099 1736 1171 probatum
1761 1100 1977 1155 dedisse
2010 1098 2252 1164 credam,
2286 1096 2628 1164 Melitouem,
2658 1097 2747 1151 uti.
2777 1096 3105 1153 castimonia
3142 1098 3375 1170 reliquis

118 1185 371 1254 praestitit,
395 1187 475 1243 ita
497 1197 555 1245 et
583 1188 706 1244 aliis
730 1189 1025 1246 virtutibus
1058 1190 1375 1246 eminuisse.

1176 1282 1205 1356 δ
1237 1282 1357 1340 X11.
1400 1284 1476 1338 De
1516 1283 1789 1337 Melitonis
1823 1280 1959 1336 dono
1982 1282 2306 1351 prophetico.

176 1434 336 1492 Totus
371 1436 566 1507 itaque
593 1438 691 1492 uni
733 1437 841 1493 Deo
877 1438 1119 1496 intentus
1151 1454 1275 1495 cum
1307 1449 1473 1507 esset,
1508 1439 1733 1509 contigit
1787 1438 1891 1508 ipsi
1945 1439 2112 1492 etiam
2148 1436 2677 1506 peculiareialiquod
2701 1436 2899 1506 gratiae
2928 1435 3127 1493 divina:
3163 1437 3371 1492 donum

114 1528 345 1584 miraculi
369 1529 622 1598 plenum,
659 1530 959 1600 prophetiae
982 1531 1192 1587 scilicet
1223 1531 1486 1604 χάρισμα,
1516 1530 1683 1599 quod,
1726 1538 1787 1584 ut
1824 1529 2139 1584 notabiliter
2180 1527 2317 1583 dixit
2345 1525 2609 1595 Origenes
2641 1528 2777 1597 (96),
2805 1527 2979 1582 divini
3003 1543 3221 1598 semper
3251 1543 3372 1584 ser-

113 1623 274 1678 monis
304 1623 600 1678 character
624 1623 830 1678 exstitit
856 1632 911 1679 et
934 1626 1059 1681 vitae
1086 1624 1198 1680 Deo
1231 1634 1465 1694 accepta:
1496 1623 1783 1680 familiaris
1809 1623 1959 1679 socia
2004 1637 2318 1693 comesque.
2358 1621 2565 1677 Futura
2596 1624 2742 1677 enim
2793 1636 3153 1692 praenoscere,
3193 1637 3370 1697 eaque

110 1716 216 1771 sine
245 1714 364 1771 falsi
392 1717 721 1787 suspicione
749 1721 1114 1790 praenuntiata
1139 1721 1311 1775 solius
1342 1718 1436 1773 Dei
1468 1719 1640 1773 virtus
1675 1727 1762 1773 est
1794 1726 1848 1772 et
1892 1716 2278 1787 praerogativa,
2309 1715 2377 1769 ad
2406 1730 2573 1785 quam
2601 1714 2784 1770 nullus
2819 1714 2906 1770 vel
2939 1714 3251 1769 mortalium
3282 1713 3367 1767 ve!

109 1811 403 1863 daemonum
444 1811 747 1867 ascendere
774 1820 967 1881 potest,
998 1812 1106 1867 nisi
1134 1802 1425 1880 ipsius'Dei
1473 1810 1698 1876 indicio,
1737 1808 1849 1863 falli
1902 1819 2069 1877 atque
2112 1806 2298 1862 fallere
2354 1806 2545 1861 nescii.
2599 1805 2733 1860 θεοῦ
2796 1806 2968 1873 enim,
3015 1815 3077 1861 ut
3120 1805 3367 1877 Chryso-

111 1902 260 1956 stomi
291 1902 407 1973 (97)
442 1904 617 1959 verba
650 1919 769 1959 mea
795 1903 1014 1972 faciam,
1060 1904 1219 1958 τοῦτο
1264 1906 1494 1977 μάλιστα
1539 1904 1605 1958 τδι

1869 1917 1987 1970 γειν
2035 1898 2104 1952 τὰ
2141 1898 2425 1970 μέλλοντα,
2463 1916 2481 1948 ι
2526 1897 2638 1953 Deo
2679 1898 2916 1952 maxime
2946 1898 3229 1968 proprium
3278 1911 3366 1956 est

113 1995 275 2051 Futura
305 1998 634 2067 prmdicere,
666 2018 686 2051 ι
716 1998 812 2069 qui
847 2000 950 2054 hoc
978 1999 1097 2066 ipso
1122 2015 1341 2070 quoque
1368 2000 1685 2055 charactere
1709 2012 1739 2049 a
1769 1994 1921 2050 falsis
1966 1993 2248 2063 gentilium
2287 1992 2394 2048 diis
2435 1992 2749 2062 lictitiisque
2781 2006 2969 2046 eorum
3002 1990 3162 2047 idolis
3188 1992 3241 2045 in
3268 2008 3353 2047 sa-

113 2086 208 2137 cris
248 2086 470 2157 paginis
497 2086 518 2118 ³
561 2086 823 2156 distingui
870 2086 1111 2142 maxime
1150 2089 1339 2144 voluit.
1387 2089 1466 2144 lta
1500 2096 1562 2142 ut
1590 2086 1812 2140 mellita;
1848 2084 2175 2155 eloquentia;
2211 2091 2387 2153 pater,
2426 2083 2587 2153 cujus
2628 2083 2791 2138 modo
2834 2084 2888 2139 in
2927 2084 3167 2139 medium
3205 2084 3365 2141 attuli

110 2176 259 2231 verba
284 2178 543 2232 eamdem
574 2193 791 2248 quoque
816 2180 871 2232 in
899 2194 1014 2233 rem
1045 2180 1260 2251 egregie
1282 2195 1510 2250 prorsus
1528 2175 1987 2248 pronuntiaverit,
2017 2174 2237 2246 quando
2268 2172 2452 2227 futura
2483 2172 2810 2242 praedicendi
2840 2172 3153 2228 facultatem
3201 2173 3365 2247 ἔργον

111 2264 230 2319 Θεοῦ
249 2267 545 2336 appellavit
570 2267 704 2335 (98).
735 2268 871 2339 ὅπερ
903 2269 1025 2323 οὐδὲ
1053 2270 1389 2342 μιμήσασθαι
1424 2270 1608 2323 δύναιν

1865 2267 2130 2336 δαίμονες,
2165 2264 2267 2318 κᾶν
2305 2265 2507 2337 σφόδρα
2540 2263 2901 2333 φιλονεικῶσι,
2935 2283 2954 2315 ι
2991 2263 3088 2319 Dei
3124 2267 3362 2324 maxime

111 2368 255 2422 Opus,
285 2355 434 2425 quod
482 2370 660 2425 neque
695 2358 970 2412 daemones
1012 2358 1217 2413 imitari
1255 2369 1507 2429 possunt,
1557 2358 1811 2430 quamvis
1868 2356 2133 2428 majorem
2165 2356 2219 2409 in
2257 2358 2475 2420 modum
2509 2354 2774 2409 nitantur.
2818 2373 2838 2406 ι
2871 2352 3022 2409 Licet
3065 2356 3209 2410 enim
3248 2357 3361 2413 da:-

112 2459 288 2499 mones
311 2446 518 2501 divina:
556 2445 721 2516 hujus
749 2446 967 2502 virtutis
1012 2446 1316 2506 imitatores
1356 2464 1518 2522 agere
1567 2464 1940 2520 smpenumero
1995 2460 2091 2516 per
2116 2446 2339 2501 oracula
2378 2446 2519 2501 inter
2546 2444 2773 2515 gentiles
2818 2446 3166 2513 tentaverint,
3216 2448 3362 2503 infe‘

113 2539 229 2597 lices
251 2550 435 2598 tamen
466 2551 522 2595 et
554 2542 655 2597 hac
678 2540 732 2595 in
773 2549 926 2611 parte
952 2541 1205 2599 Numinis
1234 2545 1463 2601 aemulos
1491 2551 1719 2615 egerunt
1750 2542 1909 2607 adeo,
1947 2550 2009 2596 ut
2040 2541 2164 2597 falsi
2194 2541 2356 2595 toties
2390 2539 2628 2597 convicti
2660 2534 2957 2594 ludibrium
2990 2542 3210 2597 tandem
3243 2545 3359 2599 suis

113 2634 259 2688 etiam
291 2634 560 2689 dederint
585 2634 907 2689 cultoribus.
941 2636 1145 2692 Eorum
1180 2637 1329 2693 enim
1364 2636 1724 2693 revelationes
1764 2634 1963 2705 partim
2002 2633 2178 2702 falsis,
2211 2634 2408 2704 partim
2434 2632 2744 2703 ﬂexiloquis
2773 2642 2828 2688 et
2857 2633 3113 2690 obscuris
3154 2638 3363 2691 consti-

116 2727 234 2782 tisse
254 2728 580 2789 enuntiatis,
620 2736 680 2782 ut
723 2728 1019 2799 interprete
1047 2731 1298 2801 eguerint
1337 2744 1521 2785 rerum
1552 2728 1863 2784 futurarum
1903 2728 2247 2797 interpretes,
2293 2727 2394 2795 ipsi
2440 2735 2709 2781 testantur
2764 2736 2819 2781 et
2863 2727 3045 2781 rident
3078 2727 3359 2799 gentilium

116 2822 398 2892 scriptores
430 2822 581 2878 haud
612 2821 768 2891 pauci
798 2823 935 2893 (99).
961 2822 1119 2890 Quod
1155 2824 1339 2894 itaque
1367 2839 1645 2881 summum
1674 2822 1883 2878 Numen
1920 2819 2230 2876 Melitenem
2282 2819 2589 2875 futurorum
2636 2834 2856 2892 quoque
2899 2822 3090 2877 notitia
3129 2837 3365 2878 exorna-

114 2916 255 2979 verit,
285 2932 553 2986 magnum
587 2916 775 2985 utique
802 2915 987 2970 effusae
1014 2916 1069 2970 in
1097 2931 1221 2970 eum
1250 2917 1439 2986 gratia:
1485 2916 1871 2971 documentum
1913 2922 2018 2969 est.
2050 2911 2208 2972 Certe
2245 2922 2428 2966 autem
2458 2927 2581 2966 eum
2614 2915 2933 2982 praphetam
2971 2913 3141 2970 fuisse
3188 2920 3360 2968 testa-

116 3018 192 3060 tur
215 3010 325 3076 ipse
351 3008 722 3076 Hieronymus
749 3007 824 3074 (el)
868 3008 942 3061 ita
975 3007 1041 3063 de
1076 3022 1143 3062 eo
1170 3009 1416 3065 scribens
1452 3028 1467 3063 :
1508 3027 1527 3061 ι
1582 3006 1757 3077 Hujus
1791 3006 2010 3076 elegans
2044 3011 2099 3058 et
2132 3003 2581 3057 declamatorium
2625 3003 2900 3073 ingenium
2944 3004 3174 3059 laudans
3222 3003 3359 3057 Tur-

115 3102 358 3156 lullianus
391 3100 447 3155 in
484 3110 692 3170 septem
724 3100 899 3165 libris,
924 3115 1064 3170 quos
1091 3100 1309 3170 scripsit
1339 3101 1600 3155 adversus
1622 3097 1921 3153 Ecclesiam
1957 3111 2055 3167 pro
2085 3094 2367 3160 Montano,
2403 3094 2536 3149 dicit
2581 3110 2705 3148 eum
2741 3110 2771 3148 a
2820 3096 3094 3165 plerisque
3142 3104 3354 3149 nostro-

113 3210 220 3248 rum
250 3195 580 3264 prophetam
618 3196 816 3265 putari.
858 3214 877 3245 ι
910 3194 1079 3249 Deum
1116 3192 1329 3250 scilicet
1355 3192 1633 3265 promissi,
1674 3206 1785 3261 quo
1820 3188 1984 3247 Joel,‘
2030 3188 2368 3244 internuntio
2406 3186 2516 3256 jam
2547 3187 2755 3257 pridem
2786 3201 2906 3244 sese
2961 3188 3354 3257 obstrinxerat,

112 3300 427 3352 memorem,
468 3300 575 3341 nec
599 3301 628 3339 a
663 3284 728 3339 N.
764 3285 826 3340 'l‘.
862 3285 1101 3340 Ecclesia
1142 3285 1244 3339 hoc
1274 3284 1574 3355 prophetia:
1595 3282 1872 3338 charisma
1897 3281 2092 3336 abesse
2123 3295 2369 3350 prorsus,
2405 3289 2500 3334 aut
2548 3280 2688 3336 intra
2729 3280 3015 3351 apostolici
3058 3281 3156 3336 aevi
3182 3296 3356 3352 angu-

112 3380 232 3434 stias
270 3378 554 3436 contineri
592 3378 851 3440 voluisse,
900 3377 993 3432 sed
1035 3377 1165 3431 illud
1209 3377 1303 3431 uni
1349 3377 1594 3442 alterive,
1639 3375 1764 3428 licet
1802 3382 2244 3443 proltemporum
2289 3372 2501 3427 ratione
2536 3372 2777 3441 parcius,
2814 3372 2991 3427 adhuc
3037 3372 3349 3427 communi--

112 3484 269 3536 casse,
296 3470 490 3541 negari
527 3485 633 3524 non
672 3478 864 3539 potest.
913 3468 979 3523 Et
1010 3484 1323 3539 quanquam
1360 3486 1378 3519 ι
1417 3470 1501 3523 lex
1527 3478 1582 3524 et
1604 3466 1879 3538 prophetae
1922 3480 2094 3534 usque
2117 3464 2181 3519 ad
2210 3462 2476 3519 Joannem
2505 3463 2753 3520 duraturi
2788 3465 3043 3521 dicantur
3064 3466 3105 3531 ⁵,
3128 3485 3146 3518 ι
3170 3475 3353 3521 tamen

111 3560 257 3615 verba
310 3563 416 3616 ista
469 3561 678 3615 mitiori
727 3560 1193 3628 interpretatione,
1230 3576 1391 3629 quam
1444 3568 1503 3613 ut
1553 3574 1770 3614 onmem
1818 3555 2115 3626 prophetiae
2157 3571 2317 3611 usum
2360 3556 2687 3622 excludant,
2738 3555 3049 3626 accipienda
3090 3574 3231 3625 esse,
3268 3563 3351 3617 vel

112 3646 669 3720 Agabi'aliorumque
703 3650 795 3719 qui
838 3649 1231 3721 Hierosolymis
1260 3650 1603 3706 Antiochiam
1643 3648 1871 3721 profecti
1914 3657 2289 3701 memorantur
2325 3658 2508 3703 vatum
2554 3648 2839 3718 exemplis,
2881 3656 2935 3703 et
2983 3649 3119 3704 bene
3166 3650 3353 3706 multis

111 3742 221 3798 aliis
238 3745 599 3811 testimoniis,
629 3760 749 3814 quae
777 3761 841 3799 ex
869 3744 1043 3800 tribus
1066 3744 1343 3813 prioribus
1377 3745 1591 3800 saeculis
1630 3744 1846 3815 collegit
1886 3743 2190 3799 Pfannerus
2240 3740 2341 3811 (2),
2372 3749 2549 3811 potest
2597 3743 2835 3812 probari.
2898 3740 2965 3796 Et
3010 3752 3157 3798 certe
3207 3744 3352 3798 inter

111 3832 302 3901 reliqua
338 3833 589 3905 Spiritus
620 3836 795 3889 sancti
819 3836 983 3901 dona,
1007 3851 1128 3905 quae
1159 3836 1212 3889 in
1249 3837 1374 3891 novi
1408 3836 1633 3892 fmderis
1678 3836 1923 3894 Ecclesia
1958 3835 2237 3892 distribuit
2271 3850 2545 3892 summum
2588 3835 2819 3901 Numen,
2860 3836 3024 3892 etiam
3062 3836 3347 3905 prophetia

111 3923 262 3980 Paulo
296 3928 375 3997 (5)
405 3936 746 3991 recensetur,
775 3943 904 3997 qua,
938 3936 996 3980 ut
1032 3935 1089 3981 ut
1117 3936 1170 3981 et
1194 3929 1297 3981 alia
1329 3930 1736 3996 contineantur,
1761 3930 2012 3983 notitiam
2052 3928 2361 3984 futurorum
2401 3940 2579 3984 tamen
2608 3929 2843 3984 maxime
2877 3927 3192 3996 signiﬁcari,
3229 3930 3349 3998 ipsa

109 4023 385 4078 verborum
418 4022 635 4077 indoles
658 4039 898 4092 ususque
929 4024 1169 4078 indicare
1199 4024 1433 4077 videtur.
1463 4023 1577 4077 Hoc
1604 4038 1733 4091 ergo
1762 4022 1965 4076 donum
1998 4022 2051 4075 in
2100 4023 2315 4078 beatum
2350 4032 2599 4078 nostrum
2638 4021 2951 4078 Melitonem
2982 4038 3200 4094 quoque
3234 4028 3349 4081 col-

107 4113 259 4169 latum
286 4115 489 4182 fuisse,
517 4132 625 4169 non
652 4125 734 4171 est
764 4117 907 4185 quod
932 4116 1266 4173 dubitemus.
1299 4116 1398 4172 Ast
1429 4115 1700 4170 charisma
1724 4116 1848 4181 hoc,
1871 4118 2013 4186 quod
2045 4118 2193 4172 omni
2221 4133 2437 4186 semper
2476 4127 2633 4172 aetate
2678 4132 2710 4171 a
2756 4116 3007 4172 ﬁdelibus
3060 4117 3347 4189 utriusque

103 4218 586 4347 ‘gciacilnbjllbs
607 4220 627 4250 ³
657 4219 807 4275 Isaia:
835 4236 953 4289 cap.
988 4237 1095 4286 xu,
1127 4220 1218 4285 22,
1246 4220 1347 4286 ‘25;
1376 4239 1505 4287 xw,
1533 4222 1586 4283 9,
1614 4222 1711 4288 1‘2;
1739 4237 1883 4276 xuv.
1915 4222 1967 4288 6,
1994 4223 2044 4276 7.
2124 4224 2145 4255 ⁸
2165 4223 2300 4280 Joel.
2326 4241 2446 4296 cap.
2480 4244 2561 4298 tu,
2593 4242 2647 4285 v.
2680 4227 2732 4295 l,
2760 4229 2814 4290 2,
2886 4228 2908 4262 ⁸
2931 4227 3120 4285 Matth.
3151 4245 3228 4295 ιιι,
3257 4229 3345 4286 15.

102 4407 227 4478 apud
260 4405 795 4478 Gottingenses_Fr._
828 4406 965 4475 Cph.
1007 4404 1266 4463 Neubour
1300 4409 1355 4462 iu
1402 4408 1653 4478 biblioth.
1765 4410 1923 4478 brum
1938 4407 2014 4462 De
2029 4408 2264 4478 falsitate
2281 4408 2867 4463 oraculorumedidisse
2883 4407 3044 4462 refert
3062 4407 3336 4472 Socrates,

100 4470 567 4546 Dremensiclasse
598 4492 635 4540 ι,
667 4470 929 4531 fasciculo
958 4481 1012 4541 5,
1051 4493 1103 4546 p.
1146 4479 1251 4532 209
1292 4478 1420 4534 edit.
1450 4477 1663 4531 Amste-
1773 4474 1980 4532 Histor.
2021 4470 2229 4541 cedes”
2277 4479 2370 4534 lib.
2426 4495 2506 4539 ιιι,
2550 4494 2668 4545 cap.
2713 4479 2799 4532 l9.
2836 4478 2979 4531 Idem
3020 4470 3336 4533 institutum

102 4542 196 4596 lod.
232 4546 390 4618 1724,
440 4561 572 4618 sqq.
624 4547 806 4618 itidem
858 4562 925 4602 ex
977 4542 1335 4618 Demosthene
1390 4549 1662 4617 egregiqu
1764 4549 1830 4602 de
1849 4542 2653 4618 Diogenianocommemoravit
2677 4546 3141 4618 Theodoretusjn
3165 4547 3336 4618 Θερα-

100 4617 371 4687 quemdam
410 4616 665 4687 eamdem
697 4617 896 4687 inurem
939 4618 1202 4687 protraxit
1231 4614 1447 4670 locum.7
1526 4614 1541 4616 7

1840 4617 1894 4686 ἱᾳ
1924 4614 2245 4686 Ἑλληνικῶν
2289 4617 2498 4681 παθῶν,
2562 4617 2695 4687 Opp.
2734 4627 2867 4670 tom.
2915 4615 3005 4687 IY.
3057 4614 3334 4687 Lucianus

162 4686 265 4756 (95)
304 4686 470 4755 Apud
501 4684 699 4756 Euseb.
739 4685 877 4756 Hist.
909 4684 1113 4751 coclea,
1144 4688 1234 4740 lib.
1268 4701 1320 4743 v.
1346 4703 1466 4756 cap.
1500 4687 1588 4741 2L
1763 4684 1951 4740 multis
1979 4684 2230 4755 dialogis,
2273 4703 2323 4740 v.
2354 4704 2405 4741 c.
2443 4684 2651 4741 Concil.
2680 4687 2917 4751 deorum,
2952 4685 3081 4743 Jun.
3131 4697 3185 4741 et
3232 4686 3335 4741 La-

163 4755 269 4827 l94)
308 4757 389 4827 De
416 4755 777 4827 scriptoribus
810 4755 1078 4827 Ecclesite.
1107 4772 1233 4827 cap.
1251 4756 1342 4810 9.4.
1417 4755 1430 4756 7
1764 4766 1904 4821 ton.,
1935 4765 2063 4815 etc..
2103 4757 2321 4811 oracula
2369 4759 2621 4813 vanitatis
2668 4756 2924 4811 convicit.
2959 4756 3119 4812 Celso
3180 4773 3331 4827 vero,

164 4825 266 4891 (95)
307 4826 362 4879 In
400 4825 552 4879 Hist.
587 4826 793 4886 eccles.,
821 4826 913 4880 lib.
951 4843 1001 4892 ν,
1028 4842 1147 4895 cap.
1176 4826 1265 4883 2L
1761 4842 1949 4880 eorum
1988 4828 2365 4881 auctoritatem
2406 4827 2730 4896 vindicanti,
2773 4840 2894 4881 sese
2922 4828 3178 4896 Opposuit
3210 4826 3337 4883 Ori-

160 4896 263 4958 (96)
301 4897 509 4950 Contra
531 4895 754 4958 Celsum,
782 4896 876 4953 lib.
899 4912 972 4951 νι.
1003 4913 1150 4949 num.
1185 4897 1237 4949 5.
1760 4912 1925 4965 genes
1955 4896 2110 4965 libris
2149 4912 2241 4960 vn,
2283 4913 2420 4965 quos
2452 4897 2617 4951 edidit
2644 4895 2788 4951 Guil.
2823 4895 3081 4964 Spencer.

158 4966 263 5037 (97)
307 4968 372 5037 fit
401 4965 666 5037 Joannem
707 4965 1043 5037 ltomilia'U,
1072 4966 1267 5037 p.597.
1770 4964 1783 4965 7
1830 4964 2011 5037 (l)7lu
2066 4964 2318 5037 Catalogo
2349 4968 2669 5036 scriptorum
2722 4967 3036 5033 ecclesiast.,
3073 4983 3191 5036 cap.
3238 4967 3331 5034 24,

160 5034 264 5100 (98)
306 5035 373 5089 In
399 5035 667 5106 Joannem
706 5035 892 5088 homil.
930 5036 1016 5099 l7,
1042 5053 1092 5106 p.
1125 5036 1214 5092 99.

467 5051 667 5106 ναιιιιςηι
706 5035 892 5088 ltomil.
930 5036 1016 5099 l7,
1042 5053 1092 5106 p.
1125 5036 1214 5092 99.
1757 5051 1810 5105 p.
1843 5036 1964 5093 ΗΟ.

159 5106 264 5172 (99)
305 5104 841 5177 (ΣΙιι-γείριιῇῌίιιεθιιε
877 5104 1153 5163 volumen.
1178 5106 1275 5177 in;
1304 5122 1414 5176 quo
1459 5107 1659 5177 Apolli-
1760 5104 1771 5105 7
1829 5108 1905 5177 (9)
1946 5104 2186 5161 Diatrt'be
2215 5107 2277 5162 de
2318 5107 2741 5177 Charismatibus
2777 5109 2882 5162 sive
2908 5107 3060 5161 donis
3098 5106 3331 5160 miracu-

97 5175 173 5249 nis
192 5174 701 5249 oraculafcondidit,
728 5175 886 5249 salse
902 5176 1216 5249 perstringit
1242 5174 1431 5249 Cicero
1466 5174 1558 5231 lib.
1593 5194 1654 5245 ιι,
1756 5174 2137 5249 losisantiquw
2170 5177 2444 5242 Ecclesia,
2472 5194 2591 5249 cap.
2625 5176 2678 5243 6,
2705 5178 2815 5249 54,
2849 5195 2900 5249 p.
2928 5177 3051 5249 ‘297,
3080 5192 3231 5249 seqq.

98 5241 162 5325 De
192 5246 543 5325 divinatione,
580 5260 695 5325 cap.
739 5245 827 5325 56.
860 5241 1208 5325 Porphyrius,
1241 5248 1518 5325 gentilium
1552 5241 1656 5325 cae;
1765 5317 1786 5325 Δ
1826 5249 1903 5316 (5)
1944 5249 1966 5325 l_
1996 5241 2243 5325 Corinth.
2278 5265 2377 5314 xu,
2413 5250 2469 5325 71
2594 5241 2751 5325 9,719
2794 5266 2806 5301 :
2852 5241 3117 5325 Ἔκᾴστίρ
3145 5241 3213 5297 δέ
3245 5245 3333 5298 δί-

96 5317 331 5399 teroquin
378 5314 787 5399 superstitionis
833 5314 1133 5399 acerrimus
1170 5314 1443 5399 tlefensor,
1479 5319 1593 5399 qui,

1836 5314 1918 5372 ra.
1936 5319 1973 5385 ἠ
1987 5318 2340 5399 ’ξανᾷρωσςς
2366 5321 2477 5399 tot}
2506 5319 2856 5399 Ηνςύμετος,
2882 5316 3031 5383 πρὸς
3060 5315 3333 5399 τὸωςυμ-

93 5382 153 5434 de
191 5382 543 5457 philosophia
588 5400 654 5438 ex
699 5386 936 5439 oraculis
960 5385 1154 5457 petitis
1186 5387 1382 5441 librum
1413 5382 1585 5457 scrips

1834 5382 2061 5456 ρονίτᾨ
2393 5390 2490 5443 διὰ
2534 5382 2677 5444 τοῦ⁷
2705 5382 3047 5456 nminem;
3102 5382 3331 5457 616mm

93 5456 297 5528 oracula
336 5464 603 5524 vatesque
632 5456 1020 5528 smpehtnentiri
1050 5456 1248 5510 fatetur
1276 5458 1419 5528 apud
1450 5456 1589 5512 Ense

1831 5476 1929 5528 γος
1960 5459 2198 5525 σοφίας,
2227 5456 2394 5525 an...
2431 5460 2499 5512 δὲ
2536 5460 2715 5528 λόγος
2746 5457 3039 5528 γνώσεως,
3066 5456 3216 5528 θεατὰ
3260 5460 3328 5510 τὸ

96 5520 385 5597 ιξνῳραγαε.
449 5520 725 5597 eva‘ngel.,7
772 5524 871 5597 lib:
910 5542 984 5587 vr,
1032 5541 1152 5597 cap.
1200 5528 1252 5582 5.
1288 5520 1591 5581 (Enomaut

1832 5520 2192 5597 7rd7ﬂrs713ya7.
2216 5520 2424 5596 Ἐτέρῳ
2450 5528 2517 5582 δὲ
2548 5520 2839 5597 πίὶγτὶςίὲν
2864 5527 2941 5592 τῷ
2961 5520 3119 5597 αὑπῷ
3138 5528 3329 5597 Ηνεύτ

92 5591 464 5668 philosophum
499 5591 798 5668 Cynicum,
842 5591 1168 5668 Ρονριιγτῖοη
1193 5599 1354 5665 paulo
1402 5598 1583 5667 superi

1834 5615 1902 5652 rr-
1939 5591 2106 5662 ἄλλῴ
2139 5598 2207 5651 δὲ
2260 5591 2596 5668 χαρίσματα
2629 5591 2920 5668 ιαμίἱτων,
2942 5598 3011 5651 ἐν
3043 5596 3122 5661 τῷ
3170 5596 3331 5668 utith

92 5674 235 5744 rem,-
270 5665 541 5744 Apollinis
567 5665 833 5744 'oraculis
889 5667 1087 5733 saepius
1114 5667 1425 5744 __deceptutn
1456 5665 1485 5729 ,7
1531 5668 1589 5744 ej}

1836 5670 2063 5739 εὐματιι
2102 5665 2362 5744 quasi
2397 5665 2768 5744 θεργήμὰτα
2803 5668 3131 5739 δυνάμεων,
3167 5665 3333 5732 ἄλλῳ

92 5733 362 5792 mendacia
417 5734 675 5791 vaticinia
730 5736 783 5790 in
833 5752 999 5793 unum
1044 5733 1348 5809 collegisse,
1384 5733 1589 5811 atque7l

951 5752 999 5792 ω
1044 5733 1348 5809 εουεείεέθ,
1384 5733 1643 5811 atque7li-
1749 5739 1815 5794 δὲ
1855 5733 2197 5810 anagnosta,
2221 5733 2274 5793 κ.
2311 5757 2358 5793 τ.
2397 5740 2444 5795 λ.
