3792 6218
156 272 295 326 1173
802 287 817 307 ·’
1123 273 1426 329 NOTlTlA.
1468 302 1534 312 ——
1572 271 1610 326 l.
1648 272 1736 326 DE
1776 272 1810 325 ν

1836 270 1941 325 ΙΤΑ
1979 270 2038 323 S.
2077 265 2468 325 MELITONIS.
3294 261 3431 315 1174

150 394 311 460 Cujus
345 394 691 449 concinnam
722 404 777 450 et
808 395 1026 451 brevem
1053 395 1192 451 hanc
1217 396 1470 451 dabimus
1497 395 1919 464 descriptionem
1961 394 2408 466 geographicam.
2445 389 2656 458 Sardis,
2693 387 2943 444 Sardium
2989 385 3185 458 plurali
3220 394 3428 441 tantum

151 501 406 552 numero,
447 487 555 542 fuit
585 490 718 544 urbs
755 488 937 559 Lydiae.
981 489 1198 559 (ll),in
1245 489 1373 543 Asia
1426 488 1654 554 Minore,
1686 488 1906 543 Pactolo
1947 487 2060 557 (12)
2104 486 2347 541 aurifero
2390 484 2615 539 ﬂumine
2669 482 2977 548 notissima,
3009 498 3130 552 quze
3170 481 3429 535 ﬂexuOsis

148 580 415 636 Mzeandri
463 580 650 635 amnis
696 580 1012 635 recursibus
1062 579 1301 648 perfusa,
1339 595 1503 648 super
1530 578 1736 632 Iuniani
1783 580 2047 648 procedit,
2075 578 2323 649 Phrygiae
2362 578 2430 631 ab
2481 586 2675 631 exortu
2709 576 2839 630 solis
2881 575 3080 639 vicina,
3110 576 3173 629 ad
3214 582 3428 644 septen-

148 676 387 728 trionem
425 671 661 738 Mtesiae,
680 672 977 726 meridiana
1005 681 1157 743 parte
1199 670 1373 725 Cariae
1397 680 1604 739 partem
1634 672 1984 739 amplectens.
2026 669 2199 739 Hujtts
2224 685 2353 739 ergo
2382 668 2563 739 Lydite
2589 668 2717 721 urbs
2750 680 2805 722 et
2829 675 2991 735 caput
3030 666 3133 719 fuit
3172 665 3428 719 Sardium

148 762 378 828 civitas,
404 764 533 818 aliis
581 764 779 834 Σάρδις
826 764 946 819 aliis
994 782 1124 819 vero
1176 763 1404 833 Σάρδεις
1448 762 1632 818 Graaee
1674 778 1806 817 voca

1837 780 1864 818 a
1895 763 2033 834 (15),
2063 763 2199 816 inter
2235 761 2552 833 Thyatiram
2586 770 2639 815 et
2689 760 3115 829 Philadelphiam
3149 758 3261 829 (14)
3298 760 3425 823 sita,

148 856 346 911 Tmolo
393 859 575 913 monti
627 859 909 913 fortunato
971 859 1229 927 adjacens
1261 856 1396 926 (15),
1431 857 1589 926 cujus
1622 858 1818 913 Strabo
1846 859 1958 930 (16)
1991 858 2131 912 hanc
2160 856 2309 911 dedit
2336 855 2752 924 descriptionem
2789 874 2801 907 :
2831 855 2894 909 Al
2917 854 2972 907 δὲ
2996 852 3220 923 Σάρδεις
3272 852 3426 916 πόλις

148 947 265 1002 ἐστὶ
315 950 555 1021 μεγάλη,
596 951 837 1022 νεωτέρα
878 952 973 1021 μὲν
1014 952 1121 1004 τῶν
1162 954 1442 1024 Τρωῖκῶν,
1477 952 1679 1023 ἀρχαία
1715 952 1773 1004 δὲ
1797 955 1965 1022 ὅμως,
1989 952 2133 1021 ἄκρα
2166 951 2367 1022 εὐερκῆ
2418 950 2635 1020 ἔχουσα,
2666 947 2928 1017 βασίλειον
2964 946 3018 998 δὲ
3055 943 3271 1015 ’ὖπηρξε
3318 942 3424 996 τῶν

147 1041 363 1095 Λυδῶν.
414 1061 434 1095 ι
478 1041 671 1097 Sardis
697 1042 831 1096 urbs
861 1052 943 1097 est
974 1060 1191 1113 magna,
1237 1045 1508 1113 posterior
1536 1043 1753 1112 quidem
1781 1044 2011 1097 urbibus
2035 1042 2309 1112 Trojanis,
2335 1049 2546 1097 vetusta
2579 1050 2784 1102 tamen,
2820 1053 2974 1092 arces
3004 1036 3210 1090 habens
3239 1038 3425 1089 muni-

147 1137 426 1203 tissimas,
454 1136 673 1208 fuitque
700 1138 830 1192 olim
869 1136 1142 1207 Lydorum
1175 1140 1341 1210 regia.
1376 1158 1395 1191 ι
1430 1137 1585 1193 Unde
1623 1151 1842 1207 quoque
1870 1136 2132 1190 Horatius
2171 1135 2282 1204 (17)
2320 1154 2333 1189 :

834 1265 975 1332 Quid
1002 1268 1259 1322 concinna
1294 1265 1501 1331 Samos,
1532 1266 1657 1335 quid
1688 1264 1853 1318 Croesi
1890 1262 2033 1331 regia
2066 1259 2294 1315 Sardis?

144 1405 360 1474 Opibus
413 1414 585 1473 atque
643 1402 851 1458 divitiis
898 1402 1014 1456 hazc
1063 1401 1218 1463 urbs,
1258 1410 1313 1455 et
1363 1400 1546 1455 omnis
1592 1397 1773 1476 Lydia
1824 1395 1995 1465 regio,
2028 1395 2186 1449 valde
2217 1395 2533 1461 abundavit,
2564 1395 2693 1450 hinc
2729 1406 2783 1449 et
2817 1394 3009 1466 adagia
3043 1394 3415 1458 innatuerunt,

150 1517 169 1546 ι
206 1495 407 1549 Crwso
459 1493 631 1547 ditior
692 1510 710 1543 ι
761 1500 815 1546 et
867 1509 885 1541 ι
937 1488 1093 1547 Mida:
1134 1505 1285 1560 opes.
1339 1510 1355 1541 ι
1390 1489 1709 1543 Celebratur
1764 1491 2001 1545 maxime
2054 1490 2126 1542 ob
2176 1503 2419 1557 purpura
2470 1486 2710 1556 tingendi
2746 1495 2918 1540 artem
2964 1497 3017 1541 et
3057 1488 3127 1543 ob
3158 1489 3416 1558 tapetium

144 1588 760 1658 praestantissimorum,
795 1583 995 1654 quibus
1050 1582 1459 1638 indormiebant
1508 1591 1739 1646 veteres,
1793 1590 2063 1636 texturam
2090 1582 2227 1651 (18),
2261 1582 2404 1636 unde
2446 1580 2577 1634 illud
2619 1577 2877 1633 Varronis
2902 1579 3056 1649 (l9):
3092 1600 3111 1630 ι
3149 1580 3302 1635 Cubo
3361 1580 3415 1634 in

144 1678 496 1733 Sardianieis
553 1676 825 1746 tapetibus
877 1675 1016 1729 inter
1065 1675 1365 1729 chlamides
1424 1686 1478 1727 et
1528 1689 1799 1743 purpurea
1869 1674 2125 1729 amicula.
2190 1694 2208 1725 ι
2243 1673 2368 1728 Haec
2422 1673 2747 1742 caeteroquin
2792 1671 2985 1728 civitas
3022 1688 3147 1727 cum
3194 1672 3417 1728 Sardiea

142 1770 313 1837 urbe,
352 1783 481 1838 quae
525 1784 559 1822 a
601 1768 829 1822 Claudio
863 1766 1162 1821 Ptolomaeo
1192 1765 1304 1833 (20)
1343 1765 1481 1818 inter
1507 1763 1752 1818 Thracia:
1791 1763 2041 1818 civitates
2078 1764 2507 1819 mediterraneas
2546 1774 2885 1828 numeratur,
2937 1775 2989 1819 et
3021 1766 3252 1820 concilio
3283 1765 3417 1820 Sar-

138 1858 373 1923 dicensi,
403 1857 461 1911 in
497 1872 666 1912 causa
693 1856 1059 1910 Athanasiana
1096 1856 1389 1919 celebrato,
1424 1854 1654 1908 illustris
1684 1862 1787 1918 est,
1820 1868 1929 1907 non
1989 1854 2149 1909 debet
2200 1853 2459 1909 confundi
2489 1894 2503 1917 ,
2543 1870 2721 1925 neque
2761 1871 2884 1911 cum
2927 1854 3175 1911 Sardinia
3216 1860 3416 1920 insula,

138 1950 298 2019 cujus
331 1947 535 2002 incola:
563 1946 741 2013 Sardi,
780 1945 970 2001 Sardoi
999 1957 1051 2001 et
1079 1946 1380 2011 Sardenses
1413 1962 1634 2016 quoque
1663 1954 1948 2011 vocantur,
1983 1955 2035 1999 et
2064 1946 2130 2001 de
2164 1946 2368 2016 quibus
2405 1956 2533 2001 nota
2567 1956 2694 2002 sunt
2718 1948 2827 2002 duo
2851 1949 3167 2017 proverbia,
3205 1969 3221 2000 ι
3260 1948 3416 2003 Sardi

140 2044 383 2109 venales,
409 2061 431 2093 ι
473 2044 685 2098 scilicet
712 2044 779 2099 de
803 2044 1001 2099 vilibus
1021 2053 1074 2098 et
1100 2042 1443 2112 contemptis,
1483 2062 1500 2094 ι
1530 2030 1832 2098 Sardonius
1859 2041 2025 2105 risus,
2053 2059 2070 2093 ι
2109 2041 2175 2096 de
2201 2041 2313 2095 risu.
2342 2040 2467 2096 ﬁcto
2496 2054 2590 2097 aut
2620 2042 2692 2109 ei,
2732 2042 2824 2111 qui
2869 2043 3006 2097 ridet
3052 2042 3253 2097 exitiali
3280 2043 3414 2111 (2i),

140 2134 350 2190 Sardus
381 2135 571 2204 itaque
626 2144 679 2190 et
730 2135 1018 2190 Sartlensis
1063 2144 1146 2189 est
1198 2150 1229 2190 e
1275 2134 1550 2199 Sardinia,
1584 2131 1928 2187 Sardicencis
1952 2148 1982 2187 e
2010 2131 2266 2198 Thracia,
2294 2131 2598 2187 Sardianus
2629 2147 2759 2187 vero
2787 2148 2817 2187 e
2859 2131 3045 2204 Lydia.
3073 2132 3232 2197 lline,
3265 2134 3413 2203 quod

137 2227 299 2294 paulo
332 2229 599 2295 superius
656 2229 708 2281 in
748 2239 870 2282 nota
916 2228 1140 2299 jamjam
1192 2228 1626 2292 observavimus,
1670 2227 1852 2282 Melito
1881 2229 2062 2282 minus
2091 2236 2236 2281 recte
2263 2242 2292 2280 a
2318 2227 2580 2295 dignitate
2603 2227 2975 2281 ecclesiastica
3018 2238 3242 2283 vocatur
3280 2228 3413 2281 Sar-

138 2319 358 2384 densis';
394 2320 528 2373 hinc
577 2335 742 2387 porro
778 2321 1155 2391 corrigendos,
1186 2319 1439 2376 Chronici
1490 2322 1841 2376 Alexandrini
1874 2323 2160 2391 interpres,
2194 2320 2284 2391 qui
2332 2320 2463 2375 illud
2492 2320 2742 2376 auctoris
2775 2338 2786 2372 :
2816 2320 3063 2373 Μελίτων
3107 2322 3413 2393 Σαρδιανῶν

140 2413 241 2473 ire;
283 2411 455 2464 vertit
488 2429 502 2464 :
540 2429 558 2461 ι
595 2410 777 2465 Melito
831 2411 1245 2467 Sardicensium
1309 2412 1572 2482 pontifex,
1614 2433 1631 2464 ι
1666 2413 1955 2468 dicendum
2014 2424 2130 2467 erat
2176 2412 2590 2469 Sardianorum.
2638 2411 2809 2467 Hodie
2856 2412 3242 2469 ﬂorentissima
3279 2417 3406 2468 olim

139 2504 358 2566 civitas,
395 2504 616 2559 vienlus
655 2514 743 2559 est
787 2506 1065 2575 ignobilis,
1098 2523 1258 2576 quem
1304 2505 1470 2561 Turci
1511 2516 1711 2572 tenent,
1741 2516 1797 2562 et
1839 2507 1965 2562 Sart
2002 2517 2221 2571 vocant,
2260 2509 2403 2564 mdes
2432 2508 2593 2562 habet
2619 2516 2881 2577 angustas
2917 2517 2969 2563 et
3007 2508 3263 2571 humiles,
3290 2510 3411 2563 sine

140 2597 463 2667 splendore,
496 2597 616 2651 sine
652 2606 845 2651 ornatu
888 2616 901 2651 :
936 2599 1080 2652 nulla
1110 2599 1180 2652 ibi
1216 2599 1466 2663 ecclesia,
1499 2598 1631 2652 nulli
1672 2598 1990 2666 Christiani,
2020 2614 2122 2653 nec
2153 2600 2290 2655 alios
2327 2599 2439 2654 fere
2482 2598 2688 2654 incolas
2736 2599 2899 2654 habet
2937 2610 3131 2669 prmter
3162 2611 3411 2669 pastores

142 2700 199 2743 et
229 2690 533 2754 bubuleos,
558 2690 650 2759 qui
678 2691 732 2743 in
759 2691 934 2759 ampla
966 2700 1019 2744 et
1048 2690 1449 2760 iucundissima
1497 2690 1744 2760 planitie,
1811 2706 1933 2759 qute
1968 2691 2086 2747 vico
2132 2692 2257 2747 huic
2298 2691 2670 2762 prtetenditnr,
2700 2706 2919 2762 gregum
2949 2702 3013 2751 et,
3036 2705 3409 2749 armentorum

144 2782 215 2836 ibi
251 2780 671 2850 depascentium
703 2795 891 2833 curam
919 2791 1102 2849 agunt.
1136 2778 1424 2834 Publicum
1462 2780 1533 2834 Ibi
1560 2779 1779 2849 quidem
1809 2779 2107 2849 hospitium
2133 2781 2408 2851 quoddam
2439 2790 2544 2847 est,
2577 2791 2661 2837 ast
2698 2783 2877 2838 nullos
2907 2784 3010 2839 nisi
3039 2783 3235 2839 Persas
3266 2803 3408 2841 ruer-

146 2884 399 2927 caturam
434 2874 698 2944 gregatim
730 2884 1046 2928 exercentes
1077 2873 1417 2943 (Caravanis)
1448 2874 1641 2943 recipit
1663 2874 2090 2945 peregrinantes.
2108 2874 2163 2929 ln
2202 2875 2425 2931 australi
2460 2876 2681 2947 regione
2714 2876 2957 2945 ingentes
2986 2879 3221 2947 antiquze
3254 2880 3404 2934 urbis

142 2968 306 3021 hodie
354 2968 542 3021 adhuc
599 2976 816 3021 exstant
860 2968 1051 3034 ruina},
1099 2967 1301 3037 quibus
1350 2969 1485 3024 visis
1530 2968 1689 3025 facile
1720 2969 1952 3041 quilibet
1990 2970 2174 3023 animo
2210 2969 2499 3038 concipere
2526 2962 2722 3036 potest,
2748 2985 2911 3039 quam
2953 2970 3237 3036 magniﬁca
3270 2971 3397 3022 olim

137 3060 507 3130 fuerit,quam
523 3058 801 3128 splendida
819 3068 876 3112 et
893 3059 1122 3127 superba
1151 3067 1441 3129 antequam
1468 3069 1789 3116 verteretur.
1810 3061 1990 3117 Debeo
2005 3060 2143 3115 hanc
2170 3059 2487 3114 relationem
2517 3058 2874 3113 celeberrimo
2897 3058 3000 3112 Th.
3047 3057 3259 3113 Sinitho
3290 3061 3377 3128 (2?.

132 3216 195 3269 τὸ
221 3214 425 3285 κτητὸν
456 3212 832 3285 Σαρδιανικός.
857 3231 876 3263 ι
911 3210 1259 3285 Sardisurbs
1292 3212 1472 3284 Lydia:
1500 3229 1714 3283 magna,

134 3286 271 3341 civis
316 3281 871 3338 'dicitur'Sardianus
902 3292 956 3337 et
988 3281 1252 3337 Sardiana
1277 3326 1289 3344 ,
1339 3281 1715 3344 possessivum

132 3367 219 3411 est
278 3354 659 3409 Sardianicus.
704 3372 723 3406 ι
781 3352 935 3407 Patet
988 3354 1183 3407 exinde
1246 3352 1558 3407 Mefitnnem
1609 3369 1717 3407 non

134 3428 254 3479 sine
292 3426 428 3478 vitio
461 3423 912 3493 etimmunissime
942 3421 1233 3477 Sardensis
1271 3424 1594 3493 cognomine
1624 3440 1721 3493 ap»

135 3496 352 3560 pellari,
391 3510 515 3548 cum
564 3502 743 3546 tamen
779 3492 1080 3547 Sardianus
1115 3494 1186 3546 sit
1222 3492 1717 3561 cognominandus.

133 3564 254 3619 Vox
311 3566 457 3619 enim
517 3562 826 3625 Sardensis,
870 3571 1012 3616 recte
1056 3563 1381 3617 observante
1430 3562 1717 3627 Halloixio,

134 3636 315 3702 magis
351 3649 475 3687 eum
511 3633 781 3701 significat
811 3632 902 3701 qui
940 3648 969 3685 e
1014 3631 1265 3685 Sardinia
1296 3641 1398 3702 est,
1434 3650 1596 3702 quam
1624 3634 1718 3701 qui

130 3721 160 3757 e
200 3701 805 3758 Sartlibus.¢Sartlinia
860 3717 1022 3771 porro
1073 3710 1157 3755 est
1208 3702 1259 3754 in
1292 3701 1500 3767 Africa,
1532 3702 1719 3757 Sardis

129 3789 265 3846 vero
324 3774 381 3827 in
402 3772 744 3846 _Asia._Cu‘m
779 3772 942 3846 igitur
970 3771 1181 3846 Sardus
1204 3772 1272 3825 sit
1309 3772 1375 3846 is.
1404 3774 1497 3841 qui
1527 3771 1720 3846 e.Sar-

130 3844 311 3909 dinia,
343 3842 507 3897 etiam
554 3841 835 3896 Sardensis
878 3857 945 3895 ex
971 3841 1302 3910 cognatione
1328 3841 1716 3898 formationum

133 3925 356 3981 recepta
406 3910 813 3981 Sardiniensem
870 3909 1193 3981 designabit.
1222 3909 1545 3967 illactenus
1606 3912 1714 3965 ille.

131 3978 319 4035 Tultiu
373 3990 542 4044 certe,
600 3979 776 4033 Plinio
830 3989 902 4050 et_
936 3978 1058 4034 aliis
1110 3978 1300 4032 Latine
1370 3982 1718 4050 loquentibus

132 4052 445 4105 Sardianus
495 4058 600 4114 est,
657 4049 751 4119 qui
796 4065 828 4104 e
882 4048 1177 4119 Sardibus;
1238 4048 1457 4104 Sardus
1493 4068 1621 4105 vero
1669 4062 1719 4104 et

132 4121 428 4176 Sardensis
452 4130 504 4173 et
531 4118 772 4173 SardOus
794 4120 884 4187 qui
909 4136 939 4174 e
959 4118 1227 4173 Sardinia.
1258 4119 1363 4173 Sed
1394 4121 1505 4174 hare
1523 4121 1716 4175 obiter.

203 4192 318 4261 (11)
349 4189 577 4254 Plinius,
608 4189 859 4243 ilistorite
886 4190 1152 4261 naturalis
1174 4189 1271 4261 lib.
1294 4205 1348 4261 7v.
1371 4205 1420 4243 c.
1448 4191 1538 4243 ‘29:
1572 4209 1587 4241 ι
1613 4190 1719 4260 Ly—

129 4259 245 4326 dia,
300 4262 500 4329 inquit,
546 4261 853 4314 celebratur
907 4260 1142 4313 maxine
1168 4259 1436 4313 Sardibus
1467 4262 1518 4314 in
1553 4259 1720 4314 latere

131 4330 325 4384 Tmoli
383 4330 611 4395 montis,
661 4331 753 4398 qui
812 4340 969 4384 antea
1030 4329 1278 4385 Timolus
1323 4332 1716 4399 appellatatnr,

128 4403 340 4455 vitibus
385 4402 657 4464 consitus,
689 4407 743 4453 et
774 4416 836 4451 ex
875 4415 940 4453 eo
985 4400 1283 4468 proﬂuente
1325 4398 1576 4461 Pactolo,
1624 4417 1720 4454 eo-

128 4475 370 4539 demque
399 4470 798 4540 ehrysorrhoa;
841 4470 1105 4525 Sardiana
1137 4486 1281 4524 nunc
1323 4472 1622 4539 appellatur
1653 4486 1717 4523 ea

127 4542 290 4603 ditio,
307 4560 324 4591 ι
358 4549 464 4592 etc.

203 4611 322 4678 (12)
381 4608 600 4665 Strabo.
657 4608 708 4661 in
767 4610 1098 4679 Geographia
1152 4610 1256 4661 sive
1308 4610 1371 4661 tle
1411 4612 1512 4662 sitit
1547 4609 1711 4671 orbis,

127 4683 237 4761 lib.-
257 4696 375 4761 xlii,
408 4694 535 4761 pag.
559 4678 803 4761 599,‘ed.
978 4678 981 4679 ⁷
1183 4679 1275 4731 fol.
1304 4680 1397 4761 Gr.
1433 4679 1584 4761 Lata:
1605 4680 1713 4731 Ῥεῖ

126 4752 183 4803 δὲ
216 4754 245 4803 ὁ
280 4747 573 4821 Πακτωλὸς
593 4747 727 4821 ’ἀπὸ
765 4750 858 4821 τοῦ
884 4748 1141 4821 (Τμώλου.
1166 4750 1486 4821 κᾳταςρέρων
1524 4749 1582 4821 τῷ
1612 4767 1713 4801 πα-

126 4822 278 4873 λαιὸν
309 4817 513 4890 xpuch
547 4818 742 4888 ψῆγμα
775 4815 1058 4886 nemo?
1087 4815 1146 4874 οὗ
1184 4819 1271 4871 τὸν
1302 4815 1530 4890 Χρδίσου
1563 4818 1713 4886 λεγό-

132 4889 596 4963 μενονζπλοῡτον,
630 4890 736 4963 Δκσιὲ
778 4890 885 4963 τῶν
942 4890 1218 4963 προγὸνιωι
1269 4889 1714 4963 ᾳλίιτοῦγδιονομα·

131 4958 324 5031 eaq-ia:
359 4976 514 5031 φαᾳι.
556 4976 574 5009 ι
615 4960 659 5010 Α
695 4958 891 5031 Tmolo
920 4958 1099 5014 autem
1134 4960 1249 5012 ﬂuit
1282 4959 1555 5031 Pactolus,
1581 4958 1711 5014 olint

131 5028 296 5086 multa
352 5030 469 5084 auri
532 5040 774 5085 ramenta
802 5029 1240 5085 deferens.uude
1274 5028 1447 5085 Crtesi
1478 5046 1605 5099 opes
1662 5039 1715 5084 et

130 5104 405 5166 majorum
432 5100 553 5166 ejus
578 5099 880 5155 celebratas
913 5100 1117 5153 ferunt.
1163 5119 1180 5151 ι

198 5173 313 5239 (13)
349 5169 468 5224 Non
501 5170 819 5239 desunt,qu
854 5171 1259 5239 aenigmatirnm
1292 5185 1492 5224 nomen
1528 5171 1712 5225 hario-

129 5237 309 5295 lnntnr
336 5256 405 5294 cx
443 5248 538 5297 -γω
587 5237 912 5309 «princeps,
956 5237 982 5291 ί
1009 5250 1100 5293 aut
1151 5250 1305 5309 ’Τπωῴ
1345 5258 1361 5289 ι
1418 5241 1652 5294 amassis
1689 5258 1707 5291 ι

129 5324 218 5366 aut
272 5320 428 5371 ’τ’-πω
490 5329 507 5359 ι
543 5302 845 5379 superstes,
884 5329 902 5362 ι
955 5311 1155 5379 quibus
1213 5302 1461 5379 etﬂitatis
1533 5312 1715 5366 mullus

130 5382 289 5436 hodie
325 5380 525 5450 modus
552 5388 654 5431 est.
693 5376 900 5447 Spanb.
936 5376 1123 5450 Ceugr.
1149 5376 1318 5434 sacra:
1345 5394 1391 5434 et
1422 5380 1710 5435 ecclesiast.

130 5468 245 5523 pag.
279 5450 365 5511 65,
385 5447 662 5523 _0perum_
681 5457 814 5503 tom.
844 5450 883 5523 l_.

196 5518 318 5591 (14)
384 5520 591 5591 Prteter
615 5588 627 5591 _
650 5518 748 5591 bas
801 5520 961 5591 grtes
991 5520 1042 5573 in
1087 5520 1251 5591 Lydia
1281 5536 1444 5591 porro
1473 5521 1715 5577 celebres

127 5587 357 5648 fuerunt
385 5587 785 5657 Philadelphia,
816 5588 1073 5659 Tripolis,
1096 5587 1327 5656 Tralles,
1354 5590 1623 5659 Magnesia
1649 5594 1716 5647 ad

130 5661 373 5735 Sipylum
425 5668 691 5735 montem,
723 5669 774 5713 et
816 5660 927 5735 alia
958 5659 1227 5735 Magnesia
1260 5662 1712 5735 ad__M.eam_lrum,

142 5728 405 5803 "ﬁni-pa,
463 5728 860 5782 llierocwsarea
914 5728 1283 5802 Leucnphryw,
1317 5730 1480 5802 Nysa‘,
1517 5731 1713 5787 Τριηε-

1827 3214 2072 3339 ηὲιέιγίεε
2101 3222 2154 3337 ﬁt
2184 3209 2712 3281 Aureliopolis.Cell.
2733 3209 2921 3281 Ceogr.
2960 3213 3125 3282 antiq.
3155 3227 3279 3283 pag.
3308 3214 3399 3278 50,

1827 3300 1856 3339 e
1898 3303 1908 3337 l
1943 3323 1955 3336 .
2030 3299 2097 3336 on
2142 3322 2155 3336 .

1898 3294 1955 3338 η.
1986 3294 2155 3338 ιοιιιι.

1824 3300 2244 3436 ῗαὲῗὸἴῖἒὶῗξιιιο
2261 3374 2285 3436 ἑ
2326 3351 2764 3436 ’Υπέρκειταιρὲ
2796 3350 2902 3404 τῶν
2938 3351 3212 3436 Σάρδοέχὶ

1823 3424 1911 3488 λος
1961 3423 2233 3493 εὐδαὶμων
2259 3424 2404 3487 ὄρος.
2444 3422 2632 3492 Geogr.
2669 3422 2764 3478 lib.
2794 3437 2913 3488 xm,
2952 3438 3073 3492 pag.
3100 3422 3225 3477 596.
3258 3422 3397 3478 Edit.

1825 3493 1992 3547 Basil.
2030 3493 2181 3547 1549.
2464 3522 2469 3533 ι

1895 3562 2007 3631 (16)
2042 3563 2184 3616 Idem
2221 3564 2344 3618 loco
2374 3563 2563 3617 citato.

1894 3634 2004 3701 (17)
2042 3632 2411 3701 Epistolarum
2441 3633 2537 3687 lib.
2574 3648 2613 3697 ι,
2644 3630 2927 3701 ρρίειημ.

1893 3699 2004 3772 (18)
2036 3699 2235 3757 confer
2265 3703 2405 3755 hanc
2438 3704 2490 3756 in
2524 3719 2636 3755 rem
2667 3699 2781 3755 Jac.
2808 3699 2995 3772 llasati
3048 3701 3181 3756 diss.
3227 3701 3295 3757 de
3323 3703 3399 3757 in-

1822 3773 2062 3843 quinatis
2098 3772 2471 3826 Sardiensium
2498 3771 2947 3843 ivestiinentisad
2980 3772 3395 3827 illustrationetn

1821 3841 2042 3911 Apoeal.
2061 3858 2144 3908 ιιι,
2165 3845 2216 3905 4,
2245 3858 2366 3912 qua:
2400 3843 2452 3897 in
2485 3842 2811 3896 Bibliotheca
2843 3841 3108 3897 Bremensi
3135 3852 3280 3908 torno
3308 3843 3394 3905 Ill,

1824 3914 1955 3967 fasc.
1998 3928 2054 3973 ll,
2089 3930 2142 3966 ιι.
2177 3914 2231 3973 4,
2277 3928 2396 3981 pag.
2433 3930 2507 3967 ni.
2540 3914 2677 3977 ‘253,
2708 3920 2904 3976 exstat,
2933 3922 2987 3965 et
3034 3912 3234 3967 Christ.
3284 3912 3395 3966 llicl

1819 3984 1953 4037 diss.
1992 3982 2059 4053 Qe
2087 3982 2327 4053 Purpura
2357 3982 2526 4051 Lydia
2554 3986 2621 4037 ad
2651 3984 2771 4037 Act.
2799 3997 2907 4042 χιι,
2936 3982 3022 4047 ib,
3048 3981 3188 4035 Bibl.
3217 3982 3391 4037 Brem.

1823 4064 1954 4107 tom.
1989 4052 2220 4124 ll,__l'asc.
2255 4068 2336 4116 ιιι,
2369 4069 2423 4124 n_.
2456 4054 2509 4114 2,
2544 4070 2596 4124 p.
2639 4054 2763 4124 551.

1893 4124 2004 4192 (19)
2063 4122 2135 4175 Ex
2197 4124 2315 4193 ejus
2362 4121 2587 4178 Hercule
2639 4123 2914 4179 Socratico
2958 4124 3099 4192 apud
3132 4121 3391 4188 Nonium,

1822 4191 2014 4247 lla’sa‘o
2046 4191 2267 4263 citante,
2318 4194 2461 4247 dicta
2496 4195 2628 4248 diss.
2660 4210 2778 4263 pag.
2809 4192 2933 4246 505.

1893 4264 2006 4331 (ΞΟ)
2042 4262 2385 4332 Geographiw
2432 4265 2525 4317 Iih.
2558 4280 2639 4325 ιιι,
2662 4262 2787 4332 θειῲ.
2817 4265 2900 4317 11.

1898 4334 2009 4402 (21)
2047 4331 2288 4402 Utroque
2322 4351 2453 4389 usus
2486 4336 2581 4386 fuit
2605 4331 2814 4389 Cicero.
2847 4335 3011 4402 priori
3044 4336 3259 4403 quidem
3295 4335 3389 4389 lib.

1825 4419 1898 4456 vlt
1957 4404 2313 4471 Epistolarum
2360 4406 2426 4457 ad
2484 4406 2731 4467 diversos,
2776 4420 2858 4472 cp.
2904 4407 2995 4469 24,
3044 4406 3109 4457 ad
3168 4406 3392 4459 Fabium

1828 4472 2039 4527 Gallum
2080 4492 2091 4526 :
2135 4494 2151 4523 ι
2201 4473 2377 4527 [labes
2420 4472 2619 4525 Sardes
2663 4474 2880 4526 venales
2928 4477 3092 4527 alium
3144 4476 3250 4527 alio
3297 4492 3392 4528 ne-

1824 4544 2103 4612 quiorem;
2145 4562 2162 4593 ι
2202 4545 2374 4596 altero
2432 4552 2610 4595 autem
2673 4542 3034 4610 Epistolarum
3088 4545 3178 4595 lih.
3233 4544 3385 4598 citat.

1816 4629 1901 4681 ep.
1936 4614 2025 4677 55,
2067 4614 2131 4665 ad
2186 4614 2436 4666 eumdem
2476 4615 2619 4665 hunc
2667 4613 2718 4665 in
2767 4617 2985 4665 modum
3034 4629 3045 4663 :
3100 4631 3118 4664 ι
3177 4613 3388 4668 Videris

1814 4684 1963 4735 enim
2015 4683 2144 4734 mihi
2184 4683 2377 4744 vereri,
2407 4698 2470 4733 ne
2506 4682 2605 4734 nisi
2643 4682 2793 4733 illum
2845 4684 3176 4748 caverimus,
3212 4685 3387 4737 ridea-

1818 4768 1940 4805 mus
1990 4752 2201 4819 γέλωτα
2229 4750 2608 4826 ξαρδιῦγιονηρ
2666 4750 2794 4804 Vide
2831 4752 3135 4826 Lloydinnr
3169 4755 3221 4826 in
3256 4753 3383 4808 Lex.

1815 4839 1989 4891 geogr.
2036 4838 2175 4891 voce
2220 4819 2495 4887 Sardinia,
2562 4819 2846 4875 Erasmum
2887 4819 2947 4881 ιιιῖ
2996 4822 3262 4887 Chiliad.,
3336 4835 3389 4878 et

1816 4890 1993 4945 Avrel.
2034 4890 2316 4962 Vit-torem,
2339 4892 2411 4943 De
2458 4891 2582 4962 riris
2629 4891 2924 4962 illustribus
2953 4908 3069 4962 cap.
3125 4893 3209 4955 57,
3263 4910 3384 4962 pag.

1819 4963 1939 5026 198,
1961 4962 2088 5014 edit.
2118 4960 2329 5015 Batava:
2357 4976 2477 5030 qua:
2520 4960 2678 5027 1696,
2708 4960 2983 5031 Ultrajecti
3015 4960 3165 5017 Sam.
3200 4960 3384 5017 Pitisci

1816 5047 2095 5111 cura‘cum
2137 5034 2415 5111 variorum
2447 5034 2793 5111 not._prudiit
2830 5034 2964 5087 iit-8.

1884 5102 1999 5224 >22)
2041 5100 2125 5183 ln_
2152 5102 2522 5184 ἶςιενριιπιιικιῂιξω
2558 5100 2916 5155 Εεειεεὶανιιιη
2937 5102 3382 5183 etConstantino—

1904 5190 1987 5224 eos
2018 5183 2228 5224 notitia.
2247 5172 2479 5224 Tt'atectt
2511 5173 2577 5224 ad
2600 5172 2773 5224 then.
2806 5174 2961 5224 1694.
2983 5190 3033 5224 ιιι
3061 5175 3114 5224 8.
3145 5191 3262 5224 naa.
3291 5173 3380 5224 ‘27.

1852 5172 1987 5225 oleos
2018 5174 2228 5235 notitia,
2247 5172 2479 5239 Trajecti
2511 5173 2577 5225 ad
2600 5172 2773 5226 Rhen.
2806 5174 2961 5237 1694,
2983 5174 3033 5226 in
3061 5175 3114 5237 8,
3144 5191 3262 5242 pag.
3291 5173 3380 5227 ‘27.

1863 5253 1881 5297 t
1934 5252 2058 5314 ante
2113 5258 2237 5297 eum
2289 5252 2535 5314 exactam
2585 5258 2802 5314 quoque
2852 5244 3043 5314 harum
3098 5245 3380 5314 regionum

1816 5313 2232 5381 deseriptionem
2285 5312 2432 5367 dedit
2476 5311 2628 5364 Paul.
2655 5311 2850 5365 llicaut
2901 5312 3025 5381 Esq.
3079 5311 3381 5382 Anglorum

1818 5383 1955 5452 apud
1997 5383 2372 5456 Smyrnenses
2430 5397 2521 5456 per
2575 5384 2793 5456 longum
2834 5383 3092 5450 temporis
3144 5384 3381 5456 spatium

1818 5448 2009 5507 consul
2056 5448 2127 5504 in
2163 5453 2299 5504 libro
2351 5448 2571 5522 Anglico
2600 5448 2751 5522 :rThe
2786 5448 2987 5519 present
3026 5448 3267 5522 stateqo,"
3297 5456 3381 5506 the

1820 5521 1979 5576 Greek
2003 5524 2107 5575 and
2135 5523 2419 5575 Armenia"
2443 5519 2731 5586 Churches,
2764 5526 2967 5574 written
3017 5534 3071 5575 at
3114 5525 3195 5576 the
3233 5519 3380 5576 eum-

1820 5594 1976 5645 mam!
2004 5594 2065 5661 of
2091 5593 2169 5645 his
2197 5591 2639 5664 MaiestyLLontl.
2680 5593 2998 5664 Α1679,ιιι-8,
3025 5598 3128 5653 452
3156 5596 3379 5664 paginas

1822 5664 2069 5731 llllpit‘lls,
2118 5680 2226 5731 quo
2271 5664 2408 5715 libro
2438 5661 2541 5715 Th.
2578 5662 2822 5716 Smithus
2863 5664 3003 5731 haud
3035 5661 3378 5722 mediocriter

1820 5724 2216 5804 qnoqueusus
2262 5733 2426 5788 fuisse
2457 5734 2585 5786 mihi
2614 5734 2841 5787 videtur.
2880 5724 3205 5789 Hodiernum
3251 5736 3378 5790 Sar-
