3792 6218
402 208 542 263 1175
1446 214 1504 271 S.
1546 216 1805 274 MELITO
1846 218 2151 278 SARDIUM
2190 222 2590 281 EPJSCOPUS.
3528 231 3669 287 “76

401 332 506 398 Qui
544 346 750 405 septem
781 335 925 391 Asiae
954 336 1325 393 Ecclesiarum
1363 340 1783 410 descriptionem
1810 344 1980 411 dedit,
2005 354 2059 400 et
2093 345 2146 400 in
2188 348 2288 403 has
2328 357 2599 402 terrarum
2630 358 2812 418 partes
2835 349 2936 404 iter
2965 349 3207 405 instituit
3235 349 3376 419 ipse,
3405 350 3668 420 ipsasque

400 426 661 495 regiones
688 430 972 484 oculorum
1005 433 1141 486 aciei
1169 433 1490 503 subjiciens,
1523 432 1724 488 Sardes
1752 434 1805 487 in
1831 434 2097 493 Sardibus
2122 439 2372 507 quesivit
2399 448 2455 494 ct
2487 439 2645 494 triste
2690 439 2984 495 admodum
3017 441 3213 496 habuit
3251 440 3661 510 spectaculum.

398 531 503 573 nec
529 527 693 575 tanta:
718 522 869 577 urbis
900 524 1076 579 ruinis
1104 525 1431 597 illacrymari
1470 526 1680 595 puduit.
1709 526 1920 582 Fleruit
1953 530 2008 582 in
2028 529 2143 599 hac
2174 531 2305 585 urbe
2341 531 2472 585 olim
2500 514 2816 586 Christiana
2846 534 3001 599 ﬁdes,
3030 548 3251 587 omnem
3280 533 3433 587 enim
3478 531 3662 588 Asiam

402 608 670 665 Minorem
727 624 941 669 mature
992 616 1285 672 admodum
1337 618 1491 674 Pauli
1527 630 1580 674 et
1625 620 1767 675 Petri
1808 622 2191 689 pradicatione
2234 622 2511 693 Evangelii
2557 626 2883 707 illustratam
2939 626 3127 691 fuisse,
3172 626 3348 679 latere
3400 639 3505 679 nos
3561 642 3662 678 non

399 703 608 759 faciunt
648 705 900 763 Historia:
930 724 1100 764 sacra:
1142 715 1527 768 monumenta'
1559 714 1694 783 (‘25).
1717 714 1996 785 Przecipue
2022 734 2153 773 vero
2186 729 2376 774 sancto
2399 703 2596 773 Joanni
2640 721 2767 775 Asia
2799 720 3012 789 obtigit,
3043 719 3137 788 qui
3172 718 3271 773 diu
3307 718 3384 771 ibi
3414 732 3661 771 comme-

402 806 555 852 ratus
580 809 683 864 est,
705 799 978 856 Ecclesias
1000 805 1287 859 constituit
1306 806 1508 871 varias,
1536 822 1600 861 ae
1622 804 1821 876 Ephesi
1847 808 2138 878 episcopus
2164 812 2380 865 tandem
2405 811 2543 865 obiit
2567 810 2703 880 (9.4).
2732 810 2892 866 Forte
2923 812 3105 880 itaque
3135 818 3191 863 et
3213 808 3305 863 hic
3333 805 3658 862 Sardianam

402 886 704 945 Ecclesiam
736 891 1005 961 fundavit,
1029 896 1187 965 cujus
1222 898 1423 967 przesul
1452 898 1783 952 constitutus
1812 909 1997 967 postea
2031 900 2133 955 fuit
2160 901 2361 957 Melite.
2397 900 2498 955 Cui
2534 911 2715 957 autem
2766 903 2819 957 in
2864 903 2967 956 hac
2999 900 3271 971 dignitate
3311 900 3658 963 successu-ig

400 995 454 1041 et
481 988 606 1056 quis
638 1003 763 1043 eum
792 990 1073 1045 insecutus
1104 992 1194 1058 sit,
1226 1009 1334 1046 neu
1361 1008 1585 1064 possum
1616 995 1870 1061 delinire;
1903 996 1954 1049 id
1989 1004 2198 1050 tantum
2232 1013 2338 1049 non
2365 1006 2544 1050 tacere
2572 996 2764 1061 debeo,
2798 994 3120 1050 Sardianam
3156 992 3471 1049 Ecclesiam
3504 1009 3659 1048 unam

400 1094 467 1131 ex
521 1090 723 1149 septem
768 1082 889 1138 istis
929 1084 1186 1139 Asiaticis
1223 1100 1365 1151 esse,
1389 1085 1457 1139 de
1479 1086 1679 1155 quibus
1704 1084 1767 1139 D.
1796 1085 2034 1141 Joannes
2066 1087 2121 1139 in
2162 1086 2510 1156 Apocalypsi,
2542 1086 2840 1154 erdineque
2867 1085 3142 1154 quintam,
3167 1099 3316 1154 quat,
3341 1084 3660 1138 observante

406 1168 738 1240 Spanbemio
770 1174 1162 1243 (25),primum
1196 1175 1251 1228 in
1287 1176 1568 1245 provincia
1590 1176 1958 1232 ecclesiastica
1996 1175 2178 1249 Lydia:
2206 1176 2310 1231 sibi
2346 1176 2643 1231 vindicavit
2679 1176 2881 1230 locum.

882 1328 912 1399 §
949 1326 1092 1381 XIV.
1130 1328 1211 1381 An
1241 1346 1334 1399 per
1363 1330 1606 1399 angelum
1636 1330 1887 1385 Ecclesiae
1924 1330 2136 1398 Sardis,
2166 1330 2331 1400 Apoc.
2363 1346 2446 1397 tu,
2478 1328 2661 1384 Melite
2687 1330 2758 1383 sit
2782 1329 3177 1400 intelligendus.

474 1480 615 1536 Sunt
658 1483 885 1551 proinde
936 1484 1078 1537 inter
1123 1484 1364 1539 eruditos
1412 1485 1684 1550 nonnulli,
1718 1485 1812 1553 qui
1858 1499 1983 1538 cum
2032 1484 2088 1536 in
2138 1480 2751 1553 ApocalypsiaJoanne
2794 1481 3075 1537 Sardiana:
3106 1480 3377 1537 Ecclesia:
3427 1480 3657 1551 episcopi

400 1575 731 1629 mentionem
757 1574 953 1629 factam
983 1590 1102 1629 esse
1126 1576 1425 1639 inveniant,
1448 1575 1754 1631 Melitenen:
1783 1592 1909 1630 eum
1938 1590 2059 1631 esse
2084 1574 2334 1637 credunt,
2362 1574 2430 1628 ad
2452 1589 2614 1643 quem
2634 1573 2693 1628 Β.
2719 1573 2958 1629 Joannes
2991 1575 3153 1631 verba
3186 1574 3469 1641 direxit”;
3498 1584 3551 1627 et
3574 1576 3657 1643 qui

401 1682 499 1736 per
530 1668 774 1736 angelum
802 1666 1051 1721 Ecclesia:
1082 1665 1292 1732 Sardis,
1324 1669 1411 1723 cui
1445 1684 1600 1723 sacer
1628 1674 1890 1739 propheta
1917 1670 2137 1738 scripsit
2168 1687 2179 1721 :
2213 1666 2353 1721 Neri
2384 1676 2473 1720 tua
2505 1669 2671 1737 facta,
2699 1667 2789 1736 qui
2823 1683 2939 1719 cum
2970 1668 3189 1720 viventis
3224 1683 3418 1719 nomen
3452 1666 3656 1726 habeas.

404 1768 643 1812 mortuus
670 1776 748 1823 es,
771 1760 1116 1820 etc.,nullum
1141 1760 1308 1813 alium
1342 1761 1751 1832 intelligendum
1780 1778 1903 1816 esse
1939 1763 2295 1824 contendunt,
2327 1776 2491 1830 quam
2536 1771 2807 1813 nostrum.
2854 1758 3029 1829 Hujus
3070 1762 3363 1813 sententia:
3409 1769 3660 1829 patronos

401 1849 652 1905 nominat
675 1848 999 1917 llalloixius,
1030 1850 1250 1905 Petrum
1281 1851 1603 1919 Aureolum,
1631 1853 1862 1908 xEneam
1898 1854 2165 1924 Sylviutn,
2193 1854 2499 1922 Philippum
2532 1848 2902 1920 Bergomatem
2920 1862 2974 1905 et
2999 1852 3341 1906 Antiochum
3366 1851 3657 1905 Brondum.

471 1942 585 1999 Hos
617 1943 757 1997 inter
785 1944 1027 1996 omnium
1067 1945 1529 2001 cenlidentissime
1568 1940 1940 2016 pronuntiavit
1978 1948 2227 2002 Brendus
2264 1946 2376 2017 (26)
2408 1945 2553 1998 hunc
2582 1943 2637 1997 in
2676 1944 2895 1999 modum
2928 1963 2940 1997 :
2972 1963 2991 1994 ι
3035 1943 3355 1999 Melitenam
3397 1943 3659 1999 Ecclesia?

406 2033 666 2091 Sardensi
716 2036 998 2105 pt'mfuisse
1034 2048 1278 2107 tempore
1306 2054 1417 2108 quo
1450 2040 1875 2109 archiprepheta
1908 2039 2149 2095 Joannes
2182 2041 2299 2095 haec
2327 2038 2599 2094 scribebat
2634 2036 2839 2106 liquido
2870 2046 3083 2091 constat
3109 2052 3178 2090 ex
3221 2035 3473 2093 llisteria
3502 2039 3661 2092 eccle-

408 2129 650 2185 siastica.
695 2128 963 2196 Quoniam
1004 2131 1269 2187 Eusebius
1301 2133 1658 2188 Caesariensis
1688 2133 1782 2188 lib.
1814 2149 1887 2201 tv,
1921 2152 2041 2207 cap.
2077 2138 2164 2203 15,
2197 2135 2265 2189 de
2294 2133 2547 2188 Melitone
2579 2131 2657 2186 sic
2689 2130 2916 2187 scribit:
2956 2129 3032 2184 De
3062 2130 3147 2185 his
3183 2130 3375 2200 itaque
3404 2131 3567 2201 gestis
3594 2140 3660 2184 te-

403 2230 580 2277 statur
620 2222 782 2275 etiam
824 2222 1005 2278 Melite
1049 2222 1337 2279 Sardensis
1364 2226 1639 2293 parochias
1678 2228 1988 2298 episcopus,
2031 2248 2049 2281 ι
2084 2240 2190 2285 etc.
2224 2227 2497 2282 Hactenus
2530 2226 2639 2279 ille.
2670 2224 2737 2278 At
2779 2223 2992 2277 inﬁrma
3021 2223 3271 2292 nullique
3314 2222 3661 2276 emunctieris

405 2317 528 2371 nasi
557 2317 774 2372 erudito
796 2318 1023 2387 probata
1049 2319 1343 2373 sententia.
1369 2318 1583 2384 Quwris
1610 2322 1741 2389 quid
1775 2325 2008 2391 eptimes
2038 2324 2202 2378 hosce
2226 2323 2374 2375 vires
2399 2322 2451 2375 in
2478 2322 2619 2375 hanc
2644 2318 2965 2374 sententiam
2989 2316 3307 2382 deduxerit;
3344 2316 3657 2386 respondeo,

411 2408 557 2462 aliud
589 2410 745 2476 nihil,
770 2426 931 2479 quam
962 2411 1106 2479 quod
1135 2421 1328 2478 praeter
1349 2412 1660 2465 Melitenem
1700 2414 1839 2469 alius
1872 2414 2124 2468 Sardiani
2160 2414 2402 2482 episcopi
2440 2414 2493 2465 in
2530 2413 2702 2467 sacris
2731 2408 3019 2463 annalibus
3059 2408 3268 2461 nullam
3305 2408 3551 2462 invenire
3578 2425 3659 2478 po-

398 2510 627 2556 tuerunt
658 2504 1013 2557 mentionem.
1046 2502 1215 2568 Quasi
1248 2519 1376 2558 vero
1401 2505 1491 2559 ille
1526 2507 1741 2572 unicus,
1774 2508 2027 2576 idemque
2046 2508 2253 2576 primus
2276 2517 2327 2560 et
2348 2506 2592 2570 ultimus,
2618 2503 2781 2572 hujus
2812 2500 3082 2557 cathedrae
3110 2500 3424 2554 exstitisset
3451 2500 3656 2569 pracsul!

406 2592 464 2647 Si
499 2610 595 2649 eos
628 2611 907 2665 urgemus,
937 2597 1179 2650 rationes
1197 2607 1255 2651 ut
1276 2598 1525 2665 all‘erant,
1556 2601 1699 2654 unde
1722 2602 1902 2671 colligi
1929 2600 2122 2671 possit,
2156 2599 2461 2654 Melitenem
2491 2608 2640 2662 tunc,
2674 2612 2795 2649 cum
2814 2595 3052 2651 Joannes
3078 2593 3197 2646 haec
3230 2593 3522 2656 scriberet,
3551 2591 3660 2646 Sar-

402 2688 554 2741 dium
588 2687 759 2744 l’uisse
787 2692 1103 2759 episcopum
1128 2735 1141 2755 ,
1167 2692 1336 2745 altum
1368 2693 1568 2764 ubique
1595 2695 1895 2749 silentium.
1932 2695 2180 2751 Brondus
2204 2697 2422 2766 quidem
2466 2693 2536 2770 ad
2572 2692 2895 2755 Eusebium,
2928 2707 3028 2759 pro
3057 2690 3395 2747 stabilienda
3429 2705 3527 2743 sua
3555 2688 3659 2755 epi-

404 2781 590 2843 niene,
622 2783 954 2849 provocavit,
994 2793 1079 2839 ast
1100 2785 1260 2838 verba
1299 2785 1463 2856 hujus
1494 2787 1779 2856 scriptoris
1804 2788 1878 2840 nil

2160 2799 2255 2843 tut.
2282 2787 2359 2841 En
2392 2786 2488 2841 tibi
2516 2801 2577 2840 ea
2600 2805 2612 2839 :
2647 2785 2867 2847 Τούτοις
2887 2783 3028 2835 οὕτω
3056 2783 3404 2852 χωρήσασιν,
3442 2782 3657 2849 ἐπιμαρ-

403 2871 581 2943 τυρῶν
612 2872 882 2935 Μελίτων,
910 2874 1008 2944 τῆς
1034 2876 1092 2927 ὲν
1118 2874 1375 2947 Σάρδεσιν
1412 2877 1738 2947 Ἐκκλησίας
1768 2878 2084 2942 ἐπίσκοπος,
2128 2881 2246 2931 κατ’
2279 2876 2410 2931 αὐτὸ
2438 2876 2833 2946 γνωριζόμενος
2863 2872 2952 2926 τοῦ
2994 2874 3214 2943 χρόνου,
3248 2870 3417 2943 δῆλός
3442 2872 3582 2923 ἐστιν
3607 2871 3659 2923 ὲκ

403 2964 511 3019 τῶν
537 2968 844 3038 εἰρημένων
872 2969 1021 3039 αὐτῷ
1051 2972 1108 3023 ὲν
1201 2972 1493 3042 πεποίηται
1524 2973 1659 3044 πρὸς
1684 2972 1776 3025 τὸν
1793 2974 2166 3045 αὐτοκράτορα
2206 2974 2416 3043 Οὺῆρον
2464 2972 2602 3044 ὑπὲρ
2634 2968 2725 3023 τοῦ
2762 2968 2882 3023 καθ’
2912 2969 3056 3039 ἡμᾶς
3081 2966 3357 3037 δόγματος
3398 2983 3659 3038 χρησιμω-

404 3058 546 3131 τάτῃ
566 3060 854 3130 ἀπολογίᾳ,
880 3062 917 3114 i.
952 3076 1002 3115 e.
1044 3080 1062 3112 ι
1094 3060 1217 3118 Ηιεο
1244 3064 1315 3117 ita
1347 3064 1631 3130 accidisse,
1665 3064 1845 3120 Melite
1870 3066 2151 3121 Sardianae
2176 3065 2431 3119 Ecclesiae
2461 3063 2771 3133 episcopus,
2802 3061 2896 3130 qui
2924 3061 3112 3114 eodem
3142 3060 3241 3112 ille
3273 3058 3513 3113 ﬂorebat
3541 3069 3659 3112 ters-

408 3165 561 3219 pore,
603 3150 892 3206 manifeste
934 3162 1165 3208 testatur
1202 3155 1271 3208 iis
1308 3155 1491 3221 dictis,
1524 3173 1645 3225 qua:
1692 3161 1746 3213 in
1788 3176 1886 3214 sua
1931 3174 2028 3229 pro
2061 3157 2342 3228 religionis
2382 3164 2583 3210 nostra:
2628 3154 2880 3222 dogmate
2916 3152 2983 3206 ad
3030 3151 3430 3220 imperatorem
3476 3150 3657 3204 Verum

408 3245 697 3299 utilissima
730 3244 977 3315 apologia
1014 3248 1217 3315 posuit.
1257 3266 1275 3299 ι
1313 3246 1381 3302 At
1404 3265 1470 3303 ne
1504 3249 1729 3303 verbum
1766 3253 1985 3320 quidem
2018 3252 2328 3306 Melitenen)
2356 3257 2597 3317 tempore
2631 3245 2856 3301 Joannis
2893 3240 3223 3298 Sardianum
3256 3244 3437 3299 fuisse
3468 3244 3660 3313 episce-

407 3353 556 3407 pum.
584 3335 816 3392 Tantum
848 3340 994 3393 enim
1022 3340 1172 3404 dicit,
1199 3354 1262 3393 ea
1290 3355 1413 3409 qua:
1444 3341 1557 3411 ipse
1588 3342 1897 3398 immediate
1920 3354 2043 3397 ante
2078 3344 2332 3398 attulerat
2360 3340 2425 3393 de
2454 3340 2795 3409 superiorum
2826 3337 3219 3405 imperatorum
3256 3334 3313 3388 in
3338 3335 3662 3389 Christianos

410 3429 814 3497 benevolentia,
838 3432 1065 3486 Adriani
1094 3430 1303 3486 scilicet
1325 3440 1379 3485 et
1401 3432 1664 3487 Antonini
1690 3432 1793 3496 Pii,
1825 3448 1889 3486 ex
1922 3433 2095 3501 ipsius
2119 3448 2337 3502 quoque
2364 3429 2635 3485 Melitonis
2658 3430 2722 3483 ad
2747 3428 2914 3482 Marc.
2944 3426 3079 3480 Aur.
3108 3425 3458 3480 Antoninum
3489 3424 3661 3493 Apulo-

409 3525 501 3595 gia
522 3525 835 3579 conﬁrmari
867 3540 1051 3595 posse,
1094 3525 1187 3595 qui
1236 3522 1419 3579 Melite
1455 3525 1667 3590 eadem,
1704 3540 1810 3594 qua
1844 3523 1901 3578 S.
1934 3522 2203 3591 Justinus,
2234 3525 2301 3578 de
2335 3524 2493 3593 cujus
2542 3522 2799 3592 Apologia
2842 3519 3019 3588 capite
3077 3519 3443 3573 antecedente
3476 3530 3658 3588 egerat,

408 3626 566 3672 atate
590 3617 819 3672 vixisset
846 3626 899 3672 et
928 3616 1226 3671 ﬂoruisset.
1256 3614 1489 3671 Obstant
1519 3632 1681 3685 porro
1707 3616 1834 3671 huic
1867 3617 2150 3673 sentcntiae
2179 3627 2467 3685 sequentes
2492 3617 2751 3670 rationes.
2784 3611 2991 3675 Primo,
3030 3612 3299 3681 temporis
3326 3611 3473 3665 ratio
3497 3611 3547 3665 id
3568 3626 3660 3663 non

408 3712 723 3782 permittere
754 3711 991 3777 videtur,
1018 3711 1121 3766 nisi
1160 3726 1406 3765 asserere
1446 3711 1697 3772 velimus,
1740 3709 2001 3767 Nostrum
2028 3726 2183 3767 suam
2208 3712 2373 3764 vitam
2398 3712 2462 3764 ad
2495 3725 2660 3764 unum
2689 3723 2740 3762 et
2775 3706 3064 3761 dimidium
3104 3705 3220 3760 fere
3256 3707 3519 3762 szeculum
3549 3719 3658 3774 pre-

409 3803 1019 3871 duxisse,et'Ecclesiaa
1044 3804 1325 3860 Sardianaa
1363 3820 1459 3875 per
1490 3806 1766 3876 octoginta
1801 3816 1855 3862 et
1884 3808 2066 3877 plures
2092 3822 2264 3860 annos
2296 3804 2605 3876 prmluissc;
2641 3801 2785 3874 quod
2819 3814 2878 3856 ut
2914 3800 2968 3854 in
3006 3815 3065 3853 se
3095 3800 3245 3853 omni
3281 3799 3660 3869 probabilitati:

411 3901 596 3970 specie
624 3909 792 3965 caret,
826 3901 898 3953 ita
918 3908 972 3953 et
1002 3915 1032 3953 a
1056 3900 1273 3953 nemine
1295 3900 1623 3969 scriptorum
1646 3902 1921 3957 memoria:
1944 3902 2256 3955 mandatum
2279 3908 2371 3953 aut
2402 3898 2594 3952 litteris
2621 3897 2998 3966 consignatum
3021 3892 3318 3946 invenitur.
3346 3891 3516 3947 Divus
3534 3893 3660 3947 enim

410 3995 650 4048 Joannes
683 4010 831 4048 anno
873 3993 1163 4047 Domitiani
1206 3994 1294 4057 Η,
1326 3995 1420 4063 qui
1451 3995 1506 4049 in
1538 4011 1744 4051 annum
1776 3996 1978 4051 Christi
2004 3996 2073 4051 95
2116 3996 2325 4059 incidit,
2349 4008 2379 4047 e
2440 3989 2631 4044 Patmo
2687 3989 3070 4045 revelationem
3108 4001 3267 4040 suam
3298 3987 3522 4055 scripsit
3542 3985 3654 4055 (27).

414 4088 613 4142 Debuit
638 4088 822 4156 itaque
853 4087 959 4141 isto
991 4096 1232 4156 tempore
1262 4087 1515 4143 Ecclesia:
1545 4105 1657 4144 sua:
1688 4105 1786 4159 per
1812 4091 2021 4159 aliquot
2047 4106 2221 4143 annos
2246 4088 2357 4157 jam
2384 4085 2669 4155 praefuisse
2692 4083 2891 4147 Melite,
2922 4090 2975 4136 ct
3007 4088 3303 4149 antequam
3336 4080 3411 4133 illi
3442 4080 3655 4149 pradice-

416 4192 587 4247 rctur,
615 4182 803 4236 debuit
833 4197 1055 4251 quoque
1084 4191 1298 4236 aetatem
1330 4183 1691 4251 pentiﬁeiam,
1720 4200 1817 4240 seu
1844 4187 2101 4255 episc0p0
2127 4182 2501 4244 constitutam,
2542 4179 2805 4248 attigisse.
2842 4174 3258 4231 Constitutioncs
3284 4184 3473 4227 autem
3502 4173 3566 4225 ita
3586 4171 3655 4224 di-

421 4285 523 4331 ctae
553 4274 861 4345 apostolica:
902 4276 1221 4344 episcopum
1254 4274 1445 4329 volunt
1478 4291 1653 4329 annos
1702 4278 2094 4346 quinquaginta
2126 4272 2352 4327 \ivendo
2401 4274 2730 4343 transegisse
2772 4269 2904 4340 (28),
2949 4276 3245 4335 antequam
3288 4266 3585 4331 ordinetur,
3612 4278 3655 4322 et

489 4395 508 4423 ⁷
533 4392 657 4448 Act.
684 4394 953 4458 “111,19,
978 4394 1082 4457 20;
1120 4394 1163 4444 ll
1188 4392 1313 4446 Cor.
1347 4408 1404 4457 ιι,
1448 4392 1531 4446 12.
1619 4393 1639 4423 ⁸
1668 4394 1891 4462 Apocal.
1916 4409 2034 4461 cap.
2072 4409 2151 4457 ιιι,
2192 4392 2242 4456 l,

414 4516 565 4568 dium
599 4512 766 4565 situm
797 4510 1087 4579 descripsit
1120 4510 1207 4563 ille.
1234 4526 1352 4579 pag.
1391 4510 1478 4574 77,
1512 4510 1595 4562 bis
1626 4510 1805 4563 verbis
1839 4528 1851 4562 :
1886 4510 1987 4563 But
2091 4508 2371 4579 Cht'ysost.
2437 4502 2624 4556 ltemil.
2676 4499 2754 4552 De
2821 4512 2896 4551 xu
2965 4497 3171 4567 discip.,
3219 4506 3357 4550 toni.
3414 4494 3480 4549 V'l
3542 4496 3651 4565 Opp.

416 4583 728 4650 wltatfeever
776 4581 879 4634 this
912 4575 1018 4649 city
1066 4596 1169 4632 was
1201 4575 1255 4631 in
1303 4575 1500 4647 former
1533 4580 1698 4648 Days,
1736 4582 1775 4631 it
1807 4581 1850 4632 is
1882 4595 1991 4650 now
2098 4575 2383 4650 pag.__“2ti§.
2566 4641 2577 4650 .
2875 4646 2883 4650 _
3011 4636 3022 4650 ¹
3089 4638 3099 4647 .

416 4636 539 4721 only
559 4636 593 4703 'a
629 4667 759 4721 poor
783 4636 1081 4703 habitation
1108 4650 1168 4717 of
1188 4636 1467 4719 Slteperds,
1496 4636 1657 4721 [ξυιηῇ
1686 4636 1867 4721 'inlew
1890 4649 1995 4721 and
2098 4636 2113 4646 ’
2316 4641 2609 4721 βεορναρή.
2642 4646 2883 4721 sacrm-et
2916 4636 3208 4721 ecclesiast.
3246 4653 3375 4707 pag.
3406 4640 3494 4694 65.

418 4707 640 4795 humble,
661 4720 954 4795 ACeuaqcs';
984 4707 1855 4795 ~hougsoevcr'theantientvpillars
1893 4719 1996 4771 and
2312 4713 2367 4766 in
2397 4707 2688 4795 continent.
2710 4712 2761 4791 in
2791 4707 3176 4776 Apocalypsees
3206 4724 3330 4776 cap.
3363 4725 3450 4777 ιιι,
3483 4711 3651 4781 disput.

417 4796 566 4847 ruins
600 4791 687 4873 litt
714 4808 799 4873 up.
822 4789 1153 4873 their/reads,
1183 4790 1625 4873 as.unwillingnte
1652 4789 1762 4873 lose
1783 4789 1866 4873 tlte
1892 4806 1999 4873 nte.-
2100 4789 2622 4873 prilltut‘qums‘lione
2656 4789 2835 4873 uni'ca.
2954 4864 2976 4873 ⁸
3025 4847 3097 4873 mh
3174 4864 3204 4873 Μ
3285 4846 3327 4873 υ
3440 4850 3469 4873 L
3543 4849 3597 4873 Π,

417 4879 568 4988 glory
616 4846 678 4932 ογ
696 4846 831 4915 their
852 4862 1051 4914 antient
1080 4846 1252 4931 glory,
1280 4877 1404 4915 once
1432 4846 1677 4915 theVSeat
1699 4858 1762 4927 of
1782 4860 1866 4913 the
1894 4876 1914 4911 r

466 4950 654 4989 raesus.

2175 4846 2293 4923 (Ἦ)
2341 4846 2416 4907 ita
2468 4860 2695 4907 teSIatur
2743 4851 2976 4906 Irenzeus
3025 4847 3121 4902 lib.
3174 4864 3229 4913 v;
3285 4846 3492 4904 Euseb.
3536 4849 3648 4902 Hisl.

2152 4925 2285 4977 :cles.
2307 4925 2399 4978 lib.
2428 4940 2508 4984 ιιι,
2534 4938 2652 4990 cap.
2684 4924 2769 4985 18,
2795 4933 2847 4975 et
2872 4921 2928 4975 S.
2956 4918 3326 4990 Hieronymus
3352 4919 3405 4971 in
3435 4920 3649 4990 Catalogo

490 5006 604 5074 (25)
642 4988 973 5074 ῖΗίρςοηγιῐι.
1012 5000 1086 5074 De
1140 5003 1326 5071 script.
1360 5000 1542 5054 eccles.
1586 5015 1708 5074 cap.
1744 5002 1795 5053 1.
1827 4999 1998 5053 Doro~
2103 4998 2419 5074 scriptorum
2443 4988 2939 5074 eccles‘iasticerunt,‘
2974 4988 3647 5074 Natal.'_Alexauder.ﬂis‘t.

420 5059 600 5128 theus'
642 5073 694 5125 in
746 5059 969 5141 Synepsi
1016 5071 1078 5141 de
1117 5074 1225 5126 vita
1250 5059 1317 5124 ἐι
1355 5083 1519 5125 morte
1552 5059 1923 5139 prophetarum
1952 5078 2000 5121 et
2102 5059 2283 5141 cedes.
2324 5082 2448 5141 saec.
2496 5082 2532 5141 ι.
2565 5078 2683 5131 cap.
2721 5062 2806 5124 η,
2836 5064 2991 5141 artic.
3022 5061 3077 5123 9,
3111 5059 3138 5129 §
3175 5060 3232 5125 5,
3272 5076 3398 5141 pag.
3436 5060 3647 5141 nt,3§_h.

419 5130 811 5209 apostolorum:
854 5130 987 5196 tem.
1026 5140 1112 5193 Vll
1171 5142 1425 5195 Biblioth.
1478 5130 1705 5194 Ράινιιήι
1754 5140 1998 5193 maxima:
2178 5130 2883 5209 l28)__(_,'onsti_tut."aposto‘l.
2925 5132 3017 5182 ιιι).
3063 5146 3125 5209 tt,_
3157 5146 3281 5209 cap.
3312 5131 3523 5209 lupag‘.
3549 5130 3645 5209 ᾏΙρ.

420 5200 516 5269 fel.
550 5214 675 5277 101,
709 5223 763 5266 et
785 5200 941 5281 vapud
977 5213 1213 5267 Caveum
1259 5210 1529 5264 Hileitt.
1564 5211 1748 5277 script.
1772 5209 1996 5273 Eccles.,
2103 5209 2233 5281 edit.
2274 5200 2676 5281 'Wislott'pttze,‘
2709 5203 2891 5281 ill—‘l‘he
2937 5200 3125 5281 second
3179 5200 3284 5281 vel.
3330 5202 3395 5268 of
3428 5200 3649 5281 primitur

419 5300 542 5353 pag.
570 5269 799 5341 ηιλοὼ
830 5269 1073 5338 isidorus
1116 5281 1205 5353 _l)e
1237 5284 1339 5336 vita
1370 5291 1422 5353 et
1462 5290 1627 5333 morte
1669 5269 1916 5353 iunctura

2149 5277 2453 5343 hristianily
2492 5269 2676 5325 rEviv’d
2704 5287 2729 5353 ί
2758 5271 2873 5353 Iov
2897 5269 3165 5352 ςποιμὲνα,
3212 5269 3646 5353 ςτὸνῂκαθιστᾴμξ-

420 5339 541 5423 cap.
576 5354 665 5408 69.
700 5339 1070 5421 Sophronieus
1098 5351 1174 5405 De
1209 5351 1501 5423 laboribus,
1537 5350 1916 5423 certaminilgus

2149 5366 2188 5400 ιν
2222 5339 2661 5423 ὲπίσκοεῖῖονξ.....
2699 5341 2779 5393 δεῖ
2806 5339 3138 5418 ὑπάρχειν...
3171 5340 3273 5392 οὐκ
3312 5340 3526 5392 ἔλαττον
3542 5339 3646 5419 ἐτῶν

424 5411 929 5493 peregrinationibus
960 5424 1062 5478 SS.
1104 5423 1247 5476 Petri
1292 5433 1337 5475 et
1402 5411 1587 5490 Pauli,
1623 5429 1752 5474 tom.
1792 5418 1879 5471 V11
1911 5442 1921 5471 λ

2151 5411 2724 5493 εντήκονταΑΟρυιιρι
2753 5426 2899 5475 eum,
2941 5411 3034 5477 qui
3070 5420 3258 5477 pastor
3288 5419 3375 5464 est
3396 5420 3447 5463 et
3480 5411 3646 5486 episco-

426 5484 610 5547 bliot'lt.
638 5493 863 5546 Patrum
898 5493 1070 5555 Μαίη,
1097 5493 1189 5547 fel.
1228 5494 1346 5546 108.
1572 5484 1583 5490 ⁷
2109 5505 2230 5557 pus,
2263 5484 2398 5546 esse
2448 5501 2577 5557 nou
2600 5484 2862 5557 minorem
2894 5488 3023 5557 natu
3042 5495 3209 5547 qualn
3233 5496 3509 5557 annorum
3526 5484 3647 5554 quin-

502 5563 617 5627 (Ἡ)
667 5562 827 5629 Juxta
890 5550 1090 5617 Euseb.
1146 5562 1296 5615 llist.
1340 5562 1524 5616 eccles.
1559 5563 1650 5615 lib.
1680 5578 1766 5626 tu,
1799 5576 1916 5629 cap.
1952 5561 2001 5614 l.
2109 5550 2385 5627 quaginta.
2427 5576 2444 5605 ι
2479 5553 2750 5629 Quidquid
2780 5551 2977 5629 eruditi
3009 5559 3218 5629 contra
3244 5552 3444 5629 harum
3476 5550 3645 5629 Consti-

434 5621 658 5703 Gregor.
692 5628 944 5687 Nazianz.
978 5643 1119 5687 erat.
1157 5634 1248 5700 25,
1298 5643 1429 5687 tetu.
1465 5636 1481 5686 Ι
1517 5632 1673 5702 0pp.,
1706 5621 1826 5702 pag.
1867 5621 1999 5685 138.
2112 5621 2367 5685 [alienum
2409 5624 2759 5696 genuitatem,
2800 5621 3077 5683 hodiernae
3106 5622 3464 5691 potissimum
3500 5621 3639 5676 editio-
