  <div class='ocr_page' id='page_1' title='image "/cluster/home/n/w/nwhite01/storage/ocr_20150623/5/hvd.32044019206598/596.png"; bbox 0 0 3792 6218; ppageno 0'>
   <div class='ocr_carea' id='block_1_1' title="bbox 123 338 1680 399">
    <p class='ocr_par' dir='ltr' id='par_1_1' title="bbox 123 339 1680 399">
     <span class='ocr_line' id='line_1_1' title="bbox 123 339 1680 399; baseline -0.002 -1"><span class='ocrx_word' id='word_1_1' title='bbox 123 343 255 399; x_wconf 77' lang='grc' dir='ltr'>ΗΠ</span> <span class='ocrx_word' id='word_1_2' title='bbox 1087 339 1390 399; x_wconf 78' lang='grc' dir='ltr'><strong>ΝΟΤιτιΑ.</strong></span> <span class='ocrx_word' id='word_1_3' title='bbox 1434 372 1503 384; x_wconf 86' lang='lat'><strong>-—-</strong></span> <span class='ocrx_word' id='word_1_4' title='bbox 1538 342 1580 397; x_wconf 89' lang='grc'><strong>1.</strong></span> <span class='ocrx_word' id='word_1_5' title='bbox 1622 341 1680 395; x_wconf 90' lang='lat' dir='ltr'><strong>Dl</strong></span> 
     </span>
    </p>
   </div>
   <div class='ocr_carea' id='block_1_2' title="bbox 1826 338 3388 399">
    <p class='ocr_par' dir='ltr' id='par_1_2' title="bbox 1826 338 3388 397">
     <span class='ocr_line' id='line_1_2' title="bbox 1826 338 3388 397; baseline 0 -2"><span class='ocrx_word' id='word_1_6' title='bbox 1826 340 1914 395; x_wconf 82' lang='lat' dir='ltr'><strong>TA</strong></span> <span class='ocrx_word' id='word_1_7' title='bbox 1952 340 2011 395; x_wconf 77' lang='grc' dir='ltr'><strong>Β.</strong></span> <span class='ocrx_word' id='word_1_8' title='bbox 2051 338 2440 397; x_wconf 76' lang='lat' dir='ltr'><strong>MELITONIS.</strong></span> <span class='ocrx_word' id='word_1_9' title='bbox 3247 338 3388 395; x_wconf 78' lang='grc'><strong>1178</strong></span> 
     </span>
    </p>
   </div>
   <div class='ocr_carea' id='block_1_3' title="bbox 120 456 3387 539">
    <p class='ocr_par' dir='ltr' id='par_1_3' title="bbox 120 456 3387 539">
     <span class='ocr_line' id='line_1_3' title="bbox 120 456 3387 539; baseline -0.001 -21"><span class='ocrx_word' id='word_1_10' title='bbox 120 466 232 518; x_wconf 84' lang='lat' dir='ltr'><strong>sedi</strong></span> <span class='ocrx_word' id='word_1_11' title='bbox 264 465 499 520; x_wconf 81' lang='lat' dir='ltr'><strong>cuidam</strong></span> <span class='ocrx_word' id='word_1_12' title='bbox 527 481 762 536; x_wconf 68' lang='lat' dir='ltr'><strong>magnae,</strong></span> <span class='ocrx_word' id='word_1_13' title='bbox 799 465 977 535; x_wconf 86' lang='lat' dir='ltr'><strong>qualis</strong></span> <span class='ocrx_word' id='word_1_14' title='bbox 1019 465 1290 523; x_wconf 89' lang='lat' dir='ltr'><strong>Sardiana</strong></span> <span class='ocrx_word' id='word_1_15' title='bbox 1317 477 1454 533; x_wconf 94' lang='lat' dir='ltr'><strong>erat,</strong></span> <span class='ocrx_word' id='word_1_16' title='bbox 1490 468 1659 523; x_wconf 92' lang='lat' dir='ltr'><strong>totius</strong></span> <span class='ocrx_word' id='word_1_17' title='bbox 1685 466 1865 539; x_wconf 77' lang='lat' dir='ltr'><strong>Lydia:</strong></span> <span class='ocrx_word' id='word_1_18' title='bbox 1896 466 2234 536; x_wconf 89' lang='lat' dir='ltr'><strong>metropolis,</strong></span> <span class='ocrx_word' id='word_1_19' title='bbox 2273 473 2621 536; x_wconf 67' lang='lat' dir='ltr'><strong>prmponatur</strong></span> <span class='ocrx_word' id='word_1_20' title='bbox 2666 461 2801 531; x_wconf 73' lang='lat'><strong>(29).</strong></span> <span class='ocrx_word' id='word_1_21' title='bbox 2837 460 2979 532; x_wconf 83' lang='lat' dir='ltr'><strong>Ergo</strong></span> <span class='ocrx_word' id='word_1_22' title='bbox 3015 456 3161 517; x_wconf 86' lang='lat' dir='ltr'><strong>anno</strong></span> <span class='ocrx_word' id='word_1_23' title='bbox 3183 459 3387 516; x_wconf 84' lang='lat' dir='ltr'><strong>Christi</strong></span> 
     </span>
    </p>
   </div>
   <div class='ocr_carea' id='block_1_4' title="bbox 119 552 3389 628">
    <p class='ocr_par' dir='ltr' id='par_1_4' title="bbox 119 552 3389 628">
     <span class='ocr_line' id='line_1_4' title="bbox 119 552 3389 628; baseline -0.002 -17"><span class='ocrx_word' id='word_1_24' title='bbox 119 558 191 611; x_wconf 79' lang='lat'><strong>95</strong></span> <span class='ocrx_word' id='word_1_25' title='bbox 234 555 432 611; x_wconf 74' lang='lat' dir='ltr'><strong>Melite</strong></span> <span class='ocrx_word' id='word_1_26' title='bbox 475 552 872 626; x_wconf 72' lang='lat' dir='ltr'><strong>sexagenarius</strong></span> <span class='ocrx_word' id='word_1_27' title='bbox 897 558 1114 612; x_wconf 87' lang='lat' dir='ltr'><strong>circiter</strong></span> <span class='ocrx_word' id='word_1_28' title='bbox 1136 558 1361 628; x_wconf 88' lang='lat' dir='ltr'><strong>jamjam</strong></span> <span class='ocrx_word' id='word_1_29' title='bbox 1394 561 1728 626; x_wconf 80' lang='lat' dir='ltr'><strong>exstitisset;</strong></span> <span class='ocrx_word' id='word_1_30' title='bbox 1759 574 1903 613; x_wconf 93' lang='lat' dir='ltr'><strong>anno</strong></span> <span class='ocrx_word' id='word_1_31' title='bbox 1934 566 2115 613; x_wconf 89' lang='lat' dir='ltr'><strong>autem</strong></span> <span class='ocrx_word' id='word_1_32' title='bbox 2142 557 2419 626; x_wconf 77' lang='lat' dir='ltr'><strong>sequentis</strong></span> <span class='ocrx_word' id='word_1_33' title='bbox 2455 554 2637 609; x_wconf 61' lang='lat' dir='ltr'><strong>saeculi</strong></span> <span class='ocrx_word' id='word_1_34' title='bbox 2656 552 3056 623; x_wconf 81' lang='lat' dir='ltr'><strong>septuagesimo</strong></span> <span class='ocrx_word' id='word_1_35' title='bbox 3088 552 3264 621; x_wconf 90' lang='lat' dir='ltr'><strong>primo</strong></span> <span class='ocrx_word' id='word_1_36' title='bbox 3293 560 3389 605; x_wconf 87' lang='lat' dir='ltr'><strong>aut</strong></span> 
     </span>
    </p>
   </div>
   <div class='ocr_carea' id='block_1_5' title="bbox 118 639 3389 723">
    <p class='ocr_par' dir='ltr' id='par_1_5' title="bbox 118 639 3389 723">
     <span class='ocr_line' id='line_1_5' title="bbox 118 639 3389 723; baseline -0.001 -23"><span class='ocrx_word' id='word_1_37' title='bbox 118 648 366 702; x_wconf 85' lang='lat' dir='ltr'><strong>secundo</strong></span> <span class='ocrx_word' id='word_1_38' title='bbox 397 648 719 719; x_wconf 85' lang='lat' dir='ltr'><strong>apologiam</strong></span> <span class='ocrx_word' id='word_1_39' title='bbox 754 647 822 702; x_wconf 85' lang='grc' dir='ltr'><strong>Μ.</strong></span> <span class='ocrx_word' id='word_1_40' title='bbox 876 648 1095 703; x_wconf 83' lang='lat' dir='ltr'><strong>Aurelio</strong></span> <span class='ocrx_word' id='word_1_41' title='bbox 1133 650 1449 719; x_wconf 85' lang='lat' dir='ltr'><strong>imperatori</strong></span> <span class='ocrx_word' id='word_1_42' title='bbox 1497 651 1734 705; x_wconf 84' lang='lat' dir='ltr'><strong>tradidit.</strong></span> <span class='ocrx_word' id='word_1_43' title='bbox 1772 648 1915 721; x_wconf 86' lang='lat' dir='ltr'><strong>Ergo</strong></span> <span class='ocrx_word' id='word_1_44' title='bbox 1956 650 2315 720; x_wconf 77' lang='lat' dir='ltr'><strong>quadraginta</strong></span> <span class='ocrx_word' id='word_1_45' title='bbox 2356 658 2411 702; x_wconf 90' lang='lat' dir='ltr'><strong>et</strong></span> <span class='ocrx_word' id='word_1_46' title='bbox 2453 655 2670 701; x_wconf 89' lang='lat' dir='ltr'><strong>centum</strong></span> <span class='ocrx_word' id='word_1_47' title='bbox 2694 644 2925 723; x_wconf 88' lang='lat' dir='ltr'><strong>_circiter</strong></span> <span class='ocrx_word' id='word_1_48' title='bbox 2959 639 3133 696; x_wconf 79' lang='lat' dir='ltr'><strong>annos</strong></span> <span class='ocrx_word' id='word_1_49' title='bbox 3155 642 3389 696; x_wconf 89' lang='lat' dir='ltr'><strong>vivendo</strong></span> 
     </span>
    </p>
   </div>
   <div class='ocr_carea' id='block_1_6' title="bbox 118 736 3384 817">
    <p class='ocr_par' dir='ltr' id='par_1_6' title="bbox 118 736 3384 817">
     <span class='ocr_line' id='line_1_6' title="bbox 118 736 3384 817; baseline -0.001 -24"><span class='ocrx_word' id='word_1_50' title='bbox 118 740 420 809; x_wconf 78' lang='lat' dir='ltr'><strong>attigisset,</strong></span> <span class='ocrx_word' id='word_1_51' title='bbox 447 742 613 812; x_wconf 86' lang='lat' dir='ltr'><strong>cujus</strong></span> <span class='ocrx_word' id='word_1_52' title='bbox 640 757 765 797; x_wconf 90' lang='lat' dir='ltr'><strong>cum</strong></span> <span class='ocrx_word' id='word_1_53' title='bbox 799 743 925 798; x_wconf 88' lang='lat' dir='ltr'><strong>talis</strong></span> <span class='ocrx_word' id='word_1_54' title='bbox 955 752 1087 799; x_wconf 72' lang='lat' dir='ltr'><strong>tetas</strong></span> <span class='ocrx_word' id='word_1_55' title='bbox 1120 758 1151 797; x_wconf 92' lang='lat' dir='ltr'><strong>a</strong></span> <span class='ocrx_word' id='word_1_56' title='bbox 1182 745 1335 799; x_wconf 90' lang='lat' dir='ltr'><strong>nullo</strong></span> <span class='ocrx_word' id='word_1_57' title='bbox 1366 745 1695 815; x_wconf 89' lang='lat' dir='ltr'><strong>scriptorum</strong></span> <span class='ocrx_word' id='word_1_58' title='bbox 1724 755 2074 817; x_wconf 83' lang='lat' dir='ltr'><strong>agnoscatur,</strong></span> <span class='ocrx_word' id='word_1_59' title='bbox 2101 745 2294 800; x_wconf 89' lang='lat' dir='ltr'><strong>merito</strong></span> <span class='ocrx_word' id='word_1_60' title='bbox 2331 757 2550 814; x_wconf 88' lang='lat' dir='ltr'><strong>quoque</strong></span> <span class='ocrx_word' id='word_1_61' title='bbox 2572 740 2904 804; x_wconf 87' lang='lat' dir='ltr'><strong>dubitamus,</strong></span> <span class='ocrx_word' id='word_1_62' title='bbox 2929 752 3052 792; x_wconf 89' lang='lat' dir='ltr'><strong>eum</strong></span> <span class='ocrx_word' id='word_1_63' title='bbox 3074 736 3303 790; x_wconf 81' lang='lat' dir='ltr'><strong>Joannis</strong></span> <span class='ocrx_word' id='word_1_64' title='bbox 3330 736 3384 789; x_wconf 91' lang='lat' dir='ltr'><strong>in</strong></span> 
     </span>
    </p>
   </div>
   <div class='ocr_carea' id='block_1_7' title="bbox 119 830 3387 909">
    <p class='ocr_par' dir='ltr' id='par_1_7' title="bbox 119 830 3387 909">
     <span class='ocr_line' id='line_1_7' title="bbox 119 830 3387 909; baseline -0.001 -23"><span class='ocrx_word' id='word_1_65' title='bbox 119 833 311 887; x_wconf 84' lang='lat' dir='ltr'><strong>Patmo</strong></span> <span class='ocrx_word' id='word_1_66' title='bbox 352 835 670 892; x_wconf 80' lang='lat' dir='ltr'><strong>exsulantis</strong></span> <span class='ocrx_word' id='word_1_67' title='bbox 711 845 975 906; x_wconf 90' lang='lat' dir='ltr'><strong>tempore,</strong></span> <span class='ocrx_word' id='word_1_68' title='bbox 1016 835 1269 890; x_wconf 84' lang='lat' dir='ltr'><strong>Sardium</strong></span> <span class='ocrx_word' id='word_1_69' title='bbox 1317 836 1491 893; x_wconf 82' lang='lat' dir='ltr'><strong>luisse</strong></span> <span class='ocrx_word' id='word_1_70' title='bbox 1531 839 1871 909; x_wconf 86' lang='lat' dir='ltr'><strong>episcopum.</strong></span> <span class='ocrx_word' id='word_1_71' title='bbox 1905 837 2077 892; x_wconf 89' lang='lat' dir='ltr'><strong>Porro</strong></span> <span class='ocrx_word' id='word_1_72' title='bbox 2110 837 2242 892; x_wconf 90' lang='lat' dir='ltr'><strong>viris</strong></span> <span class='ocrx_word' id='word_1_73' title='bbox 2278 836 2595 906; x_wconf 82' lang='lat' dir='ltr'><strong>apostolicis</strong></span> <span class='ocrx_word' id='word_1_74' title='bbox 2628 850 2723 890; x_wconf 89' lang='lat' dir='ltr'><strong>seu</strong></span> <span class='ocrx_word' id='word_1_75' title='bbox 2755 831 3024 903; x_wconf 84' lang='lat' dir='ltr'><strong>ejusmodi</strong></span> <span class='ocrx_word' id='word_1_76' title='bbox 3050 830 3204 892; x_wconf 90' lang='lat' dir='ltr'><strong>viris,</strong></span> <span class='ocrx_word' id='word_1_77' title='bbox 3244 843 3387 897; x_wconf 88' lang='lat' dir='ltr'><strong>quos</strong></span> 
     </span>
    </p>
   </div>
   <div class='ocr_carea' id='block_1_8' title="bbox 114 920 3383 999">
    <p class='ocr_par' dir='ltr' id='par_1_8' title="bbox 114 920 3383 999">
     <span class='ocr_line' id='line_1_8' title="bbox 114 920 3383 999; baseline -0.002 -22"><span class='ocrx_word' id='word_1_78' title='bbox 114 925 354 993; x_wconf 82' lang='lat' dir='ltr'><strong>apostoli</strong></span> <span class='ocrx_word' id='word_1_79' title='bbox 388 926 801 992; x_wconf 76' lang='lat' dir='ltr'><strong>instruxerunt,</strong></span> <span class='ocrx_word' id='word_1_80' title='bbox 832 944 863 981; x_wconf 92' lang='lat' dir='ltr'><strong>a</strong></span> <span class='ocrx_word' id='word_1_81' title='bbox 897 927 1113 982; x_wconf 88' lang='lat' dir='ltr'><strong>nemine</strong></span> <span class='ocrx_word' id='word_1_82' title='bbox 1137 929 1551 995; x_wconf 79' lang='lat' dir='ltr'><strong>adnumeratur,</strong></span> <span class='ocrx_word' id='word_1_83' title='bbox 1586 930 1731 999; x_wconf 89' lang='lat' dir='ltr'><strong>quod</strong></span> <span class='ocrx_word' id='word_1_84' title='bbox 1776 940 1923 985; x_wconf 89' lang='lat' dir='ltr'><strong>certe</strong></span> <span class='ocrx_word' id='word_1_85' title='bbox 1960 929 2177 985; x_wconf 89' lang='lat' dir='ltr'><strong>silentio</strong></span> <span class='ocrx_word' id='word_1_86' title='bbox 2214 944 2321 983; x_wconf 92' lang='lat' dir='ltr'><strong>non</strong></span> <span class='ocrx_word' id='word_1_87' title='bbox 2365 926 2792 998; x_wconf 79' lang='lat' dir='ltr'><strong>praeterivissent</strong></span> <span class='ocrx_word' id='word_1_88' title='bbox 2833 933 3043 979; x_wconf 89' lang='lat' dir='ltr'><strong>veteres</strong></span> <span class='ocrx_word' id='word_1_89' title='bbox 3071 920 3383 989; x_wconf 86' lang='lat' dir='ltr'><strong>scriptores,</strong></span> 
     </span>
    </p>
   </div>
   <div class='ocr_carea' id='block_1_9' title="bbox 114 1010 3389 1089">
    <p class='ocr_par' dir='ltr' id='par_1_9' title="bbox 114 1010 3389 1089">
     <span class='ocr_line' id='line_1_9' title="bbox 114 1010 3389 1089; baseline -0.002 -19"><span class='ocrx_word' id='word_1_90' title='bbox 114 1027 307 1086; x_wconf 87' lang='lat' dir='ltr'><strong>utpote</strong></span> <span class='ocrx_word' id='word_1_91' title='bbox 341 1018 441 1085; x_wconf 88' lang='lat' dir='ltr'><strong>qui</strong></span> <span class='ocrx_word' id='word_1_92' title='bbox 481 1018 881 1074; x_wconf 88' lang='lat' dir='ltr'><strong>studiosissime</strong></span> <span class='ocrx_word' id='word_1_93' title='bbox 909 1019 1013 1074; x_wconf 88' lang='lat' dir='ltr'><strong>hoc</strong></span> <span class='ocrx_word' id='word_1_94' title='bbox 1040 1029 1287 1088; x_wconf 83' lang='lat' dir='ltr'><strong>egerunt,</strong></span> <span class='ocrx_word' id='word_1_95' title='bbox 1314 1030 1372 1074; x_wconf 92' lang='lat' dir='ltr'><strong>ut</strong></span> <span class='ocrx_word' id='word_1_96' title='bbox 1395 1021 1593 1089; x_wconf 89' lang='lat' dir='ltr'><strong>quibus</strong></span> <span class='ocrx_word' id='word_1_97' title='bbox 1626 1022 1714 1074; x_wconf 93' lang='lat' dir='ltr'><strong>hic</strong></span> <span class='ocrx_word' id='word_1_98' title='bbox 1742 1021 1917 1074; x_wconf 87' lang='lat' dir='ltr'><strong>honor</strong></span> <span class='ocrx_word' id='word_1_99' title='bbox 1945 1020 2248 1087; x_wconf 79' lang='lat' dir='ltr'><strong>obtigisset,</strong></span> <span class='ocrx_word' id='word_1_100' title='bbox 2274 1019 2644 1087; x_wconf 85' lang='lat' dir='ltr'><strong>posteritatem</strong></span> <span class='ocrx_word' id='word_1_101' title='bbox 2684 1033 2791 1072; x_wconf 91' lang='lat' dir='ltr'><strong>non</strong></span> <span class='ocrx_word' id='word_1_102' title='bbox 2822 1016 3030 1077; x_wconf 84' lang='lat' dir='ltr'><strong>lateret,</strong></span> <span class='ocrx_word' id='word_1_103' title='bbox 3063 1014 3172 1066; x_wconf 90' lang='lat' dir='ltr'><strong>imo</strong></span> <span class='ocrx_word' id='word_1_104' title='bbox 3203 1010 3389 1080; x_wconf 89' lang='lat' dir='ltr'><strong>potius</strong></span> 
     </span>
    </p>
   </div>
   <div class='ocr_carea' id='block_1_10' title="bbox 111 1102 1680 1181">
    <p class='ocr_par' dir='ltr' id='par_1_10' title="bbox 111 1109 1680 1181">
     <span class='ocr_line' id='line_1_10' title="bbox 111 1109 1680 1181; baseline 0.002 -21"><span class='ocrx_word' id='word_1_105' title='bbox 111 1110 137 1160; x_wconf 84' lang='grc'><strong>1</strong></span> <span class='ocrx_word' id='word_1_106' title='bbox 147 1125 323 1162; x_wconf 76' lang='lat' dir='ltr'><strong>remeo</strong></span> <span class='ocrx_word' id='word_1_107' title='bbox 345 1110 589 1179; x_wconf 85' lang='lat' dir='ltr'><strong>aliisque</strong></span> <span class='ocrx_word' id='word_1_108' title='bbox 606 1109 716 1179; x_wconf 81' lang='lat'><strong>(30)</strong></span> <span class='ocrx_word' id='word_1_109' title='bbox 732 1125 852 1163; x_wconf 89' lang='lat' dir='ltr'><strong>eum</strong></span> <span class='ocrx_word' id='word_1_110' title='bbox 872 1120 1220 1180; x_wconf 84' lang='lat' dir='ltr'><strong>postponunt,</strong></span> <span class='ocrx_word' id='word_1_111' title='bbox 1239 1127 1398 1181; x_wconf 88' lang='lat' dir='ltr'><strong>quem</strong></span> <span class='ocrx_word' id='word_1_112' title='bbox 1417 1114 1580 1180; x_wconf 81' lang='grc' dir='ltr'>ἐγγὺς</span> <span class='ocrx_word' id='word_1_113' title='bbox 1596 1111 1680 1164; x_wconf 50' lang='grc' dir='ltr'><strong>τῶς</strong></span> 
     </span>
    </p>
   </div>
   <div class='ocr_carea' id='block_1_11' title="bbox 1826 1102 3388 1181">
    <p class='ocr_par' dir='ltr' id='par_1_11' title="bbox 1826 1102 3388 1181">
     <span class='ocr_line' id='line_1_11' title="bbox 1826 1102 3388 1181; baseline -0.006 -17"><span class='ocrx_word' id='word_1_114' title='bbox 1826 1110 2025 1164; x_wconf 82' lang='grc' dir='ltr'><strong>στόλων</strong></span> <span class='ocrx_word' id='word_1_115' title='bbox 2042 1109 2349 1181; x_wconf 84' lang='grc' dir='ltr'>γενόμενον,</span> <span class='ocrx_word' id='word_1_116' title='bbox 2374 1129 2391 1161; x_wconf 87' lang='grc' dir='ltr'><strong>ι</strong></span> <span class='ocrx_word' id='word_1_117' title='bbox 2418 1125 2525 1164; x_wconf 91' lang='lat' dir='ltr'><strong>non</strong></span> <span class='ocrx_word' id='word_1_118' title='bbox 2543 1110 2699 1178; x_wconf 88' lang='lat' dir='ltr'><strong>longe</strong></span> <span class='ocrx_word' id='word_1_119' title='bbox 2716 1124 2745 1162; x_wconf 90' lang='lat' dir='ltr'><strong>a</strong></span> <span class='ocrx_word' id='word_1_120' title='bbox 2764 1106 3094 1176; x_wconf 88' lang='lat' dir='ltr'><strong>temporibus</strong></span> <span class='ocrx_word' id='word_1_121' title='bbox 3110 1102 3388 1173; x_wconf 90' lang='lat' dir='ltr'><strong>apostolo-</strong></span> 
     </span>
    </p>
   </div>
   <div class='ocr_carea' id='block_1_12' title="bbox 112 1198 3384 1274">
    <p class='ocr_par' dir='ltr' id='par_1_12' title="bbox 112 1198 3384 1274">
     <span class='ocr_line' id='line_1_12' title="bbox 112 1198 3384 1274; baseline -0.002 -23"><span class='ocrx_word' id='word_1_122' title='bbox 112 1215 235 1252; x_wconf 89' lang='lat' dir='ltr'><strong>rum</strong></span> <span class='ocrx_word' id='word_1_123' title='bbox 254 1201 583 1267; x_wconf 80' lang='lat' dir='ltr'><strong>distantem,</strong></span> <span class='ocrx_word' id='word_1_124' title='bbox 597 1213 890 1257; x_wconf 71' lang='lat' dir='ltr'><strong>ivocarunt</strong></span> <span class='ocrx_word' id='word_1_125' title='bbox 907 1204 985 1271; x_wconf 80' lang='grc'><strong>(51</strong></span> <span class='ocrx_word' id='word_1_126' title='bbox 1002 1206 1039 1271; x_wconf 89' lang='grc'><strong>).</strong></span> <span class='ocrx_word' id='word_1_127' title='bbox 1058 1202 1295 1258; x_wconf 87' lang='lat' dir='ltr'><strong>Tandem</strong></span> <span class='ocrx_word' id='word_1_128' title='bbox 1311 1220 1528 1273; x_wconf 83' lang='lat' dir='ltr'><strong>quoque</strong></span> <span class='ocrx_word' id='word_1_129' title='bbox 1545 1206 1658 1274; x_wconf 89' lang='lat' dir='ltr'><strong>ipsa</strong></span> <span class='ocrx_word' id='word_1_130' title='bbox 1676 1206 1835 1260; x_wconf 87' lang='lat' dir='ltr'><strong>verba</strong></span> <span class='ocrx_word' id='word_1_131' title='bbox 1854 1205 1961 1258; x_wconf 86' lang='lat' dir='ltr'><strong>scio</strong></span> <span class='ocrx_word' id='word_1_132' title='bbox 1978 1220 2135 1273; x_wconf 83' lang='lat' dir='ltr'><strong>opera</strong></span> <span class='ocrx_word' id='word_1_133' title='bbox 2162 1214 2274 1269; x_wconf 87' lang='lat' dir='ltr'><strong>tua,</strong></span> <span class='ocrx_word' id='word_1_134' title='bbox 2297 1204 2424 1273; x_wconf 86' lang='lat' dir='ltr'><strong>quia</strong></span> <span class='ocrx_word' id='word_1_135' title='bbox 2452 1219 2635 1257; x_wconf 86' lang='lat' dir='ltr'><strong>nomen</strong></span> <span class='ocrx_word' id='word_1_136' title='bbox 2660 1201 2815 1254; x_wconf 83' lang='lat' dir='ltr'><strong>habes</strong></span> <span class='ocrx_word' id='word_1_137' title='bbox 2831 1198 2969 1269; x_wconf 83' lang='lat' dir='ltr'><strong>quod</strong></span> <span class='ocrx_word' id='word_1_138' title='bbox 2994 1199 3154 1261; x_wconf 84' lang='lat' dir='ltr'><strong>vivas,</strong></span> <span class='ocrx_word' id='word_1_139' title='bbox 3171 1205 3221 1250; x_wconf 84' lang='lat' dir='ltr'><strong>et</strong></span> <span class='ocrx_word' id='word_1_140' title='bbox 3240 1211 3350 1247; x_wconf 81' lang='lat' dir='ltr'><strong>nior</strong></span> <span class='ocrx_word' id='word_1_141' title='bbox 3364 1222 3384 1235; x_wconf 86' lang='lat'><strong>-</strong></span> 
     </span>
    </p>
   </div>
   <div class='ocr_carea' id='block_1_13' title="bbox 115 1289 3386 1367">
    <p class='ocr_par' dir='ltr' id='par_1_13' title="bbox 115 1289 3386 1367">
     <span class='ocr_line' id='line_1_13' title="bbox 115 1289 3386 1367; baseline 0 -28"><span class='ocrx_word' id='word_1_142' title='bbox 115 1297 238 1346; x_wconf 79' lang='lat' dir='ltr'><strong>tuus</strong></span> <span class='ocrx_word' id='word_1_143' title='bbox 273 1310 354 1357; x_wconf 81' lang='lat' dir='ltr'><strong>es,</strong></span> <span class='ocrx_word' id='word_1_144' title='bbox 389 1294 445 1346; x_wconf 87' lang='lat' dir='ltr'><strong>iti</strong></span> <span class='ocrx_word' id='word_1_145' title='bbox 475 1294 787 1349; x_wconf 78' lang='lat' dir='ltr'><strong>Melitenem</strong></span> <span class='ocrx_word' id='word_1_146' title='bbox 819 1296 1043 1349; x_wconf 90' lang='lat' dir='ltr'><strong>minime</strong></span> <span class='ocrx_word' id='word_1_147' title='bbox 1072 1297 1361 1365; x_wconf 91' lang='lat' dir='ltr'><strong>quadrant,</strong></span> <span class='ocrx_word' id='word_1_148' title='bbox 1410 1297 1492 1351; x_wconf 88' lang='lat' dir='ltr'><strong>his</strong></span> <span class='ocrx_word' id='word_1_149' title='bbox 1520 1298 1663 1350; x_wconf 89' lang='lat' dir='ltr'><strong>enim</strong></span> <span class='ocrx_word' id='word_1_150' title='bbox 1696 1296 1925 1351; x_wconf 87' lang='lat' dir='ltr'><strong>indicari</strong></span> <span class='ocrx_word' id='word_1_151' title='bbox 1954 1297 2171 1352; x_wconf 90' lang='lat' dir='ltr'><strong>videtur</strong></span> <span class='ocrx_word' id='word_1_152' title='bbox 2202 1296 2352 1351; x_wconf 90' lang='lat' dir='ltr'><strong>illius</strong></span> <span class='ocrx_word' id='word_1_153' title='bbox 2379 1297 2639 1367; x_wconf 86' lang='lat' dir='ltr'><strong>episcopi,</strong></span> <span class='ocrx_word' id='word_1_154' title='bbox 2669 1294 2921 1364; x_wconf 90' lang='lat' dir='ltr'><strong>quisquis</strong></span> <span class='ocrx_word' id='word_1_155' title='bbox 2973 1292 3157 1351; x_wconf 83' lang='lat' dir='ltr'><strong>fuerit,</strong></span> <span class='ocrx_word' id='word_1_156' title='bbox 3192 1289 3386 1343; x_wconf 78' lang='lat' dir='ltr'><strong>miser-</strong></span> 
     </span>
    </p>
   </div>
   <div class='ocr_carea' id='block_1_14' title="bbox 111 1381 3385 1457">
    <p class='ocr_par' dir='ltr' id='par_1_14' title="bbox 111 1381 3385 1457">
     <span class='ocr_line' id='line_1_14' title="bbox 111 1381 3385 1457; baseline 0 -22"><span class='ocrx_word' id='word_1_157' title='bbox 111 1384 293 1439; x_wconf 90' lang='lat' dir='ltr'><strong>rimus</strong></span> <span class='ocrx_word' id='word_1_158' title='bbox 325 1398 509 1442; x_wconf 76' lang='lat' dir='ltr'><strong>S&#39;atus</strong></span> <span class='ocrx_word' id='word_1_159' title='bbox 535 1396 590 1442; x_wconf 89' lang='lat' dir='ltr'><strong>et</strong></span> <span class='ocrx_word' id='word_1_160' title='bbox 620 1387 822 1441; x_wconf 79' lang='lat' dir='ltr'><strong>exitiali</strong></span> <span class='ocrx_word' id='word_1_161' title='bbox 863 1402 1121 1457; x_wconf 82' lang='lat' dir='ltr'><strong>oppressa</strong></span> <span class='ocrx_word' id='word_1_162' title='bbox 1162 1399 1381 1457; x_wconf 89' lang='lat' dir='ltr'><strong>peccato</strong></span> <span class='ocrx_word' id='word_1_163' title='bbox 1413 1388 1772 1454; x_wconf 84' lang='lat' dir='ltr'><strong>conscientia;</strong></span> <span class='ocrx_word' id='word_1_164' title='bbox 1802 1389 1869 1444; x_wconf 93' lang='lat' dir='ltr'><strong>de</strong></span> <span class='ocrx_word' id='word_1_165' title='bbox 1908 1388 2160 1444; x_wconf 82' lang='lat' dir='ltr'><strong>Melitone</strong></span> <span class='ocrx_word' id='word_1_166' title='bbox 2190 1396 2371 1443; x_wconf 90' lang='lat' dir='ltr'><strong>autem</strong></span> <span class='ocrx_word' id='word_1_167' title='bbox 2412 1404 2577 1457; x_wconf 88' lang='lat' dir='ltr'><strong>supra</strong></span> <span class='ocrx_word' id='word_1_168' title='bbox 2608 1387 2935 1449; x_wconf 80' lang='lat' dir='ltr'><strong>audivimus,</strong></span> <span class='ocrx_word' id='word_1_169' title='bbox 2973 1392 3235 1454; x_wconf 86' lang='lat' dir='ltr'><strong>quantum</strong></span> <span class='ocrx_word' id='word_1_170' title='bbox 3276 1381 3385 1434; x_wconf 90' lang='lat' dir='ltr'><strong>vir-</strong></span> 
     </span>
    </p>
   </div>
   <div class='ocr_carea' id='block_1_15' title="bbox 112 1471 3387 1551">
    <p class='ocr_par' dir='ltr' id='par_1_15' title="bbox 112 1471 3387 1551">
     <span class='ocr_line' id='line_1_15' title="bbox 112 1471 3387 1551; baseline -0.001 -23"><span class='ocrx_word' id='word_1_171' title='bbox 112 1477 326 1531; x_wconf 88' lang='lat' dir='ltr'><strong>tutibus</strong></span> <span class='ocrx_word' id='word_1_172' title='bbox 359 1488 415 1532; x_wconf 89' lang='lat' dir='ltr'><strong>et</strong></span> <span class='ocrx_word' id='word_1_173' title='bbox 442 1480 570 1534; x_wconf 71' lang='lat' dir='ltr'><strong>vitae</strong></span> <span class='ocrx_word' id='word_1_174' title='bbox 602 1478 710 1534; x_wconf 90' lang='lat' dir='ltr'><strong>Deo</strong></span> <span class='ocrx_word' id='word_1_175' title='bbox 733 1490 966 1548; x_wconf 73' lang='lat' dir='ltr'><strong>accepta:</strong></span> <span class='ocrx_word' id='word_1_176' title='bbox 993 1480 1281 1535; x_wconf 89' lang='lat' dir='ltr'><strong>vacaverit.</strong></span> <span class='ocrx_word' id='word_1_177' title='bbox 1320 1479 1436 1535; x_wconf 81' lang='lat' dir='ltr'><strong>Hoc</strong></span> <span class='ocrx_word' id='word_1_178' title='bbox 1471 1480 1653 1551; x_wconf 89' lang='lat' dir='ltr'><strong>itaque</strong></span> <span class='ocrx_word' id='word_1_179' title='bbox 1692 1482 1846 1536; x_wconf 89' lang='lat' dir='ltr'><strong>triste</strong></span> <span class='ocrx_word' id='word_1_180' title='bbox 1874 1480 2156 1535; x_wconf 86' lang='lat' dir='ltr'><strong>oraculum</strong></span> <span class='ocrx_word' id='word_1_181' title='bbox 2191 1482 2443 1536; x_wconf 86' lang='lat' dir='ltr'><strong>evincere</strong></span> <span class='ocrx_word' id='word_1_182' title='bbox 2474 1488 2674 1550; x_wconf 88' lang='lat' dir='ltr'><strong>potest,</strong></span> <span class='ocrx_word' id='word_1_183' title='bbox 2708 1478 2837 1532; x_wconf 90' lang='lat' dir='ltr'><strong>illud</strong></span> <span class='ocrx_word' id='word_1_184' title='bbox 2866 1477 2934 1531; x_wconf 92' lang='lat' dir='ltr'><strong>de</strong></span> <span class='ocrx_word' id='word_1_185' title='bbox 2968 1476 3096 1541; x_wconf 93' lang='lat' dir='ltr'><strong>alio,</strong></span> <span class='ocrx_word' id='word_1_186' title='bbox 3127 1488 3289 1544; x_wconf 91' lang='lat' dir='ltr'><strong>quam</strong></span> <span class='ocrx_word' id='word_1_187' title='bbox 3317 1471 3387 1527; x_wconf 88' lang='lat' dir='ltr'><strong>de</strong></span> 
     </span>
    </p>
   </div>
   <div class='ocr_carea' id='block_1_16' title="bbox 110 1573 1321 1644">
    <p class='ocr_par' dir='ltr' id='par_1_16' title="bbox 110 1573 1321 1644">
     <span class='ocr_line' id='line_1_16' title="bbox 110 1573 1321 1644; baseline 0.009 -21"><span class='ocrx_word' id='word_1_188' title='bbox 110 1580 306 1625; x_wconf 85' lang='lat' dir='ltr'><strong>nostro</strong></span> <span class='ocrx_word' id='word_1_189' title='bbox 342 1573 516 1629; x_wconf 81' lang='lat' dir='ltr'><strong>fuisse</strong></span> <span class='ocrx_word' id='word_1_190' title='bbox 544 1576 939 1644; x_wconf 84' lang='lat' dir='ltr'><strong>conscriptum.</strong></span> <span class='ocrx_word' id='word_1_191' title='bbox 1318 1586 1321 1591; x_wconf 80' lang='grc'><em>’</em></span> 
     </span>
    </p>
   </div>
   <div class='ocr_carea' id='block_1_17' title="bbox 1101 1684 2430 1758">
    <p class='ocr_par' dir='ltr' id='par_1_17' title="bbox 1101 1684 2430 1758">
     <span class='ocr_line' id='line_1_17' title="bbox 1101 1684 2430 1758; baseline 0.002 -19"><span class='ocrx_word' id='word_1_192' title='bbox 1101 1687 1127 1758; x_wconf 83' lang='lat'>§</span> <span class='ocrx_word' id='word_1_193' title='bbox 1156 1684 1270 1741; x_wconf 78' lang='lat' dir='ltr'><strong>XV.</strong></span> <span class='ocrx_word' id='word_1_194' title='bbox 1298 1685 1370 1740; x_wconf 88' lang='lat' dir='ltr'><strong>De</strong></span> <span class='ocrx_word' id='word_1_195' title='bbox 1395 1702 1592 1741; x_wconf 83' lang='lat' dir='ltr'><strong>canone</strong></span> <span class='ocrx_word' id='word_1_196' title='bbox 1630 1685 1693 1739; x_wconf 86' lang='lat' dir='ltr'><strong>V.</strong></span> <span class='ocrx_word' id='word_1_197' title='bbox 1731 1686 1792 1742; x_wconf 91' lang='grc' dir='ltr'><strong>Τ.</strong></span> <span class='ocrx_word' id='word_1_198' title='bbox 1823 1704 1854 1740; x_wconf 88' lang='lat' dir='ltr'><strong>a</strong></span> <span class='ocrx_word' id='word_1_199' title='bbox 1886 1686 2135 1742; x_wconf 80' lang='lat' dir='ltr'><strong>Melitone</strong></span> <span class='ocrx_word' id='word_1_200' title='bbox 2159 1694 2430 1742; x_wconf 86' lang='lat' dir='ltr'><strong>enarrata.</strong></span> 
     </span>
    </p>
   </div>
   <div class='ocr_carea' id='block_1_18' title="bbox 175 1796 3389 1869">
    <p class='ocr_par' dir='ltr' id='par_1_18' title="bbox 175 1796 3389 1869">
     <span class='ocr_line' id='line_1_18' title="bbox 175 1796 3389 1869; baseline -0.002 -14"><span class='ocrx_word' id='word_1_201' title='bbox 175 1802 283 1856; x_wconf 83' lang='lat' dir='ltr'><strong>Ast</strong></span> <span class='ocrx_word' id='word_1_202' title='bbox 311 1802 507 1857; x_wconf 89' lang='lat' dir='ltr'><strong>relicta</strong></span> <span class='ocrx_word' id='word_1_203' title='bbox 536 1802 635 1857; x_wconf 92' lang='lat' dir='ltr'><strong>hac</strong></span> <span class='ocrx_word' id='word_1_204' title='bbox 660 1803 1052 1864; x_wconf 87' lang='lat' dir='ltr'><strong>controversia,</strong></span> <span class='ocrx_word' id='word_1_205' title='bbox 1077 1802 1264 1869; x_wconf 79' lang='lat' dir='ltr'><strong>paucis</strong></span> <span class='ocrx_word' id='word_1_206' title='bbox 1293 1802 1471 1856; x_wconf 91' lang='lat' dir='ltr'><strong>adhuc</strong></span> <span class='ocrx_word' id='word_1_207' title='bbox 1500 1802 1798 1865; x_wconf 81' lang='lat' dir='ltr'><strong>videamus,</strong></span> <span class='ocrx_word' id='word_1_208' title='bbox 1824 1815 1984 1869; x_wconf 92' lang='lat' dir='ltr'><strong>quam</strong></span> <span class='ocrx_word' id='word_1_209' title='bbox 2009 1798 2223 1869; x_wconf 81' lang='lat' dir='ltr'><strong>egregie</strong></span> <span class='ocrx_word' id='word_1_210' title='bbox 2242 1798 2479 1868; x_wconf 90' lang='lat' dir='ltr'><strong>episcopi</strong></span> <span class='ocrx_word' id='word_1_211' title='bbox 2510 1798 2612 1853; x_wconf 88' lang='lat' dir='ltr'><strong>sibi</strong></span> <span class='ocrx_word' id='word_1_212' title='bbox 2644 1796 2959 1853; x_wconf 90' lang='lat' dir='ltr'><strong>mandatum</strong></span> <span class='ocrx_word' id='word_1_213' title='bbox 2983 1811 3184 1850; x_wconf 90' lang='lat' dir='ltr'><strong>munus</strong></span> <span class='ocrx_word' id='word_1_214' title='bbox 3204 1810 3389 1865; x_wconf 85' lang='lat' dir='ltr'><strong>gesse-</strong></span> 
     </span>
    </p>
   </div>
   <div class='ocr_carea' id='block_1_19' title="bbox 105 1888 3383 1967">
    <p class='ocr_par' dir='ltr' id='par_1_19' title="bbox 105 1888 3383 1967">
     <span class='ocr_line' id='line_1_19' title="bbox 105 1888 3383 1967; baseline -0.002 -20"><span class='ocrx_word' id='word_1_215' title='bbox 105 1897 200 1957; x_wconf 87' lang='lat' dir='ltr'><strong>rit,</strong></span> <span class='ocrx_word' id='word_1_216' title='bbox 231 1904 289 1949; x_wconf 90' lang='lat' dir='ltr'><strong>et</strong></span> <span class='ocrx_word' id='word_1_217' title='bbox 318 1912 487 1964; x_wconf 89' lang='lat' dir='ltr'><strong>quam</strong></span> <span class='ocrx_word' id='word_1_218' title='bbox 520 1896 749 1950; x_wconf 88' lang='lat' dir='ltr'><strong>mirilice</strong></span> <span class='ocrx_word' id='word_1_219' title='bbox 776 1911 877 1949; x_wconf 85' lang='lat' dir='ltr'><strong>suo</strong></span> <span class='ocrx_word' id='word_1_220' title='bbox 906 1895 1158 1963; x_wconf 67' lang='lat' dir='ltr'><strong>praesidio</strong></span> <span class='ocrx_word' id='word_1_221' title='bbox 1194 1894 1475 1950; x_wconf 68' lang='lat' dir='ltr'><strong>Sardianae</strong></span> <span class='ocrx_word' id='word_1_222' title='bbox 1509 1910 1615 1948; x_wconf 93' lang='lat' dir='ltr'><strong>non</strong></span> <span class='ocrx_word' id='word_1_223' title='bbox 1642 1903 1871 1960; x_wconf 86' lang='lat' dir='ltr'><strong>tantum,</strong></span> <span class='ocrx_word' id='word_1_224' title='bbox 1905 1890 1999 1948; x_wconf 90' lang='lat' dir='ltr'><strong>sed</strong></span> <span class='ocrx_word' id='word_1_225' title='bbox 2029 1900 2083 1946; x_wconf 90' lang='lat' dir='ltr'><strong>et</strong></span> <span class='ocrx_word' id='word_1_226' title='bbox 2113 1891 2379 1945; x_wconf 63' lang='lat' dir='ltr'><strong>universae</strong></span> <span class='ocrx_word' id='word_1_227' title='bbox 2420 1889 2675 1945; x_wconf 68' lang='lat' dir='ltr'><strong>Ecclesia:</strong></span> <span class='ocrx_word' id='word_1_228' title='bbox 2717 1891 3001 1945; x_wconf 90' lang='lat' dir='ltr'><strong>commoda</strong></span> <span class='ocrx_word' id='word_1_229' title='bbox 3034 1888 3383 1967; x_wconf 83' lang='lat' dir='ltr'><strong>promoverit.</strong></span> 
     </span>
    </p>
   </div>
   <div class='ocr_carea' id='block_1_20' title="bbox 107 1981 3387 2058">
    <p class='ocr_par' dir='ltr' id='par_1_20' title="bbox 107 1981 3387 2058">
     <span class='ocr_line' id='line_1_20' title="bbox 107 1981 3387 2058; baseline -0.001 -21"><span class='ocrx_word' id='word_1_230' title='bbox 107 1985 227 2042; x_wconf 81' lang='lat' dir='ltr'><strong>llau</strong></span> <span class='ocrx_word' id='word_1_231' title='bbox 252 1991 266 2042; x_wconf 89' lang='lat' dir='ltr'><strong>l</strong></span> <span class='ocrx_word' id='word_1_232' title='bbox 303 1981 742 2044; x_wconf 45' lang='lat' dir='ltr'><strong>ultiinum&#39;verbi</strong></span> <span class='ocrx_word' id='word_1_233' title='bbox 777 1990 943 2045; x_wconf 87' lang='lat' dir='ltr'><strong>divini</strong></span> <span class='ocrx_word' id='word_1_234' title='bbox 971 1990 1452 2053; x_wconf 84' lang='lat' dir='ltr'><strong>administratoris,</strong></span> <span class='ocrx_word' id='word_1_235' title='bbox 1477 1998 1528 2043; x_wconf 90' lang='lat' dir='ltr'><strong>et</strong></span> <span class='ocrx_word' id='word_1_236' title='bbox 1554 1987 1790 2058; x_wconf 89' lang='lat' dir='ltr'><strong>episcopi</strong></span> <span class='ocrx_word' id='word_1_237' title='bbox 1818 1984 2088 2056; x_wconf 91' lang='lat' dir='ltr'><strong>inprimis,</strong></span> <span class='ocrx_word' id='word_1_238' title='bbox 2117 1983 2348 2039; x_wconf 77' lang='lat' dir='ltr'><strong>oliieium</strong></span> <span class='ocrx_word' id='word_1_239' title='bbox 2365 1993 2466 2049; x_wconf 86' lang='lat' dir='ltr'><strong>est,</strong></span> <span class='ocrx_word' id='word_1_240' title='bbox 2495 1985 2637 2039; x_wconf 89' lang='lat' dir='ltr'><strong>sacri</strong></span> <span class='ocrx_word' id='word_1_241' title='bbox 2667 1985 2892 2040; x_wconf 89' lang='lat' dir='ltr'><strong>canonis</strong></span> <span class='ocrx_word' id='word_1_242' title='bbox 2919 1982 3387 2039; x_wconf 85' lang='lat' dir='ltr'><strong>accuratissimam</strong></span> 
     </span>
    </p>
   </div>
   <div class='ocr_carea' id='block_1_21' title="bbox 102 2075 1680 2157">
    <p class='ocr_par' dir='ltr' id='par_1_21' title="bbox 102 2080 1679 2157">
     <span class='ocr_line' id='line_1_21' title="bbox 102 2080 1679 2157; baseline -0.002 -21"><span class='ocrx_word' id='word_1_243' title='bbox 102 2098 301 2137; x_wconf 84' lang='lat' dir='ltr'><strong>curam</strong></span> <span class='ocrx_word' id='word_1_244' title='bbox 339 2086 567 2151; x_wconf 88' lang='lat' dir='ltr'><strong>habere,</strong></span> <span class='ocrx_word' id='word_1_245' title='bbox 596 2085 745 2146; x_wconf 81' lang='grc' dir='ltr'>θείας</span> <span class='ocrx_word' id='word_1_246' title='bbox 773 2085 1098 2157; x_wconf 79' lang='grc' dir='ltr'><strong>παραδόσεις</strong></span> <span class='ocrx_word' id='word_1_247' title='bbox 1132 2086 1382 2152; x_wconf 78' lang='grc' dir='ltr'><strong>κατέχειν</strong></span> <span class='ocrx_word' id='word_1_248' title='bbox 1411 2084 1458 2147; x_wconf 86' lang='grc'><strong>⁹,</strong></span> <span class='ocrx_word' id='word_1_249' title='bbox 1504 2091 1555 2135; x_wconf 87' lang='lat' dir='ltr'><strong>et</strong></span> <span class='ocrx_word' id='word_1_250' title='bbox 1596 2080 1679 2135; x_wconf 90' lang='lat' dir='ltr'><strong>div</strong></span> 
     </span>
    </p>
   </div>
   <div class='ocr_carea' id='block_1_22' title="bbox 1826 2075 3389 2157">
    <p class='ocr_par' dir='ltr' id='par_1_22' title="bbox 1840 2075 3389 2138">
     <span class='ocr_line' id='line_1_22' title="bbox 1840 2075 3389 2138; baseline -0.001 -6"><span class='ocrx_word' id='word_1_251' title='bbox 1840 2079 1893 2132; x_wconf 90' lang='lat' dir='ltr'><strong>in</strong></span> <span class='ocrx_word' id='word_1_252' title='bbox 1930 2092 2088 2133; x_wconf 90' lang='lat' dir='ltr'><strong>sacro</strong></span> <span class='ocrx_word' id='word_1_253' title='bbox 2122 2091 2329 2132; x_wconf 89' lang='lat' dir='ltr'><strong>canone</strong></span> <span class='ocrx_word' id='word_1_254' title='bbox 2364 2084 2649 2132; x_wconf 91' lang='lat' dir='ltr'><strong>contentos</strong></span> <span class='ocrx_word' id='word_1_255' title='bbox 2675 2076 2843 2130; x_wconf 90' lang='lat' dir='ltr'><strong>libros</strong></span> <span class='ocrx_word' id='word_1_256' title='bbox 2877 2076 2949 2129; x_wconf 91' lang='lat' dir='ltr'><strong>ita</strong></span> <span class='ocrx_word' id='word_1_257' title='bbox 2974 2075 3284 2138; x_wconf 85' lang='lat' dir='ltr'><strong>custodire,</strong></span> <span class='ocrx_word' id='word_1_258' title='bbox 3329 2085 3389 2131; x_wconf 88' lang='lat' dir='ltr'><strong>ut</strong></span> 
     </span>
    </p>
   </div>
   <div class='ocr_carea' id='block_1_23' title="bbox 100 2168 3386 2251">
    <p class='ocr_par' dir='ltr' id='par_1_23' title="bbox 100 2168 3386 2251">
     <span class='ocr_line' id='line_1_23' title="bbox 100 2168 3386 2251; baseline -0.005 -18"><span class='ocrx_word' id='word_1_259' title='bbox 100 2194 291 2250; x_wconf 89' lang='lat' dir='ltr'><strong>neque</strong></span> <span class='ocrx_word' id='word_1_260' title='bbox 338 2182 574 2237; x_wconf 88' lang='lat' dir='ltr'><strong>addatur</strong></span> <span class='ocrx_word' id='word_1_261' title='bbox 604 2196 779 2251; x_wconf 90' lang='lat' dir='ltr'><strong>neque</strong></span> <span class='ocrx_word' id='word_1_262' title='bbox 807 2179 1125 2235; x_wconf 84' lang='lat' dir='ltr'><strong>detrahatur</strong></span> <span class='ocrx_word' id='word_1_263' title='bbox 1157 2179 1381 2244; x_wconf 85' lang='lat' dir='ltr'><strong>aliquid.</strong></span> <span class='ocrx_word' id='word_1_264' title='bbox 1408 2177 1523 2233; x_wconf 83' lang='lat' dir='ltr'><strong>Hoc</strong></span> <span class='ocrx_word' id='word_1_265' title='bbox 1550 2176 1670 2231; x_wconf 87' lang='lat' dir='ltr'><strong>istis</strong></span> <span class='ocrx_word' id='word_1_266' title='bbox 1696 2172 2043 2244; x_wconf 90' lang='lat' dir='ltr'><strong>potissimum</strong></span> <span class='ocrx_word' id='word_1_267' title='bbox 2080 2170 2438 2241; x_wconf 87' lang='lat' dir='ltr'><strong>temporibus,</strong></span> <span class='ocrx_word' id='word_1_268' title='bbox 2464 2169 2667 2239; x_wconf 89' lang='lat' dir='ltr'><strong>quibus</strong></span> <span class='ocrx_word' id='word_1_269' title='bbox 2698 2168 3154 2237; x_wconf 84' lang='lat' dir='ltr'><strong>interpolationis,</strong></span> <span class='ocrx_word' id='word_1_270' title='bbox 3186 2181 3386 2235; x_wconf 86' lang='lat' dir='ltr'><strong>suppo-</strong></span> 
     </span>
    </p>
   </div>
   <div class='ocr_carea' id='block_1_24' title="bbox 103 2256 3390 2330">
    <p class='ocr_par' dir='ltr' id='par_1_24' title="bbox 103 2256 3390 2330">
     <span class='ocr_line' id='line_1_24' title="bbox 103 2256 3390 2330; baseline -0.005 -3"><span class='ocrx_word' id='word_1_271' title='bbox 103 2274 335 2330; x_wconf 75' lang='lat' dir='ltr'><strong>sitionis</strong></span> <span class='ocrx_word' id='word_1_272' title='bbox 362 2287 411 2329; x_wconf 90' lang='lat' dir='ltr'><strong>et</strong></span> <span class='ocrx_word' id='word_1_273' title='bbox 447 2275 866 2330; x_wconf 86' lang='lat' dir='ltr'><strong>adulterationis</strong></span> <span class='ocrx_word' id='word_1_274' title='bbox 910 2272 1174 2326; x_wconf 88' lang='lat' dir='ltr'><strong>librorum</strong></span> <span class='ocrx_word' id='word_1_275' title='bbox 1205 2287 1490 2325; x_wconf 89' lang='lat' dir='ltr'><strong>sacrorum</strong></span> <span class='ocrx_word' id='word_1_276' title='bbox 1535 2269 1717 2323; x_wconf 92' lang='lat' dir='ltr'><strong>nullus</strong></span> <span class='ocrx_word' id='word_1_277' title='bbox 1741 2266 1851 2320; x_wconf 81' lang='lat' dir='ltr'><strong>fere</strong></span> <span class='ocrx_word' id='word_1_278' title='bbox 1890 2264 2012 2321; x_wconf 82' lang='lat' dir='ltr'><strong>linis</strong></span> <span class='ocrx_word' id='word_1_279' title='bbox 2036 2264 2153 2329; x_wconf 82' lang='lat' dir='ltr'><strong>fuit,</strong></span> <span class='ocrx_word' id='word_1_280' title='bbox 2186 2262 2422 2318; x_wconf 78' lang='lat' dir='ltr'><strong>maxime</strong></span> <span class='ocrx_word' id='word_1_281' title='bbox 2457 2271 2574 2316; x_wconf 91' lang='lat' dir='ltr'><strong>erat</strong></span> <span class='ocrx_word' id='word_1_282' title='bbox 2605 2262 2993 2315; x_wconf 90' lang='lat' dir='ltr'><strong>necessarium.</strong></span> <span class='ocrx_word' id='word_1_283' title='bbox 3040 2256 3177 2312; x_wconf 82' lang='lat' dir='ltr'><strong>Huic</strong></span> <span class='ocrx_word' id='word_1_284' title='bbox 3204 2258 3390 2327; x_wconf 74' lang='lat' dir='ltr'><strong>itaque</strong></span> 
     </span>
    </p>
   </div>
   <div class='ocr_carea' id='block_1_25' title="bbox 102 2349 3389 2431">
    <p class='ocr_par' dir='ltr' id='par_1_25' title="bbox 102 2349 3389 2431">
     <span class='ocr_line' id='line_1_25' title="bbox 102 2349 3389 2431; baseline -0.005 -11"><span class='ocrx_word' id='word_1_285' title='bbox 102 2362 287 2424; x_wconf 49' lang='lat' dir='ltr'><strong>cilicio</strong></span> <span class='ocrx_word' id='word_1_286' title='bbox 322 2379 425 2418; x_wconf 85' lang='lat' dir='ltr'><strong>nec</strong></span> <span class='ocrx_word' id='word_1_287' title='bbox 448 2380 508 2418; x_wconf 89' lang='lat' dir='ltr'><strong>se</strong></span> <span class='ocrx_word' id='word_1_288' title='bbox 533 2365 794 2418; x_wconf 82' lang='lat' dir='ltr'><strong>subduxit</strong></span> <span class='ocrx_word' id='word_1_289' title='bbox 816 2364 997 2419; x_wconf 87' lang='lat' dir='ltr'><strong>Melite</strong></span> <span class='ocrx_word' id='word_1_290' title='bbox 1022 2373 1229 2427; x_wconf 86' lang='lat' dir='ltr'><strong>noster,</strong></span> <span class='ocrx_word' id='word_1_291' title='bbox 1260 2362 1355 2417; x_wconf 90' lang='lat' dir='ltr'><strong>sed</strong></span> <span class='ocrx_word' id='word_1_292' title='bbox 1386 2359 1660 2431; x_wconf 85' lang='lat' dir='ltr'><strong>profectus</strong></span> <span class='ocrx_word' id='word_1_293' title='bbox 1689 2366 1772 2412; x_wconf 92' lang='lat' dir='ltr'><strong>est</strong></span> <span class='ocrx_word' id='word_1_294' title='bbox 1798 2357 1853 2410; x_wconf 91' lang='lat' dir='ltr'><strong>in</strong></span> <span class='ocrx_word' id='word_1_295' title='bbox 1880 2355 2177 2421; x_wconf 85' lang='lat' dir='ltr'><strong>Orientem,</strong></span> <span class='ocrx_word' id='word_1_296' title='bbox 2201 2364 2257 2409; x_wconf 91' lang='lat' dir='ltr'><strong>et</strong></span> <span class='ocrx_word' id='word_1_297' title='bbox 2284 2354 2351 2408; x_wconf 90' lang='lat' dir='ltr'><strong>ad</strong></span> <span class='ocrx_word' id='word_1_298' title='bbox 2383 2354 2557 2407; x_wconf 88' lang='lat' dir='ltr'><strong>locum</strong></span> <span class='ocrx_word' id='word_1_299' title='bbox 2594 2354 2767 2420; x_wconf 92' lang='lat' dir='ltr'><strong>ipsum</strong></span> <span class='ocrx_word' id='word_1_300' title='bbox 2791 2351 2892 2405; x_wconf 81' lang='lat' dir='ltr'><strong>iter</strong></span> <span class='ocrx_word' id='word_1_301' title='bbox 2920 2351 3174 2413; x_wconf 90' lang='lat' dir='ltr'><strong>instituit,</strong></span> <span class='ocrx_word' id='word_1_302' title='bbox 3203 2349 3389 2418; x_wconf 91' lang='lat' dir='ltr'><strong>inquo</strong></span> 
     </span>
    </p>
   </div>
   <div class='ocr_carea' id='block_1_26' title="bbox 102 2446 3388 2532">
    <p class='ocr_par' dir='ltr' id='par_1_26' title="bbox 102 2446 3388 2532">
     <span class='ocr_line' id='line_1_26' title="bbox 102 2446 3388 2532; baseline -0.005 -16"><span class='ocrx_word' id='word_1_303' title='bbox 102 2479 231 2532; x_wconf 76' lang='lat' dir='ltr'><strong>qua:</strong></span> <span class='ocrx_word' id='word_1_304' title='bbox 264 2462 321 2515; x_wconf 90' lang='lat' dir='ltr'><strong>in</strong></span> <span class='ocrx_word' id='word_1_305' title='bbox 354 2457 659 2527; x_wconf 89' lang='lat' dir='ltr'><strong>Scripturis</strong></span> <span class='ocrx_word' id='word_1_306' title='bbox 699 2468 1011 2523; x_wconf 88' lang='lat' dir='ltr'><strong>narrantur,</strong></span> <span class='ocrx_word' id='word_1_307' title='bbox 1044 2469 1195 2527; x_wconf 86' lang='lat' dir='ltr'><strong>gesta</strong></span> <span class='ocrx_word' id='word_1_308' title='bbox 1226 2455 1354 2510; x_wconf 91' lang='lat' dir='ltr'><strong>olim</strong></span> <span class='ocrx_word' id='word_1_309' title='bbox 1387 2453 1626 2519; x_wconf 82' lang='lat' dir='ltr'><strong>fuerunt,</strong></span> <span class='ocrx_word' id='word_1_310' title='bbox 1667 2461 1729 2507; x_wconf 92' lang='lat' dir='ltr'><strong>ut</strong></span> <span class='ocrx_word' id='word_1_311' title='bbox 1756 2449 1965 2504; x_wconf 84' lang='lat' dir='ltr'><strong>Veteris</strong></span> <span class='ocrx_word' id='word_1_312' title='bbox 1994 2449 2329 2504; x_wconf 90' lang='lat' dir='ltr'><strong>Testamenti</strong></span> <span class='ocrx_word' id='word_1_313' title='bbox 2367 2449 2538 2502; x_wconf 92' lang='lat' dir='ltr'><strong>libros</strong></span> <span class='ocrx_word' id='word_1_314' title='bbox 2576 2446 2861 2516; x_wconf 80' lang='lat' dir='ltr'><strong>diligenter</strong></span> <span class='ocrx_word' id='word_1_315' title='bbox 2898 2446 3214 2514; x_wconf 84' lang='lat' dir='ltr'><strong>compcriat,</strong></span> <span class='ocrx_word' id='word_1_316' title='bbox 3245 2461 3388 2514; x_wconf 83' lang='lat' dir='ltr'><strong>quo-</strong></span> 
     </span>
    </p>
   </div>
   <div class='ocr_carea' id='block_1_27' title="bbox 105 2540 3383 2619">
    <p class='ocr_par' dir='ltr' id='par_1_27' title="bbox 105 2540 3383 2619">
     <span class='ocr_line' id='line_1_27' title="bbox 105 2540 3383 2619; baseline -0.005 -8"><span class='ocrx_word' id='word_1_317' title='bbox 105 2571 232 2610; x_wconf 89' lang='lat' dir='ltr'><strong>rum</strong></span> <span class='ocrx_word' id='word_1_318' title='bbox 262 2554 431 2608; x_wconf 86' lang='lat' dir='ltr'><strong>etiam</strong></span> <span class='ocrx_word' id='word_1_319' title='bbox 480 2560 797 2619; x_wconf 87' lang='lat' dir='ltr'><strong>sequentem</strong></span> <span class='ocrx_word' id='word_1_320' title='bbox 838 2551 904 2605; x_wconf 84' lang='lat' dir='ltr'><strong>ad</strong></span> <span class='ocrx_word' id='word_1_321' title='bbox 936 2550 1256 2605; x_wconf 86' lang='lat' dir='ltr'><strong>Onesimum</strong></span> <span class='ocrx_word' id='word_1_322' title='bbox 1288 2547 1533 2613; x_wconf 80' lang='lat' dir='ltr'><strong>fratrem,</strong></span> <span class='ocrx_word' id='word_1_323' title='bbox 1572 2561 1734 2616; x_wconf 90' lang='lat' dir='ltr'><strong>quem</strong></span> <span class='ocrx_word' id='word_1_324' title='bbox 1766 2541 2528 2613; x_wconf 83' lang='lat' dir='ltr'><strong>OnesiphorumNicephorus</strong></span> <span class='ocrx_word' id='word_1_325' title='bbox 2561 2540 2674 2612; x_wconf 69' lang='grc'>(32)</span> <span class='ocrx_word' id='word_1_326' title='bbox 2703 2550 2879 2604; x_wconf 88' lang='lat' dir='ltr'><strong>vocat,</strong></span> <span class='ocrx_word' id='word_1_327' title='bbox 2913 2542 3217 2596; x_wconf 84' lang='lat' dir='ltr'><strong>transmisit</strong></span> <span class='ocrx_word' id='word_1_328' title='bbox 3245 2542 3383 2595; x_wconf 81' lang='lat' dir='ltr'><strong>indi-</strong></span> 
     </span>
    </p>
   </div>
   <div class='ocr_carea' id='block_1_28' title="bbox 105 2630 3385 2713">
    <p class='ocr_par' dir='ltr' id='par_1_28' title="bbox 105 2630 3385 2713">
     <span class='ocr_line' id='line_1_28' title="bbox 105 2630 3385 2713; baseline -0.003 -13"><span class='ocrx_word' id='word_1_329' title='bbox 105 2664 253 2705; x_wconf 84' lang='lat' dir='ltr'><strong>cem,</strong></span> <span class='ocrx_word' id='word_1_330' title='bbox 292 2656 449 2713; x_wconf 92' lang='lat' dir='ltr'><strong>prout</strong></span> <span class='ocrx_word' id='word_1_331' title='bbox 479 2642 746 2696; x_wconf 87' lang='lat' dir='ltr'><strong>Eusebius</strong></span> <span class='ocrx_word' id='word_1_332' title='bbox 767 2659 832 2696; x_wconf 86' lang='lat' dir='ltr'><strong>ex</strong></span> <span class='ocrx_word' id='word_1_333' title='bbox 858 2642 1123 2713; x_wconf 77' lang='lat' dir='ltr'><strong>prommio</strong></span> <span class='ocrx_word' id='word_1_334' title='bbox 1148 2641 1270 2695; x_wconf 87' lang='lat' dir='ltr'><strong>libri</strong></span> <span class='ocrx_word' id='word_1_335' title='bbox 1290 2639 1572 2706; x_wconf 86' lang='lat' dir='ltr'><strong>cujusdam</strong></span> <span class='ocrx_word' id='word_1_336' title='bbox 1597 2636 1866 2691; x_wconf 80' lang='lat' dir='ltr'><strong>Melitonis</strong></span> <span class='ocrx_word' id='word_1_337' title='bbox 1884 2651 2044 2705; x_wconf 90' lang='lat' dir='ltr'><strong>quem</strong></span> <span class='ocrx_word' id='word_1_338' title='bbox 2080 2633 2343 2702; x_wconf 73' lang='lat' dir='ltr'><strong>Excerpta</strong></span> <span class='ocrx_word' id='word_1_339' title='bbox 2362 2632 2659 2702; x_wconf 85' lang='lat' dir='ltr'><strong>inscripsit,</strong></span> <span class='ocrx_word' id='word_1_340' title='bbox 2679 2631 2927 2686; x_wconf 89' lang='lat' dir='ltr'><strong>eumdem</strong></span> <span class='ocrx_word' id='word_1_341' title='bbox 2961 2630 3207 2686; x_wconf 80' lang='lat' dir='ltr'><strong>recitavit</strong></span> <span class='ocrx_word' id='word_1_342' title='bbox 3235 2633 3345 2701; x_wconf 78' lang='grc'><strong>(35)</strong></span> <span class='ocrx_word' id='word_1_343' title='bbox 3368 2652 3385 2689; x_wconf 92' lang='lat'><strong>:</strong></span> 
     </span>
    </p>
   </div>
   <div class='ocr_carea' id='block_1_29' title="bbox 113 2723 3389 2809">
    <p class='ocr_par' dir='ltr' id='par_1_29' title="bbox 113 2723 3389 2809">
     <span class='ocr_line' id='line_1_29' title="bbox 113 2723 3389 2809; baseline -0.003 -20"><span class='ocrx_word' id='word_1_344' title='bbox 113 2757 134 2789; x_wconf 69' lang='grc' dir='ltr'><strong>ς</strong></span> <span class='ocrx_word' id='word_1_345' title='bbox 170 2737 381 2809; x_wconf 80' lang='lat' dir='ltr'><strong>Moysis</strong></span> <span class='ocrx_word' id='word_1_346' title='bbox 412 2736 535 2789; x_wconf 88' lang='lat' dir='ltr'><strong>libri</strong></span> <span class='ocrx_word' id='word_1_347' title='bbox 563 2751 630 2787; x_wconf 89' lang='lat' dir='ltr'><strong>v:</strong></span> <span class='ocrx_word' id='word_1_348' title='bbox 663 2734 910 2801; x_wconf 83' lang='lat' dir='ltr'><strong>Genesis,</strong></span> <span class='ocrx_word' id='word_1_349' title='bbox 944 2734 1184 2800; x_wconf 79' lang='lat' dir='ltr'><strong>Exodus,</strong></span> <span class='ocrx_word' id='word_1_350' title='bbox 1217 2732 1512 2797; x_wconf 87' lang='lat' dir='ltr'><strong>Leviticus,</strong></span> <span class='ocrx_word' id='word_1_351' title='bbox 1556 2730 1797 2794; x_wconf 81' lang='lat' dir='ltr'><strong>Numeri,</strong></span> <span class='ocrx_word' id='word_1_352' title='bbox 1838 2728 2354 2792; x_wconf 89' lang='lat' dir='ltr'><strong>Deuteronomium;</strong></span> <span class='ocrx_word' id='word_1_353' title='bbox 2413 2724 2572 2781; x_wconf 85' lang='lat' dir='ltr'><strong>Jesus</strong></span> <span class='ocrx_word' id='word_1_354' title='bbox 2613 2723 2779 2790; x_wconf 85' lang='lat' dir='ltr'><strong>Nave,</strong></span> <span class='ocrx_word' id='word_1_355' title='bbox 2801 2724 3041 2791; x_wconf 87' lang='lat' dir='ltr'><strong>Judiccs,</strong></span> <span class='ocrx_word' id='word_1_356' title='bbox 3082 2724 3247 2789; x_wconf 76' lang='lat' dir='ltr'><strong>Ruth,</strong></span> <span class='ocrx_word' id='word_1_357' title='bbox 3281 2725 3389 2779; x_wconf 84' lang='lat' dir='ltr'><strong>Re-</strong></span> 
     </span>
    </p>
   </div>
   <div class='ocr_carea' id='block_1_30' title="bbox 112 2819 3384 2902">
    <p class='ocr_par' dir='ltr' id='par_1_30' title="bbox 112 2819 3384 2902">
     <span class='ocr_line' id='line_1_30' title="bbox 112 2819 3384 2902; baseline -0.004 -15"><span class='ocrx_word' id='word_1_358' title='bbox 112 2850 245 2901; x_wconf 80' lang='lat' dir='ltr'><strong>gum</strong></span> <span class='ocrx_word' id='word_1_359' title='bbox 299 2834 424 2888; x_wconf 90' lang='lat' dir='ltr'><strong>libri</strong></span> <span class='ocrx_word' id='word_1_360' title='bbox 479 2851 552 2896; x_wconf 80' lang='lat' dir='ltr'><strong>iv,</strong></span> <span class='ocrx_word' id='word_1_361' title='bbox 598 2830 1052 2902; x_wconf 83' lang='lat' dir='ltr'><strong>Paralipomenon</strong></span> <span class='ocrx_word' id='word_1_362' title='bbox 1104 2831 1235 2896; x_wconf 92' lang='lat' dir='ltr'><strong>duo,</strong></span> <span class='ocrx_word' id='word_1_363' title='bbox 1271 2828 1474 2886; x_wconf 89' lang='lat' dir='ltr'><strong>Psalmi</strong></span> <span class='ocrx_word' id='word_1_364' title='bbox 1502 2828 1749 2891; x_wconf 88' lang='lat' dir='ltr'><strong>Davidis;</strong></span> <span class='ocrx_word' id='word_1_365' title='bbox 1777 2824 2089 2879; x_wconf 87' lang='lat' dir='ltr'><strong>Salomonis</strong></span> <span class='ocrx_word' id='word_1_366' title='bbox 2113 2820 2426 2887; x_wconf 87' lang='lat' dir='ltr'><strong>Proverbia,</strong></span> <span class='ocrx_word' id='word_1_367' title='bbox 2451 2836 2573 2891; x_wconf 69' lang='lat' dir='ltr'><strong>qua:</strong></span> <span class='ocrx_word' id='word_1_368' title='bbox 2602 2828 2656 2873; x_wconf 88' lang='lat' dir='ltr'><strong>et</strong></span> <span class='ocrx_word' id='word_1_369' title='bbox 2681 2819 2981 2890; x_wconf 90' lang='lat' dir='ltr'><strong>Sapientia,</strong></span> <span class='ocrx_word' id='word_1_370' title='bbox 3010 2819 3384 2888; x_wconf 81' lang='lat' dir='ltr'><strong>Ecclesiastes,</strong></span> 
     </span>
    </p>
   </div>
   <div class='ocr_carea' id='block_1_31' title="bbox 111 2909 3386 2993">
    <p class='ocr_par' dir='ltr' id='par_1_31' title="bbox 111 2909 3386 2993">
     <span class='ocr_line' id='line_1_31' title="bbox 111 2909 3386 2993; baseline -0.005 -14"><span class='ocrx_word' id='word_1_371' title='bbox 111 2924 406 2979; x_wconf 86' lang='lat' dir='ltr'><strong>Canticum</strong></span> <span class='ocrx_word' id='word_1_372' title='bbox 423 2923 921 2988; x_wconf 67' lang='lat' dir='ltr'><strong>canticorumJob,</strong></span> <span class='ocrx_word' id='word_1_373' title='bbox 939 2923 1355 2993; x_wconf 88' lang='lat' dir='ltr'><strong>Pr0phetarum,</strong></span> <span class='ocrx_word' id='word_1_374' title='bbox 1392 2916 2059 2992; x_wconf 61' lang='lat' dir='ltr'><strong>nempelsaimJeremize,</strong></span> <span class='ocrx_word' id='word_1_375' title='bbox 2087 2922 2142 2968; x_wconf 91' lang='lat' dir='ltr'><strong>et</strong></span> <span class='ocrx_word' id='word_1_376' title='bbox 2163 2912 2449 2967; x_wconf 86' lang='lat' dir='ltr'><strong>duodecim</strong></span> <span class='ocrx_word' id='word_1_377' title='bbox 2481 2909 2892 2981; x_wconf 86' lang='lat' dir='ltr'><strong>prophetarum,</strong></span> <span class='ocrx_word' id='word_1_378' title='bbox 2924 2912 3058 2966; x_wconf 89' lang='lat' dir='ltr'><strong>liber</strong></span> <span class='ocrx_word' id='word_1_379' title='bbox 3087 2928 3245 2967; x_wconf 91' lang='lat' dir='ltr'><strong>unus.</strong></span> <span class='ocrx_word' id='word_1_380' title='bbox 3285 2910 3386 2965; x_wconf 89' lang='lat' dir='ltr'><strong>Da-</strong></span> 
     </span>
    </p>
   </div>
   <div class='ocr_carea' id='block_1_32' title="bbox 112 3014 1697 3080">
    <p class='ocr_par' dir='ltr' id='par_1_32' title="bbox 112 3014 1697 3080">
     <span class='ocr_line' id='line_1_32' title="bbox 112 3014 1697 3080; baseline -0.002 -11"><span class='ocrx_word' id='word_1_381' title='bbox 112 3016 246 3077; x_wconf 88' lang='lat' dir='ltr'><strong>niel,</strong></span> <span class='ocrx_word' id='word_1_382' title='bbox 286 3016 564 3080; x_wconf 78' lang='lat' dir='ltr'><strong>Ezechiel,</strong></span> <span class='ocrx_word' id='word_1_383' title='bbox 600 3014 822 3071; x_wconf 85' lang='lat' dir='ltr'><strong>Eslras.</strong></span> <span class='ocrx_word' id='word_1_384' title='bbox 858 3034 875 3066; x_wconf 72' lang='grc' dir='ltr'><strong>ι</strong></span> <span class='ocrx_word' id='word_1_385' title='bbox 1684 3014 1697 3029; x_wconf 86' lang='grc'><strong>⁸</strong></span> 
     </span>
    </p>
   </div>
   <div class='ocr_carea' id='block_1_33' title="bbox 185 3166 1657 3240">
    <p class='ocr_par' dir='ltr' id='par_1_33' title="bbox 185 3166 1657 3240">
     <span class='ocr_line' id='line_1_33' title="bbox 185 3166 1657 3240; baseline 0.003 -17"><span class='ocrx_word' id='word_1_386' title='bbox 185 3173 205 3203; x_wconf 88' lang='grc'>⁹</span> <span class='ocrx_word' id='word_1_387' title='bbox 234 3173 249 3223; x_wconf 91' lang='lat' dir='ltr'><strong>l</strong></span> <span class='ocrx_word' id='word_1_388' title='bbox 276 3169 405 3230; x_wconf 80' lang='lat' dir='ltr'><strong>Cor.</strong></span> <span class='ocrx_word' id='word_1_389' title='bbox 442 3186 517 3232; x_wconf 73' lang='lat' dir='ltr'><strong>xu,</strong></span> <span class='ocrx_word' id='word_1_390' title='bbox 541 3172 605 3234; x_wconf 71' lang='lat'><strong>&#39;2;</strong></span> <span class='ocrx_word' id='word_1_391' title='bbox 635 3168 681 3220; x_wconf 86' lang='lat' dir='ltr'><strong>II</strong></span> <span class='ocrx_word' id='word_1_392' title='bbox 717 3166 912 3223; x_wconf 84' lang='lat' dir='ltr'><strong>Thess.</strong></span> <span class='ocrx_word' id='word_1_393' title='bbox 939 3185 1002 3233; x_wconf 87' lang='grc' dir='ltr'>ιι,</span> <span class='ocrx_word' id='word_1_394' title='bbox 1034 3170 1126 3236; x_wconf 77' lang='lat'><strong>15;</strong></span> <span class='ocrx_word' id='word_1_395' title='bbox 1157 3188 1239 3236; x_wconf 88' lang='grc' dir='ltr'>ιιι,</span> <span class='ocrx_word' id='word_1_396' title='bbox 1267 3171 1332 3240; x_wconf 86' lang='lat'><strong>6;</strong></span> <span class='ocrx_word' id='word_1_397' title='bbox 1357 3170 1476 3229; x_wconf 88' lang='lat' dir='ltr'><strong>Gal.</strong></span> <span class='ocrx_word' id='word_1_398' title='bbox 1507 3188 1546 3239; x_wconf 91' lang='lat' dir='ltr'><strong>t,</strong></span> <span class='ocrx_word' id='word_1_399' title='bbox 1574 3174 1657 3227; x_wconf 73' lang='lat' dir='ltr'><strong>H.</strong></span> 
     </span>
    </p>
   </div>
   <div class='ocr_carea' id='block_1_34' title="bbox 113 3312 1705 3386">
    <p class='ocr_par' dir='ltr' id='par_1_34' title="bbox 113 3312 1705 3386">
     <span class='ocr_line' id='line_1_34' title="bbox 113 3312 1705 3386; baseline 0.001 -17"><span class='ocrx_word' id='word_1_400' title='bbox 113 3317 226 3377; x_wconf 87' lang='lat' dir='ltr'><strong>nis,</strong></span> <span class='ocrx_word' id='word_1_401' title='bbox 260 3332 369 3369; x_wconf 89' lang='lat' dir='ltr'><strong>non</strong></span> <span class='ocrx_word' id='word_1_402' title='bbox 404 3316 525 3369; x_wconf 85' lang='lat' dir='ltr'><strong>sine</strong></span> <span class='ocrx_word' id='word_1_403' title='bbox 555 3312 909 3386; x_wconf 80' lang='lat' dir='ltr'><strong>fundamento</strong></span> <span class='ocrx_word' id='word_1_404' title='bbox 948 3317 1242 3384; x_wconf 80' lang='lat' dir='ltr'><strong>excipiant,</strong></span> <span class='ocrx_word' id='word_1_405' title='bbox 1287 3326 1463 3370; x_wconf 88' lang='lat' dir='ltr'><strong>tamen</strong></span> <span class='ocrx_word' id='word_1_406' title='bbox 1506 3332 1705 3386; x_wconf 84' lang='lat' dir='ltr'><strong>negare</strong></span> 
     </span>
    </p>
   </div>
   <div class='ocr_carea' id='block_1_35' title="bbox 112 3385 1705 3455">
    <p class='ocr_par' dir='ltr' id='par_1_35' title="bbox 112 3385 1705 3455">
     <span class='ocr_line' id='line_1_35' title="bbox 112 3385 1705 3455; baseline 0.001 -15"><span class='ocrx_word' id='word_1_407' title='bbox 112 3403 223 3440; x_wconf 87' lang='lat' dir='ltr'><strong>non</strong></span> <span class='ocrx_word' id='word_1_408' title='bbox 250 3395 503 3455; x_wconf 86' lang='lat' dir='ltr'><strong>possunt.</strong></span> <span class='ocrx_word' id='word_1_409' title='bbox 528 3385 807 3439; x_wconf 84' lang='lat' dir='ltr'><strong>continere</strong></span> <span class='ocrx_word' id='word_1_410' title='bbox 838 3387 1055 3439; x_wconf 86' lang='lat' dir='ltr'><strong>easdem</strong></span> <span class='ocrx_word' id='word_1_411' title='bbox 1084 3396 1322 3439; x_wconf 73' lang='lat' dir='ltr'><strong>Veterum</strong></span> <span class='ocrx_word' id='word_1_412' title='bbox 1356 3385 1705 3441; x_wconf 84' lang='lat' dir='ltr'><strong>Constitutio-</strong></span> 
     </span>
    </p>
   </div>
   <div class='ocr_carea' id='block_1_36' title="bbox 112 3454 1707 3519">
    <p class='ocr_par' dir='ltr' id='par_1_36' title="bbox 112 3454 1707 3519">
     <span class='ocr_line' id='line_1_36' title="bbox 112 3454 1707 3519; baseline 0.002 -11"><span class='ocrx_word' id='word_1_413' title='bbox 112 3473 239 3509; x_wconf 60' lang='grc' dir='ltr'><strong>παθη</strong></span> <span class='ocrx_word' id='word_1_414' title='bbox 262 3470 318 3509; x_wconf 84' lang='lat' dir='ltr'><strong>et</strong></span> <span class='ocrx_word' id='word_1_415' title='bbox 337 3454 643 3519; x_wconf 78' lang='grc' dir='ltr'><strong>Διατάξεων</strong></span> <span class='ocrx_word' id='word_1_416' title='bbox 669 3455 1041 3508; x_wconf 77' lang='grc' dir='ltr'><strong>ἀποστολικῶν</strong></span> <span class='ocrx_word' id='word_1_417' title='bbox 1070 3456 1287 3517; x_wconf 88' lang='lat' dir='ltr'><strong>rudera,</strong></span> <span class='ocrx_word' id='word_1_418' title='bbox 1320 3457 1506 3509; x_wconf 84' lang='lat' dir='ltr'><strong>multis</strong></span> <span class='ocrx_word' id='word_1_419' title='bbox 1537 3458 1707 3511; x_wconf 89' lang='lat' dir='ltr'><strong>inter-</strong></span> 
     </span>
    </p>
   </div>
   <div class='ocr_carea' id='block_1_37' title="bbox 150 3525 1703 3593">
    <p class='ocr_par' dir='ltr' id='par_1_37' title="bbox 150 3525 1703 3593">
     <span class='ocr_line' id='line_1_37' title="bbox 150 3525 1703 3593; baseline 0.002 -16"><span class='ocrx_word' id='word_1_420' title='bbox 150 3526 484 3579; x_wconf 85' lang='lat' dir='ltr'><strong>nlationibus</strong></span> <span class='ocrx_word' id='word_1_421' title='bbox 523 3526 591 3578; x_wconf 90' lang='lat' dir='ltr'><strong>ab</strong></span> <span class='ocrx_word' id='word_1_422' title='bbox 636 3525 836 3579; x_wconf 81' lang='lat' dir='ltr'><strong>Ariano</strong></span> <span class='ocrx_word' id='word_1_423' title='bbox 868 3525 1005 3579; x_wconf 84' lang='lat' dir='ltr'><strong>forte</strong></span> <span class='ocrx_word' id='word_1_424' title='bbox 1048 3527 1345 3593; x_wconf 90' lang='lat' dir='ltr'><strong>impostore</strong></span> <span class='ocrx_word' id='word_1_425' title='bbox 1376 3528 1703 3581; x_wconf 82' lang='lat' dir='ltr'><strong>intermistzi.</strong></span> 
     </span>
    </p>
   </div>
   <div class='ocr_carea' id='block_1_38' title="bbox 113 3595 1707 3663">
    <p class='ocr_par' dir='ltr' id='par_1_38' title="bbox 113 3595 1707 3663">
     <span class='ocr_line' id='line_1_38' title="bbox 113 3595 1707 3663; baseline 0 -12"><span class='ocrx_word' id='word_1_426' title='bbox 113 3595 309 3651; x_wconf 78' lang='lat' dir='ltr'><strong>Nullus</strong></span> <span class='ocrx_word' id='word_1_427' title='bbox 344 3598 528 3663; x_wconf 85' lang='lat' dir='ltr'><strong>itaque</strong></span> <span class='ocrx_word' id='word_1_428' title='bbox 556 3595 769 3662; x_wconf 89' lang='lat' dir='ltr'><strong>dubito,</strong></span> <span class='ocrx_word' id='word_1_429' title='bbox 796 3597 934 3650; x_wconf 89' lang='lat' dir='ltr'><strong>hanc</strong></span> <span class='ocrx_word' id='word_1_430' title='bbox 962 3595 1413 3650; x_wconf 82' lang='lat' dir='ltr'><strong>Constitutionum</strong></span> <span class='ocrx_word' id='word_1_431' title='bbox 1442 3596 1610 3663; x_wconf 88' lang='lat' dir='ltr'><strong>legem</strong></span> <span class='ocrx_word' id='word_1_432' title='bbox 1638 3599 1707 3651; x_wconf 89' lang='lat' dir='ltr'><strong>ab</strong></span> 
     </span>
    </p>
   </div>
   <div class='ocr_carea' id='block_1_39' title="bbox 111 3665 1709 3736">
    <p class='ocr_par' dir='ltr' id='par_1_39' title="bbox 111 3665 1709 3736">
     <span class='ocr_line' id='line_1_39' title="bbox 111 3665 1709 3736; baseline 0.001 -17"><span class='ocrx_word' id='word_1_433' title='bbox 111 3667 379 3736; x_wconf 84' lang='lat' dir='ltr'><strong>apostolis</strong></span> <span class='ocrx_word' id='word_1_434' title='bbox 408 3665 540 3733; x_wconf 88' lang='lat' dir='ltr'><strong>ipsis</strong></span> <span class='ocrx_word' id='word_1_435' title='bbox 564 3667 727 3736; x_wconf 83' lang='lat' dir='ltr'><strong>latam</strong></span> <span class='ocrx_word' id='word_1_436' title='bbox 761 3674 813 3720; x_wconf 89' lang='lat' dir='ltr'><strong>et</strong></span> <span class='ocrx_word' id='word_1_437' title='bbox 844 3676 1085 3735; x_wconf 51' lang='lat' dir='ltr'><strong>tempore</strong></span> <span class='ocrx_word' id='word_1_438' title='bbox 1114 3668 1239 3729; x_wconf 89' lang='lat' dir='ltr'><strong>isto,</strong></span> <span class='ocrx_word' id='word_1_439' title='bbox 1273 3682 1383 3735; x_wconf 93' lang='lat' dir='ltr'><strong>quo</strong></span> <span class='ocrx_word' id='word_1_440' title='bbox 1412 3665 1595 3721; x_wconf 80' lang='lat' dir='ltr'><strong>Melite</strong></span> <span class='ocrx_word' id='word_1_441' title='bbox 1626 3669 1709 3721; x_wconf 84' lang='lat' dir='ltr'><strong>vi-</strong></span> 
     </span>
    </p>
   </div>
   <div class='ocr_carea' id='block_1_40' title="bbox 112 3735 1709 3801">
    <p class='ocr_par' dir='ltr' id='par_1_40' title="bbox 112 3735 1709 3801">
     <span class='ocr_line' id='line_1_40' title="bbox 112 3735 1709 3801; baseline 0.001 -10"><span class='ocrx_word' id='word_1_442' title='bbox 112 3735 212 3799; x_wconf 77' lang='lat' dir='ltr'><strong>xit,</strong></span> <span class='ocrx_word' id='word_1_443' title='bbox 244 3738 597 3791; x_wconf 85' lang='lat' dir='ltr'><strong>observatam</strong></span> <span class='ocrx_word' id='word_1_444' title='bbox 641 3735 809 3789; x_wconf 79' lang='lat' dir='ltr'><strong>fuisse</strong></span> <span class='ocrx_word' id='word_1_445' title='bbox 858 3737 1111 3801; x_wconf 84' lang='lat' dir='ltr'><strong>credere;</strong></span> <span class='ocrx_word' id='word_1_446' title='bbox 1154 3751 1278 3790; x_wconf 87' lang='lat' dir='ltr'><strong>cum</strong></span> <span class='ocrx_word' id='word_1_447' title='bbox 1321 3736 1578 3798; x_wconf 85' lang='lat' dir='ltr'><strong>Arianus,</strong></span> <span class='ocrx_word' id='word_1_448' title='bbox 1613 3749 1709 3792; x_wconf 86' lang='lat' dir='ltr'><strong>aut</strong></span> 
     </span>
    </p>
   </div>
   <div class='ocr_carea' id='block_1_41' title="bbox 110 3806 1709 3875">
    <p class='ocr_par' dir='ltr' id='par_1_41' title="bbox 110 3806 1709 3875">
     <span class='ocr_line' id='line_1_41' title="bbox 110 3806 1709 3875; baseline 0 -14"><span class='ocrx_word' id='word_1_449' title='bbox 110 3808 425 3875; x_wconf 88' lang='lat' dir='ltr'><strong>cuicunque</strong></span> <span class='ocrx_word' id='word_1_450' title='bbox 472 3815 633 3859; x_wconf 74' lang='lat' dir='ltr'><strong>sectre</strong></span> <span class='ocrx_word' id='word_1_451' title='bbox 683 3806 932 3861; x_wconf 89' lang='lat' dir='ltr'><strong>addictus</strong></span> <span class='ocrx_word' id='word_1_452' title='bbox 983 3806 1143 3865; x_wconf 86' lang='lat' dir='ltr'><strong>alius.</strong></span> <span class='ocrx_word' id='word_1_453' title='bbox 1193 3806 1396 3859; x_wconf 87' lang='lat' dir='ltr'><strong>nullam</strong></span> <span class='ocrx_word' id='word_1_454' title='bbox 1452 3806 1709 3862; x_wconf 87' lang='lat' dir='ltr'><strong>habuerit</strong></span> 
     </span>
    </p>
   </div>
   <div class='ocr_carea' id='block_1_42' title="bbox 110 3876 1709 3946">
    <p class='ocr_par' dir='ltr' id='par_1_42' title="bbox 110 3876 1709 3946">
     <span class='ocr_line' id='line_1_42' title="bbox 110 3876 1709 3946; baseline 0.001 -15"><span class='ocrx_word' id='word_1_455' title='bbox 110 3892 338 3933; x_wconf 87' lang='lat' dir='ltr'><strong>causam</strong></span> <span class='ocrx_word' id='word_1_456' title='bbox 385 3876 663 3931; x_wconf 90' lang='lat' dir='ltr'><strong>adulteras</strong></span> <span class='ocrx_word' id='word_1_457' title='bbox 707 3892 902 3931; x_wconf 89' lang='lat' dir='ltr'><strong>manus</strong></span> <span class='ocrx_word' id='word_1_458' title='bbox 946 3876 1073 3930; x_wconf 88' lang='lat' dir='ltr'><strong>huic</strong></span> <span class='ocrx_word' id='word_1_459' title='bbox 1104 3878 1224 3931; x_wconf 90' lang='lat' dir='ltr'><strong>loco</strong></span> <span class='ocrx_word' id='word_1_460' title='bbox 1268 3876 1487 3939; x_wconf 80' lang='lat' dir='ltr'><strong>inferre,</strong></span> <span class='ocrx_word' id='word_1_461' title='bbox 1520 3886 1709 3946; x_wconf 82' lang='lat' dir='ltr'><strong>utpote</strong></span> 
     </span>
    </p>
   </div>
   <div class='ocr_carea' id='block_1_43' title="bbox 110 3948 1709 4016">
    <p class='ocr_par' dir='ltr' id='par_1_43' title="bbox 110 3948 1709 4016">
     <span class='ocr_line' id='line_1_43' title="bbox 110 3948 1709 4016; baseline 0.001 -15"><span class='ocrx_word' id='word_1_462' title='bbox 110 3948 321 4001; x_wconf 91' lang='lat' dir='ltr'><strong>nullius</strong></span> <span class='ocrx_word' id='word_1_463' title='bbox 352 3948 737 4015; x_wconf 87' lang='lat' dir='ltr'><strong>cujuscunque</strong></span> <span class='ocrx_word' id='word_1_464' title='bbox 770 3949 989 4000; x_wconf 90' lang='lat' dir='ltr'><strong>demum</strong></span> <span class='ocrx_word' id='word_1_465' title='bbox 1022 3948 1302 4000; x_wconf 76' lang='lat' dir='ltr'><strong>sententiae</strong></span> <span class='ocrx_word' id='word_1_466' title='bbox 1332 3960 1577 4001; x_wconf 67' lang='lat' dir='ltr'><strong>eri-enea:</strong></span> <span class='ocrx_word' id='word_1_467' title='bbox 1614 3963 1709 4016; x_wconf 90' lang='lat' dir='ltr'><strong>pa-</strong></span> 
     </span>
    </p>
   </div>
   <div class='ocr_carea' id='block_1_44' title="bbox 111 4016 1707 4085">
    <p class='ocr_par' dir='ltr' id='par_1_44' title="bbox 111 4016 1707 4085">
     <span class='ocr_line' id='line_1_44' title="bbox 111 4016 1707 4085; baseline 0.001 -14"><span class='ocrx_word' id='word_1_468' title='bbox 111 4016 406 4073; x_wconf 89' lang='lat' dir='ltr'><strong>trocinium</strong></span> <span class='ocrx_word' id='word_1_469' title='bbox 431 4018 485 4069; x_wconf 90' lang='lat' dir='ltr'><strong>in</strong></span> <span class='ocrx_word' id='word_1_470' title='bbox 518 4032 583 4070; x_wconf 90' lang='lat' dir='ltr'><strong>eo</strong></span> <span class='ocrx_word' id='word_1_471' title='bbox 607 4017 849 4071; x_wconf 79' lang='lat' dir='ltr'><strong>invenire</strong></span> <span class='ocrx_word' id='word_1_472' title='bbox 874 4026 1103 4085; x_wconf 89' lang='lat' dir='ltr'><strong>poterat.</strong></span> <span class='ocrx_word' id='word_1_473' title='bbox 1139 4016 1418 4069; x_wconf 87' lang='lat' dir='ltr'><strong>Wistouus</strong></span> <span class='ocrx_word' id='word_1_474' title='bbox 1441 4016 1707 4085; x_wconf 86' lang='lat' dir='ltr'><strong>singulari</strong></span> 
     </span>
    </p>
   </div>
   <div class='ocr_carea' id='block_1_45' title="bbox 110 4084 1706 4158">
    <p class='ocr_par' dir='ltr' id='par_1_45' title="bbox 110 4084 1706 4158">
     <span class='ocr_line' id='line_1_45' title="bbox 110 4084 1706 4158; baseline -0.001 -17"><span class='ocrx_word' id='word_1_475' title='bbox 110 4088 277 4155; x_wconf 78' lang='lat' dir='ltr'><strong>libro,</strong></span> <span class='ocrx_word' id='word_1_476' title='bbox 323 4102 487 4156; x_wconf 89' lang='lat' dir='ltr'><strong>quem</strong></span> <span class='ocrx_word' id='word_1_477' title='bbox 518 4103 595 4158; x_wconf 89' lang='lat' dir='ltr'><strong>an</strong></span> <span class='ocrx_word' id='word_1_478' title='bbox 626 4085 797 4158; x_wconf 83' lang='lat' dir='ltr'><strong>Essay</strong></span> <span class='ocrx_word' id='word_1_479' title='bbox 836 4084 901 4140; x_wconf 79' lang='lat' dir='ltr'><strong>on</strong></span> <span class='ocrx_word' id='word_1_480' title='bbox 934 4089 1016 4140; x_wconf 91' lang='lat' dir='ltr'><strong>the</strong></span> <span class='ocrx_word' id='word_1_481' title='bbox 1061 4085 1385 4158; x_wconf 81' lang='lat' dir='ltr'><strong>Apostolical</strong></span> <span class='ocrx_word' id='word_1_482' title='bbox 1428 4084 1706 4140; x_wconf 69' lang='lat' dir='ltr'><strong>Constitu-</strong></span> 
     </span>
    </p>
   </div>
   <div class='ocr_carea' id='block_1_46' title="bbox 110 4155 1707 4227">
    <p class='ocr_par' dir='ltr' id='par_1_46' title="bbox 110 4155 1707 4227">
     <span class='ocr_line' id='line_1_46' title="bbox 110 4155 1707 4227; baseline 0.001 -18"><span class='ocrx_word' id='word_1_483' title='bbox 110 4161 274 4220; x_wconf 82' lang='lat' dir='ltr'><strong>tiens,</strong></span> <span class='ocrx_word' id='word_1_484' title='bbox 306 4155 536 4210; x_wconf 71' lang='lat' dir='ltr'><strong>uiherein</strong></span> <span class='ocrx_word' id='word_1_485' title='bbox 582 4157 625 4211; x_wconf 90' lang='lat' dir='ltr'><strong>is</strong></span> <span class='ocrx_word' id='word_1_486' title='bbox 661 4155 876 4224; x_wconf 67' lang='lat' dir='ltr'><strong>prooed,</strong></span> <span class='ocrx_word' id='word_1_487' title='bbox 912 4158 1025 4210; x_wconf 86' lang='lat' dir='ltr'><strong>that</strong></span> <span class='ocrx_word' id='word_1_488' title='bbox 1054 4155 1169 4227; x_wconf 76' lang='lat' dir='ltr'><strong>they</strong></span> <span class='ocrx_word' id='word_1_489' title='bbox 1211 4173 1299 4227; x_wconf 67' lang='lat' dir='ltr'><strong>are</strong></span> <span class='ocrx_word' id='word_1_490' title='bbox 1338 4155 1445 4227; x_wconf 43' lang='lat' dir='ltr'><strong>the</strong></span> <span class='ocrx_word' id='word_1_491' title='bbox 1459 4168 1593 4211; x_wconf 86' lang='lat' dir='ltr'><strong>most</strong></span> <span class='ocrx_word' id='word_1_492' title='bbox 1616 4176 1707 4211; x_wconf 86' lang='lat' dir='ltr'><strong>sa-</strong></span> 
     </span>
    </p>
   </div>
   <div class='ocr_carea' id='block_1_47' title="bbox 110 4225 1706 4296">
    <p class='ocr_par' dir='ltr' id='par_1_47' title="bbox 110 4225 1706 4296">
     <span class='ocr_line' id='line_1_47' title="bbox 110 4225 1706 4296; baseline 0 -16"><span class='ocrx_word' id='word_1_493' title='bbox 110 4232 229 4283; x_wconf 78' lang='lat' dir='ltr'><strong>cred</strong></span> <span class='ocrx_word' id='word_1_494' title='bbox 264 4228 328 4296; x_wconf 77' lang='lat' dir='ltr'><strong>of</strong></span> <span class='ocrx_word' id='word_1_495' title='bbox 364 4227 448 4280; x_wconf 85' lang='lat' dir='ltr'><strong>the</strong></span> <span class='ocrx_word' id='word_1_496' title='bbox 481 4228 757 4280; x_wconf 85' lang='lat' dir='ltr'><strong>canonical</strong></span> <span class='ocrx_word' id='word_1_497' title='bbox 800 4227 970 4280; x_wconf 85' lang='lat' dir='ltr'><strong>Books</strong></span> <span class='ocrx_word' id='word_1_498' title='bbox 1019 4228 1079 4292; x_wconf 79' lang='lat' dir='ltr'><strong>of</strong></span> <span class='ocrx_word' id='word_1_499' title='bbox 1109 4225 1193 4281; x_wconf 88' lang='lat' dir='ltr'><strong>the</strong></span> <span class='ocrx_word' id='word_1_500' title='bbox 1226 4225 1353 4279; x_wconf 86' lang='lat' dir='ltr'><strong>New</strong></span> <span class='ocrx_word' id='word_1_501' title='bbox 1406 4225 1706 4281; x_wconf 82' lang='lat' dir='ltr'><strong>Testament</strong></span> 
     </span>
    </p>
   </div>
   <div class='ocr_carea' id='block_1_48' title="bbox 110 4297 1705 4366">
    <p class='ocr_par' dir='ltr' id='par_1_48' title="bbox 110 4297 1705 4366">
     <span class='ocr_line' id='line_1_48' title="bbox 110 4297 1705 4366; baseline 0.001 -15"><span class='ocrx_word' id='word_1_502' title='bbox 110 4298 416 4366; x_wconf 86' lang='lat' dir='ltr'><strong>inscripsit,</strong></span> <span class='ocrx_word' id='word_1_503' title='bbox 446 4308 501 4352; x_wconf 91' lang='lat' dir='ltr'><strong>et</strong></span> <span class='ocrx_word' id='word_1_504' title='bbox 531 4299 623 4366; x_wconf 88' lang='lat' dir='ltr'><strong>qui</strong></span> <span class='ocrx_word' id='word_1_505' title='bbox 659 4306 865 4351; x_wconf 88' lang='lat' dir='ltr'><strong>tomum</strong></span> <span class='ocrx_word' id='word_1_506' title='bbox 906 4298 971 4350; x_wconf 89' lang='lat' dir='ltr'><strong>Ill</strong></span> <span class='ocrx_word' id='word_1_507' title='bbox 1010 4297 1407 4352; x_wconf 81' lang='lat' dir='ltr'><strong>Christianismi</strong></span> <span class='ocrx_word' id='word_1_508' title='bbox 1447 4298 1705 4364; x_wconf 81' lang='lat' dir='ltr'><strong>primitivi</strong></span> 
     </span>
    </p>
   </div>
   <div class='ocr_carea' id='block_1_49' title="bbox 110 4368 1705 4438">
    <p class='ocr_par' dir='ltr' id='par_1_49' title="bbox 110 4368 1705 4438">
     <span class='ocr_line' id='line_1_49' title="bbox 110 4368 1705 4438; baseline 0 -15"><span class='ocrx_word' id='word_1_509' title='bbox 110 4368 352 4433; x_wconf 83' lang='lat' dir='ltr'><strong>conﬁcit,</strong></span> <span class='ocrx_word' id='word_1_510' title='bbox 385 4368 453 4421; x_wconf 89' lang='lat' dir='ltr'><strong>de</strong></span> <span class='ocrx_word' id='word_1_511' title='bbox 485 4368 553 4421; x_wconf 88' lang='lat' dir='ltr'><strong>iis</strong></span> <span class='ocrx_word' id='word_1_512' title='bbox 584 4368 711 4436; x_wconf 84' lang='lat' dir='ltr'><strong>egit,</strong></span> <span class='ocrx_word' id='word_1_513' title='bbox 737 4384 937 4438; x_wconf 89' lang='lat' dir='ltr'><strong>easque</strong></span> <span class='ocrx_word' id='word_1_514' title='bbox 965 4384 1070 4421; x_wconf 91' lang='lat' dir='ltr'><strong>non</strong></span> <span class='ocrx_word' id='word_1_515' title='bbox 1103 4369 1581 4438; x_wconf 78' lang='lat' dir='ltr'><strong>modogenuinas,</strong></span> <span class='ocrx_word' id='word_1_516' title='bbox 1601 4368 1705 4438; x_wconf 78' lang='lat' dir='ltr'><strong>sed</strong></span> 
     </span>
    </p>
   </div>
   <div class='ocr_carea' id='block_1_50' title="bbox 110 4436 1704 4507">
    <p class='ocr_par' dir='ltr' id='par_1_50' title="bbox 110 4436 1704 4507">
     <span class='ocr_line' id='line_1_50' title="bbox 110 4436 1704 4507; baseline 0.001 -17"><span class='ocrx_word' id='word_1_517' title='bbox 110 4446 164 4491; x_wconf 84' lang='lat' dir='ltr'><strong>et</strong></span> <span class='ocrx_word' id='word_1_518' title='bbox 193 4440 492 4493; x_wconf 89' lang='lat' dir='ltr'><strong>canonicas</strong></span> <span class='ocrx_word' id='word_1_519' title='bbox 547 4439 805 4498; x_wconf 77' lang='lat' dir='ltr'><strong>maxime,</strong></span> <span class='ocrx_word' id='word_1_520' title='bbox 850 4436 906 4492; x_wconf 69' lang='lat' dir='ltr'><strong>et</strong></span> <span class='ocrx_word' id='word_1_521' title='bbox 948 4439 1134 4492; x_wconf 90' lang='lat' dir='ltr'><strong>eadem</strong></span> <span class='ocrx_word' id='word_1_522' title='bbox 1176 4437 1379 4503; x_wconf 88' lang='lat' dir='ltr'><strong>divina,</strong></span> <span class='ocrx_word' id='word_1_523' title='bbox 1423 4454 1535 4507; x_wconf 91' lang='lat' dir='ltr'><strong>qua</strong></span> <span class='ocrx_word' id='word_1_524' title='bbox 1569 4436 1704 4493; x_wconf 86' lang='lat' dir='ltr'><strong>Novi</strong></span> 
     </span>
    </p>
   </div>
   <div class='ocr_carea' id='block_1_51' title="bbox 110 4506 1705 4587">
    <p class='ocr_par' dir='ltr' id='par_1_51' title="bbox 110 4506 1705 4587">
     <span class='ocr_line' id='line_1_51' title="bbox 110 4506 1705 4587; baseline 0.001 -26"><span class='ocrx_word' id='word_1_525' title='bbox 110 4506 450 4587; x_wconf 86' lang='lat' dir='ltr'><strong>Testamenti</strong></span> <span class='ocrx_word' id='word_1_526' title='bbox 506 4509 709 4587; x_wconf 81' lang='lat' dir='ltr'><strong>scripta</strong></span> <span class='ocrx_word' id='word_1_527' title='bbox 753 4508 1085 4587; x_wconf 61' lang='lat' dir='ltr'><strong>Oeorrvspota</strong></span> <span class='ocrx_word' id='word_1_528' title='bbox 1131 4506 1457 4587; x_wconf 76' lang='lat' dir='ltr'><strong>auctoritate</strong></span> <span class='ocrx_word' id='word_1_529' title='bbox 1498 4507 1705 4564; x_wconf 82' lang='lat' dir='ltr'><strong>instru-</strong></span> 
     </span>
    </p>
   </div>
   <div class='ocr_carea' id='block_1_52' title="bbox 110 4577 1493 4648">
    <p class='ocr_par' dir='ltr' id='par_1_52' title="bbox 110 4577 1493 4648">
     <span class='ocr_line' id='line_1_52' title="bbox 110 4577 1493 4648; baseline -0.001 -14"><span class='ocrx_word' id='word_1_530' title='bbox 110 4586 227 4634; x_wconf 78' lang='lat' dir='ltr'><strong>etas</strong></span> <span class='ocrx_word' id='word_1_531' title='bbox 250 4594 375 4633; x_wconf 89' lang='lat' dir='ltr'><strong>esse</strong></span> <span class='ocrx_word' id='word_1_532' title='bbox 404 4577 678 4648; x_wconf 89' lang='lat' dir='ltr'><strong>probavit,</strong></span> <span class='ocrx_word' id='word_1_533' title='bbox 698 4588 751 4631; x_wconf 92' lang='lat' dir='ltr'><strong>et</strong></span> <span class='ocrx_word' id='word_1_534' title='bbox 779 4580 851 4632; x_wconf 92' lang='lat' dir='ltr'><strong>ita</strong></span> <span class='ocrx_word' id='word_1_535' title='bbox 875 4579 1093 4648; x_wconf 87' lang='lat' dir='ltr'><strong>quidem</strong></span> <span class='ocrx_word' id='word_1_536' title='bbox 1131 4577 1396 4646; x_wconf 90' lang='lat' dir='ltr'><strong>probavit,</strong></span> <span class='ocrx_word' id='word_1_537' title='bbox 1433 4588 1493 4632; x_wconf 89' lang='lat' dir='ltr'><strong>ut</strong></span> 
     </span>
    </p>
   </div>
   <div class='ocr_carea' id='block_1_53' title="bbox 686 4648 1493 4717">
    <p class='ocr_par' dir='ltr' id='par_1_53' title="bbox 686 4648 1493 4717">
     <span class='ocr_line' id='line_1_53' title="bbox 686 4648 1493 4717; baseline 0 -16"><span class='ocrx_word' id='word_1_538' title='bbox 686 4687 700 4701; x_wconf 92' lang='lat'><strong>.</strong></span> <span class='ocrx_word' id='word_1_539' title='bbox 722 4688 735 4701; x_wconf 94' lang='lat'><strong>.</strong></span> <span class='ocrx_word' id='word_1_540' title='bbox 756 4691 770 4705; x_wconf 96' lang='lat'><strong>.</strong></span> <span class='ocrx_word' id='word_1_541' title='bbox 790 4689 802 4701; x_wconf 95' lang='lat'><strong>.</strong></span> <span class='ocrx_word' id='word_1_542' title='bbox 822 4688 835 4700; x_wconf 93' lang='lat'><strong>.</strong></span> <span class='ocrx_word' id='word_1_543' title='bbox 857 4689 869 4701; x_wconf 93' lang='lat'><strong>.</strong></span> <span class='ocrx_word' id='word_1_544' title='bbox 890 4687 905 4703; x_wconf 94' lang='lat'><strong>.</strong></span> <span class='ocrx_word' id='word_1_545' title='bbox 924 4648 981 4702; x_wconf 91' lang='lat' dir='ltr'><strong>Si</strong></span> <span class='ocrx_word' id='word_1_546' title='bbox 1014 4648 1273 4717; x_wconf 84' lang='lat' dir='ltr'><strong>Pergama</strong></span> <span class='ocrx_word' id='word_1_547' title='bbox 1303 4648 1493 4701; x_wconf 72' lang='lat' dir='ltr'><strong>dextra</strong></span> 
     </span>
    </p>
   </div>
   <div class='ocr_carea' id='block_1_54' title="bbox 256 4718 1581 4789">
    <p class='ocr_par' dir='ltr' id='par_1_54' title="bbox 256 4718 1581 4789">
     <span class='ocr_line' id='line_1_54' title="bbox 256 4718 1581 4789; baseline -0.003 -15"><span class='ocrx_word' id='word_1_548' title='bbox 256 4718 484 4789; x_wconf 79' lang='lat' dir='ltr'><strong>Defendi</strong></span> <span class='ocrx_word' id='word_1_549' title='bbox 509 4720 931 4789; x_wconf 35' lang='lat' dir='ltr'><strong>possenttetiam</strong></span> <span class='ocrx_word' id='word_1_550' title='bbox 962 4722 1059 4773; x_wconf 82' lang='lat' dir='ltr'><strong>hac</strong></span> <span class='ocrx_word' id='word_1_551' title='bbox 1089 4719 1302 4789; x_wconf 77' lang='lat' dir='ltr'><strong>defensa</strong></span> <span class='ocrx_word' id='word_1_552' title='bbox 1324 4718 1581 4789; x_wconf 77' lang='lat' dir='ltr'><strong>fuissent.</strong></span> 
     </span>
    </p>
   </div>
   <div class='ocr_carea' id='block_1_55' title="bbox 760 4787 1559 4853">
    <p class='ocr_par' dir='ltr' id='par_1_55' title="bbox 760 4787 1559 4853">
     <span class='ocr_line' id='line_1_55' title="bbox 760 4787 1559 4853; baseline -0.001 -12"><span class='ocrx_word' id='word_1_553' title='bbox 760 4788 915 4844; x_wconf 73' lang='lat' dir='ltr'><strong>Vitta.</strong></span> <span class='ocrx_word' id='word_1_554' title='bbox 944 4789 1161 4842; x_wconf 59' lang='lat' dir='ltr'><strong>.IEneid.</strong></span> <span class='ocrx_word' id='word_1_555' title='bbox 1193 4803 1253 4852; x_wconf 87' lang='lat' dir='ltr'><strong>ll,</strong></span> <span class='ocrx_word' id='word_1_556' title='bbox 1276 4787 1402 4853; x_wconf 64' lang='lat'><strong>290,</strong></span> <span class='ocrx_word' id='word_1_557' title='bbox 1434 4788 1559 4842; x_wconf 76' lang='grc'><strong>291.</strong></span> 
     </span>
    </p>
   </div>
   <div class='ocr_carea' id='block_1_56' title="bbox 110 4859 1704 4929">
    <p class='ocr_par' dir='ltr' id='par_1_56' title="bbox 110 4859 1704 4929">
     <span class='ocr_line' id='line_1_56' title="bbox 110 4859 1704 4929; baseline -0.003 -12"><span class='ocrx_word' id='word_1_558' title='bbox 110 4862 337 4917; x_wconf 86' lang='lat' dir='ltr'><strong>Clariss.</strong></span> <span class='ocrx_word' id='word_1_559' title='bbox 368 4868 425 4914; x_wconf 90' lang='lat' dir='ltr'><strong>et</strong></span> <span class='ocrx_word' id='word_1_560' title='bbox 470 4860 733 4927; x_wconf 75' lang='lat' dir='ltr'><strong>przecocis</strong></span> <span class='ocrx_word' id='word_1_561' title='bbox 765 4860 965 4929; x_wconf 86' lang='lat' dir='ltr'><strong>ingenii</strong></span> <span class='ocrx_word' id='word_1_562' title='bbox 1012 4859 1344 4929; x_wconf 83' lang='lat' dir='ltr'><strong>Baraterius,</strong></span> <span class='ocrx_word' id='word_1_563' title='bbox 1377 4859 1538 4929; x_wconf 84' lang='lat' dir='ltr'><strong>cujus</strong></span> <span class='ocrx_word' id='word_1_564' title='bbox 1566 4873 1704 4926; x_wconf 67' lang='lat' dir='ltr'><strong>prae-</strong></span> 
     </span>
    </p>
   </div>
   <div class='ocr_carea' id='block_1_57' title="bbox 112 4928 1700 4994">
    <p class='ocr_par' dir='ltr' id='par_1_57' title="bbox 112 4928 1700 4994">
     <span class='ocr_line' id='line_1_57' title="bbox 112 4928 1700 4994; baseline -0.003 -9"><span class='ocrx_word' id='word_1_565' title='bbox 112 4943 385 4987; x_wconf 84' lang='lat' dir='ltr'><strong>maturani</strong></span> <span class='ocrx_word' id='word_1_566' title='bbox 438 4938 675 4984; x_wconf 86' lang='lat' dir='ltr'><strong>mortem</strong></span> <span class='ocrx_word' id='word_1_567' title='bbox 715 4928 867 4984; x_wconf 87' lang='lat' dir='ltr'><strong>orbis</strong></span> <span class='ocrx_word' id='word_1_568' title='bbox 910 4931 1177 4984; x_wconf 88' lang='lat' dir='ltr'><strong>litteratus</strong></span> <span class='ocrx_word' id='word_1_569' title='bbox 1209 4928 1402 4982; x_wconf 86' lang='lat' dir='ltr'><strong>merito</strong></span> <span class='ocrx_word' id='word_1_570' title='bbox 1449 4928 1616 4994; x_wconf 87' lang='lat' dir='ltr'><strong>dolet,</strong></span> <span class='ocrx_word' id='word_1_571' title='bbox 1647 4930 1700 4983; x_wconf 89' lang='lat' dir='ltr'><strong>in</strong></span> 
     </span>
    </p>
   </div>
   <div class='ocr_carea' id='block_1_58' title="bbox 111 4998 1705 5069">
    <p class='ocr_par' dir='ltr' id='par_1_58' title="bbox 111 4998 1705 5069">
     <span class='ocr_line' id='line_1_58' title="bbox 111 4998 1705 5069; baseline -0.003 -13"><span class='ocrx_word' id='word_1_572' title='bbox 111 5003 252 5057; x_wconf 89' lang='lat' dir='ltr'><strong>binis</strong></span> <span class='ocrx_word' id='word_1_573' title='bbox 284 5004 354 5055; x_wconf 87' lang='lat' dir='ltr'><strong>de</strong></span> <span class='ocrx_word' id='word_1_574' title='bbox 389 5000 873 5055; x_wconf 83' lang='lat' dir='ltr'><strong>Constitutiouibus</strong></span> <span class='ocrx_word' id='word_1_575' title='bbox 907 5000 1213 5069; x_wconf 80' lang='lat' dir='ltr'><strong>apestolicis</strong></span> <span class='ocrx_word' id='word_1_576' title='bbox 1251 4998 1705 5053; x_wconf 85' lang='lat' dir='ltr'><strong>elaboratissimis</strong></span> 
     </span>
    </p>
   </div>
   <div class='ocr_carea' id='block_1_59' title="bbox 108 5069 1709 5129">
    <p class='ocr_par' dir='ltr' id='par_1_59' title="bbox 108 5069 1709 5129">
     <span class='ocr_line' id='line_1_59' title="bbox 108 5069 1709 5129; baseline -0.001 -4"><span class='ocrx_word' id='word_1_577' title='bbox 108 5071 598 5129; x_wconf 87' lang='lat' dir='ltr'><strong>dissertationibus</strong></span> <span class='ocrx_word' id='word_1_578' title='bbox 638 5086 825 5124; x_wconf 79' lang='lat' dir='ltr'><strong>earum</strong></span> <span class='ocrx_word' id='word_1_579' title='bbox 882 5086 989 5124; x_wconf 86' lang='lat' dir='ltr'><strong>non</strong></span> <span class='ocrx_word' id='word_1_580' title='bbox 1043 5072 1203 5124; x_wconf 91' lang='lat' dir='ltr'><strong>modo</strong></span> <span class='ocrx_word' id='word_1_581' title='bbox 1248 5069 1614 5123; x_wconf 88' lang='lat' dir='ltr'><strong>sinceritatem</strong></span> <span class='ocrx_word' id='word_1_582' title='bbox 1655 5078 1709 5123; x_wconf 88' lang='lat' dir='ltr'><strong>ct</strong></span> 
     </span>
    </p>
   </div>
   <div class='ocr_carea' id='block_1_60' title="bbox 112 5138 1709 5212">
    <p class='ocr_par' dir='ltr' id='par_1_60' title="bbox 112 5138 1709 5212">
     <span class='ocr_line' id='line_1_60' title="bbox 112 5138 1709 5212; baseline -0.002 -16"><span class='ocrx_word' id='word_1_583' title='bbox 112 5146 501 5212; x_wconf 69' lang='lat' dir='ltr'><strong>antiquitatem</strong></span> <span class='ocrx_word' id='word_1_584' title='bbox 536 5140 601 5212; x_wconf 85' lang='lat' dir='ltr'><strong>ad</strong></span> <span class='ocrx_word' id='word_1_585' title='bbox 637 5138 855 5212; x_wconf 82' lang='lat' dir='ltr'><strong>Eusebii</strong></span> <span class='ocrx_word' id='word_1_586' title='bbox 910 5157 1081 5209; x_wconf 86' lang='lat' dir='ltr'><strong>usque</strong></span> <span class='ocrx_word' id='word_1_587' title='bbox 1114 5148 1357 5212; x_wconf 88' lang='lat' dir='ltr'><strong>tempora</strong></span> <span class='ocrx_word' id='word_1_588' title='bbox 1405 5140 1589 5212; x_wconf 86' lang='lat' dir='ltr'><strong>multis</strong></span> <span class='ocrx_word' id='word_1_589' title='bbox 1620 5156 1709 5193; x_wconf 88' lang='lat' dir='ltr'><strong>ra-</strong></span> 
     </span>
    </p>
   </div>
   <div class='ocr_carea' id='block_1_61' title="bbox 115 5210 1706 5274">
    <p class='ocr_par' dir='ltr' id='par_1_61' title="bbox 115 5210 1706 5274">
     <span class='ocr_line' id='line_1_61' title="bbox 115 5210 1706 5274; baseline 0 -9"><span class='ocrx_word' id='word_1_590' title='bbox 115 5210 352 5270; x_wconf 84' lang='lat' dir='ltr'><strong>tionibus</strong></span> <span class='ocrx_word' id='word_1_591' title='bbox 384 5211 646 5274; x_wconf 81' lang='lat' dir='ltr'><strong>asseruit,</strong></span> <span class='ocrx_word' id='word_1_592' title='bbox 694 5211 786 5265; x_wconf 89' lang='lat' dir='ltr'><strong>sed</strong></span> <span class='ocrx_word' id='word_1_593' title='bbox 821 5221 869 5265; x_wconf 89' lang='lat' dir='ltr'><strong>et</strong></span> <span class='ocrx_word' id='word_1_594' title='bbox 920 5211 1233 5265; x_wconf 82' lang='lat' dir='ltr'><strong>earumdem</strong></span> <span class='ocrx_word' id='word_1_595' title='bbox 1265 5218 1476 5263; x_wconf 70' lang='lat' dir='ltr'><strong>aztatem</strong></span> <span class='ocrx_word' id='word_1_596' title='bbox 1506 5210 1573 5263; x_wconf 85' lang='lat' dir='ltr'><strong>ad</strong></span> <span class='ocrx_word' id='word_1_597' title='bbox 1603 5226 1706 5265; x_wconf 77' lang='lat' dir='ltr'><strong>sa:-</strong></span> 
     </span>
    </p>
   </div>
   <div class='ocr_carea' id='block_1_62' title="bbox 112 5279 1706 5355">
    <p class='ocr_par' dir='ltr' id='par_1_62' title="bbox 112 5279 1706 5355">
     <span class='ocr_line' id='line_1_62' title="bbox 112 5279 1706 5355; baseline -0.003 -17"><span class='ocrx_word' id='word_1_598' title='bbox 112 5285 215 5355; x_wconf 65' lang='lat' dir='ltr'><strong>t&#39;uli</strong></span> <span class='ocrx_word' id='word_1_599' title='bbox 243 5302 278 5338; x_wconf 89' lang='grc' dir='ltr'>ιι</span> <span class='ocrx_word' id='word_1_600' title='bbox 305 5286 497 5355; x_wconf 88' lang='lat' dir='ltr'><strong>prima_</strong></span> <span class='ocrx_word' id='word_1_601' title='bbox 526 5279 703 5355; x_wconf 77' lang='lat' dir='ltr'><strong>initia</strong></span> <span class='ocrx_word' id='word_1_602' title='bbox 730 5283 929 5355; x_wconf 71' lang='lat' dir='ltr'><strong>retulit.</strong></span> <span class='ocrx_word' id='word_1_603' title='bbox 976 5280 1095 5355; x_wconf 80' lang='lat' dir='ltr'><strong>llas</strong></span> <span class='ocrx_word' id='word_1_604' title='bbox 1124 5280 1537 5355; x_wconf 73' lang='lat' dir='ltr'><strong>dissertationes</strong></span> <span class='ocrx_word' id='word_1_605' title='bbox 1570 5281 1706 5355; x_wconf 78' lang='lat' dir='ltr'><strong>sub-</strong></span> 
     </span>
    </p>
   </div>
   <div class='ocr_carea' id='block_1_63' title="bbox 111 5348 1705 5423">
    <p class='ocr_par' dir='ltr' id='par_1_63' title="bbox 111 5348 1705 5423">
     <span class='ocr_line' id='line_1_63' title="bbox 111 5348 1705 5423; baseline -0.001 -18"><span class='ocrx_word' id='word_1_606' title='bbox 111 5354 285 5423; x_wconf 73' lang='lat' dir='ltr'><strong>junxit</strong></span> <span class='ocrx_word' id='word_1_607' title='bbox 305 5348 435 5410; x_wconf 71' lang='lat' dir='ltr'><strong>sua:</strong></span> <span class='ocrx_word' id='word_1_608' title='bbox 465 5352 840 5420; x_wconf 83' lang='lat' dir='ltr'><strong>Disquisitioni</strong></span> <span class='ocrx_word' id='word_1_609' title='bbox 865 5352 1259 5423; x_wconf 79' lang='lat' dir='ltr'><strong>Chronologij</strong></span> <span class='ocrx_word' id='word_1_610' title='bbox 1288 5348 1349 5423; x_wconf 79' lang='lat' dir='ltr'><strong>de</strong></span> <span class='ocrx_word' id='word_1_611' title='bbox 1380 5351 1705 5423; x_wconf 62' lang='lat' dir='ltr'><strong>successione</strong></span> 
     </span>
    </p>
   </div>
   <div class='ocr_carea' id='block_1_64' title="bbox 112 5418 1701 5495">
    <p class='ocr_par' dir='ltr' id='par_1_64' title="bbox 112 5418 1701 5495">
     <span class='ocr_line' id='line_1_64' title="bbox 112 5418 1701 5495; baseline -0.001 -19"><span class='ocrx_word' id='word_1_612' title='bbox 112 5418 495 5495; x_wconf 64' lang='lat' dir='ltr'><strong>antiquissima</strong></span> <span class='ocrx_word' id='word_1_613' title='bbox 525 5418 1431 5495; x_wconf 43' lang='lat' dir='ltr'><strong>episcoporumflammarantinde</strong></span> <span class='ocrx_word' id='word_1_614' title='bbox 1471 5438 1502 5472; x_wconf 92' lang='lat' dir='ltr'><strong>a</strong></span> <span class='ocrx_word' id='word_1_615' title='bbox 1541 5418 1701 5475; x_wconf 88' lang='lat' dir='ltr'><strong>Petro</strong></span> 
     </span>
    </p>
   </div>
   <div class='ocr_carea' id='block_1_65' title="bbox 114 5491 1701 5565">
    <p class='ocr_par' dir='ltr' id='par_1_65' title="bbox 114 5491 1701 5565">
     <span class='ocr_line' id='line_1_65' title="bbox 114 5491 1701 5565; baseline 0 -18"><span class='ocrx_word' id='word_1_616' title='bbox 114 5491 267 5565; x_wconf 78' lang='lat' dir='ltr'><strong>usque</strong></span> <span class='ocrx_word' id='word_1_617' title='bbox 303 5496 375 5549; x_wconf 83' lang='lat' dir='ltr'><strong>ad</strong></span> <span class='ocrx_word' id='word_1_618' title='bbox 420 5493 704 5565; x_wconf 62' lang='lat' dir='ltr'><strong>Victorem,</strong></span> <span class='ocrx_word' id='word_1_619' title='bbox 733 5508 860 5565; x_wconf 61' lang='lat' dir='ltr'><strong>qum.</strong></span> <span class='ocrx_word' id='word_1_620' title='bbox 900 5491 1177 5561; x_wconf 77' lang='lat' dir='ltr'><strong>Ultrajecti</strong></span> <span class='ocrx_word' id='word_1_621' title='bbox 1219 5492 1377 5565; x_wconf 69' lang='grc'><strong>1710,</strong></span> <span class='ocrx_word' id='word_1_622' title='bbox 1419 5492 1471 5545; x_wconf 91' lang='lat' dir='ltr'><strong>in</strong></span> <span class='ocrx_word' id='word_1_623' title='bbox 1500 5501 1701 5565; x_wconf 82' lang='lat' dir='ltr'><strong>quarto</strong></span> 
     </span>
    </p>
   </div>
   <div class='ocr_carea' id='block_1_66' title="bbox 112 5561 1699 5634">
    <p class='ocr_par' dir='ltr' id='par_1_66' title="bbox 112 5561 1699 5634">
     <span class='ocr_line' id='line_1_66' title="bbox 112 5561 1699 5634; baseline -0.003 -16"><span class='ocrx_word' id='word_1_624' title='bbox 112 5561 328 5634; x_wconf 84' lang='lat' dir='ltr'><strong>prodiit.</strong></span> <span class='ocrx_word' id='word_1_625' title='bbox 364 5565 435 5619; x_wconf 77' lang='lat' dir='ltr'><strong>Et</strong></span> <span class='ocrx_word' id='word_1_626' title='bbox 467 5564 587 5617; x_wconf 72' lang='lat' dir='ltr'><strong>ista:</strong></span> <span class='ocrx_word' id='word_1_627' title='bbox 629 5561 864 5616; x_wconf 84' lang='lat' dir='ltr'><strong>Wistoni</strong></span> <span class='ocrx_word' id='word_1_628' title='bbox 911 5564 1228 5631; x_wconf 90' lang='lat' dir='ltr'><strong>applausum</strong></span> <span class='ocrx_word' id='word_1_629' title='bbox 1271 5564 1407 5616; x_wconf 89' lang='lat' dir='ltr'><strong>adeo</strong></span> <span class='ocrx_word' id='word_1_630' title='bbox 1438 5562 1699 5634; x_wconf 75' lang='lat' dir='ltr'><strong>tulerunt,</strong></span> 
     </span>
    </p>
   </div>
   <div class='ocr_carea' id='block_1_67' title="bbox 114 5630 1702 5701">
    <p class='ocr_par' dir='ltr' id='par_1_67' title="bbox 114 5630 1702 5701">
     <span class='ocr_line' id='line_1_67' title="bbox 114 5630 1702 5701; baseline -0.001 -12"><span class='ocrx_word' id='word_1_631' title='bbox 114 5630 167 5689; x_wconf 76' lang='lat' dir='ltr'><strong>ut</strong></span> <span class='ocrx_word' id='word_1_632' title='bbox 188 5652 282 5691; x_wconf 89' lang='lat' dir='ltr'><strong>eas</strong></span> <span class='ocrx_word' id='word_1_633' title='bbox 309 5652 419 5690; x_wconf 92' lang='lat' dir='ltr'><strong>non</strong></span> <span class='ocrx_word' id='word_1_634' title='bbox 450 5636 613 5686; x_wconf 90' lang='lat' dir='ltr'><strong>modo</strong></span> <span class='ocrx_word' id='word_1_635' title='bbox 648 5633 700 5685; x_wconf 90' lang='lat' dir='ltr'><strong>in</strong></span> <span class='ocrx_word' id='word_1_636' title='bbox 734 5630 1353 5701; x_wconf 26' lang='lat' dir='ltr'><strong>linguam’Anglicanam</strong></span> <span class='ocrx_word' id='word_1_637' title='bbox 1396 5630 1702 5687; x_wconf 83' lang='lat' dir='ltr'><strong>transfusas</strong></span> 
     </span>
    </p>
   </div>
   <div class='ocr_carea' id='block_1_68' title="bbox 114 5702 1697 5770">
    <p class='ocr_par' dir='ltr' id='par_1_68' title="bbox 114 5702 1697 5770">
     <span class='ocr_line' id='line_1_68' title="bbox 114 5702 1697 5770; baseline -0.001 -13"><span class='ocrx_word' id='word_1_638' title='bbox 114 5707 291 5761; x_wconf 90' lang='lat' dir='ltr'><strong>denuo</strong></span> <span class='ocrx_word' id='word_1_639' title='bbox 309 5704 549 5761; x_wconf 82' lang='lat' dir='ltr'><strong>Londini</strong></span> <span class='ocrx_word' id='word_1_640' title='bbox 572 5703 819 5764; x_wconf 83' lang='lat' dir='ltr'><strong>ediderit,</strong></span> <span class='ocrx_word' id='word_1_641' title='bbox 850 5704 943 5755; x_wconf 89' lang='lat' dir='ltr'><strong>sed</strong></span> <span class='ocrx_word' id='word_1_642' title='bbox 970 5711 1023 5755; x_wconf 88' lang='lat' dir='ltr'><strong>et</strong></span> <span class='ocrx_word' id='word_1_643' title='bbox 1053 5714 1107 5755; x_wconf 92' lang='lat' dir='ltr'><strong>ut</strong></span> <span class='ocrx_word' id='word_1_644' title='bbox 1130 5702 1465 5756; x_wconf 79' lang='lat' dir='ltr'><strong>Baraterium</strong></span> <span class='ocrx_word' id='word_1_645' title='bbox 1494 5718 1697 5770; x_wconf 63' lang='lat' dir='ltr'><strong>praece-</strong></span> 
     </span>
    </p>
   </div>
   <div class='ocr_carea' id='block_1_69' title="bbox 120 5771 1696 5844">
    <p class='ocr_par' dir='ltr' id='par_1_69' title="bbox 120 5771 1696 5844">
     <span class='ocr_line' id='line_1_69' title="bbox 120 5771 1696 5844; baseline -0.001 -14"><span class='ocrx_word' id='word_1_646' title='bbox 120 5788 326 5841; x_wconf 80' lang='lat' dir='ltr'><strong>ptorem</strong></span> <span class='ocrx_word' id='word_1_647' title='bbox 368 5791 537 5833; x_wconf 86' lang='lat' dir='ltr'><strong>suum</strong></span> <span class='ocrx_word' id='word_1_648' title='bbox 563 5788 753 5828; x_wconf 88' lang='lat' dir='ltr'><strong>vocare</strong></span> <span class='ocrx_word' id='word_1_649' title='bbox 781 5773 1025 5843; x_wconf 84' lang='lat' dir='ltr'><strong>mihique</strong></span> <span class='ocrx_word' id='word_1_650' title='bbox 1058 5776 1180 5843; x_wconf 80' lang='lat' dir='ltr'><strong>plus</strong></span> <span class='ocrx_word' id='word_1_651' title='bbox 1214 5774 1445 5844; x_wconf 89' lang='lat' dir='ltr'><strong>simplici</strong></span> <span class='ocrx_word' id='word_1_652' title='bbox 1473 5773 1586 5828; x_wconf 85' lang='lat' dir='ltr'><strong>vice</strong></span> <span class='ocrx_word' id='word_1_653' title='bbox 1614 5771 1696 5828; x_wconf 80' lang='lat' dir='ltr'><strong>fa-</strong></span> 
     </span>
    </p>
   </div>
   <div class='ocr_carea' id='block_1_70' title="bbox 1813 3316 3380 3385">
    <p class='ocr_par' dir='ltr' id='par_1_70' title="bbox 1813 3316 3380 3385">
     <span class='ocr_line' id='line_1_70' title="bbox 1813 3316 3380 3385; baseline 0.001 -16"><span class='ocrx_word' id='word_1_654' title='bbox 1813 3317 1912 3370; x_wconf 87' lang='lat' dir='ltr'><strong>teri</strong></span> <span class='ocrx_word' id='word_1_655' title='bbox 1953 3317 2097 3372; x_wconf 86' lang='lat' dir='ltr'><strong>haud</strong></span> <span class='ocrx_word' id='word_1_656' title='bbox 2138 3318 2439 3383; x_wconf 88' lang='lat' dir='ltr'><strong>erubuerit,</strong></span> <span class='ocrx_word' id='word_1_657' title='bbox 2470 3334 2529 3374; x_wconf 89' lang='lat' dir='ltr'><strong>se</strong></span> <span class='ocrx_word' id='word_1_658' title='bbox 2556 3318 2724 3373; x_wconf 89' lang='lat' dir='ltr'><strong>multa</strong></span> <span class='ocrx_word' id='word_1_659' title='bbox 2756 3334 2823 3373; x_wconf 78' lang='lat' dir='ltr'><strong>ex</strong></span> <span class='ocrx_word' id='word_1_660' title='bbox 2869 3316 2972 3371; x_wconf 91' lang='lat' dir='ltr'><strong>hoc</strong></span> <span class='ocrx_word' id='word_1_661' title='bbox 3007 3316 3210 3385; x_wconf 90' lang='lat' dir='ltr'><strong>scripto</strong></span> <span class='ocrx_word' id='word_1_662' title='bbox 3244 3320 3380 3377; x_wconf 83' lang='lat' dir='ltr'><strong>edo-</strong></span> 
     </span>
    </p>
   </div>
   <div class='ocr_carea' id='block_1_71' title="bbox 1810 3387 3391 3469">
    <p class='ocr_par' dir='ltr' id='par_1_71' title="bbox 1810 3387 3391 3469">
     <span class='ocr_line' id='line_1_71' title="bbox 1810 3387 3391 3469; baseline 0.004 -28"><span class='ocrx_word' id='word_1_663' title='bbox 1810 3388 2184 3469; x_wconf 46' lang='lat' dir='ltr'><strong>ctumufuisse,</strong></span> <span class='ocrx_word' id='word_1_664' title='bbox 2224 3404 2345 3457; x_wconf 67' lang='lat' dir='ltr'><strong>qua:</strong></span> <span class='ocrx_word' id='word_1_665' title='bbox 2378 3397 2534 3469; x_wconf 77' lang='lat' dir='ltr'><strong>antea</strong></span> <span class='ocrx_word' id='word_1_666' title='bbox 2564 3390 2879 3469; x_wconf 72' lang='lat' dir='ltr'><strong>ignorasset</strong></span> <span class='ocrx_word' id='word_1_667' title='bbox 2914 3387 3046 3469; x_wconf 60' lang='lat' dir='ltr'><strong>ipse:</strong></span> <span class='ocrx_word' id='word_1_668' title='bbox 3093 3387 3205 3469; x_wconf 59' lang='lat' dir='ltr'><strong>lino</strong></span> <span class='ocrx_word' id='word_1_669' title='bbox 3238 3404 3391 3469; x_wconf 77' lang='lat' dir='ltr'><strong>pror-</strong></span> 
     </span>
    </p>
   </div>
   <div class='ocr_carea' id='block_1_72' title="bbox 1808 3454 3385 3527">
    <p class='ocr_par' dir='ltr' id='par_1_72' title="bbox 1808 3454 3385 3527">
     <span class='ocr_line' id='line_1_72' title="bbox 1808 3454 3385 3527; baseline 0.004 -18"><span class='ocrx_word' id='word_1_670' title='bbox 1808 3472 1906 3511; x_wconf 89' lang='lat' dir='ltr'><strong>sus</strong></span> <span class='ocrx_word' id='word_1_671' title='bbox 1933 3458 2036 3511; x_wconf 89' lang='lat' dir='ltr'><strong>sihi</strong></span> <span class='ocrx_word' id='word_1_672' title='bbox 2069 3454 2388 3527; x_wconf 82' lang='lat' dir='ltr'><strong>persuasum</strong></span> <span class='ocrx_word' id='word_1_673' title='bbox 2421 3454 2674 3522; x_wconf 75' lang='lat' dir='ltr'><strong>habebat,</strong></span> <span class='ocrx_word' id='word_1_674' title='bbox 2708 3454 2987 3512; x_wconf 85' lang='lat' dir='ltr'><strong>Baraterio</strong></span> <span class='ocrx_word' id='word_1_675' title='bbox 3014 3455 3079 3510; x_wconf 85' lang='lat' dir='ltr'><strong>de</strong></span> <span class='ocrx_word' id='word_1_676' title='bbox 3107 3454 3385 3516; x_wconf 71' lang='lat' dir='ltr'><strong>Constitu-</strong></span> 
     </span>
    </p>
   </div>
   <div class='ocr_carea' id='block_1_73' title="bbox 1811 3527 3382 3597">
    <p class='ocr_par' dir='ltr' id='par_1_73' title="bbox 1811 3527 3382 3597">
     <span class='ocr_line' id='line_1_73' title="bbox 1811 3527 3382 3597; baseline 0.004 -18"><span class='ocrx_word' id='word_1_677' title='bbox 1811 3527 2039 3581; x_wconf 82' lang='lat' dir='ltr'><strong>tionibus</strong></span> <span class='ocrx_word' id='word_1_678' title='bbox 2090 3528 2239 3583; x_wconf 90' lang='lat' dir='ltr'><strong>hisce</strong></span> <span class='ocrx_word' id='word_1_679' title='bbox 2270 3530 2517 3583; x_wconf 88' lang='lat' dir='ltr'><strong>eamdem</strong></span> <span class='ocrx_word' id='word_1_680' title='bbox 2567 3545 2630 3583; x_wconf 92' lang='lat' dir='ltr'><strong>ac</strong></span> <span class='ocrx_word' id='word_1_681' title='bbox 2660 3530 2761 3583; x_wconf 91' lang='lat' dir='ltr'><strong>sibi</strong></span> <span class='ocrx_word' id='word_1_682' title='bbox 2792 3528 2999 3583; x_wconf 89' lang='lat' dir='ltr'><strong>sedisse</strong></span> <span class='ocrx_word' id='word_1_683' title='bbox 3048 3527 3382 3597; x_wconf 83' lang='lat' dir='ltr'><strong>opinionem,</strong></span> 
     </span>
    </p>
   </div>
   <div class='ocr_carea' id='block_1_74' title="bbox 1808 3599 3385 3668">
    <p class='ocr_par' dir='ltr' id='par_1_74' title="bbox 1808 3599 3385 3668">
     <span class='ocr_line' id='line_1_74' title="bbox 1808 3599 3385 3668; baseline 0.003 -17"><span class='ocrx_word' id='word_1_684' title='bbox 1808 3599 2229 3668; x_wconf 31' lang='lat' dir='ltr'><strong>eumqueﬂillam</strong></span> <span class='ocrx_word' id='word_1_685' title='bbox 2272 3602 2450 3667; x_wconf 88' lang='lat' dir='ltr'><strong>palam</strong></span> <span class='ocrx_word' id='word_1_686' title='bbox 2495 3599 2735 3668; x_wconf 82' lang='lat' dir='ltr'><strong>proﬁteri</strong></span> <span class='ocrx_word' id='word_1_687' title='bbox 2786 3608 2995 3652; x_wconf 89' lang='lat' dir='ltr'><strong>tantum</strong></span> <span class='ocrx_word' id='word_1_688' title='bbox 3046 3612 3153 3649; x_wconf 90' lang='lat' dir='ltr'><strong>non</strong></span> <span class='ocrx_word' id='word_1_689' title='bbox 3187 3615 3385 3656; x_wconf 82' lang='lat' dir='ltr'><strong>ausum</strong></span> 
     </span>
    </p>
   </div>
   <div class='ocr_carea' id='block_1_75' title="bbox 1810 3666 3386 3738">
    <p class='ocr_par' dir='ltr' id='par_1_75' title="bbox 1810 3666 3386 3738">
     <span class='ocr_line' id='line_1_75' title="bbox 1810 3666 3386 3738; baseline 0.001 -17"><span class='ocrx_word' id='word_1_690' title='bbox 1810 3666 1999 3723; x_wconf 83' lang='lat' dir='ltr'><strong>fuisse.</strong></span> <span class='ocrx_word' id='word_1_691' title='bbox 2031 3666 2156 3723; x_wconf 65' lang='lat' dir='ltr'><strong>Haec</strong></span> <span class='ocrx_word' id='word_1_692' title='bbox 2178 3666 2368 3725; x_wconf 77' lang='lat' dir='ltr'><strong>saltem</strong></span> <span class='ocrx_word' id='word_1_693' title='bbox 2394 3666 2519 3724; x_wconf 82' lang='lat' dir='ltr'><strong>eum</strong></span> <span class='ocrx_word' id='word_1_694' title='bbox 2550 3669 2603 3722; x_wconf 92' lang='lat' dir='ltr'><strong>in</strong></span> <span class='ocrx_word' id='word_1_695' title='bbox 2633 3669 2792 3723; x_wconf 81' lang='lat' dir='ltr'><strong>linem</strong></span> <span class='ocrx_word' id='word_1_696' title='bbox 2817 3668 2962 3721; x_wconf 91' lang='lat' dir='ltr'><strong>dicta</strong></span> <span class='ocrx_word' id='word_1_697' title='bbox 2985 3675 3167 3738; x_wconf 87' lang='lat' dir='ltr'><strong>sunto,</strong></span> <span class='ocrx_word' id='word_1_698' title='bbox 3200 3679 3259 3722; x_wconf 90' lang='lat' dir='ltr'><strong>ut</strong></span> <span class='ocrx_word' id='word_1_699' title='bbox 3288 3686 3386 3738; x_wconf 78' lang='lat' dir='ltr'><strong>pa-</strong></span> 
     </span>
    </p>
   </div>
   <div class='ocr_carea' id='block_1_76' title="bbox 1812 3736 3387 3806">
    <p class='ocr_par' dir='ltr' id='par_1_76' title="bbox 1812 3736 3387 3806">
     <span class='ocr_line' id='line_1_76' title="bbox 1812 3736 3387 3806; baseline 0.003 -15"><span class='ocrx_word' id='word_1_700' title='bbox 1812 3746 1940 3803; x_wconf 89' lang='lat' dir='ltr'><strong>teat,</strong></span> <span class='ocrx_word' id='word_1_701' title='bbox 1968 3754 2053 3792; x_wconf 88' lang='lat' dir='ltr'><strong>me</strong></span> <span class='ocrx_word' id='word_1_702' title='bbox 2081 3755 2187 3792; x_wconf 89' lang='lat' dir='ltr'><strong>non</strong></span> <span class='ocrx_word' id='word_1_703' title='bbox 2220 3740 2445 3794; x_wconf 91' lang='lat' dir='ltr'><strong>omnino</strong></span> <span class='ocrx_word' id='word_1_704' title='bbox 2485 3738 2676 3793; x_wconf 81' lang='lat' dir='ltr'><strong>l&#39;rivole</strong></span> <span class='ocrx_word' id='word_1_705' title='bbox 2705 3738 2769 3791; x_wconf 86' lang='lat' dir='ltr'><strong>ad</strong></span> <span class='ocrx_word' id='word_1_706' title='bbox 2816 3736 3196 3806; x_wconf 88' lang='lat' dir='ltr'><strong>interpolatum</strong></span> <span class='ocrx_word' id='word_1_707' title='bbox 3225 3736 3387 3795; x_wconf 64' lang='lat' dir='ltr'><strong>caete-</strong></span> 
     </span>
    </p>
   </div>
   <div class='ocr_carea' id='block_1_77' title="bbox 1810 3808 3387 3878">
    <p class='ocr_par' dir='ltr' id='par_1_77' title="bbox 1810 3808 3387 3878">
     <span class='ocr_line' id='line_1_77' title="bbox 1810 3808 3387 3878; baseline 0.003 -18"><span class='ocrx_word' id='word_1_708' title='bbox 1810 3809 2002 3877; x_wconf 91' lang='lat' dir='ltr'><strong>roquin</strong></span> <span class='ocrx_word' id='word_1_709' title='bbox 2026 3808 2367 3877; x_wconf 80' lang='lat' dir='ltr'><strong>antiquitatis</strong></span> <span class='ocrx_word' id='word_1_710' title='bbox 2385 3810 2646 3877; x_wconf 85' lang='lat' dir='ltr'><strong>scriptum</strong></span> <span class='ocrx_word' id='word_1_711' title='bbox 2677 3822 3019 3877; x_wconf 85' lang='lat' dir='ltr'><strong>provocasse,</strong></span> <span class='ocrx_word' id='word_1_712' title='bbox 3042 3814 3226 3878; x_wconf 87' lang='lat' dir='ltr'><strong>utpote</strong></span> <span class='ocrx_word' id='word_1_713' title='bbox 3240 3812 3387 3878; x_wconf 86' lang='lat' dir='ltr'><strong>quod</strong></span> 
     </span>
    </p>
   </div>
   <div class='ocr_carea' id='block_1_78' title="bbox 1809 3877 3387 3947">
    <p class='ocr_par' dir='ltr' id='par_1_78' title="bbox 1809 3877 3387 3947">
     <span class='ocr_line' id='line_1_78' title="bbox 1809 3877 3387 3947; baseline 0.003 -16"><span class='ocrx_word' id='word_1_714' title='bbox 1809 3878 2033 3947; x_wconf 86' lang='lat' dir='ltr'><strong>genuini</strong></span> <span class='ocrx_word' id='word_1_715' title='bbox 2081 3880 2199 3931; x_wconf 91' lang='lat' dir='ltr'><strong>auri</strong></span> <span class='ocrx_word' id='word_1_716' title='bbox 2247 3896 2355 3934; x_wconf 89' lang='lat' dir='ltr'><strong>non</strong></span> <span class='ocrx_word' id='word_1_717' title='bbox 2408 3880 2568 3933; x_wconf 90' lang='lat' dir='ltr'><strong>modo</strong></span> <span class='ocrx_word' id='word_1_718' title='bbox 2609 3886 2855 3933; x_wconf 87' lang='lat' dir='ltr'><strong>ramenta</strong></span> <span class='ocrx_word' id='word_1_719' title='bbox 2907 3877 3166 3943; x_wconf 85' lang='lat' dir='ltr'><strong>continet,</strong></span> <span class='ocrx_word' id='word_1_720' title='bbox 3213 3877 3306 3933; x_wconf 86' lang='lat' dir='ltr'><strong>sed</strong></span> <span class='ocrx_word' id='word_1_721' title='bbox 3332 3891 3387 3936; x_wconf 90' lang='lat' dir='ltr'><strong>et</strong></span> 
     </span>
    </p>
   </div>
   <div class='ocr_carea' id='block_1_79' title="bbox 1807 3947 3390 4019">
    <p class='ocr_par' dir='ltr' id='par_1_79' title="bbox 1807 3947 3390 4019">
     <span class='ocr_line' id='line_1_79' title="bbox 1807 3947 3390 4019; baseline 0.003 -18"><span class='ocrx_word' id='word_1_722' title='bbox 1807 3949 1974 4016; x_wconf 88' lang='lat' dir='ltr'><strong>quod,</strong></span> <span class='ocrx_word' id='word_1_723' title='bbox 2007 3949 2053 4002; x_wconf 93' lang='lat' dir='ltr'><strong>si</strong></span> <span class='ocrx_word' id='word_1_724' title='bbox 2095 3950 2261 4003; x_wconf 89' lang='lat' dir='ltr'><strong>etiam</strong></span> <span class='ocrx_word' id='word_1_725' title='bbox 2308 3958 2480 4003; x_wconf 91' lang='lat' dir='ltr'><strong>totum</strong></span> <span class='ocrx_word' id='word_1_726' title='bbox 2512 3965 2650 4019; x_wconf 83' lang='lat' dir='ltr'><strong>epus</strong></span> <span class='ocrx_word' id='word_1_727' title='bbox 2694 3947 3099 4019; x_wconf 87' lang='lat' dir='ltr'><strong>supposititium</strong></span> <span class='ocrx_word' id='word_1_728' title='bbox 3142 3948 3233 4011; x_wconf 91' lang='lat' dir='ltr'><strong>sit,</strong></span> <span class='ocrx_word' id='word_1_729' title='bbox 3282 3952 3390 4006; x_wconf 89' lang='lat' dir='ltr'><strong>sub</strong></span> 
     </span>
    </p>
   </div>
   <div class='ocr_carea' id='block_1_80' title="bbox 1808 4018 3387 4090">
    <p class='ocr_par' dir='ltr' id='par_1_80' title="bbox 1808 4018 3387 4090">
     <span class='ocr_line' id='line_1_80' title="bbox 1808 4018 3387 4090; baseline 0.004 -19"><span class='ocrx_word' id='word_1_730' title='bbox 1808 4020 2248 4090; x_wconf 67' lang='lat' dir='ltr'><strong>saaculisecundi</strong></span> <span class='ocrx_word' id='word_1_731' title='bbox 2279 4020 2431 4073; x_wconf 87' lang='lat' dir='ltr'><strong>initia</strong></span> <span class='ocrx_word' id='word_1_732' title='bbox 2457 4018 2687 4090; x_wconf 87' lang='lat' dir='ltr'><strong>jamjam</strong></span> <span class='ocrx_word' id='word_1_733' title='bbox 2714 4018 3011 4083; x_wconf 79' lang='lat' dir='ltr'><strong>exstitisse,</strong></span> <span class='ocrx_word' id='word_1_734' title='bbox 3045 4019 3387 4077; x_wconf 89' lang='lat' dir='ltr'><strong>eruditorum</strong></span> 
     </span>
    </p>
   </div>
   <div class='ocr_carea' id='block_1_81' title="bbox 1808 4089 2462 4144">
    <p class='ocr_par' dir='ltr' id='par_1_81' title="bbox 1808 4089 2462 4144">
     <span class='ocr_line' id='line_1_81' title="bbox 1808 4089 2462 4144; baseline 0.005 -3"><span class='ocrx_word' id='word_1_735' title='bbox 1808 4089 2057 4143; x_wconf 90' lang='lat' dir='ltr'><strong>nonnulli</strong></span> <span class='ocrx_word' id='word_1_736' title='bbox 2091 4090 2462 4144; x_wconf 90' lang='lat' dir='ltr'><strong>crediderunt.</strong></span> 
     </span>
    </p>
   </div>
   <div class='ocr_carea' id='block_1_82' title="bbox 1879 4157 3383 4228">
    <p class='ocr_par' dir='ltr' id='par_1_82' title="bbox 1879 4157 3383 4228">
     <span class='ocr_line' id='line_1_82' title="bbox 1879 4157 3383 4228; baseline 0.005 -16"><span class='ocrx_word' id='word_1_737' title='bbox 1879 4159 1992 4227; x_wconf 80' lang='lat'><strong>(‘29)</strong></span> <span class='ocrx_word' id='word_1_738' title='bbox 2026 4159 2197 4214; x_wconf 85' lang='lat' dir='ltr'><strong>Aliter</strong></span> <span class='ocrx_word' id='word_1_739' title='bbox 2226 4169 2406 4214; x_wconf 90' lang='lat' dir='ltr'><strong>autem</strong></span> <span class='ocrx_word' id='word_1_740' title='bbox 2438 4159 2553 4215; x_wconf 89' lang='lat' dir='ltr'><strong>tieri</strong></span> <span class='ocrx_word' id='word_1_741' title='bbox 2586 4167 2817 4228; x_wconf 84' lang='lat' dir='ltr'><strong>poterat,</strong></span> <span class='ocrx_word' id='word_1_742' title='bbox 2848 4157 2901 4211; x_wconf 91' lang='lat' dir='ltr'><strong>in</strong></span> <span class='ocrx_word' id='word_1_743' title='bbox 2935 4172 3097 4225; x_wconf 87' lang='lat' dir='ltr'><strong>parva</strong></span> <span class='ocrx_word' id='word_1_744' title='bbox 3123 4163 3383 4228; x_wconf 85' lang='lat' dir='ltr'><strong>paroecia.</strong></span> 
     </span>
    </p>
   </div>
   <div class='ocr_carea' id='block_1_83' title="bbox 1806 4229 3382 4309">
    <p class='ocr_par' dir='ltr' id='par_1_83' title="bbox 1806 4229 3382 4309">
     <span class='ocr_line' id='line_1_83' title="bbox 1806 4229 3382 4309; baseline 0.003 -27"><span class='ocrx_word' id='word_1_745' title='bbox 1806 4232 1884 4309; x_wconf 89' lang='lat' dir='ltr'><strong>l_ta</strong></span> <span class='ocrx_word' id='word_1_746' title='bbox 1910 4231 2054 4284; x_wconf 88' lang='lat' dir='ltr'><strong>enim</strong></span> <span class='ocrx_word' id='word_1_747' title='bbox 2077 4246 2243 4309; x_wconf 65' lang='lat' dir='ltr'><strong>porro</strong></span> <span class='ocrx_word' id='word_1_748' title='bbox 2284 4231 2486 4309; x_wconf 66' lang='lat' dir='ltr'><strong>eaedem</strong></span> <span class='ocrx_word' id='word_1_749' title='bbox 2528 4229 2944 4309; x_wconf 62' lang='lat' dir='ltr'><strong>Coustitutiones</strong></span> <span class='ocrx_word' id='word_1_750' title='bbox 2984 4229 3020 4281; x_wconf 91' lang='lat' dir='ltr'><strong>l.</strong></span> <span class='ocrx_word' id='word_1_751' title='bbox 3057 4243 3106 4282; x_wconf 87' lang='lat' dir='ltr'><strong>c.</strong></span> <span class='ocrx_word' id='word_1_752' title='bbox 3132 4246 3382 4309; x_wconf 85' lang='lat' dir='ltr'><strong>pronun-</strong></span> 
     </span>
    </p>
   </div>
   <div class='ocr_carea' id='block_1_84' title="bbox 1806 4246 3388 4370">
    <p class='ocr_par' dir='ltr' id='par_1_84' title="bbox 1806 4246 3388 4370">
     <span class='ocr_line' id='line_1_84' title="bbox 1806 4246 3382 4354; baseline 0.003 -72"><span class='ocrx_word' id='word_1_753' title='bbox 1806 4246 1884 4285; x_wconf 81' lang='lat' dir='ltr'><strong>ita</strong></span> <span class='ocrx_word' id='word_1_754' title='bbox 1910 4246 2054 4284; x_wconf 82' lang='lat' dir='ltr'><strong>enim</strong></span> <span class='ocrx_word' id='word_1_755' title='bbox 2076 4246 2243 4354; x_wconf 63' lang='lat' dir='ltr'><strong>gerro</strong></span> <span class='ocrx_word' id='word_1_756' title='bbox 2284 4246 2486 4285; x_wconf 66' lang='lat' dir='ltr'><strong>eandem</strong></span> <span class='ocrx_word' id='word_1_757' title='bbox 2528 4246 2944 4285; x_wconf 71' lang='lat' dir='ltr'><strong>bousulutwnes</strong></span> <span class='ocrx_word' id='word_1_758' title='bbox 2984 4246 3020 4281; x_wconf 91' lang='grc' dir='ltr'>ι.</span> <span class='ocrx_word' id='word_1_759' title='bbox 3057 4246 3106 4282; x_wconf 88' lang='lat' dir='ltr'><strong>c.</strong></span> <span class='ocrx_word' id='word_1_760' title='bbox 3132 4246 3382 4309; x_wconf 85' lang='lat' dir='ltr'><strong>pronun-</strong></span> 
     </span>
     <span class='ocr_line' id='line_1_85' title="bbox 1806 4299 3388 4370; baseline 0.002 -16"><span class='ocrx_word' id='word_1_761' title='bbox 1806 4302 1976 4354; x_wconf 84' lang='lat' dir='ltr'><strong>tiant;</strong></span> <span class='ocrx_word' id='word_1_762' title='bbox 2016 4318 2033 4350; x_wconf 85' lang='grc' dir='ltr'><strong>ι</strong></span> <span class='ocrx_word' id='word_1_763' title='bbox 2118 4301 2169 4354; x_wconf 94' lang='lat' dir='ltr'><strong>in</strong></span> <span class='ocrx_word' id='word_1_764' title='bbox 2202 4316 2333 4355; x_wconf 89' lang='lat' dir='ltr'><strong>vero</strong></span> <span class='ocrx_word' id='word_1_765' title='bbox 2372 4300 2425 4354; x_wconf 90' lang='lat' dir='ltr'><strong>in</strong></span> <span class='ocrx_word' id='word_1_766' title='bbox 2466 4316 2630 4370; x_wconf 86' lang='lat' dir='ltr'><strong>parva</strong></span> <span class='ocrx_word' id='word_1_767' title='bbox 2667 4299 2901 4370; x_wconf 79' lang='lat' dir='ltr'><strong>quadarn</strong></span> <span class='ocrx_word' id='word_1_768' title='bbox 2926 4314 3181 4370; x_wconf 75' lang='lat' dir='ltr'><strong>parmcta</strong></span> <span class='ocrx_word' id='word_1_769' title='bbox 3227 4311 3388 4357; x_wconf 66' lang='lat' dir='ltr'><strong>atate</strong></span> 
     </span>
    </p>
   </div>
   <div class='ocr_carea' id='block_1_85' title="bbox 1804 4368 3386 4441">
    <p class='ocr_par' dir='ltr' id='par_1_85' title="bbox 1804 4368 3386 4441">
     <span class='ocr_line' id='line_1_86' title="bbox 1804 4368 3386 4441; baseline 0.002 -17"><span class='ocrx_word' id='word_1_770' title='bbox 1804 4379 2095 4439; x_wconf 90' lang='lat' dir='ltr'><strong>provectus</strong></span> <span class='ocrx_word' id='word_1_771' title='bbox 2118 4384 2225 4423; x_wconf 90' lang='lat' dir='ltr'><strong>non</strong></span> <span class='ocrx_word' id='word_1_772' title='bbox 2251 4368 2574 4440; x_wconf 79' lang='lat' dir='ltr'><strong>reperiatur,</strong></span> <span class='ocrx_word' id='word_1_773' title='bbox 2601 4380 2655 4425; x_wconf 91' lang='lat' dir='ltr'><strong>et</strong></span> <span class='ocrx_word' id='word_1_774' title='bbox 2674 4368 2745 4441; x_wconf 82' lang='lat' dir='ltr'><strong>sit</strong></span> <span class='ocrx_word' id='word_1_775' title='bbox 2773 4368 2991 4441; x_wconf 82' lang='lat' dir='ltr'><strong>aliquis,</strong></span> <span class='ocrx_word' id='word_1_776' title='bbox 3014 4384 3139 4441; x_wconf 81' lang='lat' dir='ltr'><strong>_c_um</strong></span> <span class='ocrx_word' id='word_1_777' title='bbox 3158 4384 3266 4438; x_wconf 93' lang='lat' dir='ltr'><strong>quo</strong></span> <span class='ocrx_word' id='word_1_778' title='bbox 3289 4374 3386 4441; x_wconf 86' lang='lat' dir='ltr'><strong>qui</strong></span> 
     </span>
    </p>
   </div>
   <div class='ocr_carea' id='block_1_86' title="bbox 1805 4437 3387 4506">
    <p class='ocr_par' dir='ltr' id='par_1_86' title="bbox 1805 4437 3387 4506">
     <span class='ocr_line' id='line_1_87' title="bbox 1805 4437 3387 4506; baseline 0.001 -11"><span class='ocrx_word' id='word_1_779' title='bbox 1805 4437 2004 4495; x_wconf 81' lang='lat' dir='ltr'><strong>versati</strong></span> <span class='ocrx_word' id='word_1_780' title='bbox 2058 4449 2207 4503; x_wconf 90' lang='lat' dir='ltr'><strong>sunt,</strong></span> <span class='ocrx_word' id='word_1_781' title='bbox 2265 4437 2638 4495; x_wconf 78' lang='lat' dir='ltr'><strong>testimonium</strong></span> <span class='ocrx_word' id='word_1_782' title='bbox 2693 4439 2944 4493; x_wconf 88' lang='lat' dir='ltr'><strong>dederint</strong></span> <span class='ocrx_word' id='word_1_783' title='bbox 2996 4437 3219 4506; x_wconf 85' lang='lat' dir='ltr'><strong>dignum</strong></span> <span class='ocrx_word' id='word_1_784' title='bbox 3263 4437 3387 4496; x_wconf 78' lang='lat' dir='ltr'><strong>esse</strong></span> 
     </span>
    </p>
   </div>
   <div class='ocr_carea' id='block_1_87' title="bbox 1810 4506 3385 4580">
    <p class='ocr_par' dir='ltr' id='par_1_87' title="bbox 1810 4506 3385 4580">
     <span class='ocr_line' id='line_1_88' title="bbox 1810 4506 3385 4580; baseline 0.003 -17"><span class='ocrx_word' id='word_1_785' title='bbox 1810 4511 1903 4580; x_wconf 93' lang='lat' dir='ltr'><strong>qui</strong></span> <span class='ocrx_word' id='word_1_786' title='bbox 1932 4512 2025 4565; x_wconf 90' lang='lat' dir='ltr'><strong>tiat</strong></span> <span class='ocrx_word' id='word_1_787' title='bbox 2061 4510 2371 4580; x_wconf 90' lang='lat' dir='ltr'><strong>episcopus,</strong></span> <span class='ocrx_word' id='word_1_788' title='bbox 2409 4506 2503 4579; x_wconf 82' lang='lat' dir='ltr'><strong>qiii</strong></span> <span class='ocrx_word' id='word_1_789' title='bbox 2534 4511 2585 4563; x_wconf 90' lang='lat' dir='ltr'><strong>in</strong></span> <span class='ocrx_word' id='word_1_790' title='bbox 2619 4507 2984 4580; x_wconf 80' lang='lat' dir='ltr'><strong>adolescentia</strong></span> <span class='ocrx_word' id='word_1_791' title='bbox 3028 4519 3308 4564; x_wconf 86' lang='lat' dir='ltr'><strong>mansuete</strong></span> <span class='ocrx_word' id='word_1_792' title='bbox 3329 4520 3385 4567; x_wconf 89' lang='lat' dir='ltr'><strong>et</strong></span> 
     </span>
    </p>
   </div>
   <div class='ocr_carea' id='block_1_88' title="bbox 1812 4576 3381 4650">
    <p class='ocr_par' dir='ltr' id='par_1_88' title="bbox 1812 4576 3381 4650">
     <span class='ocr_line' id='line_1_89' title="bbox 1812 4576 3381 4650; baseline 0 -15"><span class='ocrx_word' id='word_1_793' title='bbox 1812 4576 2112 4650; x_wconf 80' lang='lat' dir='ltr'><strong>composite</strong></span> <span class='ocrx_word' id='word_1_794' title='bbox 2149 4576 2661 4645; x_wconf 56' lang='lat' dir='ltr'><strong>vivendo,&#39;senilem</strong></span> <span class='ocrx_word' id='word_1_795' title='bbox 2692 4586 2913 4650; x_wconf 72' lang='lat' dir='ltr'><strong>aetatem</strong></span> <span class='ocrx_word' id='word_1_796' title='bbox 2929 4576 3087 4645; x_wconf 86' lang='lat' dir='ltr'><strong>plane</strong></span> <span class='ocrx_word' id='word_1_797' title='bbox 3110 4580 3381 4645; x_wconf 85' lang='lat' dir='ltr'><strong>ostendat,</strong></span> 
     </span>
    </p>
   </div>
   <div class='ocr_carea' id='block_1_89' title="bbox 1811 4646 3385 4730">
    <p class='ocr_par' dir='ltr' id='par_1_89' title="bbox 1811 4646 3385 4730">
     <span class='ocr_line' id='line_1_90' title="bbox 1811 4646 3385 4730; baseline 0.001 -26"><span class='ocrx_word' id='word_1_798' title='bbox 1811 4654 1855 4705; x_wconf 92' lang='lat' dir='ltr'><strong>si</strong></span> <span class='ocrx_word' id='word_1_799' title='bbox 1882 4646 2070 4730; x_wconf 75' lang='lat' dir='ltr'><strong>talium</strong></span> <span class='ocrx_word' id='word_1_800' title='bbox 2095 4647 2873 4730; x_wconf 61' lang='lat' dir='ltr'><strong>testimonioprobatur,qpod</strong></span> <span class='ocrx_word' id='word_1_801' title='bbox 2902 4646 2953 4699; x_wconf 91' lang='lat' dir='ltr'><strong>iu</strong></span> <span class='ocrx_word' id='word_1_802' title='bbox 2979 4650 3238 4726; x_wconf 77' lang='lat' dir='ltr'><strong>pacetiat,</strong></span> <span class='ocrx_word' id='word_1_803' title='bbox 3264 4661 3385 4730; x_wconf 77' lang='lat' dir='ltr'><strong>esto</strong></span> 
     </span>
    </p>
   </div>
   <div class='ocr_carea' id='block_1_90' title="bbox 1811 4717 3382 4789">
    <p class='ocr_par' dir='ltr' id='par_1_90' title="bbox 1811 4717 3382 4789">
     <span class='ocr_line' id='line_1_91' title="bbox 1811 4717 3382 4789; baseline 0.001 -15"><span class='ocrx_word' id='word_1_804' title='bbox 1811 4721 2119 4789; x_wconf 85' lang='lat' dir='ltr'><strong>episc0pus.</strong></span> <span class='ocrx_word' id='word_1_805' title='bbox 2163 4738 2181 4789; x_wconf 69' lang='grc' dir='ltr'><strong>ι</strong></span> <span class='ocrx_word' id='word_1_806' title='bbox 2216 4717 2542 4773; x_wconf 82' lang='lat' dir='ltr'><strong>Reccntiora</strong></span> <span class='ocrx_word' id='word_1_807' title='bbox 2584 4718 2819 4774; x_wconf 88' lang='lat' dir='ltr'><strong>concilia</strong></span> <span class='ocrx_word' id='word_1_808' title='bbox 2855 4717 2907 4769; x_wconf 91' lang='lat' dir='ltr'><strong>in</strong></span> <span class='ocrx_word' id='word_1_809' title='bbox 2943 4717 3199 4789; x_wconf 77' lang='lat' dir='ltr'><strong>episcopo</strong></span> <span class='ocrx_word' id='word_1_810' title='bbox 3229 4723 3382 4776; x_wconf 85' lang='lat' dir='ltr'><strong>ordi-</strong></span> 
     </span>
    </p>
   </div>
   <div class='ocr_carea' id='block_1_91' title="bbox 1811 4788 3382 4857">
    <p class='ocr_par' dir='ltr' id='par_1_91' title="bbox 1811 4788 3382 4857">
     <span class='ocr_line' id='line_1_92' title="bbox 1811 4788 3382 4857; baseline 0.002 -14"><span class='ocrx_word' id='word_1_811' title='bbox 1811 4788 2009 4845; x_wconf 84' lang='lat' dir='ltr'><strong>nando</strong></span> <span class='ocrx_word' id='word_1_812' title='bbox 2032 4788 2276 4843; x_wconf 89' lang='lat' dir='ltr'><strong>eamdem</strong></span> <span class='ocrx_word' id='word_1_813' title='bbox 2308 4790 2387 4842; x_wconf 87' lang='lat' dir='ltr'><strong>vel</strong></span> <span class='ocrx_word' id='word_1_814' title='bbox 2416 4789 2482 4843; x_wconf 90' lang='lat' dir='ltr'><strong>ad</strong></span> <span class='ocrx_word' id='word_1_815' title='bbox 2526 4789 2811 4843; x_wconf 90' lang='lat' dir='ltr'><strong>minimum</strong></span> <span class='ocrx_word' id='word_1_816' title='bbox 2854 4788 3071 4857; x_wconf 72' lang='lat' dir='ltr'><strong>triginta</strong></span> <span class='ocrx_word' id='word_1_817' title='bbox 3111 4804 3382 4847; x_wconf 89' lang='lat' dir='ltr'><strong>annorum</strong></span> 
     </span>
    </p>
   </div>
   <div class='ocr_carea' id='block_1_92' title="bbox 1809 4857 3382 4930">
    <p class='ocr_par' dir='ltr' id='par_1_92' title="bbox 1809 4857 3382 4930">
     <span class='ocr_line' id='line_1_93' title="bbox 1809 4857 3382 4930; baseline 0.002 -17"><span class='ocrx_word' id='word_1_818' title='bbox 1809 4869 2019 4930; x_wconf 80' lang='lat' dir='ltr'><strong>aetatem</strong></span> <span class='ocrx_word' id='word_1_819' title='bbox 2051 4860 2354 4928; x_wconf 89' lang='lat' dir='ltr'><strong>requirunt,</strong></span> <span class='ocrx_word' id='word_1_820' title='bbox 2396 4859 2741 4929; x_wconf 86' lang='lat' dir='ltr'><strong>rationesque</strong></span> <span class='ocrx_word' id='word_1_821' title='bbox 2776 4858 3007 4913; x_wconf 87' lang='lat' dir='ltr'><strong>reddunt</strong></span> <span class='ocrx_word' id='word_1_822' title='bbox 3045 4857 3203 4927; x_wconf 89' lang='lat' dir='ltr'><strong>duas,</strong></span> <span class='ocrx_word' id='word_1_823' title='bbox 3234 4863 3382 4930; x_wconf 86' lang='lat' dir='ltr'><strong>quod</strong></span> 
     </span>
    </p>
   </div>
   <div class='ocr_carea' id='block_1_93' title="bbox 1810 4928 3378 4999">
    <p class='ocr_par' dir='ltr' id='par_1_93' title="bbox 1810 4928 3378 4999">
     <span class='ocr_line' id='line_1_94' title="bbox 1810 4928 3378 4999; baseline 0.001 -17"><span class='ocrx_word' id='word_1_824' title='bbox 1810 4930 1926 4999; x_wconf 83' lang='lat' dir='ltr'><strong>ipse</strong></span> <span class='ocrx_word' id='word_1_825' title='bbox 1951 4928 2208 4983; x_wconf 88' lang='lat' dir='ltr'><strong>Servator</strong></span> <span class='ocrx_word' id='word_1_826' title='bbox 2231 4940 2417 4984; x_wconf 87' lang='lat' dir='ltr'><strong>noster</strong></span> <span class='ocrx_word' id='word_1_827' title='bbox 2442 4930 2639 4984; x_wconf 88' lang='lat' dir='ltr'><strong>docere</strong></span> <span class='ocrx_word' id='word_1_828' title='bbox 2660 4928 2780 4983; x_wconf 87' lang='lat' dir='ltr'><strong>non</strong></span> <span class='ocrx_word' id='word_1_829' title='bbox 2810 4930 3039 4999; x_wconf 63' lang='lat' dir='ltr'><strong>creperit</strong></span> <span class='ocrx_word' id='word_1_830' title='bbox 3066 4939 3192 4999; x_wconf 81' lang='lat' dir='ltr'><strong>ante</strong></span> <span class='ocrx_word' id='word_1_831' title='bbox 3214 4928 3378 4999; x_wconf 84' lang='lat' dir='ltr'><strong>quam</strong></span> 
     </span>
    </p>
   </div>
   <div class='ocr_carea' id='block_1_94' title="bbox 1810 4998 3379 5070">
    <p class='ocr_par' dir='ltr' id='par_1_94' title="bbox 1810 4998 3379 5070">
     <span class='ocr_line' id='line_1_95' title="bbox 1810 4998 3379 5070; baseline 0.002 -18"><span class='ocrx_word' id='word_1_832' title='bbox 1810 4998 1971 5054; x_wconf 86' lang='lat' dir='ltr'><strong>natus</strong></span> <span class='ocrx_word' id='word_1_833' title='bbox 1997 5009 2142 5070; x_wconf 88' lang='lat' dir='ltr'><strong>esset</strong></span> <span class='ocrx_word' id='word_1_834' title='bbox 2164 4998 2381 5070; x_wconf 78' lang='lat' dir='ltr'><strong>triginta</strong></span> <span class='ocrx_word' id='word_1_835' title='bbox 2406 5014 2599 5065; x_wconf 88' lang='lat' dir='ltr'><strong>annos,</strong></span> <span class='ocrx_word' id='word_1_836' title='bbox 2620 5009 2674 5054; x_wconf 88' lang='lat' dir='ltr'><strong>et</strong></span> <span class='ocrx_word' id='word_1_837' title='bbox 2710 4998 2864 5070; x_wconf 85' lang='lat' dir='ltr'><strong>quod</strong></span> <span class='ocrx_word' id='word_1_838' title='bbox 2889 5000 3001 5070; x_wconf 73' lang='lat' dir='ltr'><strong>haec</strong></span> <span class='ocrx_word' id='word_1_839' title='bbox 3028 4998 3129 5051; x_wconf 87' lang='lat' dir='ltr'><strong>viri</strong></span> <span class='ocrx_word' id='word_1_840' title='bbox 3155 4998 3379 5067; x_wconf 81' lang='lat' dir='ltr'><strong>perfecti</strong></span> 
     </span>
    </p>
   </div>
   <div class='ocr_carea' id='block_1_95' title="bbox 1805 5067 3375 5140">
    <p class='ocr_par' dir='ltr' id='par_1_95' title="bbox 1805 5067 3375 5140">
     <span class='ocr_line' id='line_1_96' title="bbox 1805 5067 3375 5140; baseline 0.001 -17"><span class='ocrx_word' id='word_1_841' title='bbox 1805 5081 1938 5125; x_wconf 69' lang='lat' dir='ltr'><strong>tetas</strong></span> <span class='ocrx_word' id='word_1_842' title='bbox 1966 5071 2057 5124; x_wconf 91' lang='lat' dir='ltr'><strong>sit.</strong></span> <span class='ocrx_word' id='word_1_843' title='bbox 2085 5067 2254 5123; x_wconf 69' lang='lat' dir='ltr'><strong>Conf.</strong></span> <span class='ocrx_word' id='word_1_844' title='bbox 2280 5068 2643 5140; x_wconf 76' lang='lat' dir='ltr'><strong>Binghamuni</strong></span> <span class='ocrx_word' id='word_1_845' title='bbox 2679 5067 2738 5123; x_wconf 83' lang='lat' dir='ltr'><strong>in</strong></span> <span class='ocrx_word' id='word_1_846' title='bbox 2772 5067 3074 5136; x_wconf 71' lang='lat' dir='ltr'><strong>Originibus</strong></span> <span class='ocrx_word' id='word_1_847' title='bbox 3115 5082 3252 5121; x_wconf 79' lang='lat' dir='ltr'><strong>sacr.</strong></span> <span class='ocrx_word' id='word_1_848' title='bbox 3280 5071 3375 5125; x_wconf 89' lang='lat' dir='ltr'><strong>lib.</strong></span> 
     </span>
    </p>
   </div>
   <div class='ocr_carea' id='block_1_96' title="bbox 1808 5139 2713 5211">
    <p class='ocr_par' dir='ltr' id='par_1_96' title="bbox 1808 5139 2713 5211">
     <span class='ocr_line' id='line_1_97' title="bbox 1808 5139 2713 5211; baseline -0.001 -17"><span class='ocrx_word' id='word_1_849' title='bbox 1808 5156 1865 5207; x_wconf 90' lang='lat' dir='ltr'><strong>ll,</strong></span> <span class='ocrx_word' id='word_1_850' title='bbox 1891 5157 2011 5209; x_wconf 86' lang='lat' dir='ltr'><strong>cap.</strong></span> <span class='ocrx_word' id='word_1_851' title='bbox 2039 5141 2126 5204; x_wconf 74' lang='lat'><strong>10,</strong></span> <span class='ocrx_word' id='word_1_852' title='bbox 2152 5141 2256 5193; x_wconf 90' lang='lat' dir='ltr'><strong>vol.</strong></span> <span class='ocrx_word' id='word_1_853' title='bbox 2285 5139 2324 5204; x_wconf 92' lang='lat' dir='ltr'><strong>l,</strong></span> <span class='ocrx_word' id='word_1_854' title='bbox 2350 5139 2469 5211; x_wconf 73' lang='lat' dir='ltr'><strong>pag.</strong></span> <span class='ocrx_word' id='word_1_855' title='bbox 2500 5141 2601 5194; x_wconf 71' lang='lat' dir='ltr'><strong>H2</strong></span> <span class='ocrx_word' id='word_1_856' title='bbox 2630 5157 2713 5210; x_wconf 89' lang='lat' dir='ltr'><strong>sq.</strong></span> 
     </span>
    </p>
   </div>
   <div class='ocr_carea' id='block_1_97' title="bbox 1880 5208 3373 5281">
    <p class='ocr_par' dir='ltr' id='par_1_97' title="bbox 1880 5208 3373 5281">
     <span class='ocr_line' id='line_1_98' title="bbox 1880 5208 3373 5281; baseline 0.001 -17"><span class='ocrx_word' id='word_1_857' title='bbox 1880 5208 1994 5281; x_wconf 79' lang='lat' dir='ltr'><strong>(5U)</strong></span> <span class='ocrx_word' id='word_1_858' title='bbox 2033 5210 2184 5275; x_wconf 81' lang='lat' dir='ltr'><strong>Quos</strong></span> <span class='ocrx_word' id='word_1_859' title='bbox 2236 5208 2399 5279; x_wconf 81' lang='lat' dir='ltr'><strong>supra</strong></span> <span class='ocrx_word' id='word_1_860' title='bbox 2423 5208 2470 5280; x_wconf 59' lang='grc' dir='ltr'><strong>’ᾗ</strong></span> <span class='ocrx_word' id='word_1_861' title='bbox 2515 5212 2549 5265; x_wconf 78' lang='grc'><strong>5</strong></span> <span class='ocrx_word' id='word_1_862' title='bbox 2592 5208 2995 5265; x_wconf 81' lang='lat' dir='ltr'><strong>nominavimus</strong></span> <span class='ocrx_word' id='word_1_863' title='bbox 3036 5225 3103 5263; x_wconf 77' lang='lat' dir='ltr'><strong>ex</strong></span> <span class='ocrx_word' id='word_1_864' title='bbox 3152 5208 3373 5281; x_wconf 76' lang='lat' dir='ltr'><strong>Hieron.</strong></span> 
     </span>
    </p>
   </div>
   <div class='ocr_carea' id='block_1_98' title="bbox 1811 5280 3379 5351">
    <p class='ocr_par' dir='ltr' id='par_1_98' title="bbox 1811 5280 3379 5351">
     <span class='ocr_line' id='line_1_99' title="bbox 1811 5280 3379 5351; baseline 0.001 -16"><span class='ocrx_word' id='word_1_865' title='bbox 1811 5282 1968 5351; x_wconf 77' lang='lat' dir='ltr'><strong>epist.</strong></span> <span class='ocrx_word' id='word_1_866' title='bbox 2004 5281 2104 5344; x_wconf 81' lang='lat'><strong>85;</strong></span> <span class='ocrx_word' id='word_1_867' title='bbox 2140 5281 2338 5334; x_wconf 75' lang='lat' dir='ltr'><strong>Euseb.</strong></span> <span class='ocrx_word' id='word_1_868' title='bbox 2380 5280 2526 5336; x_wconf 80' lang='lat' dir='ltr'><strong>Ilist.</strong></span> <span class='ocrx_word' id='word_1_869' title='bbox 2557 5282 2740 5334; x_wconf 76' lang='lat' dir='ltr'><strong>eccles.</strong></span> <span class='ocrx_word' id='word_1_870' title='bbox 2770 5281 2861 5334; x_wconf 91' lang='lat' dir='ltr'><strong>lib.</strong></span> <span class='ocrx_word' id='word_1_871' title='bbox 2896 5295 2968 5347; x_wconf 86' lang='lat' dir='ltr'><strong>iv,</strong></span> <span class='ocrx_word' id='word_1_872' title='bbox 2998 5296 3115 5341; x_wconf 85' lang='lat' dir='ltr'><strong>cap.</strong></span> <span class='ocrx_word' id='word_1_873' title='bbox 3159 5280 3252 5347; x_wconf 80' lang='lat' dir='ltr'><strong>i9;</strong></span> <span class='ocrx_word' id='word_1_874' title='bbox 3283 5280 3379 5337; x_wconf 83' lang='lat' dir='ltr'><strong>Ni-</strong></span> 
     </span>
    </p>
   </div>
   <div class='ocr_carea' id='block_1_99' title="bbox 1808 5352 2493 5421">
    <p class='ocr_par' dir='ltr' id='par_1_99' title="bbox 1808 5352 2493 5421">
     <span class='ocr_line' id='line_1_100' title="bbox 1808 5352 2493 5421; baseline -0.004 -15"><span class='ocrx_word' id='word_1_875' title='bbox 1808 5353 2045 5421; x_wconf 82' lang='lat' dir='ltr'><strong>ccphnro</strong></span> <span class='ocrx_word' id='word_1_876' title='bbox 2070 5352 2163 5404; x_wconf 90' lang='lat' dir='ltr'><strong>lib.</strong></span> <span class='ocrx_word' id='word_1_877' title='bbox 2185 5367 2257 5415; x_wconf 85' lang='lat' dir='ltr'><strong>iv,</strong></span> <span class='ocrx_word' id='word_1_878' title='bbox 2287 5366 2407 5419; x_wconf 88' lang='lat' dir='ltr'><strong>cap.</strong></span> <span class='ocrx_word' id='word_1_879' title='bbox 2441 5352 2493 5405; x_wconf 91' lang='lat'><strong>9.</strong></span> 
     </span>
    </p>
   </div>
   <div class='ocr_carea' id='block_1_100' title="bbox 1883 5414 3373 5492">
    <p class='ocr_par' dir='ltr' id='par_1_100' title="bbox 1883 5414 3373 5492">
     <span class='ocr_line' id='line_1_101' title="bbox 1883 5414 3373 5492; baseline 0.002 -17"><span class='ocrx_word' id='word_1_880' title='bbox 1883 5414 1994 5492; x_wconf 69' lang='grc'><strong>(51)</strong></span> <span class='ocrx_word' id='word_1_881' title='bbox 2026 5420 2103 5475; x_wconf 83' lang='lat' dir='ltr'><strong>Ita</strong></span> <span class='ocrx_word' id='word_1_882' title='bbox 2132 5414 2457 5492; x_wconf 47' lang='lat' dir='ltr'><strong>vocatur—ab</strong></span> <span class='ocrx_word' id='word_1_883' title='bbox 2487 5420 2776 5492; x_wconf 57' lang='lat' dir='ltr'><strong>Augustin.</strong></span> <span class='ocrx_word' id='word_1_884' title='bbox 2816 5424 2998 5472; x_wconf 88' lang='lat' dir='ltr'><strong>contra</strong></span> <span class='ocrx_word' id='word_1_885' title='bbox 3023 5414 3229 5472; x_wconf 77' lang='lat' dir='ltr'><strong>Julian.</strong></span> <span class='ocrx_word' id='word_1_886' title='bbox 3277 5421 3373 5478; x_wconf 92' lang='lat' dir='ltr'><strong>lib.</strong></span> 
     </span>
    </p>
   </div>
   <div class='ocr_carea' id='block_1_101' title="bbox 1808 5489 3376 5562">
    <p class='ocr_par' dir='ltr' id='par_1_101' title="bbox 1808 5489 3376 5562">
     <span class='ocr_line' id='line_1_102' title="bbox 1808 5489 3376 5562; baseline 0.003 -16"><span class='ocrx_word' id='word_1_887' title='bbox 1808 5509 1849 5559; x_wconf 84' lang='grc' dir='ltr'>ι,</span> <span class='ocrx_word' id='word_1_888' title='bbox 1884 5489 2002 5562; x_wconf 68' lang='lat' dir='ltr'><strong>Cap.</strong></span> <span class='ocrx_word' id='word_1_889' title='bbox 2032 5491 2106 5562; x_wconf 18' lang='lat'><strong>75;</strong></span> <span class='ocrx_word' id='word_1_890' title='bbox 2152 5490 2359 5562; x_wconf 14' lang='lat' dir='ltr'><strong>Basilio,</strong></span> <span class='ocrx_word' id='word_1_891' title='bbox 2375 5489 2451 5543; x_wconf 83' lang='lat' dir='ltr'><strong>De</strong></span> <span class='ocrx_word' id='word_1_892' title='bbox 2476 5490 2677 5558; x_wconf 78' lang='lat' dir='ltr'><strong>Spiritu</strong></span> <span class='ocrx_word' id='word_1_893' title='bbox 2708 5500 2889 5543; x_wconf 86' lang='lat' dir='ltr'><strong>sancto</strong></span> <span class='ocrx_word' id='word_1_894' title='bbox 2915 5506 3033 5561; x_wconf 82' lang='lat' dir='ltr'><strong>cap.</strong></span> <span class='ocrx_word' id='word_1_895' title='bbox 3063 5492 3153 5560; x_wconf 74' lang='lat'><strong>9.9,</strong></span> <span class='ocrx_word' id='word_1_896' title='bbox 3177 5492 3376 5550; x_wconf 83' lang='lat' dir='ltr'><strong>cilante</strong></span> 
     </span>
    </p>
   </div>
   <div class='ocr_carea' id='block_1_102' title="bbox 1808 5560 2547 5617">
    <p class='ocr_par' dir='ltr' id='par_1_102' title="bbox 1808 5560 2547 5617">
     <span class='ocr_line' id='line_1_103' title="bbox 1808 5560 2547 5617; baseline -0.003 0"><span class='ocrx_word' id='word_1_897' title='bbox 1808 5560 1986 5617; x_wconf 63' lang='lat' dir='ltr'><strong>eam</strong></span> <span class='ocrx_word' id='word_1_898' title='bbox 2014 5561 2161 5617; x_wconf 79' lang='lat' dir='ltr'><strong>Hist.</strong></span> <span class='ocrx_word' id='word_1_899' title='bbox 2195 5561 2301 5614; x_wconf 87' lang='lat' dir='ltr'><strong>litt.</strong></span> <span class='ocrx_word' id='word_1_900' title='bbox 2340 5560 2434 5616; x_wconf 81' lang='lat' dir='ltr'><strong>lol.</strong></span> <span class='ocrx_word' id='word_1_901' title='bbox 2458 5562 2547 5615; x_wconf 75' lang='lat'><strong>39.</strong></span> 
     </span>
    </p>
   </div>
   <div class='ocr_carea' id='block_1_103' title="bbox 1882 5630 2895 5704">
    <p class='ocr_par' dir='ltr' id='par_1_103' title="bbox 1882 5630 2895 5704">
     <span class='ocr_line' id='line_1_104' title="bbox 1882 5630 2895 5704; baseline 0.001 -19"><span class='ocrx_word' id='word_1_902' title='bbox 1882 5633 1993 5704; x_wconf 74' lang='lat'><strong>(39.)</strong></span> <span class='ocrx_word' id='word_1_903' title='bbox 2023 5632 2167 5687; x_wconf 84' lang='lat' dir='ltr'><strong>llist.</strong></span> <span class='ocrx_word' id='word_1_904' title='bbox 2200 5632 2382 5704; x_wconf 79' lang='lat' dir='ltr'><strong>eccles.</strong></span> <span class='ocrx_word' id='word_1_905' title='bbox 2546 5647 2619 5694; x_wconf 85' lang='lat' dir='ltr'><strong>tv,</strong></span> <span class='ocrx_word' id='word_1_906' title='bbox 2651 5646 2769 5699; x_wconf 78' lang='lat' dir='ltr'><strong>cap.</strong></span> <span class='ocrx_word' id='word_1_907' title='bbox 2799 5630 2895 5704; x_wconf 29' lang='lat'><strong>‘10.</strong></span> 
     </span>
    </p>
   </div>
   <div class='ocr_carea' id='block_1_104' title="bbox 1882 5701 2878 5776">
    <p class='ocr_par' dir='ltr' id='par_1_104' title="bbox 1882 5701 2878 5776">
     <span class='ocr_line' id='line_1_105' title="bbox 1882 5701 2878 5776; baseline -0.001 -19"><span class='ocrx_word' id='word_1_908' title='bbox 1882 5701 1993 5776; x_wconf 74' lang='lat'><strong>(33)</strong></span> <span class='ocrx_word' id='word_1_909' title='bbox 2021 5704 2165 5758; x_wconf 76' lang='lat' dir='ltr'><strong>llist.</strong></span> <span class='ocrx_word' id='word_1_910' title='bbox 2199 5702 2379 5758; x_wconf 81' lang='lat' dir='ltr'><strong>eccles.</strong></span> <span class='ocrx_word' id='word_1_911' title='bbox 2415 5702 2491 5758; x_wconf 80' lang='lat' dir='ltr'><strong>lib</strong></span> <span class='ocrx_word' id='word_1_912' title='bbox 2535 5719 2607 5767; x_wconf 87' lang='lat' dir='ltr'><strong>IV,</strong></span> <span class='ocrx_word' id='word_1_913' title='bbox 2643 5718 2760 5772; x_wconf 75' lang='lat' dir='ltr'><strong>cup.</strong></span> <span class='ocrx_word' id='word_1_914' title='bbox 2788 5701 2878 5756; x_wconf 75' lang='lat'><strong>‘26.</strong></span> 
     </span>
    </p>
   </div>
  </div>
