3732 6330
450 312 585 370 H79
1501 308 1559 364 S.
1597 287 1873 365 ΜΕιιΤσ
1896 307 2205 366 SARDIUM
2239 306 2637 366 EPISCOPUS.
2724 328 2727 331 '
3574 306 3667 360 im

524 427 804 484 Nebemire
830 436 885 484 et
916 427 1167 483 Estheris
1192 426 1315 481 libri
1354 427 1427 485 ibi
1460 426 1859 486 desiderantur.
1892 428 2097 486 Verum
2133 430 2225 486 ille
2255 429 2565 486 continetur
2605 427 2708 484 sub
2741 425 2928 483 Esdras
2966 426 3235 492 nomine,
3255 422 3422 496 quod
3459 422 3663 475 familiar:

444 522 688 591 antiquis
719 520 888 576 fuisse
919 531 1187 576 monstrat
1217 536 1428 577 summe
1454 522 1782 577 venerabilis
1806 522 2147 593 Carpzovius
2176 522 2324 593 (34):
2359 522 2447 576 hic
2476 536 2607 575 vero
2637 520 2782 576 etab
2808 521 2931 575 aliis
2953 530 3039 574 est
3064 518 3355 581 omissus,
3387 531 3445 570 v.
3475 531 3527 569 c.
3552 518 3666 567 Atha-

444 618 602 671 nasio
628 617 763 686 (55),
791 615 1054 687 Gregorio
1081 614 1426 671 Nazianzeuo
1458 615 1594 687 (56),
1623 626 1678 672 et
1706 616 1936 672 Leontio
1960 618 2095 688 (57).
2138 614 2312 685 Hujus
2343 616 2419 671 rei
2450 630 2674 671 causam
2711 615 2937 684 conjit-it
2968 614 3163 669 Sixtus
3198 612 3491 668 Senensis
3522 612 3666 679 (381a.

442 709 835 775 additamenta,
892 709 924 761 7
970 717 1244 778 postrema
1305 708 1489 778 capita
1541 709 1900 773 absolventia,
1941 726 2063 780 quas
2119 725 2375 780 magnam
2407 718 2617 779 partem
2652 726 2719 765 ex
2775 708 2998 778 Josephi
3026 710 3124 762 lib.
3197 723 3258 760 χι
3322 707 3669 775 Antiatium

441 801 794 856 Iudaicarum
846 801 915 856 ab
944 801 1150 857 incerto
1205 810 1336 855 sunt
1387 801 1600 869 addita,
1658 812 1713 857 et
1755 818 1786 857 e
1836 800 2041 858 Gmcis
2084 802 2369 859 codicibus
2412 802 2466 856 in
2512 800 2803 871 Vulgatam
2850 800 3137 864 translata,
3199 797 3548 853 auctoritate
3584 813 3671 850 ca-

440 895 551 952 cilii
606 893 930 960 Tridentini,
970 895 1040 949 ad
1084 910 1351 950 canonem
1397 894 1558 949 hodie
1599 910 1823 965 quoque
1862 894 2208 962 referuntur;
2236 896 2358 951 ideo
2404 912 2435 950 a
2473 895 2727 951 Melitone
2749 903 2803 951 et
2824 894 2984 966 Greg.
3022 893 3307 949 Nazianz.

440 987 639 1042 librum
672 986 1025 1057 praateritum,
1055 987 1123 1042 ab
1151 987 1451 1042 Athanasio
1480 1002 1609 1041 vero
1645 996 1907 1057 tanquam
1943 988 2189 1057 spurium
2218 1003 2249 1041 e
2272 988 2521 1059 catalogo
2550 1002 2834 1043 sacrorum
2856 988 3087 1056 ejectum
3122 985 3355 1041 fuisse-
3376 983 3512 1037 Mihi
3539 995 3675 1036 tam

438 1076 614 1146 magis
643 1076 925 1145 probabile
956 1075 1191 1140 videtur,
1220 1089 1344 1129 eum
1393 1075 1604 1131 incuria
1652 1074 1865 1129 librarii
1900 1076 2168 1131 omissum
2203 1075 2400 1143 fuisse,
2432 1076 2547 1132 sive
2584 1078 2729 1146 quod
2780 1075 3085 1142 festinaret,
3122 1078 3252 1133 sive
3290 1076 3458 1146 quod
3492 1074 3675 1130 ,ωδ

438 1167 722 1223 nominum
767 1164 972 1221 Esdras
1018 1175 1073 1221 et
1107 1162 1305 1221 Esther
1350 1166 1561 1231 fecerit,
1596 1177 1657 1222 ut
1697 1175 1993 1237 utrumque
2030 1183 2131 1239 pro
2163 1168 2351 1223 eodem
2383 1168 2656 1224 habuerit.
2692 1169 2872 1224 Melito
2904 1170 3050 1225 enim
3082 1171 3242 1224 hunc
3281 1170 3536 1223 indicem
3562 1168 3676 1222 ale-

436 1259 571 1316 dreis
599 1258 846 1328 accepit;
877 1257 930 1310 hi
955 1273 1084 1313 vero
1109 1257 1408 1313 canonicos
1442 1259 1611 1315 libros
1644 1258 1705 1315 V.
1734 1258 1798 1315 Τ.
1833 1258 2020 1327 viginti
2074 1268 2129 1313 et
2171 1259 2313 1313 duos
2349 1268 2732 1323 numerarunt,
2764 1260 2843 1315 uti
2875 1269 3023 1330 patet
3060 1276 3124 1315 ex
3160 1259 3416 1329 Josephi
3454 1259 3675 1314 librat-aa

438 1352 505 1405 γ.
541 1349 605 1405 Τ.
636 1350 1029 1405 canonicorum
1061 1350 1311 1419 catalogo
1341 1350 1478 1418 (39),
1509 1366 1669 1419 quem
1703 1351 1868 1406 etiam
1897 1350 2029 1405 citat
2056 1349 2325 1406 Eusebius
2356 1350 2494 1420 (40),
2522 1351 2797 1421 huiusque
2822 1353 2900 1407 rei
2924 1368 3154 1407 causam
3177 1353 3360 1407 nobis
3394 1354 3567 1421 aperit
3590 1351 3675 1404 Ori-

436 1459 601 1508 genes
633 1441 744 1513 (41)
778 1442 853 1496 ita
886 1441 1167 1498 scribens:
1201 1460 1220 1493 ι
1254 1441 1325 1497 Ut
1353 1442 1567 1499 duabus
1615 1452 1669 1497 et
1708 1443 1899 1513 viginti
1943 1443 2138 1498 litteris
2170 1441 2534 1503 rHebrazorum
2570 1444 2900 1499 introductio
2929 1445 2996 1499 ad
3022 1446 3379 1514 sapientiam
3411 1444 3501 1498 his
3532 1442 3679 1497 formis

436 1535 701 1605 impressa
734 1536 1047 1591 hominibus
1077 1550 1199 1591 esse
1239 1536 1472 1603 videtur,
1500 1538 1580 1593 sic
1605 1539 1672 1595 ad
1696 1538 2022 1608 sapientiam
2046 1536 2138 1591 Dei
2169 1547 2223 1591 et
2246 1553 2430 1594 rerum
2458 1538 2769 1593 divinarum
2798 1538 3043 1593 notitiam
3074 1538 3527 1593 fundamentum
3556 1546 3677 1603 atque

436 1627 766 1683 introductio
794 1638 923 1683 sunt
954 1628 1079 1683 libri
1113 1627 1412 1699 Scriptum
1440 1631 1549 1687 duo
1581 1640 1636 1688 et
1664 1632 1881 1703 viginti.
1908 1650 1927 1684 ι
1970 1630 2235 1686 Eumdem
2272 1632 2457 1703 itaque
2496 1647 2785 1687 numerum
2822 1618 2876 1685 et
2907 1630 3093 1686 Melite
3117 1633 3292 1701 sequi
3333 1631 3551 1686 debuit.
3576 1630 3673 1684 Cea

435 1727 619 1773 autem
660 1736 802 1774 unus
832 1729 885 1774 et
909 1720 1097 1789 viginti
1129 1722 1254 1775 libri
1300 1730 1510 1778 tantum
1560 1725 1614 1779 in
1663 1725 1986 1780 recensione.
2025 1724 2144 1795 ejus
2176 1735 2470 1794 ponantur,
2504 1742 2742 1795 cumque
2773 1726 2827 1781 in
2860 1722 3178 1780 Iudaeorum
3224 1727 3427 1781 indice
3460 1725 3675 1779 Esau-2a

435 1806 630 1864 Esther
668 1812 792 1867 libri
835 1812 1147 1867 immediate
1200 1829 1320 1870 sese
1350 1817 1646 1886 excipiant,
1672 1817 1746 1871 ita
1776 1826 1835 1872 ut
1858 1817 2030 1872 errori
2054 1817 2109 1871 in
2135 1817 2495 1873 describendo
2517 1817 2773 1872 facillime
2794 1818 2947 1871 iocus
2974 1832 3097 1872 esse
3126 1817 3418 1887 potuerit,
3440 1812 3677 1885 probabile

432 1901 730 1956 admodum
755 1913 858 1969 est,
891 1904 1038 1961 hunc
1061 1905 1259 1961 librum
1294 1908 1505 1963 incuria
1530 1916 1741 1962 tantum
1769 1908 2073 1963 scribarum
2099 1922 2165 1962 ex
2192 1908 2443 1979 catalogo
2462 1907 2735 1963 Melitonis
2756 1906 3044 1961 excidisse.
3072 1905 3318 1978 Egregie
3344 1916 3533 1960 autem
3558 1923 3673 1975 pror-

434 2011 530 2051 sus
554 1996 655 2051 hac
684 2012 781 2051 sua
810 2013 972 2067 opera
1006 1999 1073 2054 de
1118 1998 1362 2055 Ecclesia
1412 2002 1664 2056 universa
1692 2001 1894 2055 meruit
1919 2001 2212 2070 episcopus
2257 2008 2481 2067 noster,
2516 2008 2577 2055 ut
2608 2009 2733 2070 pote
2760 2002 2855 2072 qui
2914 2000 3128 2072 primus
3192 2002 3356 2054 inter
3422 1999 3675 2069 scriptam

432 2089 775 2145 Christianos
795 2130 810 2155 ,
842 2092 1320 2147 accuratissimum
1349 2090 1415 2146 ν.
1444 2092 1510 2149 Τ.
1535 2110 1798 2149 canonem
1829 2092 2038 2148 dederit
2065 2091 2202 2163 (42).

500 2179 580 2234 Ex
635 2182 727 2236 illo
783 2191 963 2237 autem
1008 2199 1222 2239 canone
1272 2185 1417 2239 male
1466 2187 1915 2251 concluderetur,
1972 2184 2030 2240 S.
2086 2185 2396 2241 Melitonem
2463 2182 2754 2254 Sapientia
2794 2183 2992 2238 librum
3047 2183 3197 2239 inter
3250 2186 3563 2239 canonicos
3600 2182 3674 2236 Ye-

428 2271 561 2326 teris
628 2271 958 2327 Testamenti
1041 2274 1400 2332 recensuisse.
1484 2275 1621 2331 Eum
1690 2278 1839 2333 enim
1938 2291 2036 2347 per
2084 2276 2453 2346 Sapientiam,
2525 2292 2689 2347 quam
2767 2274 3080 2330 Proverbiis
3159 2274 3505 2331 Salomonis
3574 2276 3671 2330 sab-

421 2361 603 2432 jungit
631 2403 647 2429 ,
708 2378 818 2418 non
877 2365 1209 2422 intellexisse
1278 2368 1476 2422 llbrum
1532 2368 1849 2439 Sapientia},
1916 2369 2109 2425 Grzeco
2140 2369 2401 2424 idiomate
2432 2369 2500 2423 ab
2530 2369 2739 2422 incerto
2767 2377 2989 2423 auctore
3017 2369 3439 2436 compositum,
3476 2368 3561 2422 sed
3590 2367 3670 2435 ipsa

427 2453 721 2511 Proverbia
755 2456 1090 2527 Salomonis,
1113 2462 1468 2532 sequentibus
1504 2464 1753 2519 evineam
1785 2465 2109 2520 rationibus.
2140 2463 2327 2518 Primo
2358 2463 2593 2534 genuina
2624 2464 2783 2517 lectio
2810 2463 3118 2518 adhibenda
3150 2472 3266 2529 est,
3305 2480 3441 2534 qua:
3473 2478 3573 2517 non
3602 2462 3670 2513 h-

428 2545 540 2612 bet,
573 2550 653 2602 uti
683 2550 949 2607 editiones
977 2555 1251 2609 nonnulla:
1275 2555 1491 2609 Eusebii
1522 2558 1741 2627 legunt:
1773 2560 1979 2629 Παροιμ

2122 2558 2196 2611 ia).
2224 2557 2259 2627 ἡ
2295 2556 2483 2625 Σοφία,
2515 2556 2609 2611 sed
2645 2564 2703 2610 ut
2740 2571 2805 2610 ex
2837 2556 2941 2610 fide
2968 2557 3578 2626 praestantissimorum
3598 2566 3669 2604 co-

421 2641 606 2695 dicum
641 2657 672 2695 a
705 2639 924 2697 Valesio
956 2642 1165 2714 (45-44)
1197 2642 1500 2697 restituitur
1534 2662 1546 2697 :
1583 2644 1880 2716 Παροιμίαι
1911 2645 1967 2699 αἳ

2122 2645 2303 2715 Σοφία,
2329 2646 2402 2701 ita
2425 2653 2486 2700 ut
2510 2643 2802 2702 Proverbia
2837 2642 3148 2699 Salomonis
3179 2657 3287 2711 per
3307 2642 3677 2712 appositiondl

421 2740 834 2810 grammaticam
866 2738 1143 2809 Sapientia
1164 2754 1383 2810 quoque
1404 2751 1684 2795 vocentur.
1714 2739 1917 2795 Deinde
1939 2741 2035 2794 toti
2058 2741 2407 2809 antiquorum
2434 2738 2602 2793 choro
2629 2736 2895 2790 familiare
2918 2735 3041 2800 fuit,
3068 2734 3380 2791 Proverbia
3410 2735 3676 2790 Salamis

424 2832 757 2903 Sapientiam
794 2848 1011 2898 vocare,
1046 2843 1181 2889 teste
1208 2834 1444 2890 Eusebio
1468 2834 1577 2905 (45)
1607 2844 1659 2889 et
1682 2833 1987 2890 Lombardo
2016 2835 2153 2905 (46),
2178 2834 2271 2905 qui
2308 2833 2495 2888 multis
2524 2841 2645 2903 post
2672 2831 2948 2887 Christum
2978 2831 3192 2886 saeculis
3220 2832 3401 2886 titulo
3433 2828 3677 2900 Sapienti:

422 2924 715 2979 Proverbia
747 2924 949 2980 citavit.
985 2922 1139 2980 Unde
1173 2926 1338 2980 etiam
1388 2925 1617 2996 ipsemet
1651 2924 1901 2980 Valesius
1944 2937 2139 3009 contra.
2183 2925 2397 2981 sodales
2433 2923 2699 2995 agnoscit,
2733 2922 3042 2977 Melitonem
3079 2938 3172 2991 per
3194 2921 3556 2993 Sapientiam
3580 2919 3677 2973 Pro-

420 3017 605 3072 verbia
636 3018 737 3073 hoc
769 3018 889 3073 loco
921 3017 1257 3088 iudigitasse.
1290 3016 1461 3073 Porro
1488 3033 1728 3089 provoco
1760 3016 1826 3073 ad
1862 3016 2061 3072 Bullini
2092 3018 2423 3085 versionem,
2454 3016 2547 3087 qui
2593 3017 2667 3071 ita
2702 3014 2978 3071 transtulit
3013 3032 3028 3068 :
3056 3033 3074 3064 ι
3120 3013 3458 3070 Salomonis
3486 3015 3677 3069 Prover-

420 3115 532 3180 bia,
567 3132 687 3185 qua}
721 3125 775 3170 et
804 3114 1105 3186 Sapientia.
1144 3133 1163 3166 ι
1194 3112 1260 3167 Ει
1294 3122 1355 3168 ut
1398 3113 1617 3169 tandem
1664 3114 1881 3184 penitus
1912 3129 2028 3169 rem
2065 3112 2381 3177 conﬁciam,
2415 3127 2746 3182 omnemque
2786 3109 3102 3181 scrupulum
3131 3109 3417 3168 eximam,
3454 3124 3524 3163 ex
3546 3109 3681 3178 ipsias

422 3206 698 3263 Melitonis
728 3208 890 3274 libro,
913 3225 1074 3280 quem
1107 3209 1311 3265 Clavim
1342 3210 1578 3273 vocavit,
1609 3209 1834 3265 alleram
1862 3210 2066 3276 locum,
2103 3211 2157 3265 in
2183 3226 2294 3281 quo
2320 3225 2386 3265 ex
2420 3208 2709 3279 Sapientiae
2740 3208 2877 3261 libro
2901 3205 3085 3260 citavit
3112 3203 3282 3257 verba
3312 3203 3376 3257 in
3407 3202 3677 3257 Proverbiis

422 3297 760 3367 reperienda.
798 3298 896 3354 Est
920 3316 1158 3372 namque
1192 3302 1490 3371 pretiosum
1524 3301 1690 3357 hocce
1730 3302 2074 3372 antiquitatis
2097 3311 2513 3357 monumentum
2542 3302 2677 3371 (47),
2710 3300 2853 3370 quod
2882 3297 3087 3351 Clavim
3114 3295 3359 3357 vocavit,
3402 3308 3569 3365 penes
3596 3308 3687 3355 me,

421 3402 488 3444 ex
528 3389 733 3459 duplici
768 3390 956 3447 codice
992 3391 1245 3448 Parisino
1287 3391 1643 3460 descriptum,
1686 3391 1870 3460 ibique
1910 3398 1964 3446 in
1999 3393 2106 3448 isto
2156 3390 2357 3460 capite,
2396 3389 2542 3456 quod
2587 3387 2665 3443 De
2693 3389 2852 3443 variis
2886 3385 3235 3451 wdiﬁciorum
3270 3385 3555 3437 vocabulis
3576 3385 3679 3449 agit,

432 3482 500 3531 ad
533 3492 721 3532 vocem
754 3476 954 3532 Domus
992 3486 1310 3547 sequentem
1346 3478 1529 3532 inveni
1557 3477 2017 3544 explicationem:
2060 3496 2078 3530 ι
2111 3476 2335 3543 Domus,
2371 3492 2501 3531 caro
2547 3474 2855 3530 Salvatoris
2889 3484 3203 3542 assumpta,
3240 3474 3329 3527 vel
3364 3484 3564 3529 sancta
3595 3472 3675 3526 Ec-

429 3568 625 3637 clesia;
650 3570 704 3623 in
740 3568 1048 3623 Salomonis
1081 3568 1395 3637 Sapientia:
1429 3567 1739 3623 IEdiﬁcavit
1770 3568 1873 3623 sibi
1902 3569 2125 3622 domum
2161 3568 2462 3637 sapientia;
2495 3574 2550 3621 et
2582 3567 2635 3620 in
2660 3564 2907 3620 Psalmo:
2938 3562 2996 3616 In
3029 3564 3193 3616 domo
3224 3561 3465 3617 Domini
3502 3564 3673 3617 ibimus

426 3677 554 3718 cum
581 3677 876 3717 consensu.
908 3680 927 3714 ι
962 3661 1143 3718 Locus
1165 3669 1369 3729 autem,
1404 3662 1471 3717 de
1511 3662 1790 3732 Sapientia
1840 3661 1946 3716 sibi
1980 3661 2205 3715 domum
2249 3661 2570 3722 aedificante,
2602 3658 2861 3713 Proverb.
2892 3672 3013 3726 cap.
3044 3672 3117 3720 Ix,
3157 3671 3304 3709 vers.
3340 3658 3398 3717 1,
3439 3666 3525 3711 est
3552 3658 3672 3708 inve

429 3754 681 3812 niendus.
730 3753 872 3824 Ergo
900 3755 1019 3810 luce
1058 3755 1355 3810 meridiana
1398 3754 1600 3810 clarius
1633 3766 1735 3820 est,
1768 3769 1861 3823 per
1889 3753 2224 3823 Sapientiam
2253 3752 2586 3817 Salomonis,
2644 3750 2941 3805 Proverbia
2979 3748 3315 3804 intellexisse
3346 3747 3665 3803 Melitenam.

428 3847 573 3919 Ergo
598 3864 706 3904 non
733 3848 916 3918 plures
943 3863 1108 3918 quam
1141 3862 1246 3904 nos
1277 3848 1333 3902 in
1364 3863 1577 3904 canone
1600 3848 1942 3904 enumeravit
1965 3848 2157 3904 libros.

500 4086 621 4158 (54)
647 4087 708 4158 in
738 4086 1133 4143 Introductione
1169 4089 1238 4142 ad
1279 4088 1442 4143 libros
1478 4090 1755 4145 canonicos
1790 4089 2001 4146 Biblioo

427 4156 545 4211 rum
579 4156 641 4210 V.
669 4157 732 4212 Τ.
766 4166 916 4227 parte
939 4175 977 4224 ι,
1008 4174 1128 4227 cap.
1167 4160 1251 4223 19,
1288 4158 1398 4230 §5,
1431 4175 1556 4230 pag.
1595 4161 1720 4215 545.

500 4250 611 4322 (55)
642 4248 700 4304 ln
726 4248 966 4320 Epistola
990 4249 1186 4304 Festali
1220 4251 1309 4317 '59,
1333 4260 1468 4305 tom.
1510 4249 1555 4305 ll
1608 4249 1999 4323 0pp.,pag.u.

496 4340 608 4412 (56)
636 4342 696 4395 In
738 4341 978 4396 carmine
1021 4340 1093 4395 De
1127 4344 1363 4412 genuinis
1410 4342 1708 4412 scripturis,
1755 4352 1890 4398 tom.
1956 4342 2004 4398 ll

428 4409 723 4482 0pp.,'pag.
752 4412 841 4467 98.

496 4506 606 4573 (5‘7)
637 4505 693 4558 ln
726 4505 820 4559 lib.
852 4505 926 4559 De
950 4508 1127 4567 sectis.
1155 4515 1257 4560 act.
1289 4505 1344 4570 2,
1377 4507 1578 4559 citante
1604 4505 1770 4560 Gcrh.
1798 4522 1850 4559 v.
1883 4504 1998 4559 Ma-

423 4577 622 4647 slricltt
658 4576 950 4647 in_canone
973 4578 1031 4631 S.
1063 4577 1356 4647 Scriptura:
1375 4576 1658 4630 secundum
1681 4577 1867 4629 seriem
1895 4592 1998 4629 aw-

422 4646 661 4696 culorum
687 4644 761 4699 N.
788 4645 847 4698 T.
880 4648 1116 4701 collecto.

493 4738 607 4809 (58)
637 4736 890 4809 Eiblioth.
914 4756 1079 4794 sacra!
1120 4739 1217 4795 lib.
1263 4754 1302 4807 ι,
1336 4737 1619 4809 pag.5ﬂet
1647 4754 1768 4809 pag.
1800 4737 1891 4809 20.

424 4807 834 4937 16(15‘S3)[‘C’lontra
880 4812 1190 4879 Appionem,
1238 4807 1421 4880 pagin.
1457 4807 1581 4875 562,
1622 4807 1755 4863 edit.
1789 4808 1991 4864 Genev.

496 4946 605 5018 (49)
651 4946 768 5000 Lib.
802 4962 883 5009 nt,
912 4963 1030 5017 cap.
1075 4949 1140 5004 10
1172 4947 1316 5003 Hist.
1360 4948 1545 5004 eccles.
1567 4957 1623 5002 et
1659 4949 1753 5004 lib.
1786 4966 1991 5018 v1,cap.

308 5028 317 5041 '
421 5018 511 5071 ‘25.
537 5016 885 5072 Reccntiores
914 5016 1097 5087 VJtidtei
1141 5019 1285 5072 hunc
1316 5032 1534 5087 quoque
1564 5035 1850 5073 numerum
1892 5016 1993 5087 ob-

424 5097 662 5152 servant,
700 5087 859 5141 veluti
911 5086 973 5140 R.
1007 5086 1190 5141 David.
1227 5087 1396 5142 Ganz.
1424 5086 1479 5142 in
1514 5087 1771 5143 Tzemaclt
1799 5086 1991 5156 Davia',

422 5168 573 5226 parte
598 5173 655 5227 ιι,
684 5172 803 5227 pag.
843 5157 930 5223 10,
956 5157 1174 5226 aliique.

494 5228 606 5296 (41)
644 5226 697 5280 In
741 5226 930 5297 psalm.
960 5244 998 5291 ι,
1032 5243 1159 5297 pag.
1184 5228 1252 5280 47
1312 5226 1668 5297 Commentar.
1695 5228 1748 5279 in
1785 5244 1989 5283 sacram

426 5295 779 5371 Scripturam,
800 5295 1124 5371 Rothoniagi
1143 5297 1297 5371 1668,
1327 5296 1444 5371 fol.,
1472 5314 1592 5367 pag.
1630 5298 1818 5371 {57,},
1848 5308 1901 5352 et
1936 5301 1989 5354 in

420 5361 725 5441 Pliilocalia
750 5381 869 5441 cap.
912 5368 965 5441 ἦ,
1013 5361 1577 5441 Eantdentrationem
1615 5369 1706 5441 dat
1732 5361 1991 5441 llierony‘

426 5440 631 5507 Illllﬁiin
663 5434 889 5507 Profuge
921 5437 1141 5495 Galeato
1178 5454 1285 5492 non
1321 5440 1550 5493 multum
1587 5439 1656 5493 ab
1688 5438 1865 5492 initio.

494 5505 607 5577 (42)
659 5505 1080 5563 Αιίθεὀεηοηὶε
1131 5508 1426 5577 Scriptura:
1474 5509 1530 5564 S.
1575 5508 1992 5565 constitutiones

425 5576 1293 5649 scriptorumecclesiastieorum
1333 5580 1574 5649 studiose
1621 5579 1855 5649 collegit,
1902 5594 1990 5633 se—

425 5645 661 5718 cundum
679 5646 879 5718 seriem
905 5646 1315 5718 saaculoruml‘i.
1334 5648 1397 5702 Τ.
1423 5649 1710 5718 disposuit,
1739 5645 1992 5718 notisque

428 5714 717 5769 illustravit
734 5714 1199 5783 πολυμαθέστατος
1228 5716 1380 5774 Jctus
1416 5728 1470 5774 et
1484 5714 1711 5789 reipubl.
1736 5714 1990 5774 Bremén-

2104 4089 2183 4162 sis
2215 4089 2441 4162 illustris
2469 4091 2743 4161 Quondam
2772 4091 3050 4162 syndicus,
3071 4092 3234 4148 Gcrh.
3262 4107 3368 4145 van
3398 4090 3665 4162 Mastricbt

2104 4161 2159 4215 in
2190 4163 2323 4217 diss.
2364 4161 2439 4215 De
2464 4178 2662 4215 canone
2680 4161 2971 4230 Scriptum
2992 4180 3160 4217 sacra:
3184 4178 3307 4230 qua:
3336 4161 3659 4216 exstatBiH.

2107 4230 2283 4285 Brem.
2318 4241 2451 4287 tom.
2482 4231 2595 4297 VII,
2626 4232 2758 4288 fasc.
2792 4249 2832 4298 ι,
2875 4248 2993 4301 pag.
3021 4232 3073 4296 1,
3119 4241 3173 4286 et
3221 4234 3323 4285 hac
3370 4232 3429 4284 in
3466 4250 3524 4286 re
3548 4249 3660 4286 con-

2108 4301 2236 4357 ferri
2264 4303 2344 4356 vel
2386 4304 2623 4357 maxime
2666 4303 2842 4356 debet.
2898 4301 3007 4355 Nec
3047 4303 3227 4357 minus
3262 4318 3388 4355 cum
3432 4304 3521 4357 his
3547 4318 3659 4355 cen-

2108 4372 2251 4426 tendi
2285 4383 2492 4440 oportet
2518 4389 2639 4442 qua:
2670 4371 2877 4426 llumfr.
2912 4371 3118 4425 llodius
3153 4372 3225 4424 De
3252 4371 3544 4423 bibliornm
3571 4386 3665 4423 me

2105 4442 2239 4494 tibus
2265 4442 2608 4512 originalibus
2633 4444 2724 4495 lib.
2752 4458 2825 4508 Iv,
2853 4457 2971 4511 cap.
3000 4442 3059 4504 4,
3081 4457 3198 4512 pag.
3225 4442 3353 4499 6M.
3379 4442 3563 4501 habet,
3585 4442 3657 4492 ubi

2103 4511 2338 4579 reperies
2385 4512 2487 4564 155
2530 4513 2827 4577 schemata,
2859 4512 2913 4567 in
2952 4511 3166 4581 quibus
3190 4512 3316 4565 libri
3363 4513 3551 4567 biblici
3586 4514 3654 4564 di—

2096 4596 2254 4635 verso
2288 4581 2479 4635 ordine
2508 4582 2858 4636 exhibentur.

2165 4715 2371 4839 (457-14)
2407 4717 2469 4769 In
2518 4714 2660 4769 notis
2707 4712 2774 4768 ad
2822 4710 3021 4768 Euseb.
3070 4710 3213 4767 libro
3263 4726 3343 4777 tv,
3381 4719 3550 4781 caput
3578 4706 3648 4769 ΞΒ.

2165 4802 2212 4839 a.
2319 4826 2333 4839 .

2088 4801 2212 4856 pag.
2255 4801 2333 4841 ιιι.

2165 4923 2278 4993 (45)
2305 4921 2426 4977 Lib.
2451 4937 2524 4985 tv,
2544 4935 2662 4990 cap.
2681 4919 2775 4993 22,
2792 4920 2847 4993 in
2870 4918 2978 4993 fine
2998 4936 3010 4972 :
3030 4919 3345 4991 Πανάρετον
3366 4922 3553 4989 σοφίαν
3570 4920 3647 4979 τὰς

2092 4990 2435 5065 Σολομῶντος
2465 4990 2757 5062 παροιμίας
2786 4990 3031 5043 ἐκάλουν.

2162 5086 2275 5160 (46)
2309 5084 2427 5140 Lib.
2458 5100 2495 5151 ι,
2528 5083 2777 5137 distinct.
2824 5080 2888 5147 2,
2919 5081 3122 5134 citante
3160 5080 3371 5139 Grabio
3415 5086 3468 5139 in
3496 5084 3560 5139 Π.
3593 5082 3641 5137 Ε.

2092 5174 2197 5215 ms.

2165 5229 2275 5305 (47)
2292 5229 2423 5283 Vide
2441 5245 2657 5305 suntme
2677 5228 2955 5305 reverendi
2974 5225 3177 5305 Crttsii,
3196 5222 3509 5305 Theologiaa
3527 5224 3640 5305 apud

2093 5298 2505 5370 Goettingenses
2521 5301 2761 5375 profess.
2796 5302 2954 5369 longe
2984 5298 3326 5375 celeberrimi
3358 5298 3561 5375 patroni
3581 5303 3640 5346 ato

2094 5386 2200 5439 que
2219 5368 2565 5440 praeceptoris
2596 5372 2699 5426 mei
2733 5368 2947 5426 summo
2969 5368 3332 5440 observantiae
3349 5368 3526 5440 studio
3544 5376 3641 5440 {ru—

2096 5435 2199 5494 tem
2221 5435 2591 5496 'devenerandi
2614 5441 3051 5496 dissertationem
3080 5435 3423 5507 epistolicam
3448 5438 3510 5491 ad
3532 5436 3634 5489 Chr.

2095 5509 2402 5582 Wormium
2429 5527 2554 5582 pag.
2573 5513 2660 5575 15,
2682 5511 2770 5565 ubi
2801 5512 2947 5564 hunc
2969 5507 3240 5562 Mclitonis
3267 5507 3633 5582 libr-umquam

2094 5580 2220 5649 tivis
2265 5575 2869 5649 pretii'm'onumentum
2910 5582 3142 5644 vocavit,
3179 5588 3234 5649 et
3265 5575 3633 5649 Fabriciorum

2094 5648 2347 5773 Biblitéfél‘.
2374 5653 2508 5707 med.
2542 5662 2589 5706 et
2616 5652 2811 5721 inﬁmw
2841 5648 3175 5716 Latinitatis,
3204 5648 3300 5703 lib.
3338 5651 3436 5716 xit,
3468 5648 3564 5699 vol.
3590 5650 3630 5700 l.

2095 5735 2214 5773 una.
2354 5762 2367 5773 .

2094 5735 2214 5791 pag.
2244 5722 2367 5775 ⁸204.
