3792 6218
132 362 250 419 usi
666 448 669 451 Α
1072 362 1373 419 norma.
1408 393 1478 404 -
1512 362 1556 417 1.
1596 362 1683 417 ns
1720 361 1881 417 vm
1921 362 1980 417 s.
2018 362 2407 420 MELITONIS.
2689 324 2697 335 '
3224 366 3361 421 usa

483 505 514 578 ς
542 504 686 562 XVI.
718 506 795 560 De
824 506 1007 560 sedata
1040 506 1095 559 in
1125 505 1362 560 Ecclesia
1378 505 1673 560 Laodicena
1706 506 1847 559 circa
1874 504 2168 559 Pascltatos
2199 507 2599 560 celebrationem
2623 505 3001 558 controversia.

190 618 363 673 Porro
386 617 641 689 episcopi
668 619 915 688 partibus
947 618 1161 690 egregie
1190 617 1411 674 functus
1439 626 1523 674 est
1550 626 1737 673 noster
1765 618 1818 671 in
1847 633 1933 685 eo,
1967 619 2111 687 quod
2143 619 2261 688 paci
2292 618 2346 671 in
2378 617 2619 672 Ecclesia
2653 617 2954 681 servandis,
2987 624 3036 671 et
3070 616 3208 669 inter
3234 614 3356 668 fidei
3390 618 3395 625 ‘

129 708 453 765 domesticos
478 710 694 766 exortis
720 709 967 764 dissidiis
1006 708 1263 764 sedandis
1286 724 1503 763 omnem
1529 708 1816 762 navaverit'
1831 723 2073 776 operam.
2104 708 2255 763 lianc
2281 708 2553 763 Mclitonis
2575 707 2891 778 prudentem
2914 723 3101 763 curam
3133 716 3356 775 experta

127 809 205 855 est
238 800 521 871 praecipue
546 802 726 856 vicina
748 801 1056 857 Laodicena
1098 800 1365 866 Ecclesia,
1394 801 1447 854 in
1475 817 1585 871 qua
1611 802 1682 855 ob
1706 800 2006 857 Paschatos
2039 803 2459 858 celebrationem
2489 802 2660 856 turbae
2688 810 2847 855 erant
2873 807 3094 855 exortze.
3128 800 3359 853 Constat

126 894 262 949 enim
294 893 443 948 inter
471 910 685 961 omnes,
715 904 769 949 et
799 893 1046 950 Socratis
1077 895 1190 967 (48)
1218 895 1442 963 insuper
1476 894 1791 948 testimonio
1834 896 2051 963 probari
2093 903 2290 965 potest,
2319 911 2495 963 neque
2525 892 2826 958 Christum,
2857 908 3034 961 neque
3076 891 3356 959 apostolos

125 992 264 1041 certa
291 983 411 1053 lege
438 982 725 1039 Paschalis
760 985 1068 1039 celebrandi
1094 986 1236 1040 diem
1263 985 1605 1055 praecepisse,
1634 984 1728 1038 sed
1764 983 2074 1040 festivitatis
2109 987 2272 1055 hujus
2316 997 2525 1056 tempus
2552 984 2911 1041 Ecclesiarum
2945 984 3177 1038 arbitrio
3214 983 3344 1037 reli-

125 1073 321 1143 quisse.
348 1074 492 1128 Aliaa
528 1074 733 1144 itaque,
765 1090 832 1130 ex
864 1092 1060 1146 magna
1089 1077 1363 1132 nascentis
1394 1075 1651 1129 Ecclesia:
1681 1092 1803 1131 cum
1843 1076 2085 1133 Judaicis
2117 1079 2311 1133 ritibus
2340 1076 2743 1142 conformitate,
2770 1078 3106 1131 eodemeum
3142 1073 3351 1129 Iudicis

125 1176 361 1238 tempore
393 1169 531 1223 illud
564 1170 947 1225 celebrandum
975 1170 1276 1234 duxerunt,
1308 1172 1428 1227 alia:
1459 1179 1640 1224 autem
1675 1170 1763 1224 die
1793 1171 2074 1227 Dominiea
2106 1173 2248 1227 istud
2281 1172 2479 1226 festum
2508 1188 2666 1243 agere
2699 1173 3026 1226 maluerunt.
3055 1168 3240 1237 Neque
3267 1179 3349 1222 ta—

125 1277 239 1315 men
265 1262 335 1315 ab
369 1260 537 1316 initio
561 1262 676 1317 haec
699 1261 987 1316 diversitas
1015 1264 1343 1317 discordiam
1369 1263 1597 1333 peperit,
1621 1262 1715 1317 sed
1742 1264 1996 1331 quaelibet
2026 1264 2267 1319 Ecclesia
2304 1265 2358 1317 in
2384 1264 2489 1317 ritu
2524 1265 2625 1319 hoc
2648 1264 2946 1332 adiaphoro
2976 1263 3223 1316 libertate
3246 1276 3351 1317 sua

123 1368 236 1414 usa,
260 1352 386 1407 aliis
416 1368 641 1423 quoque
685 1369 842 1408 suam
872 1354 1180 1409 libertatem
1223 1370 1330 1409 non
1364 1357 1580 1423 invidit,
1603 1358 1779 1412 donec
1824 1355 2106 1410 Laodicea:
2133 1372 2326 1425 magna
2372 1356 2738 1409 controversia
2770 1355 2837 1409 de
2875 1354 3215 1408 solemnitate
3247 1367 3349 1422 pa-

122 1448 283 1501 schali
308 1448 550 1503 excitata
573 1458 676 1503 est.
705 1446 762 1502 In
792 1449 1169 1518 persecutione
1197 1450 1408 1505 scilicet
1436 1450 1507 1505 Μ.
1540 1451 1750 1506 Aurelii
1773 1450 2059 1513 Antonini,
2081 1448 2325 1519 Sagarim
2357 1450 2670 1517 episcopum
2698 1464 2856 1503 suum
2886 1448 3185 1501 amiserant
3209 1445 3344 1499 Lao-

121 1543 312 1609 diceni,
347 1554 403 1598 et
438 1545 700 1599 credibile
733 1554 816 1600 est
847 1545 1063 1613 aliquos
1093 1544 1165 1597 ibi
1192 1556 1410 1601 exortos
1444 1544 1634 1609 fuisse,
1667 1549 1760 1616 qui
1790 1547 1977 1610 aliam,
2003 1559 2171 1614 quam
2201 1542 2284 1597 vel
2313 1541 2517 1607 Romae,
2545 1542 2627 1596 vel
2670 1542 2797 1595 alibi
2831 1542 3096 1606 viderant,
3122 1550 3176 1595 at
3198 1541 3345 1595 Asia:

120 1634 354 1705 ignotam
385 1646 443 1690 et
477 1637 793 1691 insolentem
834 1636 1305 1704 consuetudinem,
1331 1634 1675 1692 introducere
1706 1646 2055 1701 conarentur,
2084 1635 2425 1690 Laodicenos
2456 1646 2660 1699 autem,
2698 1634 2853 1688 aliter
2889 1648 2919 1687 a
2960 1632 3188 1701 pueritia
3214 1632 3349 1686 edo-

118 1737 247 1792 ctos,
277 1729 386 1783 illis
412 1729 701 1795 restitisse,
724 1739 888 1799 atque
915 1733 994 1787 sic
1026 1741 1207 1785 natam
1232 1745 1353 1786 esse
1375 1730 1794 1785 dissensionem.
1817 1728 2145 1798 lnterposuit
2172 1729 2337 1798 igitur
2365 1742 2521 1781 suam
2540 1726 2921 1781 auctoritatem
2947 1723 3128 1777 Mclito
3155 1732 3339 1792 atque,

118 1830 171 1873 ut
195 1819 361 1875 refert
414 1822 684 1879 Eusebius
715 1823 828 1894 (49)
860 1840 927 1879 ex
975 1826 1093 1895 ipso
1146 1826 1418 1879 Melitonis
1466 1840 1651 1894 opere,
1685 1824 1917 1878 Servilio
1948 1823 2123 1877 Paulo
2161 1823 2303 1877 Asia:
2332 1821 2677 1891 proconsule,
2705 1836 2815 1889 quo
2843 1828 3083 1888 tempore
3111 1818 3336 1888 Sagaris

119 1914 439 1983 martyrium
474 1931 673 1983 passus
702 1925 803 1981 est,
845 1917 1136 1972 festinante
1178 1918 1389 1973 calamo
1409 1918 1547 1972 duos
1576 1918 1642 1971 de
1680 1916 1948 1972 Paschate
1976 1915 2220 1970 exaravit
2252 1914 2439 1979 libros,
2464 1912 2517 1966 in
2561 1913 2763 1982 quibus
2794 1911 2999 1976 docuit,
3035 1926 3189 1965 suam
3217 1910 3342 1964 uni—

116 2005 306 2073 cuique
335 2005 605 2063 Ecclesiae
634 2009 1029 2062 observandam
1078 2025 1200 2065 esse
1241 2010 1710 2075 consuetudinem,
1741 2024 1840 2064 nec
1876 2008 1945 2062 ab
1970 2022 2035 2063 eo
2060 2006 2441 2071 recedendum,
2469 2007 2613 2075 quod
2641 2005 2742 2072 ipsi
2775 2020 2806 2058 a
2834 2012 3024 2058 sancto
3052 2018 3154 2057 suo
3187 2001 3331 2056 anti-

118 2098 250 2161 stite,
285 2112 437 2151 nunc
458 2098 696 2167 glorioso
721 2108 977 2171 martyre,
1006 2100 1333 2169 acceperint,
1368 2100 1736 2170 traditumque
1761 2099 2061 2169 antiquitus
2090 2114 2317 2161 morem,
2346 2097 2552 2153 Pascha
2580 2096 2666 2150 die
2689 2096 2897 2151 decima
2923 2102 3116 2164 quarta
3146 2094 3336 2149 obser-

116 2188 287 2253 vandi,
322 2194 655 2241 constanter
690 2206 811 2246 esse
834 2192 1196 2246 retinendum.
1220 2191 1502 2261 Hocjenim
1541 2192 1840 2264 Polycratis
1884 2192 2165 2262 proﬁtetur
2189 2188 2429 2259 Epistola
2466 2187 2712 2259 synodica
2746 2186 2883 2257 (50),
2908 2186 3064 2254 cujus
3095 2193 3341 2253 tempore

116 2281 209 2334 sub
223 2280 517 2334 Commodi
549 2281 776 2350 imperio
807 2291 860 2336 et
884 2281 1117 2338 Victoris
1146 2285 1458 2353 pontificatu
1489 2285 1649 2355 longe
1679 2284 1913 2354 majores
1941 2284 2007 2338 de
2035 2280 2376 2337 solemnitate
2407 2278 2648 2350 paschali
2669 2285 2868 2331 exortae
2897 2276 3116 2329 fuerunt
3141 2273 3336 2328 turba.

116 2370 336 2442 Scriptis
367 2373 557 2443 itaque
586 2373 702 2428 suis
735 2373 801 2428 de
830 2373 1095 2429 Paschate
1140 2375 1296 2432 libris
1336 2375 1518 2430 Melito
1551 2392 1767 2431 omnem
1803 2374 2233 2430 controversiam
2280 2372 2523 2435 diremit,
2577 2379 2632 2425 et
2654 2368 2910 2423 Ecclesiae
2944 2368 3205 2421 unitatem
3248 2380 3345 2435 pa-

113 2479 332 2536 cemque
355 2465 616 2520 reddidit.
662 2464 824 2519 Addit
856 2465 1124 2520 Eusebius
1155 2468 1301 2536 quod
1342 2468 1508 2537 hujus
1542 2468 1753 2537 scripti,
1785 2483 1813 2522 a
1848 2467 2099 2520 Melitone
2135 2464 2289 2530 editi,
2320 2464 2484 2517 etiam
2518 2462 2769 2517 Clemens
2794 2460 3194 2515 Alexandrinus
3222 2460 3342 2529 (5i)

115 2560 441 2615 mentionem
475 2558 662 2625 faciat,
693 2567 747 2614 et
774 2562 921 2629 quod
953 2562 1054 2621 hoc
1077 2562 1253 2630 ipsum
1288 2560 1560 2617 Melitonis
1592 2564 1853 2632 scriptum
1882 2561 2141 2615 Clementi
2166 2560 2318 2612 Alex.
2348 2558 2692 2614 occasionem
2728 2556 3043 2626 praebuerit,
3067 2563 3126 2610 ut
3151 2564 3204 2611 et
3226 2554 3343 2626 ipse

112 2651 301 2706 librum
336 2655 417 2711 De
441 2654 709 2710 Paschate
736 2654 939 2720 ederet,
966 2655 1060 2710 sed
1088 2665 1341 2711 neutrum
1367 2657 1562 2711 horum
1595 2666 1807 2711 aetatem
1841 2665 2085 2710 nostram
2117 2655 2258 2708 tulit.

1029 2808 1057 2878 ᾗ
1095 2807 1257 2862 XVII.
1302 2810 1377 2863 De
1406 2810 1668 2864 Melitanis
1695 2806 1954 2876 Apologia
1977 2821 2072 2875 pro
2098 2804 2438 2859 Christianis.

162 3011 310 3069 Nunc
343 3015 414 3070 de
445 3015 569 3084 ejus
603 3018 657 3069 in
693 3014 935 3071 sedanda
965 3015 1402 3072 Christianorum
1448 3016 1739 3085 peracerba
1772 3021 2060 3072 vexatione
2099 3015 2242 3071 haud
2278 3010 2565 3069 infeliciter
2593 3013 2833 3067 adhibita
2872 3012 3138 3067 industria
3166 3012 3356 3082 pancis

103 3102 375 3160 dicendum
405 3108 589 3161 adhuc
620 3116 805 3162 restat.
842 3106 1025 3177 Itaque
1051 3124 1156 3162 non
1191 3108 1353 3162 modo
1384 3108 1436 3160 in
1480 3122 1608 3175 pace
1636 3118 1688 3161 et
1722 3108 2017 3177 tranquillo
2065 3105 2320 3161 Ecclesia:
2348 3114 2490 3159 statu
2522 3102 2680 3157 tidem
2716 3103 2935 3157 ﬁrmare
2959 3114 3012 3156 et
3036 3118 3355 3172 promovere

103 3196 294 3251 studuit
328 3207 545 3262 noster,
573 3198 665 3253 sed
695 3210 748 3253 et
780 3199 834 3252 in
875 3198 1019 3253 bello
1055 3208 1109 3253 et
1153 3198 1624 3269 persecutionibus
1654 3213 1778 3252 cum
1819 3197 1937 3265 ipso
1967 3198 2091 3249 vitte
2131 3210 2244 3249 suze
2291 3194 2530 3264 periculo
2566 3192 2633 3247 de
2677 3203 2817 3248 cmtu
2847 3192 2940 3247 Dei
2983 3193 3120 3248 bene
3148 3209 3356 3250 merere

104 3302 201 3342 non
230 3288 410 3345 desiit.
442 3287 583 3344 Nam
612 3306 735 3345 cum
764 3292 982 3371 duobus
1008 3295 1271 3364 Augustis
1301 3292 1563 3348 fratribus
1593 3292 1664 3346 M.
1694 3293 1917 3346 Aurelio
1939 3291 2213 3346 Antonino
2243 3299 2296 3345 et
2325 3288 2495 3343 Lucio
2528 3288 2667 3345 Vero
2694 3290 3084 3359 imperantibus
3116 3298 3268 3343 atrox
3298 3291 3353 3345 in

103 3386 356 3441 Asiaticas
390 3386 667 3442 Ecclesias
698 3389 1037 3447 incubuisset
1068 3400 1360 3461 tempestas
1389 3390 1526 3459 (52),
1570 3389 1768 3444 inertes
1801 3388 2040 3442 latebras
2064 3394 2246 3441 noster
2276 3384 2501 3439 minime
2541 3386 2822 3455 quaesivit;
2854 3386 2946 3441 sed
2977 3386 3121 3441 haud
3150 3387 3355 3444 fractus

104 3481 270 3537 animo
309 3481 536 3552 Deoque
564 3483 824 3549 conlisus,
848 3484 915 3538 ad
954 3485 1169 3539 clavum
1213 3484 1465 3539 Ecclesiae
1502 3484 1673 3547 stetit,
1699 3492 1754 3537 et
1793 3494 1985 3538 contra
2024 3484 2335 3553 iniquorum
2378 3483 2813 3551 magistratuum,
2843 3500 2937 3539 seu
2965 3485 3354 3555 proconsulum

102 3591 188 3631 seu
236 3580 659 3650 praefectorum,
720 3579 812 3650 qui
869 3581 1011 3637 hanc
1061 3590 1436 3651 tempestatem
1488 3580 1862 3636 excitaverant
1914 3581 2172 3645 maxime,
2213 3580 2439 3635 insanos
2484 3578 2719 3633 insultus
2759 3576 2971 3632 fortiter
3004 3576 3350 3647 depugnavit.

103 3676 565 3743 Quemadmodum
609 3678 771 3749 igitur
810 3679 951 3733 inter
990 3676 1231 3732 furentes
1268 3676 1442 3730 undas
1478 3685 1533 3730 et
1569 3674 1773 3730 fluctus
1813 3676 1979 3732 maris
2018 3675 2145 3732 boni
2184 3673 2563 3746 gubernatoris
2599 3688 2690 3728 ars
2742 3687 2801 3727 se
2857 3670 3038 3742 prodit
3078 3689 3091 3725 :
3132 3671 3204 3725 ita
3243 3684 3353 3724 non

102 3772 224 3828 alias
262 3773 442 3843 magis
484 3772 626 3827 beati
664 3772 934 3827 Melitonis
974 3774 1166 3838 virtus,
1204 3787 1365 3841 quam
1408 3770 1459 3824 in
1493 3770 1683 3825 mediis
1707 3771 2148 3840 persecutionum
2180 3768 2510 3833 turbinibus,
2537 3766 2779 3822 emicuit.
2803 3765 2985 3820 Doctae
3010 3762 3155 3819 enim
3192 3771 3355 3832 atque

103 3863 349 3935 elegantis
388 3864 659 3920 orationis
698 3880 810 3920 sua!
850 3866 1122 3936 praesidio,
1160 3866 1301 3918 viam
1342 3862 1444 3917 sibi
1485 3862 1551 3917 ad
1593 3862 1946 3931 imperatoris
1990 3862 2059 3916 Μ.
2101 3862 2307 3917 Aurelii
2347 3860 2607 3917 Antonini
2644 3875 2804 3915 aures
2844 3858 3003 3923 fecit,
3043 3871 3199 3914 suam
3238 3854 3353 3910 fra-

104 3968 345 4029 trumque
385 3975 619 4016 suorum
659 3976 881 4017 causam
924 3962 1065 4032 apud
1105 3976 1229 4015 eum
1262 3960 1402 4029 egit,
1442 3968 1494 4012 et
1553 3958 1868 4028 Apologia»:
1909 3960 2104 4014 obtulit
2142 3958 2389 4028 (53—54),
2426 3974 2532 4030 qua
2571 3954 2979 4013 demonstrabat
3018 3950 3353 4023 imperatori,

106 4069 201 4110 non
239 4058 345 4114 nisi
389 4068 657 4130 tyrannos
692 4066 747 4114 et
788 4058 961 4112 malos
1001 4057 1273 4127 principes
1312 4055 1596 4123 hucusque
1634 4053 1895 4110 alllixisse
1934 4054 2253 4120 Ecclesiam,
2285 4063 2340 4110 et
2376 4069 2483 4125 qua
2523 4054 2579 4110 in
2619 4051 2940 4108 memoriam
2978 4051 3027 4106 ei
3065 4050 3355 4106 revocabat

178 4280 284 4355 με)
317 4278 534 4355 l_l_istor.
584 4285 769 4337 (celes.
803 4285 894 4338 lib.
929 4301 983 4349 v,
1016 4302 1136 4355 cap.
1167 4286 1256 4339 9.2.
1756 4280 2082 4355 Christianis
2152 4279 2315 4355 illatis
2378 4279 2541 4335 refert
2596 4278 2834 4355 ‘Orosius
2891 4286 2927 4335 l.
2983 4296 3085 4355 ε..
3132 4281 3331 4337 Euseb.

320 4350 550 4430 ζζίδιον..
577 4355 761 4430 eules.
790 4356 882 4430 lib:
916 4349 1139 4430 magis.
1164 4357 1253 4409 26,
1362 4423 1373 4430 _
1756 4349 1853 4404 lih.
1895 4366 1946 4407 ν,
1984 4367 2103 4430 cap.
2136 4349 2509 4430 _i..Repressa
2558 4351 2909 4430 aliquantum
2946 4353 3184 4430 creditur
3222 4356 3336 4430 haec

115 4418 473 4547 “35%)6ﬂattc
502 4420 620 4476 vide
673 4426 815 4493 apud
840 4424 1040 4479 Euseb.
1068 4418 1211 4479 Ilist.
1264 4423 1448 4478 eccles.
1487 4424 1581 4478 lib.

1841 4418 2065 4474 ‘sccutio
2099 4420 2169 4474 ob
2210 4418 2418 4491 insigne
2457 4418 2778 4475 beneficium
2817 4438 2847 4474 a
2886 4420 3121 4491 chione
3157 4422 3338 4477 fulmi-

1841 4492 1962 4544 L'ricc
2002 4490 2337 4547 Drmstitutn.
2378 4492 2522 4547 quod
2561 4493 2884 4545 miraculum
2933 4502 2987 4545 et
3038 4492 3240 4547 ethnici
3280 4504 3337 4547 et

174 4506 328 4557 p.20.
1754 4506 1962 4544 nati-tce
2002 4506 2337 4557 pra:sututn,
2378 4506 2522 4561 quoa
2561 4506 2884 4545 miraculum
2933 4506 2987 4545 et
3038 4506 3240 4547 etmnc:
3280 4506 3337 4548 et

177 4560 285 4631 (5i)
318 4561 374 4614 In
413 4561 555 4613 libro
584 4577 684 4615 suo
715 4564 792 4617 De
817 4563 1101 4618 Paschate.
1753 4558 2048 4615 Christiani
2102 4562 2398 4629 scriptores
2456 4572 2698 4614 narrant.
2738 4560 2805 4615 Et
2860 4561 2932 4615 illi
2983 4562 3199 4631 quidem
3242 4575 3337 4618 aut

181 4630 291 4698 (52)
334 4631 472 4697 Quae
514 4632 616 4684 sub
651 4631 1069 4702 imperatoribus
1114 4633 1261 4686 hisce
1296 4631 1496 4702 agitata
1540 4631 1672 4697 fuit,
1756 4645 1916 4702 _mago
1976 4631 2188 4685 cuidam
2251 4631 2505 4701 IEgyptio
2566 4631 2847 4695 tribuunt,
2906 4640 2964 4686 ut
3004 4630 3115 4684 ’Dio
3171 4633 3329 4689 Cass.

112 4702 287 4768 quinta
321 4712 409 4755 est
441 4702 748 4769 persecutio
787 4702 942 4769 juxta
982 4701 1188 4771 Sulpic.
1216 4700 1352 4756 Sevi
1377 4704 1469 4755 lib.
1507 4719 1540 4755 η
1578 4702 1677 4754 Ηέ-
1754 4700 1867 4755 lib.
1892 4718 2053 4768 Lxxt,
2114 4709 2209 4754 aut
2267 4700 2518 4769 precibus
2558 4702 2937 4771 imperatoris,
2982 4712 3041 4755 ut
3076 4703 3181 4757 Jul.
3228 4704 3336 4759 Ca-
3376 4712 3391 4727 '

113 4780 212 4810 um-
258 4787 428 4810 cnrrm
459 4786 559 4810 nan
606 4771 673 4810 εἷς)
726 4786 825 4810 nan
879 4787 948 4810 m,
977 4772 1081 4810 (λίίῖ
1137 4790 1162 4810 ιι
1192 4789 1301 4810 mm
1330 4774 1523 4810 eximunt
1560 4772 1676 4810 "in-
1753 4771 1881 4810 nilnl
1965 4771 2015 4810 in
2072 4771 2191 4810 νὸιη
2240 4772 2407 4810 Δηιηη
2496 4771 2629 4810 DIM'I,
2691 4788 2790 4810 nan
2868 4772 2937 4810 θλ.
3033 4784 3124 4810 om
3178 4775 3329 4810 Iun-ia

112 4780 229 4823 star.
254 4787 428 4824 sacrae
459 4786 579 4838 cap.
605 4771 693 4831 52,
726 4786 845 4839 pag.
879 4787 951 4824 m.
977 4772 1103 4839 246,
1135 4790 1162 4825 a
1192 4789 1301 4841 quo
1329 4774 1529 4825 abeunt
1560 4772 1609 4825 ll.

113 4839 865 4963 ἳὲ¹ἶέἲὲῗιιῖε¹¹ιὲίέ¹ἒέι·ο⁸⁶ἒὲ⁷ἕ’
889 4842 1229 4963 ὅῖῖἔῗάξθεῗί
1254 4842 1609 4963 ἲιῖἐιῖτῖἲῖίὲ

1836 4774 1905 4827 ol.
1963 4771 2017 4825 in
2072 4771 2193 4824 Vita
2232 4772 2428 4824 Anton.
2489 4771 2635 4824 Phil.
2691 4788 2811 4841 cap.
2868 4772 2977 4838 9.4,
3033 4784 3127 4828 aut
3178 4775 3333 4831 bouis

1836 4858 1875 4897 IS
1913 4842 2175 4906 moribus,
2216 4853 2275 4895 ut
2312 4841 2651 4896 Claudianus
2686 4841 2741 4895 in
2784 4844 3038 4915 panegyri
3080 4845 3156 4899 De
3184 4856 3333 4899 sexto

1836 4913 2033 4963 tsulatu
2084 4910 2347 4963 Honorii.
2388 4928 2546 4963 versu
2588 4912 2728 4963 559.
2769 4930 2852 4963 su.
2894 4914 2959 4963 Ili
2999 4926 3178 4963 autem
3221 4920 3332 4963 vel-

113 4910 182 4963 De
209 4910 424 4964 civitate
459 4910 549 4963 Dei
583 4926 703 4979 cap.
740 4911 840 4975 52;
889 4912 1115 4967 Orosius
1166 4910 1217 4966 in
1254 4910 1495 4965 Historia
1548 4915 1667 4969 adv.
1752 4913 2033 4965 consulatu
2084 4910 2347 4978 Honorii,
2388 4928 2546 4967 versu
2588 4912 2729 4979 559,
2769 4910 2852 4984 sq.
2894 4910 2974 4969 lli'
2999 4926 3178 4969 autem
3221 4920 3332 4971 vel-

112 4981 471 5063 paganosdib.
504 4996 602 5046 vn,
655 4996 775 5063 cap.
801 4981 1051 5063 i5.,.eam
1097 4992 1345 5052 quartam
1389 4980 1670 5063 facientes,
1754 4983 1831 5063 uti
1872 4983 2068 5063 Euseb.
2097 4984 2217 5063 ΕΙ).-
2246 4999 2311 5063 ν’,
2352 4998 2471 5052 cap.
2515 4984 2581 5063 δε
2621 4993 2673 5063 et
2711 4985 2779 5063 ab
2828 4986 3112 5063 concitati,
3152 4990 3330 5055 preci-

113 5054 312 5137 omiss'a
345 5052 474 5114 ista,
502 5066 623 5130 quae
653 5052 769 5137 ‘supb
793 5052 1038 5137 Adriano
1057 5062 1246 5137 Ictepta
1288 5062 1342 5107 et
1371 5052 1473 5106 sub
1502 5055 1666 5134 Anto-
1754 5052 1872 5137 b-us.
1895 5055 2053 5108 dicta:
2092 5052 2525 5137 Christianorum
2567 5054 2823 5137 legionis"
2848 5057 3123 5137 tribuunt,
3152 5052 3330 5137 quam

113 5121 230 5175 nino
256 5121 354 5175 Pio
382 5119 704 5174 continuata
732 5119 851 5174 fuit.
884 5120 1114 5175 Sustulit
1142 5119 1253 5177 haec
1280 5124 1585 5191 persecutio
1616 5124 1667 5178 in
1753 5125 1822 5177 ab
1862 5124 2186 5191 imperatore
2223 5126 2362 5180 hanc
2400 5126 2471 5181 ob
2509 5119 2728 5179 causam
2774 5119 3214 5179 Fulminatricem
3252 5129 3330 5182 di-

113 5190 249 5253 Asia.
283 5201 480 5262 przeter
519 5189 765 5262 Sagarim
808 5189 1083 5262 Laodicea:
1130 5193 1472 5262 episcopum,
1515 5192 1671 5262 Poly-
1753 5203 1894 5248 ctam
1935 5195 2103 5250 fuisse
2141 5195 2312 5250 aiunt.
2354 5195 2519 5250 Addit
2572 5195 2891 5251 Tertullian.
2948 5211 3067 5262 cap.
3107 5196 3142 5250 5
3182 5202 3327 5262 Apo-

113 5210 249 5253 Asta,
283 5210 480 5262 praeter
519 5210 765 5259 Sagarim
808 5210 1083 5245 Laodicea:
1130 5210 1472 5262 episcopum,
1515 5210 1671 5265 rory-
1753 5210 1894 5248 ctam
1935 5210 2103 5250 tuisse
2141 5210 2312 5250 aiunt.
2354 5210 2519 5250 Auatt
2573 5210 2891 5251 't'ertutttan.
2948 5211 3067 5264 cap.
3107 5210 3142 5250 δ
3182 5210 3327 5267 Apo-

113 5275 321 5349 carpum
354 5262 607 5349 Stnvrnre
626 5261 969 5349 episcopum,
998 5260 1665 5349 (Euseb.‘libt;iv,cap.15);
1753 5264 1896 5345 log.,
1956 5266 2341 5349 imperatorem.
2395 5266 2601 5322 litteras
2660 5267 2906 5349 dedisse,
2968 5267 3168 5347 quibus
3226 5272 3329 5349 hoc

111 5327 371 5385 Justinum
408 5327 725 5399 martyrem,
752 5327 1107 5396 quadriennio
1138 5342 1261 5387 ante
1285 5327 1664 5401 Polycarpun},
1754 5327 2077 5391 miraculum
2141 5335 2579 5391 Christianorum
2657 5337 2907 5406 precibus
2976 5327 3322 5406 ascripserit;

113 5397 314 5465 (Euseb.
348 5402 446 5455 lib.
480 5416 555 5469 tv,
584 5416 701 5468 cap.
726 5400 1208 5469 i6);Ptolomaeum
1243 5413 1297 5457 et
1324 5402 1573 5469 Lucium,
1602 5406 1668 5458 de
1752 5422 1873 5469 qua:
1928 5417 2105 5460 tamen
2162 5422 2269 5461 non
2320 5407 2557 5469 amplius
2614 5416 2832 5461 exstant
2871 5421 2887 5460 :
2948 5407 3080 5461 istas
3138 5412 3322 5469 enim.

113 5400 314 5465 (Euseb.
348 5402 446 5455 lib.
480 5416 555 5463 tv,
584 5416 701 5468 cap.
726 5400 1208 5477 i6);Ptolomaeum
1243 5413 1297 5457 et
1324 5400 1573 5469 Lucium,
1602 5406 1668 5458 de
1752 5422 1873 5474 qua:
1928 5417 2105 5460 tamen
2162 5422 2269 5461 non
2320 5407 2557 5475 amplius
2614 5400 2832 5461 eistant
2871 5421 2887 5460 :
2948 5407 3080 5461 istas
3120 5400 3323 5475 'enim,

112 5484 211 5553 quo
240 5471 443 5553 iustiti.
485 5468 559 5525 Μ.
596 5471 651 5522 in
694 5469 1182 5553 Apolog‘tttu,pag,
1208 5473 1299 5535 42,
1343 5474 1561 5553 disserit
1612 5482 1668 5527 et
1752 5491 1874 5543 qua:
1911 5476 1976 5530 ad
2016 5478 2219 5531 calcem
2267 5477 2623 5553 _A_pologit:_t_t
2661 5476 2803 5553 Just.
2845 5476 3326 5553 Martyrislegum

112 5537 441 5623 Equselnnlib.
471 5556 545 5605 tv,
576 5555 713 5623 ‘eap.
740 5541 828 5621 l7;
856 5537 1209 5623 Felicitatem,
1234 5551 1524 5623 postquam
1580 5558 1666 5623 se-
1756 5537 1862 5623 tur,
1898 5564 2023 5623 esse
2058 5537 2430 5623 suppositi'tias
2447 5537 2652 5603 'multis
2689 5548 2937 5618 probavit
2976 5537 3217 5620 Scaliger
3251 5552 3321 5606 ad

112 5619 241 5676 ptem
270 5612 409 5669 ﬁlios
447 5619 717 5679 martyres
750 5612 804 5664 in
837 5612 1033 5665 castum
1064 5614 1417 5681 praemiserat,
1450 5614 1516 5665 de
1545 5628 1609 5682 qu

113 5678 204 5749 bus
256 5682 364 5737 vid.
397 5680 683 5748 Martyrol.
708 5680 859 5733 Rom.
910 5680 997 5734 die
1020 5682 1087 5734 10
1110 5680 1245 5747 Jul.,
1270 5683 1536 5749 aliosque.
1586 5682 1609 5735 l

750 5612 804 5664 in
837 5612 1033 5665 malum
1064 5614 1417 5681 praemiserat,
1450 5614 1516 5665 de
1545 5614 1665 5682 qui-
1754 5614 1948 5672 Euseb.
1989 5634 2043 5671 n.
2082 5612 2240 5672 2i89.

743 5682 859 5733 lam.
910 5680 997 5734 die
1020 5682 1087 5734 10
1110 5680 1245 5747 Jul.,
1270 5683 1536 5749 aliosque.
1586 5682 1664 5737 De

112 5720 383 5807 horrendis
1813 5752 2013 5825 (53.54)
2031 5750 2221 5807 Euseb.
2237 5749 2869 5822 inCIcr0nico,lib.post.,
2893 5766 3011 5820 pag.
3029 5748 3136 5803 ιιι
3187 5750 3319 5804 edit.
