3792 6218
94 264 218 321 “89
982 263 1281 322 NOTITIA.
1319 298 1384 308 -—
1412 264 1481 322 ll.
1522 268 1609 322 DE
1648 264 1959 326 SCRIPTIS
1994 270 2056 326 S.
2092 269 2480 329 MELITONIS.
3218 276 3358 333 non

1038 459 1045 465 7
1112 384 1139 456 §
1173 382 1239 438 ν.
1276 384 1545 440 Honorius
1573 404 1691 440 cum
1721 385 1946 442 Eusebio
1974 391 2328 446 contenditur.

152 495 438 555 Honorius
470 508 683 566 autem,
709 500 802 570 qui
835 514 960 554 saec.
991 515 1069 554 xu
1102 500 1613 569 Augustodunensis
1648 500 1847 556 claruit
1881 502 2186 575 presbyter,
2211 518 2337 559 eum
2362 520 2472 559 non
2501 504 2679 561 solum
2709 505 2914 571 omisit,
2942 520 3102 575 quem
3136 516 3190 561 et
3215 504 3340 562 Hic»-

90 604 371 661 ronymus,
403 591 557 659 Περὶ
590 594 828 661 φύσεως
864 592 1200 659 ἀνθρώπου,
1234 592 1470 659 librum;
1496 592 1587 648 sed

1859 608 1957 647 :rea
1992 594 2095 663 ipsi
2117 596 2294 650 adhuc
2325 597 2505 664 plures
2532 596 2767 663 reticuit,
2812 597 2950 664 Περὶ
2990 598 3356 666 Ἑκκλησίας

89 686 369 751 nimirum,
400 686 553 753 Περὶ
575 685 894 754 Κυριακῆς,
923 687 1062 754 Περὶ
1097 683 1398 751 πλάσεως,
1431 694 1487 740 et
1513 688 1586 738 Πε

1854 684 2033 752 μάτου
2059 686 2227 741 Θεοῦ.
2262 687 2551 758 Perperam
2591 690 2752 760 igitur
2784 689 3090 744 Halloixius
3130 695 3351 757 asserit,

88 794 231 843 eum,
265 787 472 847 praeter
496 778 656 831 illum
688 778 755 831 ab
779 776 1115 848 Hieronymo
1146 792 1257 832 non
1286 786 1771 833 commemoratum
1814 778 2013 832 librum
2042 819 2056 843 ,
2096 779 2339 834 Melitoni
2389 788 2602 833 tantum
2652 797 2820 834 unum
2848 781 3139 837 sustulisse
3164 824 3179 848 ,
3211 784 3350 852 Περὶ

84 866 439 936 ἐνσωμάτου
472 867 625 920 Θεοῦ
652 867 886 932 scilicet;
918 866 1062 935 quod
1096 865 1238 921 forte
1271 866 1394 921 ideo
1434 865 1638 922 factum
1666 866 1836 921 fuisse
1862 867 2119 937 conjicio,
2154 874 2300 939 quod
2332 870 2533 924 dubius
2564 870 2816 936 haeserit,
2847 874 3125 941 quomodo
3160 872 3353 928 Latine

86 961 268 1015 reddat
308 960 439 1014 libri
469 961 641 1030 hujus
662 957 1162 1029 titulum.lnsuper
1203 958 1442 1016 Eusebio
1488 974 1581 1028 sep

1856 975 1888 1014 0
1913 972 2260 1015 numeratum
2288 1004 2303 1029 ,
2347 963 2487 1030 Περὶ
2522 962 2799 1031 ὑπακοῆς
2839 965 3098 1033 πίστεως
3137 969 3352 1035 αἰσθη-

86 1055 328 1121 τηρίων,
369 1053 452 1107 De
488 1054 730 1108 sensibus
754 1062 963 1108 tantum
987 1052 1289 1122 inscripsit.

845 1167 872 1238 §
909 1165 991 1220 Vl.
1029 1165 1247 1221 Eusebii
1282 1177 1331 1221 et
1369 1165 1654 1237 Nicephori
1686 1167 1914 1239 catalogi
1950 1168 2170 1223 invicem
2198 1177 2595 1238 comparantur.

156 1284 502 1355 Nicephorus
528 1287 583 1340 in
616 1286 870 1341 omnibus
896 1285 1007 1341 fere
1034 1299 1158 1341 cum
1184 1285 1419 1342 Eusebio
1442 1287 1741 1356 conSpirat,
1774 1287 1877 1343 nisi
1904 1289 2051 1357 quod
2075 1304 2141 1343 ex
2165 1290 2356 1359 quinto
2392 1292 2472 1348 et.‘
2502 1297 2655 1344 sexto
2695 1306 2864 1345 unum
2907 1290 3153 1346 videatur
3214 1306 3347 1348 con-

84 1379 215 1432 ﬂare
239 1380 470 1445 librum,
499 1379 581 1432 ἔτι
613 1379 689 1443 δὲ,
722 1379 1040 1448 inquiens,o
1064 1381 1203 1447 Περὶ
1226 1380 1483 1446 πίστεως
1499 1381 1581 1438 dm

1851 1381 1931 1434 ιαὶ
1956 1380 2238 1449 πλάσεως
2282 1384 2380 1455 τὴν
2407 1384 2719 1455 ἐπιγραφὴν
2752 1385 2985 1456 εἰληφώς
3008 1427 3024 1451 ,
3068 1401 3168 1442 nec
3206 1388 3348 1442 male

85 1474 304 1541 forsan;
335 1474 485 1544 quod
513 1474 749 1543 septimo
774 1473 894 1527 loco
918 1473 1123 1528 dictum
1154 1472 1389 1528 Eusebio
1425 1475 1644 1541 librum,
1680 1490 1802 1530 cum
1832 1476 2159 1548 Hieronymo
2212 1487 2266 1533 et
2289 1476 2526 1545 RulIino,
2557 1479 2610 1533 in
2638 1479 2779 1534 duos
2801 1480 2986 1534 itidem
3012 1481 3341 1551 distinguat;

82 1569 340 1640 quodque
372 1578 638 1637 praeterea
664 1567 835 1621 libros
865 1568 1001 1634 Περὶ
1037 1568 1420 1636 προφητείας,
1443 1569 1579 1636 Περὶ

1849 1572 1979 1637 Ἰιις,
2013 1580 2066 1625 et
2086 1571 2287 1625 librum
2319 1570 2530 1626 Clavem
2555 1572 2760 1627 dictum
2792 1574 3046 1639 omittat,
3084 1574 3247 1644 idque
3279 1573 3346 1630 de

83 1661 356 1716 industria
378 1660 546 1727 forte,
574 1676 699 1714 nam
725 1674 914 1716 omnes
939 1676 1064 1715 eum
1091 1675 1375 1716 recensere
1396 1662 1634 1717 voluisse
1658 1662 1932 1718 Melitonis
1962 1664 2152 1727 libros,
2180 1664 2314 1718 mihi
2352 1679 2464 1719 non
2493 1664 2725 1720 videtur.

1117 1813 1145 1886 §
1172 1814 1278 1870 VH.
1312 1815 1585 1870 Trithemii
1611 1827 1659 1871 et
1694 1814 1907 1871 Eusebii
1938 1816 2175 1872 collatio.

148 1934 235 1988 Ad
263 1930 656 1999 Trithemium,
717 1932 1190 1989 Melitonianorum
1251 1936 1583 2006 scriptorum
1633 1935 1938 2006 catalogum
1982 1937 2437 2002 concinnantem,
2473 1936 2620 2005 quod
2653 1935 2868 2002 attinet,
2923 1933 3174 1991 instituta
3218 1950 3345 1993 cum

78 2023 320 2079 Eusebio
347 2024 665 2088 collatione,
687 2024 1038 2092 deprehendi,
1057 2041 1179 2080 eum
1214 2026 1476 2081 librorum
1504 2030 1575 2080 Πε

1850 2046 1914 2095 υς
1940 2026 2273 2095 ἀνθρώπου,
2317 2026 2459 2095 Περὶ
2505 2026 2653 2080 Θεοῦ
2693 2027 3058 2096 ἐνσωμάτου,
3094 2038 3147 2083 et
3181 2028 3347 2083 Ἀπο-

76 2118 292 2186 λογίας
324 2118 478 2185 πρὸς
535 2115 890 2169 Ἀντωνῖνον
933 2118 1138 2171 nullam
1172 2118 1418 2172 omnino
1467 2118 1573 2187 inje

1847 2120 2129 2186 :ntionem;
2178 2134 2302 2173 eum
2337 2119 2536 2173 librum
2575 2118 2715 2186 Περὶ
2762 2118 3038 2187 ὑπακοῆς
3086 2120 3344 2186 πίστεως

76 2211 483 2278 αἰσθητηρίων
512 2208 768 2263 divellere
812 2209 866 2263 in
901 2209 1082 2276 binos,
1112 2210 1187 2265 De
1217 2212 1455 2266 sensibus
1474 2253 1489 2278 ,
1521 2224 1573 2269 et

1870 2211 2263 2277 Undecimum,
2296 2212 2437 2280 Περὶ
2478 2211 2729 2277 κτίσεως
2764 2212 2863 2265 καὶ
2899 2213 3190 2282 γενέσεως
3214 2220 3345 2284 Χρι-

79 2302 253 2363 στοῦ,
280 2300 425 2355 dixit
455 2299 656 2354 saltem
686 2298 762 2355 De
787 2301 1114 2369 generatione
1137 2301 1375 2367 Christi;
1402 2312 1565 2373 atque
1602 2304 1657 2357 in
1688 2306 1789 2358 hoc
1827 2305 2050 2372 insuper
2080 2303 2204 2377 plus
2244 2303 2519 2372 peccavit,
2551 2302 2771 2372 partim,
2805 2308 2949 2373 quod
2980 2321 3079 2374 pro
3112 2305 3189 2360 De
3218 2308 3342 2376 pla-

80 2406 247 2451 smate
271 2412 441 2449 unum
474 2395 759 2464 scripserit
783 2394 858 2449 De
884 2395 1050 2464 lapsis
1080 2396 1173 2452 lib.
1202 2412 1241 2462 ι,
1268 2399 1488 2468 partim,
1515 2401 1658 2469 quod
1689 2401 1827 2454 inter
1858 2400 2062 2469 scripta
2091 2398 2363 2455 Melitonis
2394 2400 2594 2455 referat
2626 2397 2870 2466 Spurium
2907 2414 3046 2469 opus
3070 2400 3143 2454 De
3168 2411 3344 2457 trans-

80 2496 156 2546 itu
188 2495 400 2549 Mariae.
438 2492 489 2544 A
518 2506 651 2545 vero
703 2491 867 2561 igitur
898 2494 1136 2547 alienum
1161 2495 1357 2549 iterum
1383 2504 1467 2550 est
1496 2493 1748 2551 Halloixii
1776 2496 2067 2566 judicium,
2092 2495 2303 2562 eadem,
2343 2512 2463 2567 quae
2485 2491 2764 2549 Honorius
2795 2491 3340 2560 Augustodunensis,

82 2588 505 2657 pratermisisse
527 2585 929 2652 Trithemium;
966 2588 1127 2644 habet
1151 2590 1295 2644 enim
1327 2591 1468 2658 Περὶ
1500 2591 1579 2644 Ἑλ

1843 2612 1887 2659 ς,
1920 2591 2018 2644 καὶ
2045 2590 2179 2659 περὶ
2206 2591 2512 2660 Κυριακῆς
2539 2591 2735 2659 libros,
2766 2607 2906 2662 quos
2928 2588 3205 2646 Honorius
3232 2606 3340 2646 non

82 2684 254 2740 habet.
849 2751 877 2822 §
908 2750 1042 2806 Vill.
1085 2753 1226 2808 Sixti
1256 2753 1471 2810 Senens.
1503 2756 1729 2826 catalogi
1761 2773 1879 2810 cum
1908 2756 2210 2811 Eusebiano
2233 2758 2571 2814 assimilatio.

145 2907 371 2963 Minime
409 2906 662 2960 omnium
697 2917 948 2962 accurata
992 2916 1078 2963 est
1123 2909 1259 2964 Sixti
1311 2911 1557 2965 senensis
1588 2911 1849 2964 librorum
1883 2925 1914 2963 a
1946 2909 2200 2965 Melitone
2231 2911 2667 2980 conscriptorum
2715 2912 3086 2983 consignatio,
3136 2917 3341 2987 quippe

81 3017 198 3071 quae
220 3017 289 3055 ne
320 3009 581 3070 quartam
614 3000 832 3068 quidem
858 3017 1046 3055 eorum
1077 3013 1279 3071 partem
1309 3003 1541 3072 attingit,
1566 3003 1690 3057 licet
1725 3002 1860 3056 nihil
1887 3002 2145 3057 omisisse
2172 3002 2301 3057 velit
2325 3005 2511 3059 videri.
2530 3004 2775 3058 Meminit
2794 3006 2939 3059 enim
2967 3013 3340 3065 tantummodo

78 3103 441 3160 excerptorum
464 3131 479 3152 ,
521 3090 645 3144 libri
676 3090 752 3143 De
790 3090 899 3144 rita
942 3094 1342 3161 prophetarum,
1379 3092 1455 3146 De
1486 3094 1834 3162 Apocalypsi,
1862 3103 1913 3149 et
1959 3104 2218 3162 praeterea
2265 3095 2497 3150 duorum
2530 3098 2762 3153 aliorum
2785 3141 2799 3165 ,
2828 3100 2882 3153 in
2912 3100 3112 3171 quibus
3156 3110 3337 3157 tamen

80 3188 426 3243 recensendis
455 3186 695 3257 graviter
722 3187 1090 3243 hallucinatus
1119 3198 1222 3244 est.
1254 3186 1387 3242 Nam
1417 3204 1515 3258 pro
1547 3189 1577 3242 li

1840 3189 1851 3241 l
1883 3188 2229 3258 ἐνσωμάτου
2257 3190 2424 3255 Θεοῦ,
2457 3190 2590 3244 dicit
2616 3204 2739 3243 eum
2770 3190 3082 3259 scripsisse,
3117 3191 3171 3244 in
3203 3190 3337 3245 illud

80 3280 352 3336 Geneseos
401 3297 468 3336 ιι
542 3276 832 3334 Faciamus
887 3281 1179 3347 hominem,
1234 3281 1309 3336 De
1370 3282 1477 3335 Deo
1524 3283 1833 3350 incorporeo
1873 3282 2072 3336 librum
2119 3298 2319 3346 unum,
2364 3284 2510 3353 quod
2557 3283 2719 3351 plane
2755 3283 3031 3338 diversum
3073 3295 3233 3340 sonat
3267 3286 3338 3339 ab

80 3376 333 3433 Eusebio.
362 3376 574 3431 Deinde
613 3376 666 3429 in
702 3393 768 3431 eo
796 3392 1013 3447 quoque
1042 3387 1209 3441 errat,
1242 3377 1386 3447 quod
1420 3386 1646 3441 asserat,
1677 3377 1929 3432 Sardium
1961 3379 2276 3447 episcopum
2321 3378 2607 3447 scripsisse
2652 3377 2731 3431 De
2765 3378 3005 3449 catalogo
3037 3380 3336 3433 divinorum

80 3473 350 3541 utriusque
378 3469 702 3524 Testamenti
736 3470 1055 3525 voluminum
1085 3470 1150 3525 ad
1176 3470 1492 3525 Onesimum
1524 3470 1805 3539 epistolam
1839 3486 2024 3525 unam.
2056 3470 2155 3524 Ast
2184 3471 2275 3524 illa
2304 3470 2531 3540 epistola
2564 3470 2642 3524 nil
2665 3471 2809 3525 aliud
2830 3480 2932 3536 est,
2966 3488 3129 3541 quam
3148 3488 3333 3542 prom-

81 3564 247 3618 mium
278 3580 372 3619 sex
393 3564 932 3632 ἐκλογῶνιίιινοιιιιη,
952 3581 1090 3635 quos
1123 3581 1286 3634 supra
1308 3565 1555 3634 jamjam,
1584 3575 1949 3635 excerptorum
1977 3566 2786 3633 nomine,commemoraverat;
2807 3567 2935 3623 hinc
2963 3583 3074 3622 non
3105 3568 3336 3623 debebat

80 3660 324 3715 eamdem
361 3669 627 3728 tanquam
661 3675 859 3714 novum
889 3660 1110 3730 aliquod
1142 3661 1402 3730 scriptum
1437 3661 1664 3715 seorsim
1699 3676 2015 3727 recensere;
2049 3676 2149 3715 nec
2171 3661 2401 3716 debebat
2428 3674 2595 3731 porro
2623 3661 2826 3729 dicere,
2850 3665 3121 3734 utriusque
3150 3662 3334 3717 Testa-

82 3755 257 3820 menti,
284 3755 381 3809 sed
427 3753 627 3808 Veteris
660 3762 870 3808 tantum
911 3754 1231 3808 Testamenti
1267 3770 1332 3809 ex
1359 3770 1424 3809 eo
1454 3755 1598 3809 enim
1632 3754 1751 3809 solo
1772 3754 1923 3809 dedit
1952 3755 2220 3809 librorum
2243 3753 2635 3809 canonicorum
2659 3755 2992 3828 catalogum,
3018 3765 3079 3810 ut
3106 3769 3233 3810 mox
3264 3769 3331 3809 ex

81 3846 213 3915 ipsa,
242 3864 414 3918 quam
435 3846 692 3904 dedimus
722 3847 883 3917 infra,
914 3849 1160 3920 epistola:
1182 3850 1523 3919 inspectione
1548 3849 1829 3920 apparebit
1856 3850 1976 3904 luce
2007 3847 2310 3905 meridiana
2341 3847 2566 3905 clarius.

1347 4004 1375 4077 ᾗ
1406 4004 1498 4059 ΙΧ.
1560 4003 1794 4060 Sandius
1825 4015 2083 4095 notatur.7

151 4153 204 4213 Ti
220 4160 349 4215 ibus
378 4158 564 4214 adhuc
583 4157 764 4214 verbis
787 4173 1007 4224 moneo,
1036 4159 1285 4215 notitiam
1311 4176 1477 4230 quam
1509 4160 1576 4215 de
1604 4160 1862 4230 operibus
1888 4159 2162 4215 Melitonis
2192 4159 2340 4215 dedit
2367 4157 2693 4214 notissimus
2716 4156 2807 4212 ille
2824 4154 3142 4225 Christoph.
3167 4152 3329 4210 Chri-

76 4255 319 4324 stophori
359 4253 605 4309 Sandius
637 4253 749 4325 (85)
778 4254 1061 4309 confusam
1092 4271 1341 4326 prorsus,
1368 4273 1396 4313 a
1429 4272 1562 4311 vero
1592 4258 1850 4324 alienam,
1872 4267 1926 4312 et
1956 4258 2223 4322 absonam
2248 4271 2369 4313 esse
2398 4255 2567 4321 adeo,
2600 4264 2660 4310 ut
2685 4254 2958 4324 integrum
2985 4253 3091 4307 hoc
3115 4252 3183 4319 de
3207 4252 3328 4306 Me-

80 4351 242 4407 litone
272 4360 445 4422 caput
487 4366 647 4407 error
690 4362 965 4408 mereatur
993 4352 1124 4419 dici,
1157 4354 1211 4408 in
1260 4371 1370 4424 quo
1414 4371 1632 4411 summa
1675 4356 1803 4411 imis
1832 4364 1963 4410 sunt
2005 4355 2286 4425 permista.
2318 4353 2398 4408 Ex
2429 4366 2613 4424 ungue
2650 4350 2861 4406 leonem
2904 4358 2965 4405 ut
2996 4364 3228 4415 noscas,
3271 4348 3327 4401 id

83 4444 271 4498 saltem
305 4458 373 4499 ex
405 4457 475 4498 eo
509 4444 767 4510 referam,
796 4445 979 4499 omnia
1010 4443 1285 4502 Melitonis
1310 4461 1475 4517 opera
1504 4446 1722 4502 Gelasio
1747 4462 1902 4517 papae
1928 4461 2049 4502 esse
2081 4445 2411 4517 apocrypha.

294 4598 324 4671 ᾗ
356 4596 428 4653 Χ.
477 4598 564 4653 Au
594 4595 778 4653 Melita
807 4607 998 4669 preter
1026 4598 1188 4653 libros
1222 4597 1450 4654 Eusebio
1479 4607 1530 4654 et
1563 4598 1888 4669 Hieronymo
1930 4607 2398 4665 commemoratos,
2437 4597 2571 4651 alios
2603 4596 2775 4649 adhuc
2805 4595 3116 4664 scripserit?

144 4750 479 4823 Priusquam
520 4753 668 4808 circa
709 4748 956 4823 singulos
984 4752 1256 4808 editorum
1289 4768 1320 4808 a
1350 4752 1605 4808 Melitone
1633 4752 1897 4808 librorum
1933 4752 2122 4808 titulos
2158 4767 2283 4807 mea
2311 4751 2766 4820 eruditorumque
2793 4751 3076 4806 observata
3106 4748 3161 4803 in
3205 4764 3322 4803 mea

74 4847 221 4903 dium
251 4848 559 4920 proferam,
586 4862 768 4918 operte
799 4846 1033 4917 pretium
1068 4863 1156 4903 me
1186 4845 1462 4903 facturum
1492 4847 1677 4911 credo,
1711 4846 2069 4918 quaestionem
2099 4845 2425 4916 expendere,
2458 4860 2528 4900 an
2551 4845 2841 4926 Eusebius,
2866 4864 2935 4902 an
2960 4846 3322 4918 Hieronymus

75 4946 322 5000 omnium
351 4943 841 4999 Melitonianorum
868 4942 1201 5012 scriptorum
1220 4953 1474 4999 exactum
1503 4942 1716 4999 dederit
1738 4941 2044 5009 catalogum
2081 4940 2157 4994 ita
2201 4949 2263 4995 ut
2293 4949 2553 5010 praaterea
2587 4942 2726 4997 nihil
2757 4942 2903 4997 aliud
2933 4942 3129 4997 litteris
3161 4941 3324 4995 fuerit

74 5036 453 5107 consignatum
485 5051 518 5090 a
550 5033 859 5090 Sardiano?
906 5049 1086 5104 anque
1117 5043 1499 5104 argumentum
1524 5075 1539 5100 ,
1586 5034 1715 5103 quia
1742 5031 2032 5100 Eusebius,
2064 5033 2195 5103 quia
2241 5030 2611 5104 Hieronymus
2640 5049 2751 5090 non
2793 5035 3022 5101 habent,
3056 5032 3319 5095 suiliciat,

74 5141 261 5185 omnes
293 5128 541 5199 reliquos
577 5128 647 5182 ab
670 5127 793 5183 aliis
827 5127 967 5183 forte
1002 5127 1241 5183 Melitoni
1285 5128 1519 5184 tributos
1559 5129 1731 5185 libros
1766 5138 2029 5199 tanquam
2069 5129 2292 5198 spurios
2323 5129 2588 5199 rejicere‘l
2615 5127 2883 5184 Videntur
2918 5128 2973 5182 in
3014 5128 3154 5183 hanc
3190 5143 3318 5181 sen-

74 5224 293 5281 tentiam
322 5223 670 5295 prOpendere
697 5222 1001 5280 Halloixius
1024 5222 1500 5295 (84).Whistonus
1526 5222 1991 5294 (85),Baraterius
2017 5223 2471 5295 (86).Ceillierius
2493 5225 2860 5297 (87),aliique.
2887 5223 3147 5279 Veritatis
3169 5241 3320 5295 quae-

136 5374 249 5452 (85)
290 5378 535 5434 Sandius
567 5379 620 5432 in
640 5386 875 5452 tractatu
905 5378 990 5452 De
1005 5377 1274 5452 ueteribus
1296 5377 1641 5452 scriptoribus
1748 5380 1894 5450 nity,
1922 5379 2162 5452 and_the
2214 5379 2559 5452 Incarnation
2613 5380 2683 5452 o7]:
2700 5396 2799 5452 our
2842 5377 3006 5445 Lord,
3054 5387 3201 5433 tomo
3250 5378 3317 5432 ιν

70 5446 479 5513 ecclesiasticis,
531 5449 725 5503 nucleo
787 5463 887 5505 suo
941 5447 1198 5503 Historite
1239 5446 1639 5514 ecclesiasticae,
1749 5446 2446 5511 PrimaeviChristianismi,
2477 5465 2600 5517 pag.
2626 5446 2749 5502 1‘26.

70 5520 306 5587 praeﬁxo,
346 5535 475 5589 pag.
500 5518 592 5572 47.
732 5588 737 5589 7
860 5588 867 5589 7
928 5588 937 5589 7
1006 5588 1011 5589 7
1819 5518 1929 5588 (86)
1947 5518 2325 5572 Barateriusin
2343 5518 2725 5587 Disquisitione
2740 5517 3105 5589 ch_ronologica
3124 5518 3317 5571 desue-

132 5592 246 5661 (84)
286 5587 619 5661 Balleixius,
650 5588 765 5661 c.7l.
800 5588 893 5661 fol.
918 5588 1041 5644 854.
1116 5659 1126 5661 _
1189 5658 1200 5661 7
1285 5657 1325 5661 _
1370 5659 1381 5661 7
1420 5588 1441 5661 ξ
1520 5657 1533 5661 _
1590 5657 1599 5661 7
1746 5587 2371 5661 cessig7ne_an_tiquissirna
2399 5592 2757 5661 episcoporum
2778 5587 3003 5661 Roman.
3034 5604 3154 5659 pag.
3187 5589 3312 5640 2'20.

134 5656 246 5730 (85)
284 5660 549 5715 Wbiston
588 5660 645 5711 in
680 5659 765 5712 the
806 5659 1044 5712 Account
1065 5659 1127 5728 of
1158 5658 1240 5712 the
1276 5657 1640 5730 Faith_of_the
1816 5657 1932 5730 (8'7)_
1964 5657 2200 5730 Geillier,
2229 5656 2468 5730 Histoire
2483 5658 2740 5730 generale
2772 5658 2863 5711 des
2894 5656 3315 5730 auteurs'saeres

74 5727 163 5785 two
185 5727 303 5802 ﬁrst
337 5730 630 5796 centuries,
661 5730 970 5800 concerning
997 5730 1080 5784 the
1101 5727 1466 5783 ’ever-blessetl
1519 5727 1641 5782 Tri-
1743 5737 1795 5782 et
1827 5728 2264 5797 ecclésiastiques,
2292 5735 2427 5782 toni.
2458 5727 2525 5797 ll,
2551 5743 2671 5798 cap.
2699 5728 2753 5796 5,
2787 5744 2910 5799 pag.
2943 5727 3028 5783 78.
