3792 6218
464 229 590 288 tun
1491 221 1548 274 s.
1589 217 1847 273 Μειλτο
1884 217 2188 272 sanorum
2224 216 2625 273 EPISCOPLTS.
3570 215 3694 271 me,

447 341 571 394 dam
611 338 820 409 species
861 338 988 393 huic
1025 336 1270 408 opinioni
1310 338 1507 392 exinde.
1546 336 1797 406 aﬂ‘ulget,
1842 333 1990 404 quod
2038 332 2343 399 Eusebius,
2374 331 2664 389 recensitis
2697 333 2989 401 omnibus,
3024 350 3165 405 quos
3214 334 3386 389 modo
3425 335 3691 389 numeravi

449 436 639 495 libris,
670 435 853 490 dicat:
900 434 1023 486 Ἐπὶ
1056 434 1189 485 πᾶσι
1222 432 1317 485 καὶ
1352 432 1413 484 τὸ
1445 432 1582 503 πρὸς
1626 430 1943 483 Ἀντωνῖνον

2195 445 2231 479 ιν
2252 467 2266 489 ,
2301 445 2319 477 t
2352 438 2662 495 postremus
2695 426 2939 479 omnium
2986 437 3069 483 est
3115 427 3340 480 libellus
3373 424 3443 478 ad
3480 424 3692 491 impera-

452 540 623 583 torem
652 530 1019 593 Antoninum;
1052 544 1070 577 ι
1100 529 1379 597 quodque,
1398 526 1579 581 allatis
1602 525 1929 596 quibusdam
1958 524 2287 593 scriptorum
2323 521 2801 575 Melitonianorum
2822 518 3162 590 fragmentis,
3188 518 3294 573 sub
3327 519 3495 571 finem
3522 516 3693 583 capitis

450 621 523 675 ita
552 621 894 675 continenter
924 620 1119 675 subdat
1144 640 1156 674 :
1185 624 1294 676 Καὶ
1327 622 1394 677 τὰ
1430 622 1529 693 μὲν
1550 620 1866 683 Μελίτωνος
1898 636 1947 673 τε

2192 636 2209 667 ι
2233 626 2287 671 et
2310 617 2433 670 libri
2466 615 2688 685 quidem
2715 614 2987 669 Melilonis
3009 625 3085 670 tot
3109 622 3261 677 sunt,
3293 630 3313 663 ι
3347 611 3689 673 indicaturus.

450 732 509 770 se
540 731 733 770 omnes
769 731 1144 770 enumerasse.
1182 719 1354 774 Secus
1383 729 1565 772 tamen
1599 717 1729 770 mihi
1763 717 2010 780 videtur,
2040 715 2206 768 rebus
2238 714 2402 784 probe
2437 714 2742 782 perpensis.
2782 711 2983 766 Nullibi
3027 712 3171 766 enim
3202 707 3495 777 expressis
3533 706 3691 760 verbis

451 812 686 865 asseruit
716 811 982 865 Eusebius
1007 851 1021 873 ,
1055 827 1113 866 se
1142 814 1412 877 omnium,
1446 822 1717 883 quotquot
1759 810 1944 865 Melito
1970 825 2212 880 unquam
2242 809 2572 878 seripserat,
2598 807 2866 861 librorum
2905 810 3159 862 daturum
3201 821 3329 861 esse
3362 804 3689 873 eatalogum;

450 905 581 971 quin
623 905 804 973 potius
844 904 981 958 alios
1017 905 1160 959 forte
1206 906 1387 959 adhuc
1426 907 1494 957 ab
1534 903 1725 957 eodem
1765 910 2023 956 exaratos
2055 900 2224 954 fuisse
2254 897 2397 953 haud
2438 900 2671 953 obscure
2706 899 3056 966 significavit,
3088 901 3168 954 sic
3192 899 3425 953 ordiens
3448 899 3690 952 librorum

449 996 721 1052 Melitonis
745 1000 1051 1069 catalogum
1079 1018 1091 1053 :
1126 1001 1343 1054 Τούτων
1375 1001 1454 1063 εἰς
1485 999 1762 1070 ἡμετέραν
1794 998 1945 1067 γνῶσ

2196 1014 2258 1049 ἀι
2291 997 2358 1049 τὰ
2396 996 2836 1068 ὑποτεταγμένα,
2867 1016 2885 1047 t
2914 1013 2977 1051 ex
3016 995 3171 1048 libris
3204 1002 3397 1046 autem
3431 992 3693 1059 utriusque

448 1086 668 1143 illorum
708 1090 1016 1160 (Melitonis
1057 1092 1262 1145 scilicet
1292 1089 1733 1158 etApolhnaris)
1765 1090 1849 1153 hi,
1882 1103 2023 1158 quos
2062 1086 2202 1140 infra
2228 1088 2583 1154 subiecimus,
2610 1088 2676 1141 ad
2700 1097 2941 1142 nostram
2977 1087 3225 1141 notitiam
3268 1092 3647 1154 pervenerunt.
3673 1102 3688 1133 ι

450 1180 594 1235 Idem
638 1192 867 1236 testatur
898 1184 1076 1237 adhuc
1110 1182 1314 1235 clarius
1357 1179 1415 1233 S.
1446 1180 1809 1250 Hieronymus
1839 1178 1925 1234 his
1952 1179 2168 1233 verbis:
2204 1198 2221 1230 ι
2256 1177 2485 1250 Scripsit
2520 1196 2743 1250 quoque
2765 1190 2821 1235 et
2866 1182 2970 1234 alia
2996 1221 3010 1245 ,
3042 1180 3109 1233 de
3157 1178 3369 1245 quibus
3404 1176 3507 1229 ista
3562 1183 3691 1234 sunt,

448 1292 571 1345 qua:
606 1277 959 1346 subjecimus.
995 1296 1014 1326 ι
1058 1278 1307 1346 Cumque
1349 1286 1609 1347 pra-terea
1659 1278 1983 1331 Anastasius
2022 1274 2233 1330 Sinaita
2271 1277 2503 1331 duorum
2547 1277 2811 1341 aliorum,
2853 1276 3091 1331 Eusebio
3129 1286 3186 1329 et
3228 1275 3569 1345 Hieronymo
3598 1287 3690 1326 non

447 1383 913 1439 memoratarum,
945 1374 1209 1428 librorum
1254 1373 1587 1426 mentionem
1637 1371 1883 1440 injiciat,
1925 1376 1944 1425 ι

2198 1370 2454 1438 >κώσεως
2498 1372 2756 1441 Χριστοῦ
2804 1373 3011 1427 scilicet
3050 1373 3189 1441 (88),
3230 1370 3312 1423 De
3350 1369 3695 1422 incarnatione

447 1465 669 1532 Christi,
694 1476 747 1522 et
776 1468 971 1535 Λόγου
1002 1469 1089 1533 εις
1120 1466 1184 1518 τὸ
1215 1465 1411 1531 (Idam;
1444 1465 1701 1532 Χριστοῦ
1727 1464 1863 1533 (89),
1899 1463 2176 1518 Orationis
2205 1466 2261 1517 in
2291 1462 2602 1517 Passionem
2632 1462 2883 1527 Domini,
2915 1477 3143 1532 prorsus
3187 1476 3298 1514 non
3330 1460 3515 1521 video,
3547 1472 3695 1527 quan

447 1559 591 1614 inter
620 1560 857 1629 genuina
888 1557 1161 1613 Melitouis
1183 1571 1347 1625 opera
1378 1565 1433 1610 et
1463 1559 1562 1610 bos
1590 1571 1812 1625 quoque
1840 1555 2085 1625 recipere
2113 1556 2185 1609 sit
2213 1552 2577 1609 dubitandum
2603 1570 2618 1619 ;
2648 1554 2756 1608 nisi
2786 1554 2926 1607 forte
2956 1556 3112 1622 quis,
3143 1568 3212 1607 ex
3253 1552 3408 1606 malo
3440 1552 3495 1604 in
3527 1550 3693 1605 ortho-

446 1654 650 1708 doxam
689 1662 937 1708 nostram
971 1654 1129 1707 fidem
1163 1652 1371 1713 animo,
1418 1650 1717 1718 fragmenta
1742 1694 1755 1715 ,
1783 1666 1905 1721 qua:
1934 1666 2001 1705 ex
2037 1650 2105 1704 iis
2146 1650 2331 1704 attulit
2367 1650 2729 1713 Anastasius,
2778 1650 2944 1704 dubia
2987 1648 3119 1702 velit
3166 1647 3436 1709 reddere,
3480 1660 3691 1715 quorum

446 1747 680 1801 alterum
703 1746 989 1815 quantivis
1016 1746 1175 1815 pretii
1208 1746 1275 1800 de
1308 1747 1491 1800 divina
1526 1747 1730 1815 pariter
1758 1762 1822 1801 ac
1852 1746 2091 1799 humana
2110 1745 2315 1801 Christi
2343 1756 2537 1800 natura
2566 1746 2811 1801 continet
2841 1744 3239 1800 testimonium.
3268 1743 3497 1799 Eusebii
3527 1744 3693 1804 verba,

446 1843 649 1912 quibus
675 1843 902 1910 asserit,
931 1852 1011 1897 tot
1034 1858 1156 1897 esse
1184 1842 1457 1897 Melitonis
1494 1844 1721 1913 scripta,
1758 1843 2068 1914 horumque
2103 1854 2443 1914 postremum
2477 1844 2723 1897 omnium
2765 1858 2885 1897 esse
2925 1840 3280 1910 Apologiam,
3324 1839 3610 1894 commode
3640 1840 3695 1893 de

446 1941 605 1997 libris
634 1942 850 2009 saltem,
875 1941 970 2011 qui
1002 1941 1068 1996 ad
1094 1939 1217 2011 ejus
1252 1940 1504 1996 notitiam
1536 1948 1922 2010 pervenerunt,
1954 1956 2251 2009 possumus
2284 1948 2339 1995 et
2368 1939 2635 1995 debemus
2667 1937 3035 2009 interpretari.

1494 2093 1522 2166 ᾗ
1552 2093 1647 2149 XI.
1691 2092 1767 2149 De
1798 2093 2071 2149 Melitonir
2099 2094 2253 2149 libris
2278 2094 2342 2150 de
2368 2093 2652 2150 Paro/tate.

513 2250 621 2308 Sed
669 2266 800 2323 age,
841 2252 910 2307 de
949 2264 1063 2306 uno
1113 2250 1357 2306 alterove
1383 2248 1524 2305 libro
1581 2250 1861 2322 sigillatim
1894 2266 2041 2306 nunc
2065 2249 2374 2306 videamus.
2402 2250 2484 2307 Ad
2520 2252 2693 2307 libros
2728 2250 2802 2306 De
2836 2250 3093 2304 Pascliate
3125 2250 3275 2321 quod
3306 2250 3533 2315 attinet,
3556 2262 3694 2305 nota-

444 2357 571 2397 mus
597 2383 612 2406 ,
658 2343 1163 2397 deeantatissimam
1209 2341 1381 2406 illam,
1426 2341 1704 2413 prioribus
1740 2349 1861 2412 post
1894 2355 1943 2396 c.
1980 2360 2034 2397 η.
2067 2343 2284 2399 saeculis
2326 2343 2467 2398 inter
2501 2342 2800 2399 Eeclesiam
2829 2342 3161 2397 Orientalem
3198 2352 3252 2397 et
3302 2339 3689 2397 Oecideutalem

444 2450 643 2504 magno
674 2437 985 2488 animorum
1018 2434 1231 2488 fervore
1262 2434 1553 2503 agitatam,
1586 2434 2021 2489 controversiam
2062 2435 2129 2489 de
2177 2434 2265 2489 die
2314 2433 2631 2491 festivitatis
2680 2435 2992 2500 Paschatis,
3040 2436 3237 2487 horum
3290 2435 3689 2489 scribendorum

445 2530 794 2585 occasionem
826 2528 1303 2583 subministrasse.
1339 2526 1699 2593 Quaerebatur
1762 2530 2007 2597 scilicet,
2054 2544 2123 2583 an
2159 2530 2385 2599 praecise
2415 2546 2541 2585 cum
2583 2528 2806 2595 Iudaeis,
2871 2530 2959 2585 die
3013 2532 3079 2585 14
3138 2533 3361 2586 mensis
3403 2530 3600 2596 Nisan,
3647 2530 3690 2584 in

446 2641 834 2696 quemcunque
860 2625 1217 2680 hebdomadis
1242 2624 1386 2677 diem
1423 2623 1513 2679 ille
1544 2624 1839 2692 incideret;
1876 2641 1942 2679 an
1972 2640 2103 2680 vero
2133 2627 2286 2680 nullo
2312 2628 2442 2693 alio,
2478 2643 2641 2698 quam
2671 2629 2801 2683 solis
2831 2628 2939 2693 die,
2968 2629 3019 2682 in
3054 2631 3389 2684 memoriam
3420 2629 3694 2685 Dominicm

445 2717 912 2781 resurrectionis,
949 2730 1107 2771 sacra
1151 2714 1432 2784 paschalia
1473 2714 1585 2769 sint
1628 2716 1979 2771 celebranda.
2032 2714 2281 2772 Priorem
2331 2719 2555 2774 modum
2604 2720 2975 2789 sequebantur
3003 2721 3263 2775 Asiaticae
3306 2733 3364 2777 et
3412 2723 3697 2777 Orientales

447 2809 740 2875 Ecclesiaa;
777 2819 833 2864 at
864 2809 956 2878 qui
993 2807 1181 2863 Roma:
1208 2819 1263 2863 et
1309 2809 1363 2863 in
1397 2809 1519 2863 aliis
1552 2811 1869 2881 regionibus
1913 2814 1981 2867 ad
2028 2813 2161 2868 solis
2200 2828 2460 2869 occasum
2510 2816 2631 2872 sitis
2669 2815 2947 2870 Christum
2980 2799 3275 2882 colebant,
3323 2821 3689 2887 posteriorem.

446 2899 676 2972 Utrique
717 2902 1043 2971 apostolicas
1089 2901 1357 2964 urgebant
1394 2902 1743 2970 traditiones;
1778 2904 1854 2958 illi
1889 2920 1949 2959 se
1974 2910 2428 2963 consuetudinem
2469 2924 2624 2963 suam
2650 2912 2925 2980 accepisse
2951 2926 2979 2964 a
3012 2909 3069 2964 S.
3104 2910 3322 2967 Joanne
3359 2921 3416 2967 et
3464 2911 3695 2982 Philippo

445 2994 735 3062 dicebant;
771 2995 828 3048 hi
860 3009 992 3049 vero
1025 2996 1092 3049 ad
1124 2993 1340 3086 Petrum
1370 3006 1425 3051 et
1458 2996 1687 3052 Paulum
1719 3001 2110 3069 provocabant.
2141 3003 2328 3074 Neque
2351 3006 2420 3059 ab
2449 3006 2605 3059 initio
2635 3006 2749 3060 hzec
2772 3004 3063 3061 diversitas
3089 2996 3436 3062 discordiam
3472 3011 3694 3077 peperit,

448 3091 543 3144 sed
577 3092 831 3161 quzclihet
862 3089 1105 3148 Ecclesia
1134 3093 1187 3147 in
1221 3093 1327 3148 ritu
1365 3093 1471 3150 hoc
1517 3096 1817 3166 adiaphoro
1845 3112 1944 3152 sua
1989 3100 2246 3154 utebatur
2275 3102 2545 3155 libertate.
2586 3101 2819 3156 lreumus
2848 3102 2960 3171 (90)
2998 3099 3181 3164 refert,
3221 3097 3281 3153 S.
3328 3098 3699 3171 Polycarptlll,

449 3184 681 3239 Romam
728 3185 1058 3255 profectum,
1088 3186 1228 3243 inter
1257 3189 1363 3244 alia
1406 3205 1531 3245 cum
1563 3191 1812 3257 Aniccto,
1846 3203 1979 3247 tunc
2025 3192 2276 3250 Romano
2314 3197 2545 3266 praesule
2571 3238 2587 3260 ,
2644 3198 2710 3252 dc
2757 3207 3000 3267 tempore
3038 3194 3331 3251 Paschalis
3384 3196 3698 3266 colloquium

451 3282 781 3347 instituisse,
822 3284 917 3338 sed
960 3295 1213 3339 neutrum
1247 3288 1493 3355 potuisse
1524 3288 1682 3342 alteri
1720 3291 2072 3359 persuadere,
2119 3300 2179 3345 ut
2229 3307 2257 3344 a
2307 3292 2541 3363 pristino
2588 3307 2740 3347 more
2793 3290 3099 3353 recederet,
3133 3288 3504 3343 nihilominus
3534 3299 3698 3342 tamen

451 3374 594 3428 inter
628 3384 924 3446 utrumque
956 3392 1143 3446 pacem
1174 3390 1556 3435 conservatam
1593 3379 1785 3437 fuisse.
1812 3382 2087 3439 Melitonis
2113 3394 2273 3439 actate
2304 3386 2355 3438 in
2387 3384 2695 3440 Laodicena
2725 3384 2989 3446 Ecclesia,
3022 3380 3241 3436 sublato
3268 3397 3367 3450 per
3394 3380 3700 3450 martyrium

453 3466 646 3538 Sagari
682 3468 829 3523 sedis
872 3469 1038 3539 hujus
1076 3471 1354 3542 episcopo,
1390 3482 1447 3528 et
1484 3474 1907 3530 succedentibus
1942 3475 2085 3538 aliis,
2118 3477 2211 3546 qui
2256 3477 2651 3531 occidentalem
2680 3476 3131 3530 consuetudinem
3164 3477 3518 3530 introducere
3547 3489 3705 3529 cona-

453 3558 675 3626 bantur,
712 3562 815 3616 hac
838 3561 905 3616 de
932 3576 1098 3616 causa
1139 3562 1305 3617 etiam
1338 3564 1730 3619 exoriebantur
1754 3565 2153 3622 dissensiones.
2196 3567 2580 3636 Interpouehat
2623 3568 2789 3638 igitur
2817 3581 2913 3621 sua
2963 3568 3138 3621 ollicia
3174 3576 3393 3627 noster,
3423 3579 3583 3633 atque
3615 3565 3704 3616 hac

446 3657 737 3741 occasione
758 3656 942 3720 binos,
969 3655 1262 3713 festinante
1292 3659 1527 3725 calamo,
1554 3669 1613 3713 ut
1638 3660 1715 3714 ait
1740 3658 2010 3715 Eusebius
2035 3661 2171 3731 (91),
2200 3663 2448 3716 exaravit
2477 3664 2666 3729 libros,
2693 3663 2746 3717 in
2773 3663 2975 3733 quibus
3005 3659 3212 3721 docuit.
3236 3674 3396 3711 suam
3420 3658 3704 3725 unicuique

450 3747 710 3802 Ecclesize
744 3749 1197 3803 consuetudinem
1240 3765 1363 3806 esse
1390 3752 1753 3817 retinendam,
1785 3751 2111 3822 Paschaque
2143 3752 2229 3806 die
2260 3753 2325 3806 Η
2356 3768 2421 3806 ex
2452 3754 2711 3823 antiquo,
2751 3768 2874 3807 esse
2909 3748 3334 3804 celebrandum.
3375 3744 3469 3799 Sic
3496 3746 3703 3800 diremit

447 3856 669 3893 omnem
705 3842 1166 3903 controversiam,
1197 3854 1231 3894 o
1266 3840 1447 3896 felicia
1473 3843 1573 3897 ista
1607 3844 1883 3913 tempora!
1915 3843 2105 3911 sicque
2136 3842 2397 3897 Ecclesiae
2427 3860 2616 3914 pacem
2649 3843 2898 3898 reddidit.
2932 3842 3010 3895 lta
3043 3839 3213 3897 refert
3246 3839 3561 3910 Polycrates
3597 3838 3699 3905 (92}

450 3936 507 3990 in
544 3936 787 4007 Epistola
818 3938 1072 4007 synodica
1104 3938 1172 3991 ad
1219 3938 1481 3993 Victorem
1504 3980 1519 4004 ,
1550 3940 1709 4010 cujus
1739 3950 1898 3995 aetate
1931 3956 2181 4011 ausuque
2208 3939 2445 3996 nefando
2482 3942 2595 3995 haec
2636 3942 2816 3995 denuo
2851 3942 3127 3995 recruduit
3175 3940 3576 3999 controversia,
3618 3938 3698 3990 diu

450 4043 639 4101 postea
682 4048 880 4102 magna
920 4034 1230 4088 animorum
1259 4036 1609 4090 contentione
1640 4037 1868 4107 agitata,
1896 4052 1996 4091 nec
2033 4046 2157 4090 ante
2199 4037 2467 4108 synodum
2496 4035 2772 4091 Nicmnam
2804 4036 3000 4105 sopita.
3033 4035 3313 4090 Illelitonis
3347 4036 3424 4089 De
3455 4035 3701 4087 Paschal:

450 4145 592 4199 opus
636 4128 904 4183 Clementi
952 4130 1324 4184 Alexandrino
1367 4133 1719 4200 postmodum
1755 4134 2102 4189 occasionem
2151 4133 2420 4203 praebuit,
2455 4142 2514 4186 ut
2544 4133 2657 4202 ipse
2704 4145 2925 4200 quoque
2970 4133 3351 4186 conscriberet
3393 4132 3587 4185 librum
3637 4129 3699 4180 De

455 4218 738 4285 Paschate,
776 4222 833 4274 in
866 4236 978 4291 quo
1010 4222 1368 4278 honoriﬁcam
1402 4222 1739 4279 Meliloniani
1784 4228 1967 4302 Operis
2000 4226 2189 4294 injecit,
2236 4226 2565 4279 mentionem
2587 4266 2600 4287 ,
2639 4234 2699 4277 ut
2728 4224 2892 4277 tradit
2937 4222 3207 4277 Eusebius
3238 4223 3394 4293 (95);
3429 4222 3624 4276 Τούτου
3652 4220 3701 4272 δὲ

452 4320 543 4375 τοῦ
577 4320 760 4389 λόγου,
784 4320 1059 4390 inquiens,
1085 4322 1360 4393 μέμνηται
1392 4322 1624 4394 Κλήμης
1655 4326 1684 4377 ὁ
1712 4323 2091 4395 Ἀλεξανδρεὺς
2124 4325 2181 4376 ὲν
2218 4323 2333 4392 ἰδίῳ
2366 4323 2503 4390 Περὶ
2554 4323 2657 4376 τοῦ
2677 4321 2895 4390 Πάσχα
2914 4315 3153 4386 λόγῳ,ὃν
3186 4316 3249 4380 ἐξ
3280 4317 3462 4379 αἰτίας
3494 4316 3588 4386 τῆς
3618 4313 3699 4366 τοῦ

452 4415 763 4479 Μελίτωνος
795 4417 1014 4487 γραφῆς
1048 4417 1212 4488 φησὶν
1244 4418 1437 4470 ἑαυτὸν
1469 4418 1750 4484 συντάξαι.
1783 4438 1800 4469 t
1833 4418 1949 4487 Ilujl

2200 4434 2217 4470 t
2250 4418 2371 4471 libri
2406 4418 2735 4471 mentionem
2770 4416 2899 4470 facit
2934 4416 3184 4469 Clemens
3211 4414 3617 4468 Alexandrinus
3652 4415 3697 4463 in

448 4524 616 4579 opere
646 4524 748 4563 suo
778 4509 844 4561 de
870 4507 1153 4562 Paschate.
1189 4508 1345 4575 Quod
1376 4510 1597 4579 quidem
1634 4521 1692 4563 ut
1728 4511 2122 4573 conscriberet,
2158 4509 2431 4565 Mclitonis
2462 4510 2663 4563 librum
2695 4525 2918 4563 causam
2944 4508 3044 4561 sibi
3076 4508 3384 4576 prmbuisse
3416 4516 3654 4560 testatur.
3679 4523 3695 4553 ι

450 4596 762 4668 Utrumque
793 4608 973 4653 tamen
1004 4617 1143 4670 opus
1173 4602 1364 4669 periit,
1390 4610 1444 4655 et
1467 4603 1533 4656 de
1562 4602 1912 4656 Melitoniano
1951 4613 2204 4672 superest
2240 4601 2619 4657 tantummodo
2654 4618 2878 4671 parvqu
2910 4600 3300 4671 fragmentum,
3345 4601 3493 4671 quod
3535 4608 3701 4669 poste-

451 4691 597 4745 ritati
628 4692 871 4746 servavit
903 4691 1191 4760 Eusebius,
1230 4692 1371 4747 infra
1402 4693 1796 4748 exhibendum.

1350 4849 1376 4919 ᾗ
1408 4848 1523 4903 ΧΠ.
1570 4849 1646 4903 De
1681 4849 1816 4903 libro
1845 4849 1983 4921 Περὶ
2017 4848 2291 4913 πολιτείας
2333 4850 2428 4905 καὶ
2468 4851 2787 4922 προφητῶν.

520 5001 678 5058 Circa
708 5003 937 5058 alterum
966 5001 1238 5058 Melitonis
1261 5004 1528 5067 libellum,
1557 4984 1709 5074 quod
1731 5003 1790 5057 τὸ
1822 5004 1962 5072 Περὶ
1989 5019 2017 5056 a

2199 5005 2295 5070 [ac
2333 5005 2432 5058 καὶ
2463 5005 2783 5074 προφητῶν
2821 5005 3175 5069 inscribitur,
3207 5009 3541 5071 tenendum,
3580 5022 3696 5059 nou-

451 5096 631 5152 nullos
671 5096 888 5152 codices
918 5110 1082 5151 manu
1108 5106 1391 5161 exaratos,
1419 5111 1559 5166 quos
1584 5094 1859 5159 Valesius,
1887 5095 1942 5149 in
1973 5096 2121 5149 notis
2155 5096 2222 5149 ad
2266 5094 2467 5152 Euseb.
2502 5098 2786 5161 nominat,
2826 5097 3002 5166 legere
3061 5098 3128 5150 τὰ
3168 5098 3314 5166 Περὶ
3356 5112 3422 5153 π.
3469 5117 3521 5149 κ.
3556 5114 3597 5149 π
3644 5109 3695 5145 ar

523 5255 634 5326 (88)
672 5256 927 5310 Auastas.
978 5254 1220 5320 Sinaita,
1262 5256 1315 5308 in
1352 5253 1585 5325 Ὀδηγῷ,
1622 5270 1743 5323 cap.
1781 5254 1867 5319 13,
1897 5270 2022 5324 pag.
2206 5255 2321 5323 ('92)
2361 5255 2514 5325 Apud
2560 5253 2761 5309 Euseb.
2800 5253 2941 5326 Hist.
2987 5257 3206 5326 πεζοι,
3248 5254 3344 5309 lib.
3382 5271 3434 5315 v,
3468 5268 3582 5326 cap.
3620 5247 3691 5299 2η-

450 5322 575 5381 258.
617 5322 624 5326 ’
1464 5322 1497 5325 ’⁷
1532 5322 1540 5324 ἡ
1595 5392 1604 5394 4
1692 5322 1705 5323 ί
1900 5322 1913 5324 ⁷
1974 5322 1988 5324 ’
2133 5322 2373 5393 Ceillicr,
2412 5322 2523 5380 'cit.
2560 5328 2697 5379 libro
2734 5342 2853 5394 pag.
2890 5325 2990 5379 75:
3027 5346 3043 5373 ι
3078 5324 3215 5379 Mais
3248 5341 3342 5379 ces
3372 5327 3506 5377 deux
3553 5322 3693 5373 Ιίγτοικ

523 5397 635 5463 (89)
674 5395 843 5459 ldem,
876 5395 1031 5458 ibid.,
1061 5411 1181 5464 cap.
1218 5396 1284 5447 l9.
1306 5436 1319 5455 ,
1353 5410 1476 5465 pag.
1507 5392 1632 5447 216.
1672 5438 1679 5443 .
1922 5464 1953 5465 ﬁ
2132 5406 2258 5450 sont,
2292 5392 2508 5465 pcrdus,
2555 5408 2609 5450 et
2632 5392 2768 5449 nouis
2789 5392 2908 5448 n‘en
2933 5410 3167 5459 scavous
3214 5405 3376 5448 autre
3402 5396 3564 5465 chose.
3585 5433 3599 5454 ,
3629 5402 3691 5464 st-

527 5468 638 5535 (90)
681 5467 917 5522 lrenzeus
951 5468 1005 5519 in
1036 5463 1279 5533 Epistota
1315 5466 1383 5517 ad
1429 5463 1708 5536 Victorem,
1744 5465 1884 5535 apud
1915 5464 2027 5520 Eu-
2132 5482 2241 5520 non
2280 5463 2386 5536 que
2416 5468 2463 5519 le
2508 5467 2666 5520 Saint
2694 5467 2898 5521 suivoit
2943 5467 2990 5518 la
3024 5467 3278 5533 pratique
3315 5467 3385 5519 de
3418 5464 3593 5526 I‘Asie,
3633 5463 3690 5509 ου

452 5537 566 5591 seh.
597 5537 801 5607 Histor.
834 5537 1044 5598 eccles.,
1074 5537 1168 5607 lib.
1201 5554 1254 5598 v,
1282 5550 1401 5602 cap.
1437 5535 1523 5607 τη
1618 5606 1631 5607 7
1744 5605 1751 5607 Α
2131 5537 2238 5590 l‘on
2272 5535 2531 5591 rclébroit
2562 5538 2745 5607 Paque
2777 5538 2825 5591 le
2857 5536 2921 5589 Μ
2948 5538 3014 5589 de
3042 5537 3091 5590 la
3127 5536 3277 5590 lune.
3300 5554 3320 5585 ι

494 5608 636 5700 Filii)
678 5606 877 5663 Euseb.
904 5623 954 5662 c.
980 5606 1015 5659 ι.
1043 5616 1097 5661 et
1125 5604 1487 5675 Hieronymus
1515 5605 1567 5659 in
1598 5605 1871 5677 Catalogo,
1899 5622 2017 5675 cap.
2204 5608 2317 5680 (95)
2360 5609 2557 5663 Euseb.
2591 5604 2686 5663 cit.
2722 5608 2822 5660 loc.

452 5675 541 5728 45.
