3792 6218
132 331 263 389 1197
1024 331 1321 391 NOTITIA.
1353 369 1419 379 —
1444 337 1510 395 Il.
1547 336 1629 395 DE

1895 340 1993 396 l‘lS
2035 342 2091 397 S.
2131 340 2522 399 MELITONIS.
3256 352 3392 410 H98

128 453 357 507 omnino
390 466 511 508 non
542 454 723 517 video,
756 469 926 525 quare
956 455 1181 511 alteram
1209 458 1465 527 praeferre
1492 461 1723 516 velimus
1748 462 2059 530 lectionem,
2091 454 2212 534 quae
2241 464 2466 535 insuper
2491 464 2544 518 in
2574 464 2773 521 mendo
2806 466 2985 524 adhuc
3007 468 3237 537 iaceret.
3264 487 3389 526 nam

128 555 233 595 non
282 543 520 599 deberet
566 560 687 599 esse
714 540 773 614 ἦ,
808 547 900 600 sed
941 548 1038 599 καὶ
1070 550 1233 614 νοός,
1262 560 1320 605 ut
1352 554 1510 605 recte'
1536 552 1844 607 observavit
1890 554 2213 610 Whistonus
2246 557 2381 627 (10).
2426 555 2766 626 Caeteroquin
2799 557 2975 614 eidem
3012 561 3391 618 eruditissimo

127 631 301 695 Anglo
330 632 525 687 dicant
561 649 726 689 :cum
760 637 816 692 S.
851 634 917 691 Β.
952 637 1154 694 Wollio
1183 643 1295 711 (11)
1323 642 1589 697 noluerim
1629 643 1889 710 scribere,
1930 644 2054 699 ideo
2080 646 2225 714 quod
2250 645 2516 715 triplicem
2556 646 2716 702 istam
2762 649 3002 706 hominis
3041 652 3394 717 divisionem.

125 740 289 795 quam
322 733 519 780 tamen
551 742 654 782 nec
684 728 799 796 ipse
822 730 1038 798 probat,
1073 732 1216 787 inter
1246 733 1611 800 Christianos,
1636 736 1730 805 qui
1762 736 1961 791 saeculo
1988 737 2166 807 primo
2194 746 2248 791 et
2275 738 2513 792 secundo
2542 739 2796 804 vixerint,
2820 740 3126 798 obtinuisse
3146 756 3389 815 asserat;

125 816 247 871 licet
290 816 555 872 eamdem
600 834 665 874 ex
706 818 977 878 Melitonis
1027 825 1167 879 libro
1211 827 1658 896 probari'posse,
1692 838 2008 884 constanter
2044 846 2257 897 negem.
2294 830 2574 886 Platonica
2623 847 2753 887 sane
2802 834 3144 905 philosophia
3176 848 3393 896 mature

127 907 259 999 satis
287 923 319 962 a
346 908 617 966 Patribus
644 912 745 966 fuit
771 913 1062 982 adoptata;
1093 915 1542 988 Platonicamque
1568 919 1709 973 hanc
1735 920 1974 973 hominis
2000 919 2321 975 divisionem
2350 921 2568 976 admisit
2583 922 2809 992 jamjam
2839 923 2996 980 Philo
3020 926 3155 996 (12),
3184 943 3250 982 ex
3280 944 3392 999 quo

126 994 315 1053 Patres
348 1000 603 1082 primmvi
632 1000 746 1058 fere
774 1019 963 1059 omnes
1010 1008 1246 1076 sapiunt.
1282 1010 1517 1063 lrcnazus
1552 1010 1663 1081 (15)
1694 1021 1838 1066 certe
1871 1011 2251 1067 disertissimis
2293 1014 2476 1068 verbis
2516 1014 2652 1068 dixit
2678 1034 2690 1068 :
2714 1033 2734 1067 ‹
2767 1014 2892 1072 Tria
2927 994 3146 1072 suntex
3186 994 3390 1090 quibus

128 1090 409 1160 perfectus
448 1094 618 1149 homo
653 1104 889 1163 constat,
912 1113 1097 1163 carne,
1128 1101 1332 1165 anima,
1360 1103 1576 1171 spiritu.
1604 1122 1623 1152 ι
1668 1101 1979 1169 Rationem,
2016 1120 2185 1173 quare
2217 1104 2399 1159 forsan
2431 1106 2517 1160 hic
2556 1104 2827 1163 Melitouis
2858 1108 2997 1163 liber
3023 1111 3106 1164 vel
3144 1112 3389 1181 perierit,

123 1184 203 1238 vel
228 1199 577 1254 suppressus
615 1184 798 1253 fuerit,
832 1205 938 1243 non
971 1192 1129 1256 meis,
1164 1195 1255 1247 sed
1302 1194 1590 1250 clarissimi
1630 1195 1860 1249 editoris
1889 1193 2150 1261 Nemcsii,
2179 1198 2362 1251 verbis
2400 1198 2582 1251 discas
2612 1197 2807 1265 velim;
2836 1215 2957 1269 quae
2985 1216 3053 1255 an
3089 1204 3283 1269 valeat,
3312 1208 3391 1260 uti

124 1276 301 1331 valere
331 1276 561 1331 videtur
601 1277 913 1347 Whistono,
949 1282 1066 1351 ipse
1095 1283 1392 1352 judicabis,
1426 1285 1685 1341 benevole
1716 1287 1904 1341 lector.
1938 1286 2016 1341 lta
2048 1296 2227 1343 autem
2261 1289 2350 1342 ille
2377 1290 2489 1359 (14)
2515 1308 2528 1342 :
2552 1287 2844 1360 Postquam
2887 1293 3030 1346 enim
3068 1293 3391 1364 Apollinarii

122 1376 170 1421 et
201 1368 379 1437 ipsius
412 1371 736 1440 sequacium
770 1372 1154 1430 Dimeritarum
1188 1377 1456 1433 incrcbttit
1484 1380 1701 1450 dogma,
1737 1381 1830 1450 qui
1855 1380 2145 1435 Dominum
2179 1391 2428 1437 nostrum
2453 1398 2519 1436 ex
2550 1383 2725 1437 tribus
2750 1387 2992 1453 partibus
3026 1390 3389 1447 constitutum

122 1462 474 1529 asserebant,
504 1464 567 1516 ἐκ
590 1466 805 1537 σαρκὸς,
837 1469 931 1521 καὶ
951 1468 1149 1539 ψυχῆς,
1183 1472 1278 1525 καὶ
1310 1472 1560 1544 θεότητος
1585 1475 1619 1526 ἀ

1892 1474 1934 1527 ὤ
1960 1474 2271 1546 (Epiphanii
2303 1484 2432 1531 sunt
2461 1476 2647 1541 verba,
2679 1492 2800 1545 pag.
2833 1476 3015 1541 lOlG).
3048 1494 3159 1548 quo
3185 1484 3389 1538 certius

122 1568 211 1608 eos
249 1554 615 1625 proﬂigarent
638 1559 946 1627 orthodoxi,
978 1563 1234 1633 deinceps
1263 1576 1492 1634 receptae
1530 1567 1683 1635 prius
1721 1568 2003 1621 sententiae
2027 1568 2093 1622 de
2122 1568 2299 1621 tribus
2328 1568 2525 1621 anima:
2554 1567 2801 1636 partibus
2834 1569 3233 1634 valedixerunt,
3264 1571 3391 1628 licet

121 1647 187 1701 ab
216 1647 477 1717 Apostoli
526 1651 726 1714 verbis,
760 1651 999 1710 lTbess.
1030 1672 1084 1722 ν,
1124 1658 1215 1722 25,
1248 1659 1648 1715 ﬁrmamentum
1700 1661 1805 1715 sibi
1850 1675 2106 1729 arrogare
2135 1661 2414 1727 videatur;
2444 1673 2497 1715 et
2534 1660 2751 1715 demum
2800 1661 3067 1716 haereseos
3099 1661 3389 1732 cujusdam

122 1741 259 1807 apud
311 1750 577 1808 posteros
620 1746 1020 1815 arcessebatur,
1048 1751 1286 1805 animam
1312 1768 1339 1805 a
1376 1753 1572 1822 spiritu
1617 1754 2132 1809 secernere:simili
2181 1754 2340 1823 plane
2386 1754 2521 1823 lege,
2569 1735 2916 1823 qua‘mersio
2952 1755 3005 1807 in
3037 1755 3387 1825 baptismate,

121 1845 261 1885 nunc
298 1833 476 1899 trina,
510 1835 635 1889 dein
674 1852 803 1905 una,
829 1839 1009 1895 denuo
1037 1851 1090 1897 et
1121 1844 1262 1899 trina
1306 1845 1529 1915 placuit,
1558 1862 1657 1915 pro
1697 1848 2013 1917 dogmatum
2053 1848 2336 1911 varietate,
2371 1859 2493 1917 quae
2535 1843 2833 1900 Ecclesiam
2873 1846 3107 1902 subinde
3149 1847 3388 1903 lacesse-

123 1921 264 1979 bant.
288 1922 587 1983 Hactenus
612 1928 945 1987 Cistriensis.

951 2002 978 2074 ς
1007 2003 1169 2058 XVII.
1210 2005 1284 2061 De
1314 2007 1451 2062 libro
1490 2009 1626 2079 Περὶ
1656 2010 1885 2074 κτίσεως
1916 2010 2008 2063 καὶ
2032 2009 2297 2078 γενέσεως
2322 2006 2579 2078 Χριστοῦ.

180 2107 375 2176 Quoad
400 2110 607 2166 librum
632 2112 916 2170 undecimo
950 2117 1053 2171 sub
1080 2117 1237 2173 titulo
1262 2118 1401 2186 Περὶ
1431 2120 1677 2186 κτίσεως

1888 2120 2123 2187 ῖνέσεως
2153 2122 2429 2189 Χριστοῦ,
2458 2122 2534 2178 De
2552 2122 2767 2176 conditu
2793 2131 2843 2177 et
2874 2120 3207 2193 generatione
3230 2120 3385 2177 Chri-

120 2203 185 2255 sti
213 2215 741 2274 commemoratum,
770 2208 1064 2265 observare
1092 2211 1271 2277 liceat,
1303 2212 1585 2283 vulgarem
1632 2214 1922 2269 lectionem
1956 2214 2009 2268 in
2038 2212 2373 2269 editionibus
2410 2213 2735 2271 Eusebianis
2764 2230 2909 2282 esse,
2955 2213 3094 2282 Περὶ
3124 2215 3386 2282 πίστεως

120 2298 209 2350 καὶ
242 2298 570 2367 γενέσεως,
599 2315 761 2370 quam
789 2312 842 2356 et
879 2303 1122 2361 Bullinus
1153 2306 1423 2375 sequitur,
1460 2308 1556 2377 qui
1585 2307 1825 2378 insuper,
1852 2319 2041 2364 contra
2068 2307 2239 2364 Greeci
2265 2310 2535 2365 sermonis
2569 2308 2823 2377 formam,
2855 2308 2994 2364 duos
3016 2308 3284 2373 diversos,
3313 2321 3380 2361 ex

120 2392 275 2445 unico
303 2392 435 2459 hoc,
478 2393 607 2448 fecit
639 2395 829 2451 libros.
868 2396 925 2450 ln
950 2397 1156 2451 codice.
1187 2406 1368 2451 tamen
1398 2390 2170 2465 Mazar.,Medic.,Fuketiano,
2203 2409 2257 2455 et
2294 2400 2436 2470 apud
2469 2398 2838 2469 Nicephorum
2875 2398 3072 2471 legitur
3093 2399 3233 2468 Περὶ
3260 2398 3387 2455 xtl-

119 2499 260 2551 σεως
288 2488 392 2540 καὶ
422 2486 720 2557 γενέσεως
748 2489 1006 2557 Χριστοῦ
1026 2530 1041 2556 ,
1074 2504 1240 2559 quam
1270 2490 1433 2544 etiam
1470 2492 1615 2559 scrip

1887 2507 2028 2547 eram
2061 2508 2185 2547 esse
2226 2509 2333 2548 non
2371 2492 2709 2558 dubitamus,
2737 2489 2939 2547 Valesii
2979 2492 3162 2546 hacin
3197 2507 3255 2547 re
3286 2492 3384 2547 ad-

115 2578 209 2649 juti
240 2581 664 2649 approbatione.
695 2579 1080 2652 Hieronymus,
1122 2592 1198 2648 et,
1242 2582 1337 2651 qui
1362 2583 1605 2652 pressius
1625 2599 1746 2638 eum
1784 2594 1843 2638 ut
1868 2586 2162 2654 plurimum
2198 2594 2524 2655 sequuntur,
2556 2583 2831 2639 Honorius
2862 2593 3025 2656 atque
3047 2583 3385 2641 Trithemius

119 2688 221 2729 uno
252 2690 271 2726 t
299 2674 681 2745 generationis
704 2694 723 2728 ι
763 2676 1032 2731 vocabulo
1063 2679 1323 2743 contenti,
1344 2679 1399 2733 itt
1440 2660 1633 2733 Latina
1663 2679 2109 2749 interpretatione
2136 2696 2321 2737 vocem
2350 2676 2581 2745 κτίσεως
2606 2682 3095 2751 praetermiserunt,
3122 2691 3383 2753 tanquam

120 2769 389 2825 duriorem
412 2812 428 2836 ,
469 2771 632 2826 veriti
662 2771 781 2826 sine
812 2773 1009 2839 dubio,
1051 2788 1119 2827 ne
1162 2773 1443 2829 Christum
1475 2774 1529 2828 itt
1561 2775 1807 2829 ordinem
1847 2785 2225 2831 creaturarum
2254 2776 2548 2831 detrudere
2580 2774 2915 2831 viderentur.
2944 2774 3199 2830 Attamen
3234 2776 3383 2831 hunc

122 2878 351 2922 errorem
396 2883 515 2921 non
568 2869 768 2922 erravit
794 2868 999 2935 Melito,
1032 2870 1308 2926 incautius
1341 2871 1587 2926 nonnihil
1621 2882 1745 2927 ante
1778 2883 1963 2927 notam
2006 2870 2439 2927 controversiam
2477 2874 2729 2927 locutus:
2772 2871 2961 2927 Patres
2995 2873 3139 2926 enim
3171 2872 3383 2943 synodo

118 2956 324 3016 Nicena
351 2963 667 3019 anteriores
692 2979 879 3019 vocem
905 2965 1137 3030 κτίσεως
1158 2966 1525 3022 adhibuerunt
1561 2984 1668 3022 non
1702 2969 1865 3023 modo
1887 2968 1954 3023 de
1980 2967 2257 3023 creatione
2293 2984 2359 3021 ex
2393 2965 2563 3022 nihilo
2581 3006 2597 3032 ,
2623 2981 2811 3020 verum
2837 2965 2999 3020 etiam
3024 2964 3089 3020 de
3120 2964 3269 3019 omni
3297 2981 3383 3036 ge-

118 3069 237 3113 nere
262 3055 675 3127 productionis,
714 3055 942 3130 ipsaque
976 3061 1112 3116 adeo
1154 3058 1502 3133 generatione
1531 3058 1624 3116 τοῦ
1658 3063 1831 3132 Λόγου
1859 3072 2061 3118 aeterna
2098 3071 2152 3117 et
2184 3061 2544 3117 meonomica.
2579 3059 2695 3116 Hoc
2727 3060 2892 3132 igitur
2940 3067 2995 3115 et
3035 3057 3279 3115 Melitoni
3322 3062 3380 3116 itt

118 3165 271 3206 causa
296 3152 425 3221 fuit,
464 3170 636 3225 quare
664 3155 716 3208 in
750 3154 915 3210 titulo
942 3155 1088 3222 libri,
1121 3156 1175 3211 in
1208 3170 1319 3228 quo
1345 3155 1412 3213 de
1436 3165 1640 3213 teterna
1667 3158 1895 3226 Christi,
1915 3157 2145 3228 ejusque
2174 3158 2225 3211 in
2250 3162 2497 3226 tempore
2522 3172 2589 3212 ex
2622 3155 2815 3221 Maria,
2848 3153 3201 3227 generatione
3228 3155 3379 3211 edis-

118 3250 312 3317 seruit,
364 3251 568 3307 durius
608 3250 933 3305 vocabulum
977 3251 1324 3319 adhibuerit,
1366 3263 1620 3324 respectu
1650 3253 1840 3324 procul
1883 3254 2050 3309 dubio
2088 3252 2276 3307 habito
2307 3253 2375 3307 ad
2410 3252 2539 3308 ihud
2560 3296 2575 3321 ,
2606 3250 2862 3307 Proverb.
2890 3267 2986 3319 vn,
3015 3246 3127 3306 22:
3162 3251 3378 3319 Κύριος

116 3340 304 3397 ἕκτισέ
333 3360 415 3412 με
442 3339 644 3412 ἀρχὴν
672 3342 829 3397 ὁδῶν
850 3343 1061 3411 αὑτοῦ,
1087 3353 1148 3399 ut
1179 3342 1391 3401 Caveus
1413 3344 1611 3416 conjici

1877 3362 1909 3399 ε.
1947 3344 2105 3400 Hunc
2126 3344 2272 3400 enim
2297 3345 2476 3400 locum
2500 3387 2515 3411 ,
2542 3360 2668 3400 cum
2700 3344 2825 3399 aliis
2853 3342 3158 3415 ejusmodi,
3187 3343 3255 3399 de
3279 3358 3374 3413 ge-

117 3435 387 3491 neratione
421 3435 530 3489 ista
556 3443 758 3489 aeterna
778 3446 1155 3505 exposuerunt
1189 3430 1383 3493 Patres
1407 3437 1770 3494 Antenicmni.
1795 3431 1942 3493 Nihil
1970 3438 2136 3509 igitur
2167 3439 2412 3494 lucratur
2437 3432 2762 3493 Whistonus
2789 3434 2921 3507 (l5),
2948 3435 3169 3506 quando
3190 3452 3253 3490 ex
3272 3434 3379 3494 hoc

116 3522 373 3585 Ielitonis
399 3529 549 3584 libro
575 3528 782 3585 Ariano
812 3544 914 3586 suo
936 3529 1202 3603 dogmati,
1225 3531 1508 3588 Christum
1538 3540 1663 3589 ante
1685 3526 1868 3603 posita
1892 3531 2085 3587 mundi
2108 3531 2468 3588 fundamenta
2498 3539 2742 3588 creatum
2776 3526 2948 3585 fuisse
2990 3543 3023 3582 a
3051 3524 3163 3583 Deo
3190 3524 3375 3595 Patre,

118 3620 424 3687 pnesidium
462 3622 684 3693 quierit.

1215 3695 1244 3768 ς
1272 3695 1460 3753 XVIII.
1490 3697 1569 3753 De
1590 3697 1726 3752 libro
1753 3697 1891 3772 Περὶ
1920 3696 2269 3771 προφητείας.

178 3782 277 3849 Qui
315 3786 578 3856 sequitur
601 3786 856 3857 proximo
881 3787 1005 3843 loco
1034 3787 1194 3857 liber,
1224 3790 1417 3860 Λόγος
1443 3791 1631 3845 αὐτοῦ
1660 3794 1675 3845 i

1874 3790 2220 3861 ροφητείας,
2250 3795 2335 3843 est
2355 3802 2516 3859 quem
2540 3785 2787 3842 Bullinus
2817 3800 2943 3841 cum
2968 3782 3162 3855 _verbis
3185 3790 3371 3854 poste-

114 3875 339 3935 rioribus
369 3879 626 3950 proxime
653 3881 1024 3937 antecedentis
1048 3882 1173 3936 libri
1196 3882 1484 3952 conjunxit
1516 3882 1621 3939 hoc
1643 3883 1840 3938 modo:
1866 3882 1943 3937 De
1973 3884 2305 3953 generatione
2333 3880 2533 3937 Christi
2564 3889 2615 3935 et
2654 3878 2927 3949 prophetia
2955 3877 3092 3945 ejus,
3121 3890 3186 3929 ac
3218 3876 3265 3930 si
3303 3878 3372 3933 de

114 3972 287 4039 Optimi
320 3970 637 4028 Servatoris
663 3986 890 4029 munere
913 3974 1237 4044 prophetico
1263 3975 1609 4045 exposuisset
1639 3975 1695 4030 in
1732 3975 1945 4031 eodem.
1976 3973 2139 4029 Juxta
2167 3973 2559 4046 Hieronymum
2591 3986 2753 4043 quem
2781 3982 2835 4025 et
2857 3968 3372 4041 Augustodunensis

116 4066 368 4133 sequitur,
396 4066 573 4121 verba
606 4067 771 4137 hujus
803 4067 945 4122 tituli
968 4068 1040 4123 ita
1061 4066 1366 4123 ordinanda
1400 4068 1579 4123 forent
1612 4090 1613 4120 :

1886 4068 2019 4136 περὶ
2058 4066 2168 4136 τῆς
2204 4067 2390 4122 αὑτοῦ
2426 4064 2822 4135 προφητείας,
2864 4062 2939 4117 ita
2972 4062 3118 4116 enim
3158 4061 3322 4116 vertit
3351 4079 3366 4117 :

116 4152 239 4209 Item
260 4158 322 4213 de
350 4160 634 4229 prophetia
665 4177 762 4214 sua
799 4160 993 4214 librum
1023 4178 1208 4216 unum.
1252 4160 1497 4217 Valesius
1528 4162 1631 4217 hoc
1662 4163 1875 4232 probat,
1902 4162 1988 4217 cui
2016 4170 2194 4216 tamen
2237 4176 2347 4216 non
2380 4158 2685 4223 assentior;
2734 4157 2861 4211 licet
2902 4154 3055 4209 nullo
3085 4154 3246 4210 modo
3272 4168 3368 4207 τοι

115 4248 199 4303 lim
228 4266 457 4323 negare,
483 4252 795 4309 Mclitonem
830 4254 1131 4325 prophetia:
1163 4254 1515 4321 charismate,
1545 4254 1696 4325 quod
1728 4255 2010 4325 prioribus
2038 4254 2216 4309 tribus
2247 4261 2551 4324 quatuorve
2585 4248 2804 4305 saeculis
2834 4248 2927 4301 uni
2952 4247 3178 4301 alterive
3200 4248 3365 4303 Chri-

114 4342 401 4401 stianorum
451 4348 916 4402 communicatum
961 4347 1141 4402 adhuc
1182 4362 1213 4400 a
1250 4345 1362 4401 Deo
1411 4347 1687 4412 novimus,
1730 4345 1902 4403 fuisse
1936 4356 2281 4403 exornatum.
2321 4346 2480 4401 Certe
2508 4360 2633 4399 eum
2678 4342 3000 4413 prophetam
3026 4357 3055 4394 a
3091 4339 3366 4429 plerisque

112 4432 266 4493 fuisse
302 4440 579 4504 habitum,
609 4438 769 4492 docet
787 4437 1111 4493 Tertulliani
1148 4439 1292 4508 apud
1328 4437 1716 4510 Hieronymum
1752 4438 1862 4509 (16)
1892 4438 2267 4494 testimonium
2298 4458 2310 4490 :
2346 4454 2363 4487 α
2397 4434 2571 4506 Hujus
2590 4435 2811 4503 elegans
2837 4440 2891 4485 et
2912 4430 3362 4486 declamatorium

111 4517 371 4599 ingenium
402 4532 641 4587 laudans
672 4531 1044 4589 Tertullianus
1075 4534 1128 4587 in
1158 4544 1361 4603 septem
1390 4534 1563 4599 libris,
1595 4549 1732 4603 quos
1764 4534 1983 4603 scripsit
2015 4533 2279 4588 adversus
2312 4530 2611 4585 Ecclesiam
2644 4543 2745 4597 pro
2770 4526 3052 4589 Montano,
3076 4525 3210 4580 dicit
3234 4541 3361 4581 eum

112 4632 138 4671 a
161 4623 428 4694 plerisque
460 4632 777 4678 nostrorum
801 4626 1122 4694 pr0phetam
1152 4628 1355 4697 putari.
1398 4647 1417 4679 ι
1452 4625 1555 4680 Ubi
1589 4636 1767 4681 tamen
1798 4626 2057 4681 observes
2080 4624 2263 4689 velim,
2292 4624 2346 4677 in
2375 4621 2652 4677 nonnullis
2678 4617 3081 4687 exemplaribus
3105 4632 3204 4686 pro
3230 4636 3249 4668 ι
3279 4616 3363 4672 di-

112 4711 225 4778 di,»
251 4716 442 4771 haberi
477 4736 495 4769 t
529 4718 836 4773 cavillatur.
868 4737 886 4769 ι
909 4717 985 4774 De
1005 4720 1273 4775 Melitouis
1302 4721 1446 4775 dono
1478 4720 1796 4789 prophetico
1818 4718 2031 4783 confer,
2063 4718 2111 4772 si
2140 4716 2396 4782 lubuerit,
2421 4710 2823 4770 dissertationis
2846 4708 3047 4779 prioris
3077 4707 3105 4779 ᾗ
3133 4708 3220 4763 12.

1298 4814 1326 4885 §
1355 4812 1497 4867 XIX.
1526 4813 1602 4903 ae
1633 4814 1769 4866 libro
1792 4813 1957 4866 clavis
1986 4813 2146 4865 dicto.

171 4898 350 4970 Liber,
385 4903 485 4974 qui
527 4904 596 4957 'H
614 4905 994 4974 x1€lg,Clavt'8
1027 4907 1159 4979 (17),
1180 4908 1520 4974 inscribitur,
1544 4898 1865 4962 continebat
1891 4905 2310 4975 explicationem
2334 4902 2611 4959 variarum
2640 4899 2934 4970 Scriptura-1
2965 4910 3136 4952 sacrae
3162 4908 3355 4949 vocum

169 5054 664 5179 (IOzIWhistoan
694 5059 777 5113 Itis
792 5061 1056 5129 primitiae
1074 5060 1422 5130 Christianity
1449 5060 1661 5126 reviv‘d,
1838 5057 2063 5140 (11)]0.
2092 5058 2308 5123 Fellus,
2345 5057 2677 5140 Cestriensis
2718 5056 2771 5109 itt
2798 5052 2995 5136 Anglia
3031 5050 3350 5131 episcopus,

170 5126 201 5177 l.
232 5128 251 5179 l
304 5171 318 5179 .
348 5146 473 5179 nan.
500 5129 626 5179 ‘266.
1765 5132 2074 5179 erutltttone
2103 5140 2153 5179 et
2188 5130 2331 5179 fama
2367 5144 2603 5179 maxime
2628 5128 2830 5179 clarus.
2874 5141 2929 5178 tn
2964 5122 3350 5176 Adnotattom-

108 5122 318 5201 “’lzlva
348 5146 473 5201 P38,-
500 5129 626 5181 ἳδδο
1122 5200 1127 5201 ί
1336 5199 1345 5201 Α
1392 5122 1413 5130 ⁷
1510 5199 1529 5201 _
1646 5122 1655 5126 ⁷
1765 5122 2074 5201 eruditione
2103 5140 2153 5183 et
2188 5122 2331 5183 fama
2367 5130 2603 5184 maxime
2628 5128 2848 5201 claru_s,_
2874 5122 2929 5178 iit
2964 5122 3350 5201 Adngtationi-

172 5192 272 5271 lli)
301 5190 365 5271 ln'r
401 5190 683 5271 dvisset-tat.
727 5200 922 5270 Σῶμα,
963 5200 1155 5271 ψυχή,
1212 5199 1465 5268 πνεῦμα,
1509 5199 1661 5271 Lips.

1854 5220 1858 5249 ;
1884 5201 1938 5271 in
1978 5198 2305 5263 Nemesium,
2333 5200 2397 5253 de
2425 5212 2617 5254 natura
2649 5196 2898 5259 hominis,
2929 5208 3051 5262 pag.
3083 5190 3118 5243 ὅ
3155 5190 3351 5244 editio-

113 5251 275 5345 δτιὲῑίξίὲ
299 5251 479 5345 175?;
504 5251 625 5345 tias.
649 5251 705 5325 ‘7'.
971 5251 1155 5345 '_
1412 5251 1465 5345 ”Ῐ
1489 5251 1603 5345 ff

1568 5251 1603 5345 Ῐ
1765 5269 2230 5345 ιιίξρκρῃὲςηείε-
2292 5251 2308 5345 ἶ
2378 5339 2421 5345 .-
2530 5339 2540 5345 _
2605 5338 2661 5345 _.
2744 5334 2800 5345 η.
3018 5332 3028 5343 .

169 5332 271 5411 (1%)
298 5326 474 5411 Phila",
496 5326 794 5411 foe'gnundi
817 5341 1050 5410 opiﬁcio,
1088 5341 1181 5393 lib.
1218 5357 1255 5400 l,
1288 5355 1409 5409 pag.
1444 5340 1531 5394 Μ.
1562 5340 1660 5395 Jo-
1838 5339 2241 5411 (tsiwtnston.
2296 5326 3343 5409 inhisprintitiueChristianity,vol.lV,

108 5402 243 5486 iﬁlli”.
275 5404 549 5486 '{tntiquit
750 5402 1129 5486 lih.'t,"ca_p._5
1156 5430 1167 5463 :
1197 5402 1437 5486 :Enliqe
1471 5412 1499 5462 ὁ
1530 5412 1605 5486 Qa:

1343 5402 1437 5486 οἶσε
1471 5412 1499 5462 ὁ
1530 5412 1662 5486 εξεὸς
1765 5402 2043 5486 Ρθέξηηξτ
2385 5478 2417 5486 ,,
2459 5402 2468 5409 ’
2525 5478 2535 5486 .
2575 5477 2585 5486 .
2785 5483 2791 5486 .
2832 5474 2840 5486 .

106 5468 182 5551 ςὺξ
210 5468 512 5551 ἀνορῳτξον,
540 5473 667 5551 χ-οὖιν
694 5480 872 5551 λᾳϐἱυν
898 5468 1025 5534 ’ἀπδ
1046 5481 1144 5551 τῆς
1164 5482 1289 5551 γῆς,
1322 5480 1416 5532 καὶ
1443 5481 1603 5551 metit

1765 5468 1782 5480 ’
1838 5468 1949 5551 (16)
1982 5479 2345 5551 Hieronymus
2374 5478 2451 5551 De
2488 5477 2612 5531 viris
2642 5474 3115 5551 illustribustcap.

104 5536 274 5620 ὲνῆξιξν
293 5536 462 5620 dsint},
499 5536 592 5595 κᾶὶ
617 5544 812 5620 ψοχήν.
917 5614 927 5620 _
1102 5536 1141 5551 ”
1176 5536 1186 5550 ’
1583 5536 1596 5551 ’

1845 5536 1949 5620 (Π)
1980 5550 2036 5603 In
2076 5536 2222 5603 Actis
2262 5548 2363 5604 SS.
2398 5546 2925 5615 Antwerpiensibus.
2951 5536 3090 5610 Ἀρί.
3133 5539 3342 5620 ihpag.

166 5611 269 5691 U3)
314 5610 556 5691 ξδ’ρίιαξιεε
601 5610 866 5691 ᾼάῦεξδιις
907 5614 1150 5691 Ιιαῑιςοδοδ,
1200 5620 1297 5671 lib.
1338 5635 1565 5691 v,_cap.
1600 5620 1652 5674 9.
1765 5610 1862 5685 11,
1895 5610 2085 5675 Clarus
2121 5622 2537 5691 legilur,_quem
2577 5610 2866 5691 operarum
2896 5625 3145 5691 errorem
3172 5610 3345 5691 ﬁdeli-

105 5672 187 5763 llis
215 5672 410 5763 similia
434 5683 678 5752 reperire
697 5683 865 5763 etiam
890 5696 973 5740 est
1002 5685 1095 5741 lib.
1123 5672 1176 5753 v,
1194 5704 1314 5759 cap.
1337 5672 1391 5745 ϐξ
1412 5672 1655 5747 Ἦιιῖειόέ-
1690 5722 1695 5727 -
1766 5672 1862 5743 ιον⁷
1892 5672 2081 5747 mihi
2110 5672 2305 5763 repetit
2334 5672 2557 5746 'V'cncta
2616 5672 2813 5744 horum
2874 5684 3127 5738 Actorum
3174 5678 3346 5736 editio

106 5761 191 5806 nus
222 5752 329 5809 hac
358 5755 477 5811 loca
513 5769 621 5810 non
647 5754 889 5809 adduxit.
1164 5752 1167 5753 ⁷
1261 5752 1275 5759 ’
1762 5775 1938 5836 nova.
