3792 6218
146 259 276 315 1201
1026 260 1325 319 NO'l‘lTlA.
1354 292 1424 304 —-
1453 262 1515 317 ll.
1549 260 1637 317 DE
1673 260 1981 318 SCRIPTIS
2022 263 2080 317 S.
2121 262 2512 319 MELITONIS.
3254 273 3393 328 1202

136 389 262 431 num
292 377 765 446 appellationibus.
792 376 923 446 Cap.
945 376 998 443 9,
1024 377 1088 432 de
1114 378 1273 432 variis
1312 377 1657 445 wdiﬁciorum
1682 374 1947 431 vocabulis
1970 392 1988 429 :
2015 376 2067 430 in
2092 393 2200 447 quo
2228 385 2407 433 tamen
2449 377 2624 447 capite
2664 379 2824 450 longe
2862 381 3019 450 plura
3060 390 3383 440 tractantur.

132 463 269 536 Cap.
300 468 395 537 10,
424 470 490 524 de
513 469 802 524 metalliset
820 469 961 535 aliis,
990 471 1096 524 sive
1125 471 1207 524 his
1223 485 1340 540 qui:
1353 485 1417 523 ex
1443 468 1669 522 metallis
1682 470 1836 538 ﬁunt.
1865 467 1999 538 Cap.
2026 469 2114 533 11,
2145 469 2207 523 de
2234 471 2591 522 instrumentis
2610 469 2808 524 bellicis
2835 483 2883 526 et
2903 474 3115 528 militia.
3146 475 3278 545 Cap.
3300 477 3389 542 12,

134 556 204 611 de
239 561 599 618 animalibus.
656 562 789 632 Cap.
823 563 911 629 15,
956 562 1020 616 de
1071 563 1251 617 bestiis
1310 571 1359 616 et
1389 564 1591 616 cwteris
1621 563 1997 616 animantibus.
2040 561 2159 618 Huc
2194 578 2366 633 usque
2398 564 2520 620 cod.
2555 563 2904 622 Mesmianus.
2950 565 3110 633 Nota,
3146 585 3232 635 ea,
3265 585 3389 639 quae

133 648 237 705 hoc
266 653 459 722 capite
488 661 813 719 tractantur,
845 653 897 707 in
924 652 1107 722 plures
1142 661 1377 722 possunt
1404 650 1584 706 adhuc
1605 652 1770 707 dividi
1803 654 2073 708 sectiones
2107 671 2121 706 :
2156 655 2335 723 agitur
2359 656 2506 709 enim
2528 667 2789 725 praeterea
2824 675 3043 729 quoque
3067 661 3133 715 de
3158 677 3301 732 aqua
3329 670 3387 716 et

132 744 296 811 mari,
323 746 397 800 de
424 747 740 803 nominibus
769 746 1195 817 provinciarum,
1220 746 1507 817 regionum
1546 754 1601 800 et
1634 746 1935 811 civitatum,
1965 747 2033 802 de
2064 747 2303 817 piscibus
2331 757 2385 802 et
2420 747 2766 805 ﬂuminibus.
2794 748 2849 802 ln
2880 750 3051 805 altero
3076 754 3264 809 codice
3297 770 3387 809 se-

131 848 387 909 quuntur
420 842 603 898 adhuc
647 843 750 898 alia
780 841 956 912 capita
1005 860 1018 895 :
1064 841 1198 911 Cap.
1251 842 1339 907 M,
1397 841 1463 895 de
1508 841 1811 896 ciuitatibus
1841 845 1947 897 sive
1988 844 2290 913 provinciis.
2319 844 2453 914 Cap.
2492 844 2580 911 15,
2624 843 2687 899 de
2718 846 3020 913 ﬂuminibus
3055 857 3104 901 et
3134 847 3371 917 piscinis.

126 935 262 1007 Cap.
299 934 395 1003 16,
429 934 494 990 de
517 935 724 1005 populis
745 944 795 988 et
827 934 1085 1005 gentibus.
1108 934 1240 1006 Cap.
1270 934 1357 993 17,
1391 934 1453 990 de
1483 935 1778 990 nominibus
1800 936 2101 991 Hebraicis.
2131 935 2372 1004 Sed_hoc
2390 937 2500 1007 jam
2530 938 2663 993 satis
2694 937 2760 993 de
2781 938 2883 994 hac
2911 939 3087 994 Clace.

1023 1086 1049 1157 §
1088 1087 1207 1143 ΧΧ.
1251 1088 1327 1143 De
1353 1088 1487 1143 libro
1527 1089 1663 1161 Περὶ
1684 1090 1780 1161 τῆς
1806 1090 2198 1159 ἀποκαλύψεως
2238 1091 2503 1146 Ἰωάννου.

192 1228 337 1296 Quid
372 1228 430 1284 in
462 1229 603 1284 libro
632 1227 772 1297 Περὶ
800 1228 910 1297 τῆς
933 1229 1367 1299 ἀποκαλύψεως
1405 1230 1681 1285 Ἰωάννου
1705 1251 1712 1281 ‹

1824 1232 1869 1286 'it
1900 1239 2103 1295 noster,
2137 1247 2245 1286 non
2267 1241 2478 1287 constat
2508 1242 2642 1289 tuto.
2669 1233 3022 1290 Clarissimus
3048 1233 3248 1288 Millins
3270 1231 3384 1301 (22)

122 1319 333 1382 credit,
393 1335 523 1374 eum
564 1320 777 1390 integro
827 1321 1225 1375 commentario
1277 1321 1581 1377 illustrasse
1625 1320 2020 1392 Apocalypsin,
2056 1338 2177 1392 qua:
2232 1324 2534 1393 probabilis
2584 1326 2872 1380 admodum
2914 1334 2969 1380 et
2996 1326 3129 1379 mihi
3170 1323 3386 1378 videtur

121 1412 471 1480 conjectura.
505 1410 715 1466 Poterit
745 1411 972 1481 proinde
1005 1413 1089 1467 vel
1124 1428 1191 1467 ex
1223 1414 1380 1469 titulo
1410 1414 1573 1484 hujus
1612 1414 1737 1468 libri
1773 1413 2013 1470 Joannes
2054 1431 2217 1471 verus
2243 1415 2645 1485 Apocalypseos
2681 1424 2872 1471 auctor
2904 1416 3179 1470 Melitonis
3218 1414 3385 1469 etiam

120 1502 479 1571 testimonio,
542 1504 887 1574 comprobari
942 1523 958 1561 :
1011 1514 1228 1559 constat
1282 1507 1428 1560 enim
1486 1507 1554 1561 de
1608 1516 1831 1563 auctore
1892 1507 2307 1580 Ἀποκᾳλύψεως
2373 1508 2606 1562 multum
2667 1507 2781 1577 jam
2847 1507 3154 1562 dubitatum
3216 1506 3385 1559 fuisse

120 1615 149 1654 a
177 1598 498 1666 veteribus,
547 1601 901 1671 eamdemque
938 1615 970 1654 a
997 1599 1294 1662 Cerintho,
1332 1601 1718 1667 lueresiarcha,
1755 1600 2009 1669 scriptam
2065 1602 2366 1656 asseruisse
2415 1608 2688 1655 vetustum
2737 1600 2876 1670 apud
2919 1598 3214 1653 Eusebium
3268 1596 3381 1668 (25)

118 1701 441 1758 auctorem,
482 1707 644 1775 quem
685 1691 976 1764 Dionysius
1007 1691 1119 1763 (24)
1151 1691 1552 1747 Alexandrinus
1593 1691 1809 1755 refellit,
1846 1693 2102 1748 dubitans
2139 1702 2316 1746 tamen
2351 1692 2557 1760 adhuc,
2592 1701 2776 1747 utrum
2805 1691 3042 1775 Joannes
3071 1691 3372 1761 apostolus,

116 1802 182 1841 an
221 1785 489 1857 quisquis
534 1772 677 1842 alius
716 1786 881 1857 hujus
918 1786 1160 1841 nominis
1202 1788 1603 1859 Apocalypscos
1651 1797 1841 1842 auctor
1884 1789 1975 1844 sit.
2024 1787 2197 1842 Porro
2228 1786 2503 1842 Justinum
2542 1803 2760 1858 quoque
2803 1797 2856 1842 et
2899 1772 3198 1852 Irenaeum,
3236 1786 3382 1840 circa

115 1878 301 1934 eadem
333 1888 623 1949 tempora,
668 1879 1033 1951 Apocalypsin
1083 1880 1470 1949 interpretatos
1515 1894 1669 1943 esse,
1701 1879 2061 1951 Hieronymus
2106 1880 2219 1951 (25)
2276 1888 2526 1934 testatur.
2581 1879 2829 1950 Cumque
2864 1878 2929 1932 ad
2959 1877 3200 1931 divinam
3234 1878 3377 1932 hanc

117 1970 512 2026 revelationem
570 1970 763 2026 cnebro
816 1979 1115 2040 provocent
1162 1970 1470 2035 Chiliastae,
1532 1985 1641 2024 non
1714 1971 2071 2041 improbabile
2141 1970 2275 2023 mihi
2336 1970 2571 2034 videtur,
2631 1968 2975 2035 Melitonem,
3023 1969 3079 2022 in
3129 1968 3378 2023 eamdem

115 2064 578 2117 commentarium
610 2062 975 2128 scribentem,
1014 2078 1139 2118 cum
1181 2064 1303 2119 aliis
1336 2079 1563 2133 quoque
1594 2065 1759 2135 hujus
1787 2065 1970 2120 saeculi
1998 2064 2251 2119 Patribus
2273 2104 2287 2128 ,
2336 2062 2699 2121 Chiliasmum
2742 2063 2795 2116 in
2826 2061 3014 2117 eodem
3048 2061 3375 2122 asseruisse,

116 2171 220 2210 non
251 2156 414 2211 illum
446 2157 669 2227 quidem
700 2173 946 2213 crassum
971 2200 987 2227 ,
1022 2158 1118 2214 sed
1145 2159 1436 2213 mitiorem.
1470 2158 1710 2215 Ulterius
1740 2159 1935 2215 exinde
1959 2168 2013 2213 et
2040 2159 2145 2213 hoc
2173 2168 2353 2228 patere
2378 2157 2615 2222 videtur,
2651 2157 2961 2213 Melitonem
2995 2169 3092 2224 per
3123 2154 3379 2224 angelum

115 2248 374 2307 Ecclesiae
411 2250 626 2315 Sardis,
655 2253 723 2306 ad
753 2268 914 2324 quem
950 2253 1197 2323 quintam
1221 2251 1447 2308 Joannis
1478 2253 1790 2322 epistolam,
1821 2267 1945 2323 cap.
1974 2259 2066 2319 nt,
2097 2250 2191 2305 1-6
2212 2292 2227 2317 ,
2268 2250 2449 2306 datam
2489 2250 2723 2321 legimus
2742 2290 2758 2316 ,
2789 2263 2897 2303 non
2926 2261 3086 2317 posse
3122 2245 3375 2315 intelligi,

117 2344 472 2415 utquidam,
540 2360 679 2415 quos
736 2346 791 2400 in
841 2346 1011 2417 priori
1071 2345 1491 2413 dissertatione,
1553 2347 1696 2418 ξω,
1747 2343 2256 2416 aliisargumentis
2308 2343 2580 2409 refutavi,
2637 2342 3002 2407 contendunt;
3054 2339 3179 2409 quis
3227 2338 3376 2393 enim

117 2437 328 2503 credat,
362 2434 678 2491 Melitenem
725 2437 780 2491 in
818 2438 1097 2508 propriam
1144 2439 1539 2508 turpitudinem
1582 2439 2036 2495 commentarium
2083 2436 2428 2493 condidisse?
2472 2434 2711 2490 Tandem
2753 2434 2857 2489 hoc
2891 2447 3110 2504 quoque
3153 2445 3371 2491 moneo.

114 2526 163 2583 in
203 2530 408 2599 insigni
458 2529 797 2586 Bibliotheca
856 2531 1072 2586 Ienensi
1124 2530 1574 2586 Commentariun:
1610 2532 2047 2602 Apocalypticum
2086 2529 2309 2585 nomine
2359 2527 2630 2583 Melitonis
2675 2526 2997 2597 perantiqua
3047 2522 3374 2577 membrana

111 2619 371 2692 scriptum
406 2619 637 2688 haberi,
670 2635 834 2691 quem
875 2621 1026 2676 illum
1058 2622 1245 2691 ipsum
1279 2622 1483 2677 librum
1516 2621 1592 2676 De
1614 2622 1931 2691 Apocalypsi
1960 2630 2114 2692 putat
2141 2619 2227 2675 Jo.
2259 2618 2458 2677 Gottl‘r.
2488 2618 2736 2673 Olearius
2769 2617 2904 2689 (26).

1154 2775 1181 2847 §
1222 2774 1363 2830 XXI.
1413 2774 1484 2828 De
1530 2776 1663 2831 libro
1714 2776 1853 2848 Περὶ
1898 2775 2215 2847 ὲνσωμάτου
2244 2774 2402 2830 Θεοῦ.

172 2927 244 2985 De
278 2930 424 2986 libro
455 2931 599 3000 Περὶ
642 2930 989 3001 ὲνσωμάτου
1039 2930 1207 2998 Θεοῦ,
1246 2930 1338 3001 qui
1399 2929 1542 2986 inter
1590 2946 1712 2986 omn

1856 2945 1997 3000 quos
2041 2939 2228 2985 noster
2271 2929 2517 2998 scripsit,
2565 2928 2781 2984 exsistit
2825 2927 3064 2981 maxime
3099 2925 3370 2991 celebris,

111 3018 333 3087 plurima
363 3022 644 3077 disserere
679 3037 894 3093 possem
919 3063 936 3089 ,
983 3031 1168 3092 utpote
1195 3023 1290 3093 qui
1326 3023 1377 3076 in
1410 3038 1581 3079 causa
1623 3037 1745 3079 esse
1773 3022 2008 3087 videtur,
2035 3037 2133 3077 cur
2158 3023 2469 3078 venerabile
2499 3021 2775 3076 Melitonis
2802 3035 2998 3075 nomen
3027 3019 3079 3073 in
3113 3021 3366 3089 catalogo

110 3113 491 3171 hereticorum
531 3124 846 3185 compareat
887 3116 1069 3173 hodie.
1102 3115 1201 3172 Ast
1231 3132 1354 3172 cum
1382 3118 1646 3187 peculiari
1699 3117 2119 3185 schediasmate,
2155 3119 2222 3173 de
2248 3116 2727 3172 Melitonianorum
2776 3115 2999 3181 haeresi,
3033 3124 3087 3169 et
3110 3114 3371 3185 Melitone

110 3217 169 3258 et
206 3205 599 3261 haereticorum
637 3207 812 3262 classe
846 3207 1169 3275 eximendo,
1212 3222 1373 3279 agere
1411 3209 1797 3264 constituerim
1823 3249 1838 3274 ,
1892 3210 2009 3264 hzec
2039 3209 2223 3264 omnia
2268 3210 2379 3279 jam
2414 3209 2625 3263 mittam
2650 3248 2665 3273 ,
2725 3205 2968 3273 illudque
3010 3221 3157 3261 nunc
3203 3209 3367 3262 unice

110 3298 321 3365 notabo,
355 3306 619 3354 auctores
649 3298 703 3351 in
731 3296 922 3352 Latine
956 3298 1227 3353 reddendo
1257 3299 1415 3353 titulo
1444 3300 1609 3371 hujus
1638 3301 1759 3355 libri
1795 3300 1949 3356 valde
1978 3315 2099 3356 esse
2129 3302 2396 3357 diversos.
2430 3301 2677 3355 Bullinus
2705 3299 2782 3353 De
2807 3298 2913 3353 Deo
2946 3315 3160 3368 corpore
3177 3302 3367 3359 induto

108 3393 294 3457 vertit,
345 3408 484 3459 seu,
536 3401 598 3447 ut
651 3392 971 3462 loqueretur
1014 3393 1247 3449 fortasse
1282 3394 1689 3459 Tertullianus,
1741 3405 2039 3466 corporato.
2091 3394 2277 3451 Sixtus
2321 3395 2615 3459 Senensis,
2664 3395 2803 3462 Περὶ
2854 3391 3173 3461 ἀσωμάτου
3212 3398 3361 3451 Θεοῦ

108 3481 313 3553 legens,
350 3485 528 3552 dixit,
563 3499 688 3539 eum
742 3485 795 3540 in
850 3486 981 3540 illud
1016 3486 1291 3542 Ceneseos
1323 3502 1336 3537 :
1374 3484 1666 3539 Faciamus
1710 3488 1991 3550 hominem,
2043 3487 2331 3557 scripsisse
2368 3485 2566 3539 librum
2605 3499 2774 3538 unum
2805 3483 2880 3536 De
2904 3481 3012 3536 Deo
3039 3483 3093 3536 in
3119 3500 3361 3553 corpore.

112 3572 367 3646 Valesius,
400 3579 701 3634 Bollandus
735 3579 868 3647 (27),
909 3578 1124 3635 Ceillier
1174 3581 1374 3650 aliique
1418 3580 1775 3635 reddiderunt
1810 3580 1904 3652 De]
1929 3580 2328 3645 Incarnatione,
2367 3581 2916 3649 Christopborsonus.
2959 3580 3171 3635 Caveus
3206 3578 3359 3648 (28),

112 3661 366 3736 Dupinius
406 3667 547 3741 (29),
586 3667 775 3738 Steph.
807 3667 1079 3740 Lemoyne
1116 3668 1254 3740 (30),
1288 3669 1550 3724 Suicerus
1582 3670 1720 3740 (51),
1757 3670 1830 3724 De
1856 3670 1962 3725 Deo
2007 3673 2305 3725 incarnato.
2345 3671 2593 3727 V'ersioni
2639 3668 2942 3725 Valesianae
2988 3671 3165 3727 libens
3217 3671 3355 3726 sub-

110 3761 359 3816 scriberet
398 3761 819 3823 Tillemoutius,
867 3760 972 3816 nisi
1017 3760 1344 3816 Theodoreti
1383 3770 1437 3815 et
1465 3759 1732 3815 Gennadii
1784 3763 2029 3817 obstaret
2074 3764 2395 3827 auctoritas,
2450 3777 2687 3833 quorum
2727 3762 2815 3816 ille
2872 3762 2987 3833 (52)
3023 3777 3088 3817 ex
3117 3760 3357 3832 Origene

110 3850 267 3906 affert
297 3854 519 3919 locum,
561 3852 650 3906 ubi
684 3851 864 3907 Melite
915 3853 983 3908 iis
1027 3852 1231 3907 diserte
1279 3853 1703 3920 adnumeratur,
1755 3855 1850 3925 qui
1901 3840 2191 3924 imaginem
2233 3853 2327 3909 Dei
2378 3854 2434 3908 in
2478 3866 2708 3923 corpore
2758 3852 3002 3907 hominis
3053 3852 3363 3908 consistere

110 3943 440 4000 allirmarunt
461 3987 476 4011 ,
515 3944 825 4014 diciturque
853 3958 977 3997 eum
1023 3944 1449 3999 commentarios
1479 3944 1708 4015 reliquis

1824 3942 1962 4011 Περὶ
1990 3943 2095 3997 τοῦ
2127 3943 2478 4012 ἑνσώματον
2504 3939 2657 3997 εἶναι
2696 3941 2803 3996 τὸν
2835 3943 3003 4007 Geor,
3031 3942 3105 3998 De
3137 3960 3195 3999 eo
3220 3944 3368 4015 quod

111 4036 234 4090 Deus
254 4039 323 4091 sit
350 4052 666 4106 corporeus:
691 4035 778 4089 hic
795 4035 905 4107 (55)
924 4050 1049 4089 vero
1071 4034 1253 4101 tradit,
1283 4033 1590 4091 Melitonem
1621 4045 1675 4091 et
1704 4034 2100 4090 Tertullianum
2131 4050 2456 4107 corporeum
2487 4036 2618 4107 quid
2653 4034 2708 4090 in
2739 4035 3008 4092 Trinitate
3036 4037 3359 4104 credidisse,

108 4126 220 4181 licet
246 4138 481 4199 uterque
513 4143 578 4183 ex
605 4127 785 4182 classe
820 4126 1504 4197 Anthropomorphitarum
1555 4128 1833 4183 eximatur
1861 4142 2116 4196 expresse
2163 4143 2194 4181 a
2225 4127 2528 4182 Gennadio.
2583 4126 2692 4183 Sed
2749 4128 2803 4183 in
2848 4129 2966 4184 haec
3010 4130 3195 4185 omnia
3242 4132 3359 4201 jam

108 4235 206 4276 non
250 4224 530 4294 inquiram
553 4263 567 4289 ,
604 4222 658 4277 id
697 4221 886 4277 saltem
937 4221 1115 4276 adhuc
1146 4221 1382 4289 addens,
1432 4220 1853 4293 Hieronymum,
1889 4220 2219 4277 inlindiculo
2259 4238 2361 4279 suo
2400 4223 2667 4279 librorum
2696 4239 2740 4293 _a
2765 4206 3017 4280 Melitone
3049 4224 3363 4295 editorum,

1772 4407 1985 4470 auteurs
2026 4399 2469 4470 eglésiastiques,
2521 4416 2644 4470 pag.
2678 4401 2767 4464 65,
2801 4410 2915 4455 not.
2946 4416 2977 4455 c
3010 4418 3022 4453 :
3055 4420 3074 4453 ι
3105 4401 3181 4455 De
3218 4401 3358 4455 Dieu

1769 4468 2004 4539 incarné.
2057 4468 2140 4523 En
2171 4485 2294 4539 grcc
2335 4468 2476 4537 Περὶ
2514 4468 2860 4539 ἐνὰωμάτου
2893 4471 3059 4524 Θεοῦ.
3102 4469 3353 4525 D’autres

189 4398 273 4469 22)
312 4398 549 4464 Millius,
576 4397 887 4469 Prolegom.
908 4399 965 4452 in
992 4396 1063 4452 N.
1092 4396 1510 4469 Testam._num.
1539 4397 1668 4452 227.

189 4399 273 4469 22)
312 4399 549 4464 Millius,
584 4399 887 4469 Prolegom.
908 4399 965 4452 in
992 4399 1063 4452 N.
1092 4399 1321 4453 Testam.
1358 4413 1510 4451 num.
1539 4399 1668 4452 227.
1772 4407 1985 4452 auteurs
2026 4399 2469 4470 ecclésiastiques,
2560 4416 2644 4470 ag.
2678 4401 2767 4464 65,
2801 4410 2915 4455 not.
2946 4416 2977 4455 c
3010 4418 3022 4453 :
3055 4420 3074 4453 ι
3105 4401 3181 4455 De
3218 4401 3358 4455 Dieu

168 4399 273 4609 ᾗῇ)
314 4470 526 4525 Euseb.
564 4467 709 4523 Hist.
738 4469 921 4523 eccles.
947 4470 1042 4522 lib.
1073 4484 1155 4548 ιιι,
1183 4482 1300 4536 cap.
1330 4467 1455 4548 28..
1567 4553 1578 4561 ν
1769 4468 2004 4562 incarné.
2057 4468 2140 4523 En
2171 4485 2294 4539 grcc
2335 4470 2476 4537 Περὶ
2514 4417 2860 4539 ἓνσωμάτου
2893 4471 3059 4524 Θεοῦ.
3102 4469 3353 4559 D’autres
3407 4558 3415 4567 ν

187 4540 252 4594 24
312 4540 477 4608 Apud
510 4539 762 4594 eumdem
798 4538 995 4594 Euseb.
1028 4537 1173 4592 112st.
1195 4536 1379 4590 eccles.
1422 4536 1515 4591 lib.
1547 4550 1665 4601 vm,
1768 4538 2085 4610 expluquent
2114 4555 2176 4593 ce
2227 4555 2458 4610 passage
2510 4549 2837 4604 autrement,
2873 4549 2927 4593 et
2954 4549 3051 4593 ont
3087 4556 3184 4594 cru
3216 4556 3287 4609 qu
3312 4540 3351 4594 tl

188 4467 273 4599 25)
314 4470 526 4525 Euseb.
564 4467 709 4523 Hist.
738 4467 921 4523 eccles.
947 4470 1042 4522 lib.
1073 4484 1155 4531 ιιι,
1183 4482 1300 4536 cap.
1330 4467 1420 4521 28.

188 4540 252 4594 24
312 4540 477 4599 Apud
510 4539 762 4594 eumdem
798 4538 995 4594 Euseb.
1028 4537 1173 4592 Hist.
1195 4536 1379 4590 eccles.

187 4536 273 4599 24)
312 4540 477 4608 Apud
510 4539 762 4594 eumdem
798 4538 995 4594 Euseb.
1028 4537 1173 4592 Hist.
1195 4536 1379 4590 eccles.
1422 4536 1515 4591 lib.
1547 4550 1665 4601 vm,

107 4620 212 4667 cat).
231 4611 322 4667 25.

138 4625 689 4804 ῗῗῗέῗῖιίοτὲηγωυς
749 4679 803 4732 in
832 4677 1090 4749 Catalogo
1135 4678 1455 4747 scriptorum
1500 4675 1667 4730 eccle-

138 4762 203 4800 tas
232 4788 246 4804 .
282 4766 407 4804 can.
482 4790 495 4803 .

108 4759 246 4804 stast.
282 4766 407 4805 cat).
440 4759 495 4804 9.

170 4767 665 4893 (ἕὼϐὃῗέίιῗῖιιε-ῖῃ
682 4817 1011 4872 Bibliotheca
1053 4819 1369 4887 scriptorum
1414 4821 1666 4893 ecclesia-

108 4887 364 4959 sticarum,
402 4906 530 4959 pag.
560 4888 688 4943 485.
764 4958 769 4959 ί
930 4957 937 4959 Α
976 4958 983 4959 ί
1266 4958 1271 4959 ,
1555 4887 1567 4898 ’

171 4906 364 4954 eorum,
444 4906 530 4959 ag.
560 4906 688 4943 suo.

169 4958 273 5082 (27)
314 4906 619 5039 Boﬂandtts
651 4960 705 5012 in
738 4958 886 5012 Actis
913 4957 1010 5015 SS.
1042 4975 1216 5049 mens.
1252 4958 1432 5044 April.~
1455 4970 1587 5018 tom.
1624 4961 1664 5024 ῐ,

169 5045 216 5082 tt.
278 5031 339 5082 l:
391 5049 412 5082 ι
463 5028 521 5082 In
558 5030 696 5082 lllll‘O
739 5030 877 5082 Πεοὶ
904 5031 1249 5082 ἐνσωιιατου
1287 5032 1456 5082 Θεου.
1506 5048 1664 5082 auem

139 5043 216 5102 ag.
244 5028 339 5085 ll:
391 5049 412 5082 ι
463 5028 521 5082 ln
558 5030 696 5102 libro
739 5030 877 5097 Περὶ
904 5029 1249 5098 ἐνσωμάτου
1287 5032 1457 5098 Θεοῦ,
1506 5048 1666 5102 quem

150 5100 565 5155 eincarnatione
600 5098 692 5151 Dei
720 5115 851 5169 cum
898 5102 1019 5155 aliis
1068 5104 1403 5169 interpretati
1454 5098 1666 5167 suinus,

110 5171 330 5242 ostendit
382 5169 680 5242 Dionysius
715 5167 988 5242 Petavius,
1029 5171 1123 5242 lib.
1156 5167 1668 5242 tt'Theologicorum

111 5233 422 5313 tl‘ogtnatum,
460 5233 582 5313 cap.
614 5241 667 5302 1,
717 5239 942 5313 impingi
978 5242 1046 5294 ab
1073 5239 1307 5313 Origene
1350 5233 1666 5313 opinionem

112 5300 367 5382 blelitonl,
408 5300 579 5378 quasi
641 5300 919 5382 senserit:
961 5320 1056 5365 aut
1104 5300 1295 5366 saltem
1354 5300 1665 5382 disputarit,

111 5365 265 5447 Deum
295 5365 805 5447 esse'corporEum.
841 5400 858 5430 ι

100 5442 285 5521 I_(2_81
327 5442 789 5521 Caveus'quipg.
834 5450 1018 5521 eccles.
1042 5450 1167 5521 hist.
1214 5451 1382 5505 litter.
1408 5466 1531 5521 pag.
1556 5450 1662 5504 te:

112 5512 237 5580 Περὶ
260 5512 614 5583 ἐνσωμάτσυ
640 5512 815 5591 Θεὸῦ,⁸
839 5520 910 5591 De
931 5520 1040 5574 Deo
1077 5519 1205 5589 (non
1233 5512 1516 5591 corporeo,
1550 5521 1666 5591 sed)

112 5594 394 5652 torporem,
430 5598 530 5638 seu
563 5598 777 5652 corpore
797 5586 1002 5651 induto,
1030 5586 1094 5644 ut
1115 5591 1249 5647 olim
1274 5586 1519 5647 [inﬁmus
1548 5586 1669 5647 red-

112 5649 280 5792 alii?)
336 5721 519 5806 Dupiu
548 5721 605 5777 in
643 5734 843 5793 Opere:
883 5696 1135 5786 Nouvclle
1178 5730 1536 5803 Bibliothique
1576 5694 1665 5789 des

1769 4609 2073 4679 avaittenu
2122 4623 2228 4678 que
2258 4608 2555 4665 Dieu'était
2583 4611 2851 4678 corporei,
2884 4611 3025 4665 mals
3066 4610 3114 4663 la
3145 4608 3354 4679 propre

1769 4676 2154 4751 signification
2187 4680 2260 4745 du
2297 4692 2412 4735 mot
2455 4676 2707 4751 grecest
2751 4681 2887 4751 gelle
2920 4695 3047 4751 Aque
3097 4676 3355 4735 nous—lui

1768 4762 1938 4820 avons
1967 4750 2199 4820 donnée.
2232 4748 2482 4820 Origene,
2509 4749 2614 4804 cité
2635 4766 2732 4820 par
2749 4748 3079 4815 Theodoret,
3096 4751 3355 4820 question

1962 4818 2208 4873 Exodum
2253 4817 2602 4891 (in—Genesin
2637 4817 2880 4891 debebat
2929 4817 3208 4891 esse),‘dit
3245 4834 3355 4889 quo

1768 4886 1990 4960 Meliton
2022 4891 2170 4943 avait
2206 4886 2371 4960 laissé
2405 4907 2478 4945 un
2520 4892 2655 4946 livre
2686 4890 2827 4958 Περὶ
2864 4891 2971 4944 τοῦ
3006 4886 3355 4960 sumimus—or

1768 4958 1917 5031 εἶναι
1938 4961 2103 5023 Θεόν,
2142 4976 2248 5029 que
2281 4958 2412 5016 Dieu
2448 4961 2581 5017 était
2609 4961 2879 5031 corpore],
2911 4976 2975 5015 ce
3006 4961 3099 5031 qui
3144 4958 3355 5014 revient

1770 5027 1801 5081 ἐι
1835 5030 2025 5083 l‘autre
2062 5027 2207 5085 setis.
2241 5049 2258 5081 ι

1846 5099 1957 5171 (50)
1998 5099 2074 5171 be
2094 5098 2301 5171 Moync
2336 5100 2391 5155 in
2434 5100 2556 5171 Var.
2586 5117 2722 5155 sacr.
2754 5116 2876 5171 pag.
2908 5100 3031 5154 l99.

1840 5167 1954 5292 gl)
2009 5167 2269 5225 Suicerus
2320 5171 2373 5225 in
2411 5170 2663 5226 Thesanr.
2711 5167 2894 5225 ecclés.
2940 5179 3073 5224 tom.
3116 5167 3193 5233 Il,
3253 5171 3349 5229 ibi.

1841 5310 1951 5381 (52)
1983 5308 2377 5383 Tltepdoretus,
2409 5311 2701 5383 Qnmstiqn.
2731 5310 2786 5363 in
2812 5308 3059 5383 Genesi»,
3097 5327 3189 5380 xx,
3222 5328 3351 5383 epe-

1772 5379 1889 5437 rutn
1927 5379 2060 5434 tom.
2092 5379 2132 5446 l,
2169 5397 2295 5450 pag.
2322 5382 2411 5435 21.
2446 5382 2587 5435 Edit.
2625 5380 2925 5434 Sirmondi.

1846 5451 1958 5520 (7)5)
1990 5450 2308 5523 Gennadius
2336 5451 2543 5506 Massil.
2578 5450 2652 5502 De
2677 5450 3347 5523 ecclesiasticisjegmath

1771 5518 1889 5583 bus,
1917 5535 2037 5586 Cap.
2066 5520 2121 5590 4.
2156 5518 2308 5572 Nihil
2325 5536 2654 5590 corporeum,
2683 5529 2742 5575 ut.
2768 5518 2951 5577 Melite
2983 5532 3037 5577 et
3059 5518 3348 5576 Tertullia-

1773 5607 1912 5646 nus:
1942 5588 2081 5662 nihil
2118 5588 2469 5662 corporaliter,
2490 5592 2796 5660 efﬁgiatnm,
2826 5601 2885 5645 ut
2910 5594 3349 5662 Antltropomor-

1772 5663 1915 5733 phus
1958 5670 2012 5719 et
2038 5658 2312 5717 Vadianus
2347 5678 2360 5713 :
2394 5658 2649 5716 nihilsibi
2688 5662 2953 5723 invisibile
2999 5680 3031 5718 a
3057 5658 3343 5728 creaturis,

1775 5731 1835 5801 ἰιι
1859 5731 2144 5820 Orneus?-

2149 5821 2165 5843 ’λ
2197 5823 2581 5850 *ου-...η’
2615 5838 2671 5850 ,νμ-

2451 5848 2620 5883 Δγψρρν
