3732 6348
39 303 193 362 I205
940 297 1248 354 NOTITIA.
1273 327 1345 338 —-
1373 295 1436 350 ll.
1468 297 1556 351 DE
1595 296 1908 392 SCRIP'PIS
1949 297 2004 352 S.
2048 296 2434 353 MELITONIS.
3135 273 3140 280 .
3176 300 3312 356 i206

39 420 303 487 vetabat,
348 432 419 473 ne
462 415 588 487 quis
627 414 986 484 imposternm
1027 413 1374 469 Christianos
1429 413 1707 484 religionis
1748 431 1864 469 sua:
1905 428 2069 468 causa
2115 412 2564 466 calumniaretur.
2617 399 2809 466 Exstat
2858 411 3024 481 hujus
3071 412 3318 481 epistola:

39 514 263 585 duplex
291 511 476 568 versio
502 507 714 573 Graeca,
745 507 914 562 altera
950 506 1093 576 apud
1119 505 1394 561 Justinum
1451 505 1740 577 Martyrem
1781 506 1891 577 (39)
1915 547 1929 571 ,
1955 506 2121 560 altera
2169 504 2313 573 apud
2362 501 2658 558 Eusebium
2693 501 2826 576 (40),
2871 512 3099 574 uterque
3136 516 3320 561 tamen

39 604 316 659 eamdem
340 601 618 657 Antonino
649 599 745 655 Pio
771 597 980 666 tribuit,
1017 599 1160 669 quod
1199 597 1456 654 Valesius
1490 599 1602 670 (4i)
1637 608 1691 654 et
1724 597 2040 653 Kortholtus
2075 597 2188 670 (42)
2223 604 2502 662 notarunt,
2533 594 2792 657 Chronici
2822 596 3173 652 Alexandrini
3218 614 3320 652 au-

39 707 274 753 ctorem
320 697 626 763 laudantes,
660 693 859 764 quippe
889 693 984 763 qui
1010 702 1157 748 recte
1185 692 1649 759 animadverterit,
1684 692 1972 761 epistolam
2013 690 2161 744 illam
2205 704 2314 744 non
2340 687 2619 744 Antonino
2654 687 2772 755 Pio,
2803 690 2897 745 sed
2925 689 3109 745 Marco
3142 693 3323 760 potius

40 807 179 846 esse
216 789 594 846 tribuendam.
627 786 896 844 Caeterum
942 786 998 840 in
1039 786 1158 855 ipso
1197 784 1362 855 hujus
1401 784 1644 855 epistolae
1682 793 1836 838 textu
1882 792 2030 838 tanta
2078 783 2221 837 inter
2250 780 2470 836 Eusebii
2528 781 2806 852 exemplar
2843 790 2897 836 et
2941 782 3074 836 illud
3119 781 3323 836 Justini

44 883 347 953 Apologiw
397 881 702 936 subnexum
753 879 994 936 occurrit
1035 876 1421 948 discrepantia,
1469 886 1526 931 ut
1552 875 1639 930 Jo.
1665 877 1908 932 Clericus
1953 875 2085 947 (4'5),
2123 890 2221 945 pro
2251 890 2402 931 more
2447 890 2582 941 suo,
2634 883 2804 930 totam
2843 891 2958 930 rem
3008 876 3096 946 pia
3134 875 3326 933 fraude

46 977 370 1031 conﬁctam
401 973 608 1029 credat.
639 971 842 1042 Duplex
869 969 1035 1040 hujus
1064 967 1353 1039 Apologia,
1383 985 1505 1039 quae
1526 979 1741 1026 aetatem
1769 979 2010 1025 nostram
2045 983 2156 1022 non
2193 967 2334 1034 tulit,
2361 975 2538 1023 exstat
2560 965 2960 1038 fragmentum:
2983 985 3151 1023 unum
3183 974 3328 1038 apud

51 1070 400 1136 Eusebium,
440 1067 669 1123 alterum
709 1065 854 1138 apud
876 1063 1135 1147 Chronici
1168 1064 1524 1120 Alexandrini
1552 1063 1757 1142 Saepius
1793 1065 1907 1136 jam
1947 1063 2170 1122 citatum
2203 1072 2508 1128 auctorem,
2538 1061 2685 1132 quod
2717 1071 3010 1134 utrumque
3054 1079 3327 1134 apponam

52 1162 237 1222 infra.

1225 1273 1466 1347 §XXIIL
1505 1274 1882 1346 υε,⁹Εκλογῶν
1907 1277 2058 1331 libris
2091 1292 2202 1330 seat.

136 1393 419 1467 Superest
445 1400 506 1449 ut
529 1392 598 1450 de
629 1391 1013 1463 Excerptorum
1041 1393 1159 1450 sive
1193 1392 1464 1462 Ἐκλογῶν
1488 1392 1643 1448 libris
1661 1393 1910 1464 quaedam
1942 1393 2122 1449 adhuc
2149 1393 2349 1448 dicam.
2383 1391 2644 1449 Erasmus
2679 1393 2793 1465 (44)
2823 1394 2890 1449 ad
2918 1394 3130 1450 titulum
3168 1396 3333 1467 hujus

57 1487 264 1560 operis
308 1487 586 1554 observat,
615 1499 742 1541 eum
789 1494 934 1542 recte
977 1486 1200 1542 omnino
1237 1485 1404 1542 scribi
1438 1501 1536 1556 per
1565 1505 1621 1553 κ,
1650 1501 1759 1541 non
1795 1502 1892 1552 per
1935 1503 1990 1556 γ,
2025 1485 2368 1556 Eclogarum,
2414 1485 2754 1557 Eglogarum,
2790 1503 3105 1559 quanquam
3150 1490 3206 1544 in
3245 1491 3337 1546 his

61 1596 275 1651 parum
306 1577 600 1636 conveniat
629 1577 769 1632 inter
795 1575 1126 1646 exemplaria
1157 1573 1372 1630 Latina.
1410 1573 1674 1631 Precibus
1705 1574 1948 1631 Onesimi
1979 1576 2268 1646 cujusdam
2308 1578 2618 1647 composuit
2648 1578 2750 1635 hos
2793 1579 2965 1635 libros
2997 1579 3200 1648 lllelito,
3241 1582 3337 1652 qui

63 1692 173 1746 pro
202 1689 402 1732 amore
427 1691 493 1732 ac
518 1674 699 1732 studio
729 1689 832 1732 suo
858 1688 988 1745 erga
1010 1672 1237 1728 verbum
1273 1672 1388 1742 Dei,
1414 1681 1546 1730 sunt
1566 1674 1731 1731 verba
1763 1674 1983 1732 Eusebii
2019 1675 2134 1746 (45)
2154 1717 2169 1741 ,
2219 1675 2421 1746 saepius
2456 1691 2487 1729 a
2529 1686 2722 1732 nostro
2764 1678 3138 1748 postulaverat
3168 1679 3339 1734 libros

66 1769 295 1826 Veteris
331 1769 667 1827 Testamenti
695 1779 952 1826 accurate
984 1784 1348 1842 cognoscere;
1379 1779 1514 1841 quot
1559 1787 1812 1841 numero,
1862 1782 1917 1828 et
1962 1788 2074 1844 quo
2117 1773 2228 1828 sint
2266 1771 2459 1828 ordine
2497 1773 2829 1844 conscripti,
2872 1790 3035 1844 quem
3080 1784 3343 1845 prtelerea

65 1878 282 1934 magno
316 1862 440 1919 ﬁdei
470 1865 667 1919 ardore
700 1870 755 1918 et
777 1877 972 1932 magna
1004 1862 1247 1918 discendi
1291 1864 1585 1934 cupiditate
1609 1863 1868 1935 ﬂagrasse
1902 1865 2112 1931 scribit,
2153 1875 2206 1921 et
2249 1866 2318 1921 de
2349 1881 2458 1936 quo
2493 1875 2835 1936 compertum
2890 1868 3148 1934 habebat,
3197 1870 3342 1940 quod

66 1960 146 2015 ob
170 1974 423 2014 amorem
456 1958 550 2015 Dei
576 1957 759 2015 divina
788 1959 892 2013 ista
921 1959 1086 2014 rebus
1109 1957 1404 2014 mundanis
1428 1959 1684 2015 omnibus
1706 1958 1998 2027 anteferat,
2026 1959 2329 2030 salutisque
2352 1969 2568 2016 :eternze
2595 1959 2904 2015 obtinenda:
2934 1976 3097 2016 causa
3131 1961 3347 2017 fortiter

67 2047 323 2105 decertet
350 2049 527 2106 unice.
556 2049 884 2108 Praeclarum
909 2070 1041 2110 sane
1064 2055 1376 2111 encomium
1396 2073 1411 2111 :
1433 2064 1507 2119 et,
1544 2056 1589 2110 si
1614 2071 1644 2110 a
1669 2055 1902 2112 laudatis
1932 2056 2144 2112 laudari
2170 2057 2388 2113 demum
2417 2057 2534 2112 laus
2562 2066 2666 2125 est,
2697 2073 2804 2113 non
2830 2072 3127 2128 possumus
3158 2060 3349 2129 utique

70 2142 265 2212 aliter,
292 2147 427 2216 quin
462 2147 528 2203 de
553 2136 816 2218 singulari
849 2149 1050 2220 pietate
1075 2161 1129 2206 et
1159 2151 1374 2223 egregia
1405 2151 1650 2208 Onesimi
1686 2152 1866 2207 indole
1901 2155 2204 2209 sentiamus
2234 2153 2441 2223 optima
2489 2151 2718 2223 quaevis,
2751 2149 2984 2221 ejusque
3023 2152 3350 2206 memoriam

73 2239 457 2295 venerabundi
498 2257 713 2312 semper
743 2247 1070 2304 recolamus.
1101 2247 1298 2304 itinere
1331 2249 1515 2321 itaque
1546 2251 1600 2306 in
1628 2249 1908 2305 Orientem
1941 2249 2213 2314 instituto,
2254 2249 2467 2306 Veteris
2493 2247 2829 2304 Testamenti
2862 2247 3034 2303 libros
3060 2247 3350 2320 diligenter

73 2344 191 2383 non
218 2329 389 2384 modo
419 2331 610 2388 didicit
639 2333 855 2402 Melito,
902 2353 1207 2409 eorumque
1254 2340 1488 2396 indicem
1519 2339 1782 2396 Onesimo
1823 2357 1923 2396 suo
1957 2341 2136 2409 misit;
2180 2358 2372 2397 verum
2423 2341 2587 2397 etiam
2618 2356 2684 2395 ex
2718 2339 2918 2394 divinis
2962 2339 3084 2395 istis
3131 2341 3351 2410 scriptis

76 2426 347 2488 excerpta
387 2419 612 2489 insuper
643 2423 878 2493 collegit,
909 2425 962 2478 in
994 2441 1091 2480 sex
1134 2428 1304 2483 libros
1353 2429 1665 2496 distributa,
1695 2440 1756 2485 ut
1790 2431 1906 2500 ipse
1931 2440 2163 2485 testatur
2201 2432 2342 2502 apud
2375 2431 2693 2498 Eusebium,
2720 2432 2779 2497 ἐξ
2813 2425 2910 2498 ὧν,
2947 2432 3219 2504 inquiens,
3258 2437 3353 2489 καὶ

75 2508 181 2573 τὰς
239 2511 524 2582 Ἐκλογὰς
568 2515 932 2587 ἐποιησάμην,
970 2520 1051 2583 εἰς
1083 2520 1143 2586 ἒξ
1197 2519 1377 2591 βιϐλία
1423 2521 1549 2575 διελι

1878 2524 2015 2578 ibus
2068 2525 2174 2578 mel
2215 2533 2418 2593 sugunt
2450 2540 2600 2594 apes,
2646 2539 2918 2580 venenum
2957 2527 3187 2595 viperae;
3221 2527 3352 2596 quid

79 2599 253 2671 igitur
287 2619 355 2657 cx
399 2604 515 2674 lege
551 2613 606 2660 et
635 2609 921 2677 prophetis
952 2612 1287 2680 excerpserit
1319 2622 1524 2676 noster,
1563 2613 1610 2668 si
1645 2622 1943 2682 quieratur,
1984 2615 2102 2683 ipsa
2149 2614 2344 2667 iterum
2382 2611 2635 2672 Sardiani
2684 2621 2846 2675 verba
2888 2624 3232 2692 responsioni
3273 2623 3356 2678 in-

78 2693 294 2748 servire
314 2703 592 2765 poterunt,
625 2698 824 2766 quibus
862 2699 1038 2768 palam
1091 2701 1168 2765 lit,
1202 2716 1327 2755 eum
1370 2700 1438 2753 τὰ
1470 2719 1552 2772 πει

1878 2716 2013 2774 ηρος
2060 2702 2154 2755 καὶ
2180 2703 2359 2772 πάσης
2385 2703 2484 2774 τῆς
2516 2706 2754 2772 πίστεως
2797 2710 2976 2782 ἡμῶν,
3009 2727 3096 2777 ea,
3120 2729 3242 2782 qua:
3285 2715 3352 2768 ad

83 2787 441 2846 Servatorem
469 2801 522 2848 et
550 2793 618 2848 ad
642 2794 951 2850 universam
985 2795 1144 2852 ﬁdem
1175 2807 1419 2853 nostrain
1449 2798 1739 2867 pertinent,
1765 2796 1820 2851 in
1853 2799 2084 2865 gratiam
2123 2796 2366 2852 Onesimi
2407 2800 2490 2853 sui
2525 2800 2830 2872 collegisse,
2859 2819 3021 2873 quem
3053 2804 3356 2874 simplicem

83 2899 496 2958 pauperemque
522 2889 741 2955 laicum,
780 2907 886 2946 non
916 2893 1205 2963 κράτιστον
1225 2893 1481 2964 Θεόφιλον
1505 2911 1557 2963 (ιι

1882 2894 2038 2958 uisse,
2076 2895 2321 2948 nonnulli
2357 2894 2471 2966 (46)
2502 2896 2735 2954 credunt
2772 2901 2917 2965 ideo,
2956 2911 3016 2955 nt
3041 2912 3356 2972 promptum

85 2976 365 3036 lelitonis
393 2980 594 3037 infima:
625 2983 788 3038 etiam
819 2986 988 3040 sortis
1037 2985 1355 3042 hominibus
1393 2986 1721 3041 inserviendi
1751 2987 1995 3040 animum
2023 3000 2089 3040 eo
2119 2987 2418 3055 majoribus
2453 2991 2717 3047 extollant
2754 2993 3029 3048 laudibus.
3079 2994 3136 3048 In
3177 2994 3360 3049 medio

89 3085 278 3131 tamen
303 3078 664 3149 relinquimus
690 3082 886 3136 horum
915 3083 1310 3153 cenjeeturam,
1344 3084 1396 3138 id
1426 3084 1616 3138 saltem
1655 3083 1832 3138 adhuc
1865 3083 2121 3148 addituri,
2162 3084 2264 3137 hos
2297 3082 2618 3154 Eclogarum
2662 3083 2832 3139 libros
2867 3085 2999 3138 mihi
3038 3100 3146 3139 non
3188 3085 3359 3141 videri

90 3169 344 3225 ultimum
373 3188 401 3226 a
437 3172 689 3232 Melitone
723 3180 1092 3249 conscriptum
1132 3196 1292 3250 opus,
1345 3182 1470 3236 licet
1503 3181 1698 3252 potiori
1731 3181 1852 3236 loco
1882 3181 1934 3234 in
1969 3181 2232 3235 librorum
2267 3182 2408 3236 serie
2442 3183 2510 3237 ab
2538 3183 2775 3237 Eusebio
2811 3198 2916 3237 non
2958 3181 3164 3236 fuerint
3206 3199 3362 3238 com-

90 3262 370 3330 prehensi,
393 3267 486 3321 scd
516 3280 640 3338 post
667 3286 880 3338 omnes,
916 3273 1216 3343 interjectis
1244 3275 1569 3346 quibusdam
1602 3274 1744 3338 aliis,
1776 3282 2185 3340 recenseantur,
2219 3275 2534 3344 appendieis
2557 3275 2714 3344 quasi
2747 3275 2890 3339 loco,
2915 3273 3074 3343 cujus
3105 3276 3182 3329 rei
3224 3275 3363 3330 hanc

92 3352 269 3411 fuisse
293 3373 516 3414 causam
548 3365 898 3436 conjicimus,
939 3371 1085 3439 quod
1117 3386 1225 3426 non
1259 3380 1367 3426 tam
1403 3371 1602 3442 ingenii
1629 3387 1767 3440 opus
1797 3370 2096 3435 censuerit,
2129 3386 2292 3440 quam
2325 3371 2551 3440 laboris.
2603 3369 2995 3439 Fragmentum
3045 3371 3260 3440 insigne
3308 3380 3364 3424 et

93 3445 148 3502 in
183 3445 420 3506 Historia
446 3469 601 3511 sacra
625 3459 860 3515 maxime
887 3461 1100 3518 celebre
1125 3473 1376 3532 superest
1407 3463 1567 3519 hodie
1601 3479 1666 3518 ex
1695 3463 1850 3518 libris
1881 3463 2034 3518 hisce
2064 3464 2394 3533 czeteroquin
2425 3463 2742 3534 dcperditis.

366 3591 604 3663 §XX1V.
635 3595 943 3652 Observatio
968 3598 1032 3652 de
1063 3599 1214 3653 libris
1247 3600 1516 3654 Melitonis
1547 3609 1730 3654 contra
1756 3601 1836 3655 Ita:

1635 3609 1730 3654 [ινα
1756 3571 2003 3656 Ιιαειϊεερδ.Ι
2033 3600 2108 3654 De
2144 3600 2278 3653 libro
2309 3601 2445 3672 Περὶ
2501 3599 2830 3671 σαρκώσεως
2854 3603 3109 3674 Χριστοῦ.

170 3707 399 3775 Quando
430 3725 624 3783 praeter
650 3716 754 3771 hos
775 3716 1009 3773 Eusebio
1033 3729 1492 3775 commemoratos
1523 3720 1690 3777 libros
1719 3720 2085 3790 Hieronymus
2113 3719 2226 3791 (47)
2253 3725 2512 3789 praaterea
2541 3720 2872 3776 mentionem
2902 3721 3033 3778 facit
3061 3726 3363 3780 multorum

97 3799 460 3873 voluminum,
485 3807 687 3875 quibus
710 3809 948 3879 origines
976 3811 1265 3867 haeresium
1291 3813 1632 3882 singularum
1655 3812 2028 3882 explicaverit,
2059 3821 2114 3865 et
2142 3826 2208 3865 ex
2238 3810 2439 3879 quibus
2468 3808 2918 3880 philosophorum
2944 3814 3192 3870 fontibus
3213 3826 3369 3870 ema—

101 3903 351 3958 naverint
380 3905 647 3978 singulae;
687 3910 791 3965 hoc
817 3928 926 3968 non
971 3914 1038 3969 de
1071 3914 1336 3983 peculiari
1365 3915 1602 3984 quodam
1635 3923 1799 3984 atque
1828 3913 2174 3969 voluminoso
2205 3925 2367 3980 opere
2397 3910 2669 3981 intelligas
2703 3910 2888 3972 velim,
2933 3908 3028 3963 sed
3061 3908 3370 3978 generatim

101 3996 170 4051 de
193 3999 451 4055 omnibus
484 4000 756 4059 Melitonis
785 4003 1006 4073 scriptis
1041 4004 1247 4060 dictum
1279 4015 1429 4075 puta,
1464 4015 1649 4076 utpote
1679 4021 1802 4076 quae
1829 4004 1944 4060 fere
1965 4005 2172 4067 omnia,
2214 4012 2276 4057 ut
2323 4003 2559 4058 vidimus
2587 4003 2873 4068 hactenus,
2921 4003 3114 4058 hceresi
3150 4001 3371 4057 cuidam

102 4089 323 4148 fuerunt
345 4097 616 4166 opposita.
653 4097 883 4169 Scripsit
912 4109 1093 4156 tamen
1133 4110 1397 4172 praeterea
1435 4113 1641 4170 noster,
1691 4111 1750 4156 ut
1779 4102 2190 4158 observavimus
2215 4116 2401 4170 supra,
2437 4101 2572 4155 alios
2603 4099 2784 4154 adhuc
2822 4098 2993 4152 libros
3039 4097 3180 4151 inter
3230 4109 3373 4164 quos

104 4184 372 4242 referendi
423 4199 551 4244 sunt
598 4190 890 4247 Anastasio
921 4191 1146 4246 Sinaitze
1197 4192 1609 4247 commemorati
1649 4191 1780 4258 duo,
1833 4191 1971 4245 alter
2004 4189 2074 4242 De
2107 4189 2352 4259 passione
2383 4187 2630 4251 Domini,
2686 4189 2823 4242 alter
2865 4187 2941 4241 De
2992 4184 3372 4238 Incarnatioue

105 4280 326 4349 Christi,
356 4285 491 4356 Περὶ
519 4285 847 4357 σαρκώσεως
873 4288 1133 4360 Χριστοῦ,
1165 4304 1326 4359 quem
1356 4288 1579 4358 posterit

1898 4302 1963 4340 ue
1991 4286 2131 4340 inter
2156 4285 2356 4354 scripta
2379 4282 2727 4337 Melitoniana
2763 4281 2967 4350 recepit
2990 4277 3206 4334 Caveus
3235 4273 3372 4343 (48'),

105 4395 334 4436 monens
364 4381 606 4452 insuper,
636 4399 774 4454 opus
814 4380 959 4437 istud
991 4395 1020 4433 a
1052 4379 1192 4433 libro
1232 4375 1523 4440 Melitonis,
1571 4378 1579 4428 1

1925 4375 2240 4446 ὲνσωμὰτου
2277 4374 2556 4428 diversum
2590 4387 2712 4427 esse
2752 4371 3086 4428 censendum
3115 4411 3130 4436 ,
3186 4377 3377 4437 utpote

108 4481 250 4549 quod
280 4496 387 4534 non
430 4481 484 4535 in
521 4498 712 4549 unum,
755 4493 816 4537 ut
855 4480 964 4543 illc,
1005 4480 1102 4534 sed
1149 4479 1204 4532 in
1233 4478 1420 4546 plures
1460 4476 1694 4532 divisum
1732 4473 1897 4530 fuerit
1927 4476 2112 4538 libros,
2142 4485 2193 4528 et
2219 4489 2285 4528 ex
2318 4489 2555 4542 quorum
2593 4470 2755 4526 tertio
2788 4466 3155 4536 fragmentum
3187 4463 3372 4523 attulit

110 4575 339 4645 insigne,
385 4577 455 4631 ab
485 4578 778 4632 Anastasio
813 4567 1176 4632 asservatum.
1227 4573 1430 4630 Contra
1472 4572 1801 4628 Mareioncm
1834 4573 2068 4642 scriptus
2102 4568 2220 4626 erat
2251 4572 2340 4625 hic
2371 4571 2527 4632 liber,
2557 4573 2649 4637 qui
2697 4567 3039 4622 divinitatem
3067 4562 3272 4617 (-Jhristi
3320 4561 3377 4614 in

111 4689 272 4728 carne
300 4675 533 4746 negavit,
556 4685 610 4730 et
638 4673 910 4730 Melitonis
945 4674 1049 4729 hac
1081 4675 1136 4728 in
1162 4682 1317 4745 parte
1342 4672 1648 4727 doctrinam
1682 4671 1886 4739 scripto
1915 4669 2062 4724 edito
2089 4677 2516 4737 Oppugnavcrat.

1286 4789 1452 4844 XXV.
1496 4789 1574 4844 De
1605 4790 1836 4844 transitu
1862 4786 2054 4840 Maria:
2097 4786 2246 4839 liber.

185 4919 411 4990 Spurius
435 4929 620 4974 tamen
650 4917 924 4982 estliber,
954 4914 1049 4986 qui
1091 4913 1168 4969 De
1200 4913 1434 4967 transitu
1465 4911 1632 4966 beata
1667 4908 1858 4965 Maria:
1896 4907 2116 4977 virginis
2161 4905 2263 4961 sub
2304 4904 2424 4974 ejus
2462 4900 2684 4957 nomine
2733 4894 3142 4961 circumfertur,
3195 4900 3247 4946 et
3281 4885 3376 4958 (ιυί

183 5080 295 5148 (59)
319 5078 471 5148 Apud
498 5077 700 5133 Justin.
731 5075 893 5130 Mart.
928 5075 994 5129 ad
1021 5073 1227 5129 calcem
1259 5069 1462 5141 prioris
1484 5067 1680 5138 Apolo-
2003 5061 2354 5148 Erasrnnus'in‘
2383 5053 2973 5148 Notis‘adnflieron‘gnji
3007 5048 3185 5148 ggtal.

117 5119 700 5223 ςετὲἷῗόέέῗῖξέζωῗ
731 5119 893 5223 ’ξίῗ”’
1484 5119 1498 5120 ί

1858 5119 1975 5223 {ei
2007 5131 2386 5223 test-lii“;
2409 5127 2720 5223 esis-.13?-
2746 5119 2973 5223 ’,ἰυηέίιιξ
3011 5119 3135 5223 ili.
3178 5206 3196 5223 .
3237 5187 3294 5223 ρς

185 5187 880 5290 ZiﬁijagpudNEuseleist.
911 5215 1096 5290 θεείῳ..
1124 5214 1221 5268 lib.
1250 5229 1324 5279 Iv,
1356 5228 1476 5282 cap.
1513 5210 1601 5273 l3,
1631 5216 1686 5263 ct
1797 5288 1804 5290 _
2023 5202 2348 5290 Tillemont.
2369 5199 2721 5290 1
3023 5187 3386 5290 Uni“;

185 5255 295 5290 μυ]
321 5255 473 5289 ειμυι.
505 5255 704 5274 uase...
911 5255 1096 5269 ww...
1126 5255 1221 5268 ...μ
1250 5255 1324 5279 ..,
1358 5255 1476 5282 νυν.
1519 5255 1601 5273 η,
1635 5255 1685 5263 ν-
2234 5255 2269 5256 ρ
2308 5255 2311 5256 ν
2374 5255 2386 5270 κ
2543 5270 2572 5296 ‘_
2708 5255 2717 5261 ,
3077 5255 3084 5258 _
3166 5260 3176 5270 _
3334 5255 3348 5309 1

123 5289 173 5342 in
195 5292 450 5346 Chronico
473 5290 625 5344 Alex.
663 5289 726 5342 ad
758 5302 962 5342 annum
990 5287 1112 5341 169.
1790 5285 1888 5333 tmt
1939 5281 2355 5346 apparemment
2397 5287 2469 5322 ιιιι
2529 5268 2724 5346 HNP“?
2789 5267 2990 5346 ιεξιίιιιθν
3050 5271 3386 5346 (400'9993

214 5331 1167 5421 ῖὶΐῧέζῇεὲῖἶι⁹ἑ⁷⁹ίιῖὶγᾌῖῗ’ἐιὶῖὲῇἓὲθ.
1204 5355 1301 5409 lib.
1337 5371 1410 5417 w,
1445 5367 1564 5421 cap.
1593 5350 1687 5403 9.6.
1795 5331 1952 5421 sam
1977 5331 2183 5399 'v‘oulm
2227 5344 2348 5421 bien
2390 5331 2784 5421 Δρειιιηριηρηιίτθ
2813 5331 3386 5421 ίιοζξξᾭξῑᾳὲᾖζοὲἓξῗὲ

335 5406 675 5485 librili-«illus
706 5406 1494 5494 inviddiiomtionibiis'qaibus
1515 5406 1690 5474 'varia
1795 5431 1849 5476 et
1878 5419 1973 5495 des
2001 5430 2271 5495 ouvragcs
2295 5411 2403 5490 lort
2430 5406 2586 5495 longs
2608 5408 2638 5461 ὲ
2661 5406 3204 5495 sa,

124 5469 1262 5567 Ιαέἷὶἴὶ
1306 5469 1493 5494 vn"
2027 5469 2256 5567 Charite,
2308 5483 2399 5550 qui
2449 5469 3196 5567 estvtoujourshumble,est
3234 5469 3386 5538 préte

328 5549 583 5621 Clericus
615 5549 1200 5622 illiilli—stork;Vgccles.
1237 5567 1462 5640 duorum
1503 5563 1700 5631 primo-
1865 5558 2018 5640 olieLir
2039 5570 2108 5640 ει)
2144 5549 2704 5640 touta‘uxmityl-Iuli?

125 5615 1557 5708 anhelam,ﬂag?€31‘,’2(;i;.‘.;;einamoe-
1603 5649 1692 5708 ρη-
1883 5615 2935 5708 (4.7).1'1ier0nym-Erisl-s":"l“°m
2994 5615 3178 5668 ιοευω
3225 5625 3387 5681 δυνη

126 5712 298 5766 cicune
324 5718 372 5762 et
409 5697 671 5772 moderné,
711 5697 849 5765 ἷοιιι.
898 5697 984 5775 Vl,
1026 5724 1148 5779 pag.
1177 5706 1320 5779 Alﬁ.
1364 5704 1561 5762 Confer
1605 5704 1702 5758 Ba-
1815 5697 2189 5779 exlljbtliftluso
2411 5773 2420 5779 _
2763 5773 2862 5779 μμ
2918 5757 2975 5779 η

133 5757 293 5842 ista;
325 5757 849 5851 i;¢;'sag."no':""
1513 5757 1551 5759 ”

1524 5757 1551 5759 7-
1608 5757 1615 5758 ⁷
1890 5770 1998 5841 (48)
2040 5768 2272 5832 Cavcus,
2305 5761 2507 5820 Πίθων.
2537 5761 2722 5827 ωηεν..
2763 5773 2883 5831 [’33-
2912 5757 2998 5819 45'
