3792 6218
114 245 255 301 nl?)
1512 248 1776 303 FRAGME

1848 246 1957 301 TA.
3246 242 3385 299 1214

959 362 987 434 §
1018 363 1107 418 ill.
1149 363 1369 434 Fragm.
1401 364 1636 433 ejusdem
1676 364 1946 433 Apologia:
1973 378 2037 415 ea:
2077 362 2339 416 Chronico
2369 360 2522 416 Alex.

180 453 322 509 ﬂuic
341 462 540 511 statim
566 469 893 527 sunjungam
916 454 1282 526 fragmentum
1308 475 1375 511 ex
1405 457 1666 515 Chronico
1690 458 2075 522 Alexandrino,
2098 456 2241 525 quod
2267 470 2321 510 et
2346 454 2648 524 Πασχάλιον
2672 466 2768 507 seu
2798 452 3099 507 Chromcon
3125 448 3388 504 Paschal:

108 556 359 613 vocatur,
394 547 779 617 desumptum.
812 545 988 617 Hujus
1012 548 1261 603 Chronici
1298 558 1489 605 auctor
1524 552 1591 605 ad
1625 548 1960 620 Olympiadis
1990 548 2381 602 ducentesima:
2408 546 2699 601 tricesin'ise
2732 553 2899 599 sextae
2934 557 3138 598 annum
3184 556 3385 596 secun-

106 643 262 707 dum,
301 643 608 698 indictione
632 644 809 707 tertia,
846 645 1080 699 duorum
1105 645 1500 715 Augustorum,
1531 642 1604 698 Μ.
1641 643 1847 698 Aurelii
1869 642 2133 699 Antonini
2164 650 2219 697 et
2250 639 2313 695 L.
2357 639 2482 695 Veri
2519 653 2665 694 anno
2698 639 2751 705 6,
2789 636 3016 708 Orphito
3052 646 3107 693 et
3140 635 3385 692 Pudente

106 748 257 791 coss.
298 734 447 791 inter
475 735 585 790 alia
620 736 736 791 haec
767 743 919 790 notat
949 732 1063 805 (83)
1091 753 1105 789 :

1504 870 1537 905 σ
1564 850 1595 903 λ
1622 858 1673 917 ς’
1711 851 2041 923 Ὀλυμπιάς,

1108 968 1184 1031 ς’,
1230 964 1350 1018 Ἰνδ.
1378 971 1447 1034 γ.
1485 965 1611 1017 ’Υπ.
1654 966 1902 1037 ὐρφίτου
1926 966 2018 1021 καὶ
2041 965 2349 1029 Πούδεντος.

188 1097 351 1154 Ἀλλὰ
380 1101 477 1154 καὶ
506 1100 754 1156 Μελίτων
784 1101 1028 1165 Ἀσιανὸς
1068 1099 1375 1172 Σαρδιανῶν
1407 1101 1702 1165 ἐπίσκοπος
1736 1101 1939 1172 βιϐλίον
1993 1102 2350 1173 Ἀπολογίας
2377 1101 2544 1157 ἔδωκε
2574 1103 2686 1165 τοῖς
2714 1100 3052 1173 λελεγμένοις
3082 1100 3376 1171 βασιλεῦσι,

106 1188 199 1243 καὶ
223 1191 408 1262 ἕτεροι
444 1192 503 1246 δὲ
549 1193 755 1261 πολλοὶ,
799 1188 874 1249 ὧν
905 1198 934 1249 ὀ
969 1194 1067 1266 μὲν
1110 1192 1370 1265 δηλωθεὶς
1410 1192 1690 1257 Ἰουστῖνος
1732 1194 1871 1263 μετὰ
1901 1211 2023 1249 τινα
2047 1193 2202 1258 ἄλλα,
2237 1185 2313 1250 ὧν
2342 1192 2569 1266 ἔγραψε,
2602 1193 2695 1246 καὶ
2728 1192 2885 1246 τοῦτο
2916 1191 3139 1263 ἐνέθηκε
3162 1209 3177 1223 ο
3205 1190 3378 1260 Κάγὼ

106 1286 419 1359 προσδοκῶ,
450 1305 506 1342 κ.
540 1306 592 1342 τ.
624 1289 699 1355 λ.;
732 1301 786 1345 et
808 1297 933 1361 post
978 1287 1114 1343 satis
1145 1288 1367 1358 longum
1402 1305 1468 1343 ex
1501 1286 1720 1344 Iustino
1756 1288 1776 1343 f

1848 1301 2145 1361 gmentum,
2175 1288 2362 1345 statim
2390 1289 2600 1359 pergit:
2640 1286 2885 1342 Μελιτων
2911 1287 3220 1357 Σαρδιανῶν
3250 1284 3375 1340 επί-

106 1399 329 1449 οκοπος,
357 1383 501 1454 μετὰ
548 1384 720 1438 πολλὰ
758 1384 867 1438 τῶν
904 1383 1257 1437 ὲπιδοθέντων
1290 1382 1441 1454 παρᾶ
1471 1382 1563 1437 τοῦ
1600 1384 1762 1439 αὑτοῦ

1848 1385 2108 1451 aestivos,
2137 1384 2302 1455 φησιν
2322 1400 2337 1415 ο
2384 1402 2403 1436 ι
2427 1382 2609 1439 Melite
2640 1380 3033 1438 Sardiauorum
3062 1382 3377 1453 episcopus,

103 1484 226 1545 post
256 1476 436 1531 multa
466 1475 537 1530 ab
562 1475 756 1531 eodem
781 1474 1004 1532 Iustino
1034 1476 1253 1545 tradita,
1282 1477 1363 1532 sic
1391 1476 1500 1532 ait:
1532 1496 1553 1530 ι

172 1616 291 1669 Οὐκ
319 1614 492 1687 ἐσμὲν
522 1614 687 1670 λίθων
712 1615 969 1686 οὐδεμίαν
993 1615 1242 1687 αἴσθησιν
1274 1616 1510 1687 ἑχόντων
1543 1576 1698 1687 θερα-

1866 1613 1987 1670 Νοη
2040 1630 2234 1671 sumus
2276 1611 2518 1684 lapidum
2556 1627 2719 1667 sensu
2763 1610 3068 1667 carentium
3116 1611 3377 1678 cultores,

104 1707 324 1771 πευταὶ,
356 1706 497 1761 ἀλλὰ
523 1707 686 1779 μόνου
726 1706 882 1771 Θεοῦ,
907 1706 1002 1760 τοῦ
1042 1706 1150 1779 πρὸ
1180 1706 1418 1770 πάντων,
1453 1706 1548 1760 καὶ⁸
1601 1706 1693 1759 ἐπὶ

1848 1702 1890 1757 :d
1921 1702 2096 1758 solius
2127 1700 2244 1767 Dei,
2278 1701 2373 1772 qui
2403 1710 2489 1756 est
2513 1709 2641 1755 ante
2672 1700 2878 1766 omnia,
2908 1708 2963 1755 et
2999 1701 3054 1753 in
3091 1700 3375 1764 omnibus,

105 1798 345 1867 πάντων,
372 1801 471 1853 καὶ
491 1800 583 1852 ἐπὶ
613 1799 725 1871 [ῖσ.
755 1798 860 1872 ἔτι]
892 1798 983 1853 τοῦ
1022 1798 1258 1871 Χριστοῦ
1312 1798 1477 1853 αὐτοῦ
1527 1798 1697 1863 ὅντως

1848 1836 1851 1846 .
1883 1804 2143 1865 praeterea
2171 1793 2374 1849 Christi
2402 1793 2544 1862 ejus,
2570 1793 2665 1863 qui
2692 1808 2816 1848 vere
2844 1800 2929 1848 est
2962 1792 3105 1848 Deus
3138 1790 3377 1848 Verbum

104 1886 233 1940 Θεοῦ
253 1888 435 1957 Λόγου
468 1888 577 1961 πρὸ
598 1887 831 1955 αἰώνων,
858 1889 1024 1960 ἐσμὲν
1059 1888 1411 1963 θρηαευταί.

1848 1896 1925 1942 ate
1953 1886 2175 1954 saecula,
2202 1885 2521 1942 adoratores
2556 1901 2771 1942 sumus.

166 2042 355 2101 Habes
409 2045 516 2100 hoc
552 2062 772 2117 quoque
812 2046 1179 2118 fragmentum
1226 2048 1369 2118 apud
1405 2047 1760 2111 Halloixium,
1787 2046 1880 2116 qui
1913 2055 2095 2101 tamen
2147 2046 2422 2102 incertum
2451 2046 2650 2122 habet,
2688 2060 2719 2100 e
2747 2061 2859 2115 quo
2890 2044 3065 2101 sancti
3103 2043 3205 2097 viri
3234 2042 3377 2098 libro

104 2133 192 2190 sit.
220 2133 380 2200 Mihi,
418 2136 798 2193 antecedentia
832 2139 1171 2209 respicienti,
1202 2139 1413 2193 nullum
1450 2138 1847 2209 propemodum
1880 2146 2123 2192 remanet
2160 2136 2410 2204 dubium,
2450 2138 2584 2208 quin
2619 2153 2684 2191 es
2714 2136 2969 2207 Apologia
2995 2152 3090 2205 pro
3113 2133 3379 2189 Christia-

106 2228 182 2282 nis
213 2229 351 2284 illud
377 2231 626 2298 credam,
649 2248 757 2302 qua
791 2233 846 2287 in
875 2233 1194 2304 conjectura
1222 2232 1382 2289 video
1412 2234 1577 2288 etiam
1605 2231 2017 2287 Tillemontium
2044 2242 2099 2285 et
2130 2230 2426 2301 Dupinium
2462 2246 2605 2286 esse.
2638 2229 2969 2285 Observabis
2995 2243 3159 2299 porro
3189 2240 3243 2282 et
3270 2226 3378 2282 hoc

104 2338 165 2378 ex
203 2321 466 2377 Chronici
503 2323 858 2378 Alexandrini
888 2326 1012 2391 lide,
1046 2324 1360 2381 Melitenem
1398 2327 1452 2380 in
1484 2342 1581 2381 sua
1631 2325 1892 2396 Apologia
1928 2324 2117 2379 eadem
2160 2322 2272 2378 fere
2302 2324 2531 2388 dixisse,
2561 2339 2624 2378 ac
2666 2321 2940 2377 Justinum
2993 2328 3287 2391 martyrem
3319 2319 3375 2373 in

106 2428 203 2468 suo
232 2413 585 2483 Apologetico
633 2415 700 2469 ad
734 2415 1071 2471 Antoninum
1123 2416 1303 2470 Pium.
1334 2415 1607 2472 Provocat
1654 2432 1795 2487 saepe
1824 2416 1891 2471 ad
1942 2416 2049 2471 hoc
2101 2416 2469 2483 fragmentum
2519 2414 2840 2471 Whistonus
2872 2414 3007 2487 (8i),
3040 2415 3110 2470 ob
3142 2414 3377 2468 haeresin

104 2505 364 2560 Arianam
398 2506 645 2562 Ecclesia
682 2508 981 2577 Anglican:
1007 2519 1060 2564 et
1088 2510 1379 2566 Academia
1409 2508 1848 2581 Cantabrigiensi
1877 2510 2104 2581 ejectus.
2149 2508 2241 2564 Sic
2282 2526 2333 2565 v.
2364 2525 2415 2565 c.
2442 2511 2683 2579 probare
2724 2511 2920 2565 exinde
2966 2510 3169 2577 studet,
3209 2510 3378 2566 Deum

106 2598 322 2653 Patrem
356 2600 527 2654 unice
555 2600 916 2669 adorandum,
949 2612 1004 2657 et
1049 2602 1314 2673 primario
1358 2604 1705 2658 solummodo
1737 2619 1859 2659 esse
1887 2601 2177 2659 colendum
2214 2601 2352 2669 (85).
2399 2598 2569 2655 Porro
2614 2601 2714 2656 hoc
2744 2617 2963 2671 quoque
2990 2601 3116 2657 inde
3154 2603 3378 2657 exscul-

106 2699 225 2754 pere
240 2692 387 2758 vult,
404 2691 688 2747 Christum
714 2698 892 2763 quoad
913 2704 1185 2761 naturam,
1205 2695 1467 2751 attributa
1492 2705 1544 2751 et
1568 2695 1929 2766 perfectiones
1956 2694 2172 2749 divinas
2199 2693 2310 2748 Deo
2333 2693 2482 2748 Patri
2507 2694 2739 2748 multum
2757 2709 2879 2748 esse
2899 2694 3218 2750 inferiorem
3243 2692 3376 2760 (86).

110 2783 345 2840 Sandius
377 2800 601 2856 quoque
634 2787 750 2856 (87)
781 2802 849 2841 ex
881 2787 987 2843 hoc
1029 2788 1149 2844 loco
1187 2799 1372 2860 aperte
1421 2790 1727 2859 proﬁtetur,
1780 2786 2093 2841 Melitanem
2131 2786 2277 2841 circa
2310 2786 2647 2841 divinitatem
2700 2785 2905 2841 Christi
2960 2787 3201 2842 sensisse
3247 2804 3374 2843 cum

105 2874 252 2940 Ario,
286 2892 314 2929 a
349 2892 591 2945 quorum
624 2878 918 2935 calumniis
952 2896 1062 2935 non
1091 2897 1229 2952 opus
1262 2897 1383 2937 esse
1408 2895 1606 2936 censeo
1634 2889 1693 2934 ut
1718 2879 1908 2933 multis
1939 2878 2225 2933 defendam
2262 2887 2536 2941 nostrum,
2562 2878 2678 2947 qui,
2714 2877 2950 2932 Eusebio
2978 2877 3183 2947 judice,
3214 2878 3380 2933 Chri-

108 2966 171 3020 sti
200 2967 554 3023 divinitatem
592 2971 775 3039 potius
811 2972 863 3026 in
899 2974 1121 3044 scriptis
1149 2975 1265 3031 suis
1309 2976 1549 3031 astruxit
1583 2974 1834 3039 mirifice,
1887 2973 2349 3042 Servatoremque
2401 2982 2652 3028 nostrum
2682 2971 2851 3027 Deum
2885 2972 3050 3027 simul
3081 2982 3246 3043 atque
3276 2974 3380 3028 ho-

107 3061 301 3117 minem
330 3077 532 3118 verum
566 3063 985 3121 demonstravit.

1245 3160 1272 3232 §
1305 3159 1395 3214 IV.
1428 3160 1647 3231 Fragm.
1681 3158 2021 3230 ρωῈκλογῶν
2066 3161 2216 3215 libris

169 3308 491 3367 Proximum
523 3312 912 3385 fragmentum,
940 3316 1087 3387 quod
1114 3334 1180 3372 ex
1219 3319 1489 3388 Ἐκλογῶν
1518 3321 1785 3388 prooemio
1805 3320 2150 3388 desumptum
2182 3329 2286 3384 est,
2316 3320 2499 3373 denuo
2527 3319 2679 3374 dabit
2708 3320 2999 3385 Eusebius,
3031 3320 3197 3377 citato
3227 3322 3373 3388 loco,

105 3402 169 3455 ita
203 3404 269 3459 de
297 3405 497 3460 eodem
538 3406 832 3476 praefatus:
884 3409 1041 3462 Ἀλλὰ
1094 3410 1266 3463 ταῦτα
1308 3412 1405 3481 μὲν
1458 3413 1515 3463 ὲν
1546 3408 1624 3479 τῷ
1661 3409 1776 3480 δηλι

1848 3410 1954 3462 ἐντι
1993 3409 2231 3462 τέθειται
2266 3409 2409 3479 λόγῳ
2434 3426 2446 3438 ·
2500 3410 2558 3461 ἐν
2591 3409 2647 3461 δὲ
2688 3412 2809 3472 ταῖς
2864 3409 3187 3481 γραφείσαις
3228 3411 3379 3483 αὐτῷ

114 3494 423 3567 Ἐ’κλογαῖς
463 3503 492 3553 ὁ
534 3501 695 3566 αὐτὸς
740 3504 878 3573 μετὰ
926 3504 987 3556 τὸ
1024 3502 1307 3577 προοίμιον
1342 3501 1685 3572 ἀρχόμενος,·
1712 3500 1820 3553 τῶν
1867 3500 2315 3571 ὁμολογουμένων
2363 3500 2463 3569 τῆς
2515 3499 2757 3563 Παλαιᾶς
2822 3501 3097 3573 Διαθήκης
3140 3503 3374 3575 Γραφῶν

105 3594 328 3644 ποιεῖται
378 3591 679 3661 κατάλογον
699 3609 711 3623 ⁸
739 3593 798 3646 ὃν
835 3594 926 3646 καὶ
950 3596 1249 3663 ἀναγκαῖον
1270 3593 1498 3646 ἐνταῦθα
1530 3588 1821 3656 καταλέξαι
1848 3591 2146 3662 ἡγούμεθα,
2178 3590 2367 3661 ἔχοντα
2397 3593 2488 3644 ἐπὶ
2514 3590 2710 3656 λέξεως
2748 3592 2945 3657 οὕτως·
2975 3593 3013 3647 ἰ.
3045 3610 3094 3648 c.
3122 3614 3140 3645 ι
3170 3595 3294 3651 11ωο
3320 3598 3375 3652 in

106 3696 262 3752 supra
294 3683 451 3738 dicto
486 3683 764 3740 Melitnnis
796 3686 937 3741 libro
966 3686 1258 3757 (Apologia:
1289 3686 1433 3753 scil.)
1465 3686 1738 3756 leguntur.
1770 3685 1916 3738 Idem
1944 3684 1997 3737 in
2025 3682 2327 3753 Excerptis,
2357 3685 2425 3738 ab
2447 3685 2565 3755 ipso
2592 3686 2933 3755 compositis,
2963 3687 3250 3745 universos
3276 3690 3377 3745 Ve-

110 3776 230 3831 teris
272 3775 619 3831 Testamenti
665 3778 873 3847 libros,
920 3779 1015 3849 qui
1049 3778 1295 3832 omnium
1329 3794 1599 3833 consensu
1643 3787 1841 3845 recepti
1888 3787 2036 3842 sunt,
2070 3780 2253 3832 statim
2287 3779 2339 3831 in
2376 3778 2647 3847 principio
2686 3780 2866 3848 operis
2894 3792 3161 3836 recenset.
3198 3783 3373 3851 Quem

106 3868 317 3939 quidem
354 3868 596 3923 iudicem
624 3870 727 3925 hoc
759 3871 882 3926 loco
913 3887 1186 3941 apponere
1215 3872 1588 3927 necessarium
1619 3870 1827 3940 putavi.
1867 3870 1957 3925 Sic
1985 3879 2167 3924 autem
2204 3871 2369 3925 habet
2396 3870 2463 3924 ad
2489 3872 2715 3925 verbum
2744 3891 2755 3926 :
2792 3893 2810 3924 ι

2119 3986 2303 4041 Melito
2327 3987 2586 4043 Onesimo
2615 3987 2766 4043 fratri
2805 3990 3056 4045 salutem.

1867 4078 2004 4132 Cum
2038 4095 2139 4150 pro
2184 4096 2371 4135 amore
2402 4097 2467 4136 ac
2496 4082 2677 4136 studio
2710 4092 2803 4136 tuo
2840 4098 2967 4152 erga
2996 4086 3222 4140 verbum
3256 4086 3376 4157 Dei,

169 3982 422 4037 Μελίτων
461 3984 734 4056 Ὀνησίμῳ
777 3985 891 4056 (88)
916 3986 992 4057 τῷ
1019 3986 1232 4057 ἀδελφῷ
1257 3987 1366 4056 (89)
1401 3988 1624 4058 χαίρειν.

182 4071 400 4141 Ἐπειδὴ
435 4074 695 4139 πολλάκις
720 4074 979 4145 ἠξίωσας,
1011 4079 1212 4149 σπουδῇ
1243 4081 1306 4149 τῇ
1337 4078 1472 4151 πρὸς
1499 4079 1590 4132 τὸν
1612 4079 1692 4134 λό-

106 4179 194 4231 γον
226 4167 537 4240 χρὼμενος,
568 4167 822 4236 γενέσθαι
848 4186 929 4221 σοι
959 4169 1187 4238 ἐκλογὰς
1213 4170 1275 4223 ἐκ
1301 4189 1359 4224 τε
1382 4172 1474 4224 τοῦ
1499 4173 1685 4243 νόμου,

106 4254 191 4307 καὶ
225 4255 335 4307 τῶν
360 4255 680 4326 προφητῶν,
709 4255 947 4326 περὶτοῦ
976 4257 1226 4328 Σωτῆρος
1254 4259 1347 4311 καὶ
1388 4260 1568 4331 πάσης
1590 4260 1690 4330 τῆς

107 4347 335 4411 πίστεως
384 4346 547 4417 ⁴ἡμῶν
569 4386 583 4410 ,
616 4347 693 4400 ἔτι
722 4364 780 4400 τε
824 4348 915 4401 καὶ
962 4348 1151 4419 μαθεῖν
1178 4349 1276 4420 τὴν
1305 4350 1412 4405 τῶν
1450 4350 1688 4405 παλαιῶν

108 4437 317 4506 βιϐλίων
353 4438 658 4509 ἐϐουλήθης
682 4441 985 4511 ἀκρίϐειαν,
1013 4442 1151 4493 πόσα
1179 4442 1269 4495 τὸν
1310 4444 1561 4515 ἀριθμὸν,
1594 4443 1689 4496 καὶ

105 4530 250 4583 ὁποῖα
290 4530 392 4602 τὴν
423 4528 578 4596 τάξιν
615 4526 742 4595 εἷεν,
788 4532 1096 4587 ἐσπούδασα
1122 4534 1182 4586 τὸ
1212 4533 1419 4587 τοιοῦτο
1461 4534 1686 4605 πρᾶξαι,

107 4687 189 4757 ubi
216 4705 280 4743 ex
309 4688 399 4744 his
428 4686 562 4757 ipsis
586 4687 853 4742 Melitonis
876 4688 1057 4743 verbis
1086 4690 1297 4757 probat,
1319 4691 1557 4745 edictum
1582 4692 1684 4747 sub

106 4755 178 4809 Pii
207 4755 607 4825 nomiue'apud
637 4758 951 4830 Eusebium,
973 4755 1100 4830 ideo
1122 4759 1198 4813 Pii
1220 4776 1339 4814 esse
1362 4777 1470 4814 non
1503 4776 1683 4830 posse,

105 4830 222 4896 quia
274 4831 346 4883 sit
382 4830 707 4897 inscriptum
748 4829 813 4881 ad
865 4828 1042 4881 κοινὸν
1100 4830 1300 4892 Ἀσίας,
1330 4828 1521 4887 omnes
1544 4834 1689 4889 Asiae

108 4900 280 4963 urbes,
306 4915 419 4953 non
438 4914 569 4952 vero
591 4899 656 4951 ad
683 4900 918 4953 Helladis
934 4900 1181 4955 civitates
1209 4910 1439 4956 tantum.

170 4969 278 5052 (81"?)
314 4969 599 5052 [aditionis
642 4969 964 5052 Parisinus},
996 4968 1392 5052 lgnam'stpdio
1439 4981 1493 5026 et
1541 4988 1688 5028 cura:

107 5036 277 5093 Caroli
332 5039 628 5121 Dufresne,
679 5039 833 5094 Dom.
870 5036 1176 5120 Du_Cange
1230 5043 1514 5106 debemus,
1561 5060 1683 5168 pag.

107 5108 223 5168 258,
258 5120 313 5163 et
361 5127 419 5163 In
471 5108 703 5168 Corpore
748 5110 1066 5168 Byzantina.
1114 5122 1246 5167 tom.
1269 5111 1358 5168 ΙΙΙ.
1398 5129 1522 5168 nae.
1558 5117 1629 5167 20
1670 5155 1683 5168 .

106 5108 223 5169 258,
258 5120 313 5163 et
361 5111 419 5163 in
471 5108 703 5180 Corpore
748 5110 1066 5180 Byzantina,
1114 5108 1358 5177 tom.lll,
1396 5129 1522 5184 pag.
1558 5108 1685 5180 206,

106 5178 226 5231 edit.
264 5179 461 5232 Venet.

172 5189 226 5230 ll.
267 5189 461 5233 Venet.

170 5249 278 5324 (8i)
317 5247 662 5324 Wltistonin
699 5250 777 5302 his
821 5251 1056 5324 Account
1101 5254 1164 5322 of
1192 5253 1275 5306 the
1317 5254 1478 5308 Faith
1516 5257 1572 5324 o]
1606 5258 1688 5311 the

108 5328 199 5370 two
229 5320 350 5387 ﬁrst
394 5320 692 5390 Cent_uries,
719 5320 1154 5390 concerningdhe
1190 5341 1308 5377 over
1339 5320 1689 5381 blesscd‘Tri-

107 5389 233 5457 nity,
265 5391 373 5442 and
402 5390 490 5443 the
514 5388 859 5443 Incarnation
893 5394 955 5460 of
978 5388 1076 5445 our
1100 5393 1262 5448 Lord.

175 5462 287 5527 (85)
313 5461 487 5531 Antio.
518 5460 574 5524 2,
602 5476 723 5529 pag.
754 5462 841 5515 69.
866 5461 1080 5518 Titulus
1110 5465 1273 5531 hujus
1307 5467 1519 5521 articuli
1553 5476 1671 5524 est:

112 5527 330 5607 FodAthe
356 5527 708 5607 Fat/tenam}
727 5535 807 5607 He
832 5532 988 5607 alone
1010 5535 1054 5586 is
1087 5544 1137 5587 to
1165 5527 1221 5587 he
1233 5538 1512 5607 primarin
1529 5556 1685 5594 wors-

109 5600 277 5677 hipper
309 5603 423 5677 and
450 5601 669 5662 ador’d;
697 5618 757 5653 or
786 5603 841 5653 in
873 5604 955 5656 the
984 5614 1121 5657 most
1149 5600 1336 5675 propre
1358 5600 1504 5662 sense
1530 5654 1545 5677 ,
1577 5612 1683 5666 and

111 5669 162 5723 iu
193 5671 276 5725 the
312 5672 516 5743 highest
555 5688 808 5728 manner:
839 5677 917 5729 Ile
953 5677 1074 5745 only
1104 5669 1255 5749 being'
1294 5679 1375 5733 the
1413 5669 1590 5749 Objéct
1630 5685 1691 5752 of

1796 4171 1999 4239 saepius
2033 4188 2060 4225 a
2097 4189 2183 4227 me
2214 4175 2599 4243 postulaveris,
2642 4185 2702 4230 ut
2728 4188 2981 4247 excerpta
3023 4182 3272 4249 quredam
3307 4199 3375 4239 ex

1795 4260 1911 4331 lege
1936 4273 1989 4317 et
2019 4266 2320 4336 prophetis,
2350 4284 2474 4337 qua:
2501 4270 2566 4323 ad
2603 4268 2948 4326 Servatorcm
2976 4283 3030 4328 et
3061 4275 3127 4328 ad
3156 4278 3375 4333 univer—

1795 4367 1911 4407 sam
1961 4355 2120 4410 ﬁdem
2173 4368 2419 4414 nostram
2471 4362 2774 4430 pertinent,
2808 4364 2902 4417 tibi
2943 4381 3371 4436 componerem;

1793 4459 2031 4516 cumque
2055 4450 2225 4505 libros
2253 4450 2462 4507 Veteris
2495 4452 2829 4508 Testamenti
2864 4467 3121 4509 accurate
3166 4473 3373 4526 cogno-

1796 4553 1949 4593 scere
1990 4543 2391 4611 concupiveris,
2424 4552 2558 4612 quot
2598 4559 2829 4598 numero
2884 4554 2939 4597 et
2969 4560 3079 4614 quo
3125 4546 3238 4601 sint
3282 4564 3373 4602 or-

1792 4694 2135 4773 the_supreme
2158 4698 2340 4773 degree
2381 4699 2606 4773 of‘such
2628 4700 2808 4773 divine
2834 4702 3060 4773 worship
3088 4704 3194 4757 and
3234 4704 3369 4759 ado-

1790 4766 1965 4837 ration
1997 4766 2657 4837 throughJesus'Christi.

1862 4836 2169 4914 (86)"llrtic.
2224 4840 2278 4914 8_,
2323 4854 2443 4914 pag.
2472 4840 2601 4914 l84,
2639 4840 2969 4914 inscribitur
3024 4844 3126 4898 hoc
3170 4854 3365 4914 caput:

1786 4906 1942 4981 {esus
1974 4907 2175 4981 Christ,
2218 4909 2301 4962 the
2328 4906 2511 4975 Wbrd,
2543 4911 2648 4964 and
2678 4928 2771 4964 son
2809 4913 2871 4981 of
2894 4912 3029 4979 God,
3057 4916 3102 4967 is
3138 4932 3169 4967 a
3197 4906 3370 4967 divine

1790 4977 1973 5046 Being,
2009 4994 2070 5030 or
2095 4978 2323 5050 Person,
2362 4980 2451 5049 far
2490 4982 2712 5050 inferior
2756 4992 2807 5036 to
2840 4977 2919 5036 his
2952 4977 3157 5038 Fathcr
3186 4988 3241 5037 in
3272 5001 3367 5039 na-

1790 5048 2231 5133 tura-attributes
2263 5048 2732 5133 and'upetfeetions.

2002 5118 2238 5194 §andius
2266 5121 2317 5173 in
2350 5117 2554 5194 Nucleo
2582 5124 2709 5194 hist.
2736 5124 2943 5187 eccles.,
2972 5140 3093 5194 pag.
3133 5124 3221 5179 15.

1864 5188 1974 5262 (88)
1997 5188 2289 5258 Nicephor.
2318 5192 2463 5247 Hist.
2494 5193 2678 5247 eccles.
2723 5195 2817 5248 lib.
2847 5211 2921 5259 Iv,
2950 5188 3072 5262 cap‘.
3100 5194 3186 5259 10,
3216 5192 3361 5251 One-

1788 5260 2074 5327 siphorum
2100 5264 2336 5316 vocavit.

1860 5330 1967 5400 (89)
1990 5329 2235 5404 Fratrem
2260 5347 2440 5399 vocat,
2457 5335 2572 5389 sive
2595 5335 2740 5402 quod
2773 5334 3138 5404 erantiisdem
3166 5350 3364 5404 paren—

1790 5402 2094 5473 tibusnati,
2121 5403 2236 5456 sive
2260 5406 2403 5473 quod
2434 5416 2551 5459 erat
2583 5405 2952 5459 Christianus.
2980 5402 3363 5460 Tilleniontius

1783 5471 1949 5541 etqui
1978 5486 2103 5525 eum
2147 5482 2203 5544 ut
2241 5471 2534 5541 plurimum
2579 5474 2887 5544 natam
2926 5476 3192 5544 sequitur,
3219 5490 3362 5543 sat-pe

1788 5546 1950 5597 etiam
1975 5543 2233 5614 cxscribit
2252 5544 2489 5607 Ceillier,
2508 5546 2559 5597 ll.
2588 5561 2670 5599 cc.
2696 5543 3040 5599 Christianos
3070 5545 3359 5614 primmvos

1791 5628 1849 5685 se
1880 5614 2111 5685 invicem
2144 5612 2372 5669 fratrum
2398 5616 2620 5669 nomine
2657 5615 2981 5683 appellasse,
3004 5612 3202 5685 probat
3228 5615 3365 5672 Βίην

1790 5684 1951 5754 gham
1988 5683 2194 5754 Origin.
2223 5701 2362 5741 sacr.
2392 5686 2500 5743 vol.
2521 5685 2562 5752 l,
2590 5686 2681 5743 lib.
2712 5702 2748 5752 ι,
2781 5701 2899 5755 cap.
2930 5685 2981 5740 l.
