3792 6218
474 225 615 283 1215
1511 229 1568 284 S.
1607 229 1863 286 MELITO
1897 230 1971 286 SA

2245 230 2577 288 EPISC-OPU
2587 231 2643 285 S.
3597 244 3714 298 1916

464 343 593 397 dine
632 343 951 413 conscripti,
998 341 1051 397 id
1100 342 1360 413 perﬁcere
1382 344 1530 398 omni
1562 344 1745 399 studio
1767 345 1953 399 labora

2216 347 2506 417 turdusve};
2544 364 2637 399 σου
2688 345 2749 399 τὸ
2781 346 3061 403 σπουδαῖον
3095 351 3228 423 περὶ
3271 350 3379 424 τὴν
3413 352 3616 417 πίστιν,
3640 357 3713 408 καὶ

466 432 594 488 Scio
622 432 822 502 quippe
848 441 1054 502 quanto
1083 434 1204 488 tidei
1231 433 1450 501 ardore,
1480 442 1535 489 et
1560 444 1765 503 quanta
1794 436 1963 491 discet

2215 439 2438 509 λομαθές
2458 440 2585 510 περὶ
2601 438 2691 491 τὸν
2709 438 2864 507 λόγον
2878 458 2891 470 ·
2911 440 2991 494 ὅτι
3008 459 3066 495 τε
3093 443 3333 513 μάλιστα
3352 444 3575 499 πάντων
3591 447 3712 517 πόθῳ

462 522 756 592 cupiditate
786 523 999 593 ﬂagres,
1036 530 1196 593 teque
1223 524 1518 594 praecipue
1556 525 1627 578 ob
1665 540 1911 580 amorem
1943 523 1959 577 1

2209 532 2225 584 3
2260 534 2395 604 πρὸς
2417 532 2549 585 Θεὸν
2577 532 2747 585 ταῦτα
2770 535 3080 605 προκρινεις
3103 538 3235 608 περὶ
3263 535 3370 608 τῆς
3396 536 3613 592 αἰωνίου
3635 558 3706 595 σω

462 618 564 671 ista
591 617 846 672 omnibus
870 618 1033 671 rebus
1066 616 1337 672 anteferre
1384 634 1486 688 pro
1520 628 1801 689 comperto
1836 619 1959 673 habt

1291 633 1337 671 re
1384 634 1486 688 pro
1520 628 1801 689 comperto
1836 619 2035 685 habeo,
2146 623 2341 695 τηρίας
2368 621 2788 694 ἀγωνιζόμενος.

460 717 515 761 et
543 717 756 762 internae
786 708 978 763 salutis
1007 709 1317 764 obtinendae.
1345 724 1514 765 causa
1538 711 1835 765 decertare.

526 801 638 872 Ego
677 802 844 873 igitur
881 818 1005 858 cum
1038 804 1091 857 in
1135 803 1413 859 Orientem
1462 804 1737 874 profectus
1759 819 1959 869 essem,
1988 818 2023 858 e‘

2208 801 2462 855 Ἀνελθὼν
2488 796 2581 856 οὖν
2604 803 2684 866 εἰς
2703 801 2800 873 τὴν
2821 802 3081 873 ἀνατολὴν
3111 802 3248 877 (90),
3270 804 3373 857 καὶ
3394 804 3504 869 ἕως
3530 803 3705 861 τοῦτό-

459 892 527 947 ad
570 893 748 948 locum
786 892 963 962 ipsum
994 893 1390 962 pervenissem,
1418 894 1473 947 in
1505 909 1615 963 quo
1662 893 1778 948 haec
1813 903 1863 948 et
1898 908 1956 963 pr

2209 912 2245 945 μυ
2269 894 2578 965 γενόμενος,
2601 894 2730 947 ἔνθα
2750 894 3024 966 ἐκηρύχθη
3040 896 3136 950 καὶ
3157 894 3442 967 ἐπράχθη,
3467 896 3559 950 καὶ
3578 899 3706 968 ἀκρι-

458 982 636 1037 dicata
678 993 733 1037 et
783 994 931 1053 gesta
985 984 1116 1040 olim
1168 984 1409 1050 fuerunt,
1448 982 1659 1039 Veteris
1703 983 1955 1039 Testame

2205 986 2252 1050 ie;
2275 986 2460 1057 μαθὼν
2479 986 2545 1040 τὰ
2558 987 2657 1057 τῆς
2677 986 2914 1050 Παλαιᾶς
2938 987 3210 1060 Διαθήκης
3236 989 3445 1060 βιϐλία,
3461 990 3702 1056 ὑποτάξας

457 1072 628 1127 libros
681 1072 969 1143 diligenter
1017 1074 1220 1140 didici,
1262 1089 1562 1144 eorumque
1604 1074 1837 1130 indicem
1892 1073 1947 1127 in

1637 1074 1837 1130 adicem
1892 1071 2036 1127 infra
2140 1078 2363 1150 ἐπεμψὰ
2391 1095 2494 1144 σοι,
2521 1071 2597 1132 ὧν
2629 1079 2745 1132 ἐστι
2773 1079 2841 1132 τὰ
2868 1080 3101 1151 ὀνόματα
3122 1098 3134 1112 ⁸

456 1164 762 1231 subjectum
797 1166 863 1219 ad
899 1176 951 1221 te
983 1167 1129 1221 misi.
1168 1167 1263 1222 Est
1294 1177 1478 1222 autem
1513 1166 1819 1235 ejusmodi:

528 1253 732 1324 Moysis
766 1256 889 1309 libri
924 1256 1167 1327 quinque
1201 1276 1216 1313 :
1254 1256 1510 1322 Genesis,
1547 1256 1791 1319 Exodus,
1829 1255 2025 1311 Leviti-

2205 1257 2487 1323 Μωῦσέως
2524 1258 2707 1314 πέντε·
2734 1258 2972 1326 Γένεσις,
2999 1261 3239 1327 Ἕξοδος,
3268 1264 3576 1327 Λευιτικὸν,
3593 1266 3700 1337 Ἀρι-

453 1360 574 1412 cus,
596 1344 842 1413 Numeri,
869 1346 1385 1417 Deuteronomium;
1408 1348 1570 1404 Iesus
1594 1346 1763 1411 Nave,
1785 1346 1950 1402 Judicl

2199 1352 2280 1416 tot,
2318 1351 2771 1423 Δευτερονόμιονθ
2812 1352 3018 1423 Ἰησοῦς
3062 1354 3245 1425 Ναυῆ,
3286 1357 3696 1427 Κριταὶ,⁹Ροὺθ,

453 1434 621 1502 Ruth,
658 1435 965 1505 Regnorum
993 1439 1114 1493 libri
1136 1449 1397 1510 quatuor,
1421 1438 1874 1509 Paralipomenon
1897 1438 1950 1493 dt

2202 1442 2428 1497 ισιλειῶν
2470 1443 2730 1515 τέσσαρα,
2773 1444 3268 1516 Παραλειπομένων
3317 1447 3438 1511 δύο,
3488 1448 3699 1519 Ψαλμῶν

452 1526 654 1582 Psalmi
692 1528 933 1593 Davidis,
974 1529 1289 1587 Salomonis
1320 1531 1643 1593 Proverbia,
1681 1540 1892 1601 quaeet
1928 1528 1949 1583 Ε

2201 1535 2313 1599 .6“ιδ,
2343 1535 2684 1606 Σολομῶντος
2703 1536 3016 1607 Παροιμίαι,
3042 1538 3097 1590 αἳ
3114 1538 3207 1591 καὶ
3230 1538 3406 1607 Σοφία
3436 1539 3565 1609 (91),
3604 1542 3698 1593 Ἐκς

450 1619 685 1688 pientia,
725 1620 1118 1690 Ecclesiastes,
1154 1622 1442 1679 Canticum
1486 1624 1864 1691 canticorum,
1900 1622 1947 1678 Jt

2199 1621 2675 1699 ησιαστὴς,¹ᾼσμα
2696 1625 2970 1697 ᾀσμάτων,
2989 1625 3128 1691 Ἰὼϐ,
3156 1628 3471 1699 Προφητῶν
3488 1630 3696 1695 Ἡσαΐας),

451 1712 840 1782 prophetarum
876 1715 1048 1781 lsaim,
1074 1714 1343 1782 Ieremia,
1378 1727 1432 1771 et
1464 1717 1752 1772 duodecim
1788 1718 1948 1787 propl:

2199 1693 2428 1790 ερεμίου,
2452 1693 2561 1770 τῶν
2854 1720 2911 1770 ὲν
2954 1693 3534 1791 μονοόίδλὶρξΔ-ανιὴλ,
3569 1693 3696 1775 Ἱεσεέ

450 1813 630 1858 tarum
667 1805 800 1859 liber
835 1823 999 1873 unus,
1036 1807 1246 1873 Daniel,
1285 1808 1556 1875 Ezechiel,
1594 1807 1816 1864 Esdras.
1844 1808 1947 1862 Ex]

2197 1808 2267 1879 ῇλ,
2291 1809 2543 1880 Ἔσδρας,
2579 1808 2667 1875 Ἐξ
2689 1802 2764 1863 ὧν
2793 1809 3000 1874 καὶτὰς
3021 1810 3253 1880 ἐκλογὰς
3274 1814 3617 1885 ἐποιησάμην
3635 1815 3694 1877 εἰς

450 1897 616 1967 igitur
646 1910 901 1971 excerpta
936 1902 1153 1973 collegi,
1192 1918 1315 1973 qua:
1351 1904 1405 1957 in
1441 1918 1535 1958 sex
1570 1902 1743 1957 libros
1789 1901 1947 1972 partit

1116 1902 1153 1967 i,
1192 1918 1315 1973 qua:
1351 1904 1405 1957 in
1441 1918 1535 1958 sex
1570 1902 1743 1957 libros
1789 1901 2025 1972 partitus
2124 1900 2182 1967 ἒξ
2205 1899 2382 1971 βιϐλία
2403 1898 2608 1953 διελών.

516 2084 633 2141 Hoc
660 2086 1026 2159 fragmentum
1060 2091 1144 2146 vel
1171 2089 1294 2146 ideo
1323 2089 1605 2161 quantivis
1635 2089 1796 2158 pretii
1823 2098 1909 2143 est
1930 2084 2316 2157 reputandum,
2340 2082 2471 2153 quia
2497 2089 2751 2137 exactum
2780 2096 3063 2137 sacrorum
3094 2082 3397 2151 librorum,
3431 2086 3487 2140 in
3516 2101 3695 2142 canone

446 2175 660 2233 Veteris
698 2178 1031 2236 Testameuti
1071 2194 1439 2252 receptorum,
1466 2182 1712 2239 continet
1745 2181 2075 2251 eatalogum,
2108 2176 2203 2247 qui
2266 2174 2514 2230 omnium
2561 2175 2770 2244 primus
2822 2182 2939 2240 est,
2993 2191 3158 2245 quem
3197 2178 3349 2247 apud
3382 2177 3696 2236 Christianos

445 2270 741 2341 scriptores
784 2273 1111 2330 invenimus.
1163 2276 1467 2331 Adornavit
1506 2292 1572 2330 ex
1601 2274 1855 2329 Patribus
1894 2273 2141 2328 diversas
2174 2268 2403 2324 canonis
2449 2266 2746 2337 Scriptura:
2794 2280 2964 2321 sacrae
3014 2268 3450 2326 constitutiones
3498 2273 3693 2329 illustris

444 2363 759 2431 reipublicae
797 2365 1108 2424 Bremeusis
1158 2360 1435 2438 quondam
1469 2368 1751 2439 syudicus,
1788 2364 2104 2421 Gerhardus
2129 2377 2233 2415 van
2262 2360 2563 2428 Mastricbt,
2606 2360 2661 2414 in
2694 2359 3039 2415 Bibliothecw
3063 2360 3377 2417 Bremeusis
3410 2365 3584 2421 classe
3611 2382 3691 2429 vn,

445 2450 710 2511 faseiculo
745 2473 783 2523 ι,
808 2469 994 2528 postea
1032 2476 1279 2525 recusas,
1313 2475 1436 2529 qua
1459 2458 1696 2515 conferri
1725 2467 1979 2529 poterunt
2004 2471 2129 2511 cum
2163 2455 2265 2509 155
2296 2455 2690 2515 schematibus,
2737 2453 2791 2507 in
2824 2453 3026 2523 quibus
3079 2454 3205 2509 libri
3260 2457 3457 2513 biblici
3510 2460 3692 2515 diverso

443 2548 636 2602 ordine
698 2551 1067 2619 ειιιίδεηιυιι,
1110 2552 1323 2608 ιιυιηῑιι,
1369 2550 1568 2619 Ηοάίί,
1622 2553 1689 2607 ad
1736 2554 1939 2607 calcem
1986 2549 2285 2621 pcregrcgii
2339 2548 2463 2602 libri
2498 2547 2575 2601 De
2622 2546 2901 2601 bibliorum
2957 2548 3185 2603 textibus
3220 2550 3597 2622 originalibus,
3620 2558 3693 2624 qui

441 2638 621 2695 Oxon.
656 2643 814 2709 1705,
849 2646 901 2699 in
929 2647 1117 2715 primae
1145 2646 1537 2717 magnitudinis
1563 2646 1739 2701 forma
1782 2646 2004 2717 prodiit.
2042 2643 2160 2698 Non
2204 2659 2433 2714 prorsus
2493 2643 2797 2712 spernenda
2858 2642 2996 2697 ratio
3061 2643 3200 2698 mihi
3252 2646 3517 2715 videtur,
3556 2663 3691 2719 quam

444 2729 770 2791 Wbistonus
798 2734 909 2805 (92)
958 2736 1213 2803 reddidit,
1266 2750 1435 2807 quare
1470 2735 1683 2802 Melito,
1717 2735 1784 2791 de
1819 2750 2031 2790 canone
2064 2734 2327 2788 librorum
2363 2748 2648 2788 sacrorum
2679 2732 2965 2803 quaesitus,
2997 2749 3137 2804 opus
3160 2735 3691 2795 babueritOrientem

443 2826 597 2893 prius
631 2827 804 2895 adire,
829 2844 955 2883 cum
984 2837 1163 2884 tamen
1203 2835 1484 2899 receptum
1526 2843 1641 2885 suae
1694 2827 1953 2883 Ecclesiae
2004 2842 2295 2893 canonem,
2344 2835 2688 2895 utpote~quo
2732 2840 2833 2880 nec
2881 2825 3029 2879 illam
3066 2828 3320 2884 caruisse
3360 2831 3687 2893 credendum,

442 2918 805 2973 transcribere
835 2918 1020 2973 statim
1051 2920 1349 2989 potuisset;
1383 2936 1653 2976 canonem
1686 2919 1895 2975 scilicet
1929 2918 2197 2973 librorum
2231 2934 2518 2973 sacrorum
2551 2933 2660 2972 una
2698 2932 2822 2972 cum
2874 2917 3377 2977 constitutionibus
3403 2924 3691 2993 apostolicis

440 3024 550 3065 non
574 3012 832 3068 omnibus
853 3014 1166 3083 promiscue
1190 3013 1452 3071 Ecelesiis
1474 3014 1645 3071 fuisse
1665 3014 2065 3078 concreditum,
2103 3014 2195 3068 sed
2223 3013 2292 3067 iis
2319 3024 2534 3067 tantum
2578 3027 2715 3082 quas
2752 3012 2987 3081 apostoli
3018 3012 3122 3080 ipsi
3153 3013 3554 3085 plantaverint,
3578 3033 3692 3088 qua-

439 3121 559 3161 rum
587 3106 675 3161 ille
707 3106 818 3178 (93)
854 3107 919 3161 i9
949 3116 1220 3174 numerat,
1252 3117 1307 3163 et
1348 3108 1492 3163 inter
1518 3124 1657 3178 quas
1688 3106 1975 3163 Sardensis
2006 3120 2115 3159 nou
2152 3114 2399 3175 apparet.
2434 3105 2716 3160 DitIicilius
2760 3114 2942 3159 autem
2969 3106 3150 3161 eidem
3182 3108 3307 3164 viro
3342 3112 3692 3166 eruditissimo

437 3202 733 3268 assentior,
759 3201 980 3270 quando
1011 3200 1296 3255 contendit
1325 3200 1600 3257 Melitouis
1642 3214 1910 3254 cannnem
1955 3199 2348 3268 transcriptum
2379 3197 2550 3253 fuisse
2576 3214 2642 3253 ex
2669 3213 2878 3253 canone
2908 3198 3035 3264 isto,
3063 3200 3158 3269 qui
3197 3201 3252 3255 in
3280 3204 3449 3271 libro,
3484 3205 3692 3260 Canam

438 3292 715 3359 apostolici
744 3290 909 3352 dicto,
939 3305 1059 3361 cap.
1088 3289 1158 3345 85
1181 3300 1457 3360 occurrat,
1475 3291 1636 3362 cujus
1662 3289 2001 3361 γνησιότητα
2028 3289 2286 3345 onmibus
2314 3290 2549 3357 viribus,
2592 3290 2704 3346 imo
2731 3289 2814 3344 vel
2838 3304 2904 3345 ex
2948 3288 3069 3359 ipso
3101 3291 3209 3348 hoc
3237 3294 3521 3354 Mclilonis
3549 3299 3691 3354 libro-

436 3403 560 3444 rum
590 3386 914 3443 biblicorum
948 3387 1222 3458 catalogo,
1254 3387 1635 3443 demonstrare
1671 3399 1851 3455 opera:
1879 3384 2116 3455 pretium
2146 3382 2323 3437 duxit.

1486 3611 1552 3666 V.
1595 3611 1979 3684 Fragmentum
2006 3623 2070 3661 ex
2087 3614 2275 3660 catena
2300 3606 2357 3659 in
2388 3602 2633 3659 Genesin.

504 3748 624 3804 Alia
658 3747 960 3819 fragmenta
983 3792 998 3817 ,
1046 3764 1171 3820 quae
1206 3762 1354 3803 nunc
1383 3747 1527 3804 dabo
1550 3790 1566 3815 ,
1595 3763 1663 3803 ex
1694 3757 1890 3803 catena
1916 3743 2153 3816 quadam
2182 3740 2557 3812 manuscripta
2585 3755 2615 3795 a
2646 3738 2851 3797 Jacobo
2884 3740 3186 3799 Sirmundo
3234 3744 3516 3817 descripta
3548 3757 3688 3816 atque

434 3839 705 3897 llalloixio
741 3843 1148 3897 communicata
1174 3841 1419 3907 fuerunt,
1456 3842 1549 3911 qui
1584 3841 1676 3895 illa
1710 3852 1933 3910 quoque
1960 3834 2202 3906 imprimi
2236 3834 2451 3889 curavit
2481 3850 2548 3887 ex
2578 3842 2753 3903 parte.
2786 3832 2987 3890 Eadem
3020 3844 3238 3905 postea,
3265 3847 3325 3891 et
3356 3838 3539 3894 adhuc
3558 3840 3685 3909 pinu

433 3935 697 3991 hactenus
726 3936 971 3990 nondum
994 3936 1161 4002 edita,
1196 3950 1263 3989 ex
1288 3935 1493 4004 duplici
1525 3934 1715 3990 codice
1738 3934 1793 3988 in
1828 3932 2062 4003 gratiam
2094 3928 2181 3984 Jo.
2218 3927 2435 3984 Ernest.
2460 3926 2646 3982 Grabii
2672 3928 2965 3999 descripsit
2990 3929 3416 3987 eruditissimus
3442 3932 3599 3988 Micb.
3626 3930 3685 3984 Le

431 4027 628 4093 Quicn,
657 4041 726 4083 ex
747 4027 905 4097 cujus
931 4028 1273 4099 autographa
1297 4028 1413 4083 bazc
1440 4027 1728 4097 descripsi,
1761 4024 1924 4091 verti,
1954 4032 2009 4081 et
2034 4022 2310 4079 variantes
2332 4038 2458 4079 cum
2491 4021 2763 4083 Halloixio
2793 4022 3069 4077 adnotavi.

1723 4230 2065 4295 Μελίτωνος
2102 4225 2393 4296 Σάρδεων.

491 4363 601 4423 Pro
632 4366 821 4424 lsaaco
848 4368 999 4441 justo
1044 4370 1297 4441 apparuit
1320 4369 1463 4425 aries
1509 4368 1565 4424 in
1602 4368 1988 4425 mactationem

2195 4364 2365 4434 ’Υπὲρ
2390 4362 2576 4415 Ἰσαὰκ
2604 4359 2695 4414 τοῦ
2732 4356 2942 4413 δικαίου
2971 4356 3145 4431 ἐφάνη
3176 4359 3337 4431 κριὸς
3369 4362 3451 4423 εἰς
3476 4357 3676 4429 σφαγὴν,

426 4469 486 4516 ut
510 4462 746 4517 vinculis
769 4462 921 4519 Isaac
941 4463 1337 4519 exsolveretur.
1370 4464 1463 4518 llle
1486 4472 1759 4519 mactatus
1785 4463 1923 4517 redel

2181 4475 2201 4509 ι
2238 4454 2447 4525 δεσμῶν
2482 4452 2667 4507 ’ῐσαὰκ
2698 4451 2852 4523 λυθῇ.
2886 4452 3125 4515 Ἐκεῖνος
3165 4454 3406 4520 σφαγεὶς
3438 4451 3678 4514 ἐλυςώσα-

428 4550 677 4609 lsaacum
713 4572 726 4608 :
768 4553 925 4609 itaet
960 4553 1226 4609 Dominus
1267 4565 1441 4609 morte
1482 4570 1582 4609 sua
1627 4569 1729 4608 nos
1765 4552 1925 4607 salva‘

2206 4546 2313 4618 (94)
2336 4547 2425 4599 τὸν
2452 4545 2656 4608 Ἰσαὰκ,
2688 4544 2857 4607 οὕτως
2893 4544 2987 4597 καὶ
3022 4546 3050 4597 ὁ
3078 4543 3289 4614 Κύριος
3322 4545 3551 4614 σφαγεὶς
3569 4542 3677 4595 ἔσω-

422 4654 477 4698 ct
506 4646 739 4701 vinculis
786 4647 902 4703 suis
936 4662 1040 4702 nos
1084 4647 1357 4715 liberavit,
1396 4663 1605 4719 suaque
1644 4647 1919 4703 immolatb

2189 4657 2209 4693 ν
2245 4640 2415 4711 ἡμᾶς,
2456 4639 2550 4692 καὶ
2577 4637 2750 4701 δεθεὶς
2790 4637 2966 4704 ἔλυσε,
2998 4636 3092 4690 καὶ
3132 4635 3323 4702 Θυθεὶς
3354 4635 3686 4710 ἐλυτρὼσατο.

425 4751 527 4790 uos
557 4737 807 4791 redemit.

491 4848 564 4904 Et
589 4860 709 4922 post
732 4869 904 4922 pauca
934 4869 953 4906 :

2181 4855 2287 4909 Kal
2314 4853 2445 4923 μετ’
2472 4852 2665 4922 ὀλίγα·

487 4941 620 4998 Erat
648 4944 796 4999 enim
821 4944 1085 5003 Dominus
1111 4962 1306 5018 agnus,
1332 4949 1400 5004 ad
1430 4951 1606 5005 instar
1628 4949 1816 5009 arietis
1832 4949 1980 5004 illius

2180 4943 2287 5000 Ἦν
2326 4946 2434 5017 γὰρ
2480 4946 2509 4999 ὀ
2550 4944 2757 5017 Κύριος
2812 4944 3016 5015 ἀμνὸς,
3067 4946 3145 5009 ὡς
3216 4947 3407 5017 κριὸς,
3458 4946 3516 5000 ὃν
3561 4939 3669 4997 εἶδεν

487 5166 600 5239 (90)
628 5165 928 5240 Ἥλῂῇειοιιο
973 5169 1331 5238 conjiciente,
1373 5171 1627 5228 Primwvi
1669 5170 1997 5225 Christiani-
2105 5184 2282 5224 meam
2311 5168 2555 5240 priorem
2585 5166 2661 5222 De
2696 5166 2947 5223 Melitone
2972 5167 3233 5224 Sardium
3257 5169 3523 5239 episcopo,
3553 5165 3663 5236 §l5.

414 5240 533 5313 amt;
554 5237 660 5291 vol.
688 5237 793 5313 111.
819 5237 1116 5313 pag.__;’)77,
1156 5241 1429 5299 Ecclesias
1472 5243 1998 5313 Hierosolymitanas
2104 5255 2289 5313 supra.

413 5320 467 5361 ct
493 5307 861 5393 Caesarienses
893 5307 1047 5393 adiit.
1075 5314 1157 5393 ab
1175 5313 1419 5393 Adriano
1443 5307 1870 5393 urbsllierosol.
1896 5312 1998 5393 hoc
2140 5307 2288 5393 192)
2319 5310 2568 5366 Whiston
2584 5309 2793 5393 jEuThe
2827 5310 2995 5379 Essay
3024 5325 3090 5363 on
3123 5310 3210 5363 the
3242 5308 3555 5379 apostolica!
3573 5321 3665 5359 can-

415 5378 616 5463 saaculu
659 5380 858 5433 iterum
900 5384 1134 5449 exstrui,
1176 5394 1231 5438 et
1276 5384 1419 5439 Ailia
1467 5384 1761 5455 Capitolini.
1808 5382 1997 5437 vocari
2102 5378 2402 5463 stituti‘ons,
2430 5381 2709 5463 ρυδλῖῇδ.

412 5450 699 5537 Cossi}:
739 5517 767 5537 ι
914 5519 928 5537 .
1229 5523 1294 5537 η.
1824 5525 1858 5537 ..
1976 5536 1981 5537 ,
2178 5455 2292 5537 es.)
2329 5450 2661 5537 adeuntem.
2697 5452 2977 5537 pas-25;?-

486 5516 706 5595 (9.l).lta
739 5517 887 5573 hunc
914 5519 1103 5595 locum
1130 5538 1195 5578 ex
1227 5523 1331 5579 ﬁde
1364 5525 1700 5595 optimorum
1737 5525 1983 5581 codicum

2176 5516 2289 5595 (9i)
2331 5522 2473 5592 Lege
2506 5516 2893 5595 ἐλυτρώσςῇω
2931 5523 3004 5595 ita
3042 5535 3269 5591 quoque
3298 5537 3367 5577 ex
3399 5522 3559 5595 altero
3583 5528 3657 5570 co-

412 5588 901 5673 rest‘i‘tuim‘usfum
930 5589 1357 5673 ValesioLquam
1391 5588 1681 5673 lectionem
1712 5607 1765 5673 et
1789 5596 1987 5651 Rulli".
2097 5588 2216 5673 dice
2252 5588 2546 5673 descripsit
2569 5588 2859 5673 ΙλρὩυίυην
2890 5592 2981 5662 (ιιιὶ
3002 5588 3076 5673 ,εί
3094 5588 3387 5673 Ρτίίεῑετθιδν
3407 5594 3523 5647 Ιοεο
3546 5599 3655 5673 σφας

414 5656 719 5737 ςριιίῇηηξη,
750 5658 1104 5737 “avertens:
1140 5656 1440 5737 Salomonis
1482 5664 1767 5721 Proverbia
1794 5684 1911 5737 qua:

2159 5662 2236 5737 ig,
2285 5656 2501 5733 σφαγῆς
2536 5656 2729 5728 habet,
2775 5656 2939 5732 quam
3002 5656 3296 5719 lectionem
3348 5656 3524 5720 tamen
3571 5670 3656 5712 non

415 5724 721 5806 _Sa_pi¢it‘ti‘a.:
755 5726 1053 5806 subscribit
1082 5748 1302 5806 quoque
1332 5734 1622 5806 Niceplior.
1668 5739 1761 5806 qui
1791 5724 1862 5792 ita
1897 5740 1991 5792 ha-
2103 5724 2291 5801 t'I‘ObO-

414 5794 538 5850 δειε
575 5794 885 5864 Σολόμωνος
927 5794 1242 5871 Παροιμίαί,
1278 5804 1311 5873 ἣ
1348 5806 1442 5859 καὶ
1465 5794 1817 5875 ’Σοφία.’νί‹1.
1854 5810 1987 5866 ὧδε·
