3792 6218
57 338 179 395 1ἳῖιί

1460 326 1901 384 FRAGMENTA.

3166 322 3304 379 1271‘!

56 456 316 519 Marcion,
346 453 495 511 sicut
521 452 753 509 Severus
781 458 834 507 et
858 449 1117 517 Gaianus,
1149 450 1386 505 divinam
1427 448 1631 503 Christi
1677 444 2103 501 incarnationem
2134 443 2324 499 iisdem
2350 443 2679 499 testimoniis
2724 440 3002 513 Evangelii
3036 440 3302 496 adversus

55 548 363 603 Mclitonem
395 561 557 611 usus,
589 544 788 614 quibus
826 558 971 598 nunc
1011 542 1101 597 isti
1148 539 1442 596 Marcionis
1482 538 1690 593 Pontici
1728 535 1981 605 discipuli
2014 534 2276 589 adversus
2313 549 2415 588 nos
2450 541 2695 587 utuntur.
2747 530 2849 587 Cui
2890 530 3046 585 valde
3072 530 3207 586 scite
3236 537 3295 584 et

56 649 360 711 opportune
389 637 672 707 respondit
701 635 881 690 Melito
911 635 966 719 in
988 635 1133 689 hunc
1162 632 1409 719 modum:

130 752 217 814 Ὠς
243 749 475 820 οὐδεμία
503 748 718 818 ἀνάγκη
748 749 858 809 τοῖς
880 713 1001 799 νοῦν
1025 713 1261 814 ἔχουσιν,
1315 742 1374 807 ἐξ
1396 737 1469 800 ὧν
1501 741 1629 813 μετὰ

1806 738 1923 793 Νοη
1952 747 2034 793 est
2071 737 2438 792 necessarium
2473 736 2578 801 his,
2625 752 2762 806 quos
2799 738 2937 792 ratio
2977 752 3085 793 non
3135 737 3302 810 fugit,

56 845 109 898 τὸ
140 843 430 912 βάπτισμα
458 840 486 891 ὁ
520 839 752 909 Χριστὸς
774 837 997 909 ἔπραξε,
1030 837 1302 908 παριστᾷν
1333 836 1391 887 τὸ
1414 833 1631 906 ἀληθὲς,

58 935 144 987 καὶ
181 932 531 1002 ἁφάνταστον
573 931 669 999 τῆς
709 928 884 999 ψυχῆς
914 926 1098 992 αὐτοῦ,
1129 927 1221 980 καὶ
1259 926 1348 979 τοῦ
1386 923 1635 995 σώματος

57 1026 148 1094 τῆς
172 1022 296 1076 καθ’
328 1022 479 1092 ἡμᾶς
507 1018 852 1091 ἀνθρωπίνης
883 1018 1117 1088 φύσεως.
1161 1017 1241 1070 Τὰ
1271 1018 1378 1087 γὰρ
1413 1018 1548 1086 μετὰ
1576 1015 1636 1069 τὸ

60 1115 338 1183 βάπτισμα
383 1111 490 1164 ὑπὸ
531 1107 765 1182 Χριστοῦ
809 1108 1141 1181 πραχθέντα,
1172 1108 1267 1161 καὶ
1300 1108 1529 1177 μάλιστα
1566 1107 1635 1161 τὰ

61 1204 287 1272 σημεῖα,
324 1200 423 1271 τὴν
457 1198 620 1253 αὐτοῦ
666 1198 1052 1269 κεκρυμμένην
1094 1200 1151 1250 ὲν
1207 1198 1369 1267 σαρκὶ
1410 1196 1634 1266 θεότητα

59 1295 308 1364 ἐδήλουν,
352 1292 449 1345 καὶ
494 1290 808 1344 ὲπιστοῦντο
847 1289 924 1361 τῷ
966 1289 1177 1360 κόσμῳ.
1219 1288 1350 1351 Θεὸς
1399 1288 1510 1359 γὰρ
1550 1286 1628 1340 ὣν

59 1380 243 1453 ὁμοῦτε
263 1380 365 1433 καὶ
392 1378 676 1452 ἄνθρωπος
705 1379 907 1442 τέλειος
935 1380 963 1431 ὁ
990 1378 1171 1440 αὐτὸς,
1211 1376 1308 1439 τὰς
1340 1375 1432 1428 δύο
1464 1375 1629 1430 αὐτοῦ

58 1473 239 1537 οὐσίας
272 1470 616 1526 ἐπιστώσατο
642 1472 773 1542 ἡμῖν
791 1487 804 1501 ·
842 1470 937 1541 τὴν
970 1470 1065 1541 μὲν
1089 1468 1314 1539 θεότητα
1333 1467 1515 1531 αὐτοῦ,
1544 1468 1633 1524 διὰ

62 1563 157 1616 τῶν
190 1562 443 1633 σημείων
489 1563 545 1613 ἐν
589 1560 654 1631 τῆ
706 1561 935 1630 τριετίᾳ,
973 1563 1038 1630 τῇ
1063 1559 1198 1629 μετὰ
1233 1560 1291 1612 τὸ
1321 1559 1629 1630 βάπτισμα*

63 1656 163 1727 τὴν
187 1655 245 1707 δὲ
284 1653 690 1726 ἁνθρωπότητα
736 1652 938 1715 αὐτοῦ,
969 1654 1026 1704 ἐν
1062 1654 1172 1715 τοῖς
1195 1652 1482 1722 τριάκοντα
1508 1651 1636 1723 χρό-

63 1766 195 1811 νοις,
230 1749 347 1810 τοῖς
388 1746 494 1817 πρὸ
524 1744 614 1798 τοῦ
647 1744 1052 1815 βαπτίσματος,
1086 1744 1143 1795 ὲν
1169 1738 1267 1807 οἷς,
1296 1741 1382 1795 διὰ
1423 1741 1481 1794 τὸ
1519 1744 1636 1795 ἀτε-

63 1838 141 1901 λὲς
177 1838 235 1890 τὸ
270 1836 420 1890 κατὰ
454 1835 653 1906 σάρκα,
694 1834 970 1905 ἁπέκρυϐε
1010 1833 1075 1886 τὰ
1104 1834 1301 1902 σημεῖα
1334 1831 1430 1901 τῆς
1472 1830 1632 1883 αὑτοῦ

1738 845 1803 885 ex
1834 828 2139 883 actionibus
2176 827 2379 881 Christi
2416 837 2538 896 post
2592 827 2922 896 baptismum
2974 837 3220 884 astruere
3251 840 3305 885 et

1739 922 2113 975 demonstrare
2152 918 2348 973 animae
2386 927 2441 973 et
2471 920 2719 987 corporis
2766 920 2918 988 ejus,
2949 928 3004 975 et
3054 921 3306 975 humana:

1739 1022 1944 1066 naturae
1966 1011 2249 1065 nobiscum
2274 1012 2645 1066 convenientis
2667 1012 2971 1075 veritatem,
2993 1011 3132 1066 etab
3153 1013 3306 1066 omni

1738 1104 1954 1158 fictione
1995 1103 2370 1157 remotionem.
2409 1102 2543 1157 Nam
2577 1119 2699 1173 quae
2746 1115 2866 1173 post
2908 1103 3236 1173 baptismum
3272 1120 3303 1159 a

1737 1196 1955 1252 Christo
1987 1205 2136 1267 gesta
2168 1206 2315 1260 sunt,
2346 1198 2888 1273 maxime‘miracula,
2912 1200 3163 1254 latentem
3184 1199 3305 1265 ejus

1741 1290 1793 1343 in
1821 1304 1985 1344 carne
2004 1290 2338 1343 divinitatem
2367 1290 2709 1358 potissimum
2744 1291 2946 1346 mundo
2980 1291 3308 1359 comproba-

1737 1380 1868 1434 bant
1894 1388 1948 1434 et
1972 1379 2391 1435 confirmabant.
2421 1381 2556 1435 Cum
2604 1382 2746 1436 enim
2790 1382 2931 1437 idem
2972 1366 3307 1437 Deussimul

1736 1480 1792 1526 et
1819 1472 1982 1525 homo
2014 1470 2283 1539 perfectus
2321 1482 2494 1537 esset,
2528 1473 2665 1528 duas
2710 1486 2933 1529 naturas
2982 1491 3110 1530 suas
3149 1476 3309 1531 nobis

1737 1562 2027 1630 patefecit:
2057 1562 2396 1617 divinitatem
2444 1564 2661 1633 quidem
2700 1581 2795 1635 per
2839 1567 3102 1622 miracula
3143 1568 3311 1621 trien—

1739 1652 1831 1706 nio
1856 1652 1959 1707 isto
1982 1662 2102 1723 post
2131 1654 2459 1722 baptismum
2493 1665 2702 1724 patrata
2726 1676 2739 1710 :
2766 1658 3159 1713 humanitatem
3182 1673 3312 1713 vero

1740 1759 1894 1798 suam
1944 1746 2164 1815 triginta
2210 1746 2318 1801 illis
2349 1749 2525 1814 ;annis
2568 1750 2900 1818 baptismum
2939 1751 3311 1820 antegressis,

1740 1835 1940 1905 quibus
1968 1838 2150 1893 carnis
2178 1838 2358 1893 vilitas
2389 1840 2602 1909 tegebat
2635 1850 2689 1894 et
2722 1841 3087 1896 abscondebat
3110 1840 3314 1895 divini-

64 1930 329 1996 θεότητος,
361 1929 567 2000 καίπερ
600 1929 732 1992 Θεὸς
771 1928 973 1999 ἀληθὴς
1010 1924 1329 1997 προαιώνιος
1353 1924 1629 1995 ὑπάρχων.

1738 1928 1863 1981 tatis
1890 1928 2065 1998 signa,
2089 1929 2306 1985 tametsi
2336 1929 2478 1985 Deus
2498 1946 2661 1987 verus
2677 1942 2898 1992 esseLet
2925 1933 3311 2002 sempiternus.

129 2130 238 2185 Hoc
258 2128 636 2199 fragmentum
658 2125 964 2181 Halloixius
989 2140 1095 2179 non
1124 2122 1308 2188 habet,
1333 2121 1564 2176 inseruit
1588 2130 1767 2178 tamen
1791 2123 1933 2178 istud
1956 2121 2205 2179 Historiae
2227 2142 2339 2181 suae
2359 2126 2635 2182 litterariae
2663 2127 2913 2184 Caveus:
2962 2127 3161 2185 Notent
3193 2130 3313 2187 hare

78 2225 174 2279 sibi
204 2222 561 2295 Eutychiani,
594 2221 950 2292 subjungens,
982 2218 1214 2273 duarum
1250 2216 1306 2270 in
1340 2215 1559 2270 Christo
1589 2225 1909 2271 naturarum
1938 2226 2377 2287 oppugnatores;
2412 2228 2601 2275 notent
2626 2221 2847 2289 Ariani,
2879 2230 2934 2277 et
2962 2224 3078 2292 qui,
3127 2221 3315 2279 Socini

79 2321 139 2374 de
167 2334 352 2389 grege,
392 2316 684 2373 Dominum
722 2324 966 2370 nostrum
1010 2312 1180 2366 Deum
1214 2325 1403 2365 verum
1440 2319 1493 2365 et
1535 2311 1926 2381 sempiternum
1974 2327 2098 2367 esse
2129 2310 2411 2381 prmfracte
2439 2327 2637 2380 negare
2665 2329 2775 2369 non
2818 2326 3093 2371 verentur.
3126 2316 3316 2373 Mirari

73 2391 228 2484 igitur
258 2412 403 2468 satis
435 2426 544 2465 non
572 2408 771 2479 poterit
796 2405 1090 2462 benevolus
1119 2405 1311 2467 lector,
1342 2402 1436 2473 qui
1467 2401 1789 2459 Wbistonus
1810 2403 1943 2474 (15),
1967 2418 2066 2474 pro
2095 2403 2310 2459 Arianae
2352 2420 2415 2459 ex
2443 2421 2576 2462 orco
2610 2416 2877 2463 revocata}
2921 2409 3193 2466 haereseos
3217 2426 3317 2483 pa-

79 2505 327 2571 trocinio,
354 2502 553 2559 crebro
578 2501 646 2556 ad
678 2500 824 2555 hunc
854 2500 1038 2553 locum
1069 2510 1367 2566 provocare
1401 2492 1658 2563 potuerit.
1696 2493 1788 2547 Sic
1809 2510 1861 2547 ν.
1892 2510 1940 2549 c.
1970 2496 2199 2564 probare
2234 2496 2339 2550 hoc
2368 2496 2639 2553 Melitonis
2671 2499 2982 2555 testimonio
3008 2505 3310 2570 contendit,

71 2602 253 2655 Filium
301 2613 420 2653 non
464 2595 701 2651 essentia
722 2636 736 2661 ,
770 2594 865 2649 sed
886 2593 1180 2646 voluntate
1211 2590 1404 2645 saltem
1440 2589 1533 2644 Dei
1561 2588 1739 2643 Patris
1772 2589 2005 2644 similem
2027 2605 2149 2646 esse
2176 2589 2354 2674 Patri;
2386 2607 2507 2647 esse
2530 2593 2763 2662 primam
2806 2603 3113 2651 creaturam
3146 2613 3177 2652 a
3207 2598 3320 2655 Deo

70 2688 221 2745 Patre
252 2700 393 2744 ante
413 2689 561 2759 jacta
601 2686 793 2742 mundi
826 2683 1180 2738 fundamenta
1209 2683 1566 2752 productam;
1598 2695 1721 2737 esse
1758 2688 1988 2749 natura,
2030 2682 2306 2738 attributis
2348 2693 2402 2738 et
2442 2684 2868 2754 perfectionibus
2896 2689 3057 2759 longe
3090 2689 3293 2748 inferio

78 2799 206 2850 rem,
241 2792 305 2839 ut
342 2783 456 2838 alia
486 2780 755 2852 ejusmodi
782 2778 1099 2847 blasphema
1131 2775 1350 2831 silentio
1381 2784 1718 2845 praeteream.
1740 2771 1902 2829 Forte
1928 2790 2037 2830 non
2060 2775 2323 2842 deerunt,
2361 2779 2457 2848 qui
2492 2777 2735 2833 Melitoni
2764 2796 2793 2835 a
2824 2782 3117 2836 recentiori
3153 2798 3321 2839 manu

76 2877 180 2931 haec
202 2874 501 2947 supposita
530 2874 722 2939 fuisse,
747 2874 830 2927 vel
859 2875 1176 2945 conjicient,
1202 2874 1287 2929 vel
1314 2874 1685 2943 afﬁrmabunt,
1714 2883 1776 2929 ut
1816 2874 2011 2931 fecisse
2037 2876 2201 2931 etiam
2228 2877 2578 2948 deprehendo
2615 2876 2808 2933 Gallici
2839 2879 3125 2947 cujusdam
3155 2878 3320 2934 diarii

77 2970 264 3022 eruditi
298 2976 588 3022 auctorem
619 2964 751 3037 (16).
782 2966 887 3021 Sed
919 2966 1054 3022 istos
1078 2966 1354 3035 ablegatos
1385 2966 1550 3036 cupio
1573 2966 1641 3021 ad
1668 2966 1885 3020 beatum
1919 2966 2334 3024 Weismannum
2361 2970 2491 3042 (17),
2517 2971 2611 3040 qui
2632 2972 2921 3027 occasione
2953 2971 3118 3041 hujus
3140 2972 3320 3042 ipsius

78 3058 386 3131 fragmenti,
414 3058 472 3112 in
506 3059 826 3113 temerarios
854 3059 1125 3129 ejusmodi
1155 3059 1397 3124 criticos,
1435 3060 1807 3129 temporisque
1830 3062 2003 3115 nostri
2026 3061 2403 3133 Anaxagoras,
2435 3066 2671 3136 graviter
2696 3065 2992 3130 invehitur,
3021 3066 3320 3136 locumque

74 3153 208 3207 hunc
254 3150 539 3207 Melitonis
586 3159 777 3205 contra
830 3152 1152 3206 earumdem
1201 3150 1553 3219 exceptiones
1578 3151 1840 3206 vindicat.
1886 3150 1968 3206 Ad
2000 3152 2352 3209 Whistonnm
2379 3156 2559 3212 adhuc
2588 3157 2757 3212 semel
2784 3159 2970 3226 redeo,
3013 3173 3325 3230 moneoque

75 3262 188 3299 eum
209 3244 416 3301 exinde
446 3257 665 3314 quoque
692 3242 923 3312 probare
956 3242 1315 3307 allaborasse,
1356 3242 1656 3313 longiorem
1701 3239 2064 3310 Epistolarum
2114 3243 2525 3313 Ignatianarum
2553 3244 2849 3303 editionem
2877 3262 3000 3318 esse
3028 3249 3327 3321 genuinam

76 3340 413 3411 breviorique
442 3336 854 3393 anteferendam
883 3333 1020 3407 (18),
1047 3350 1212 3406 quam
1238 3335 1548 3406 opinionem
1571 3332 1833 3389 facillime
1868 3334 1970 3404 ipsi
1992 3336 2309 3404 permittere
2332 3352 2650 3408 possumus.

1057 3473 1192 3531 Vill.
1230 3474 1452 3546 Fragm.
1476 3489 1540 3528 ea:
1579 3482 1722 3529 orat.
1757 3473 1824 3528 de
1857 3474 2104 3542 passione
2138 3475 2374 3532 Domini.

140 3592 296 3648 Aliud
338 3590 619 3647 Melitonis
649 3588 1032 3663 fragmentum,
1066 3590 1323 3663 exiguum
1346 3589 1494 3656 licet,
1535 3589 1774 3645 servavit
1815 3590 1959 3647 idem
1997 3590 2163 3646 modo
2193 3591 2392 3648 citatus
2434 3591 2781 3660 Anastasius,
2810 3593 2977 3649 dicto.
3002 3592 3167 3663 libro,
3198 3608 3339 3668 cap,

83 3684 170 3752 η,
198 3699 327 3756 pag.
358 3682 492 3739 216.

626 3773 964 3839 Μελίτωνος
991 3772 1325 3829 ἐπισκόπου
1359 3753 1651 3840 Σάρδεών,
1684 3770 1754 3826 ἐκ
1781 3771 1891 3828 τοῦ
1931 3773 2138 3843 λόγου,
2180 3773 2287 3827 τοῦ
2325 3772 2416 3840 εἱς
2454 3773 2521 3827 τὸ
2564 3773 2772 3843 πάθος.

151 3894 209 3949 '0
240 3894 377 3957 Θεὸς
412 3888 683 3946 πέπονθεν
714 3888 818 3942 ὑπὸ
854 3885 1036 3953 δεξιᾶς
1055 3885 1457 3959 Ἰσραηλίτιδος.

143 4009 326 4066 Monet
352 4004 684 4063 Anastasius
718 4002 1136 4060 Theodosianos
1175 4011 1231 4057 et
1276 4000 1581 4068 Gaianitas,
1605 4007 1669 4055 ut
1694 3998 1946 4069 probent,
1973 3999 2154 4071 ipsum
2186 3999 2350 4056 etiam
2381 4000 2551 4056 Deum
2575 4000 2812 4059 Verbum
2838 4003 2955 4077 (καὶ
2984 4006 3076 4061 τὸν
3108 4007 3167 4062 ἐν
3186 4007 3338 4083 αὐτῷ

83 4100 203 4155 Θεὸν
214 4097 557 4171 Λόγον)οιιιιι
576 4109 740 4151 carne
761 4109 860 4149 sua
881 4092 1124 4165 passioni
1139 4092 1309 4149 fuisse
1325 4092 1645 4158 obnoxium,
1672 4088 1866 4146 afferre
1894 4092 2067 4147 solere
2097 4091 2213 4148 haec
2233 4094 2509 4153 Melitonis
2535 4096 2720 4161 verba,
2743 4098 2946 4169 quibus
2971 4108 3172 4171 tamen,
3196 4106 3339 4161 utin

85 4192 367 4264 propatulo
415 4197 527 4255 est,
574 4187 687 4243 vim
734 4187 1066 4251 intulerunt;
1114 4195 1300 4243 noster
1342 4185 1506 4242 etiam
1553 4197 1839 4254 nunquam
1869 4181 1939 4239 de
1988 4183 2093 4240 hoc
2117 4198 2306 4241 errore
2338 4185 2444 4243 fuit
2475 4197 2786 4260 suspectus.
2829 4189 2950 4248 Non
2976 4195 3203 4253 memini
3233 4200 3341 4257 hoc

87 4286 451 4358 fragmentum
483 4279 581 4337 ulli
609 4278 779 4336 fuisse
800 4278 1176 4335 observatum.

1834 3887 1977 3942 Deus
1997 3901 2193 3958 passus
2220 3895 2306 3942 est
2325 3903 2357 3941 a
2380 3886 2569 3950 dextra
2594 3887 2909 3947 Israelitica.

1185 4416 1277 4470 IX.
1321 4416 1543 4488 Fragm.
1583 4432 1650 4472 ea:
1683 4415 1865 4473 Fabro
1904 4420 2227 4490 διαραίρηὸὶ

151 4565 313 4621 Miror
358 4572 547 4619 tamen
593 4560 737 4614 inter
780 4557 1084 4628 fragmenta
1121 4553 1470 4609 Melitoniana
1514 4558 1935 4611 commemorari
1966 4574 1994 4612 a
2036 4558 2099 4614 B.
2141 4558 2321 4629 lttigio
2353 4558 2605 4628 aliquod,
2633 4558 2780 4629 quod
2809 4572 2877 4613 ex
2919 4556 3123 4614 Iacobo
3163 4557 3343 4616 Fabro

92 4656 421 4727 Stapulensi,
454 4651 710 4722 produxit
736 4650 1099 4715 Colomesius,
1123 4648 1216 4729 qui
1248 4647 1320 4702 ita
1350 4647 1647 4716 praefatur:
1672 4647 1769 4702 Vir
1788 4650 2053 4720 optimus,
2080 4666 2144 4706 ac
2167 4668 2264 4721 pro
2293 4662 2533 4720 tempore
2562 4667 2672 4720 quo
2696 4651 2831 4705 vixit
2859 4652 3007 4704 varia
3034 4651 3344 4708 eruditione

90 4750 356 4815 excultus,
388 4746 635 4801 Jacohus
681 4744 855 4798 Faber
887 4741 1261 4812 Stapulensis,
1297 4742 1353 4795 in
1384 4742 1523 4796 libro
1550 4741 1618 4797 de
1652 4758 1760 4797 una
1800 4759 1864 4797 ex
1896 4745 2074 4801 tribus
2124 4745 2314 4811 Maria,
2357 4746 2640 4814 sequentia
2679 4745 2844 4799 refert
2885 4760 2953 4799 ex
2990 4742 3246 4801 Melitone
3277 4746 3345 4801 de

90 4836 288 4894 Joanne
330 4838 587 4908 apostolo
614 4855 627 4889 :
656 4854 674 4887 ι
701 4836 837 4890 Cum
869 4844 1017 4891 esset
1045 4850 1316 4889 annorum
1363 4834 1661 4904 nonaginta
1682 4878 1696 4902 ,
1742 4838 1992 4907 apparuit
2025 4840 2074 4895 ei
2108 4838 2371 4893 Dominus
2392 4846 2395 4847 '
2416 4837 2578 4893 Jesus
2608 4838 2861 4894 Christus
2889 4854 3015 4893 cum
3063 4839 3345 4908 discipulis

92 4936 220 5003 suis,
244 4943 299 4990 et
327 4935 472 4989 dixit
505 4933 555 4987 ei
577 4950 591 4987 :
617 4930 752 4986 Veni
778 4933 843 4986 ad
873 4946 979 4998 me,
1011 4932 1137 5000 quia
1170 4943 1384 5001 tempus
1405 4938 1508 4995 est,
1536 4940 1596 4985 ut
1623 4932 1864 5001 epuleris
1895 4934 1948 4987 in
1983 4934 2234 4989 convivio
2266 4949 2389 4987 meo
2413 4949 2539 4987 cum
2564 4932 2826 4988 fratribus
2858 4934 3021 4987 tuis.»
3054 4932 3346 5000 Desumpta

94 5026 202 5082 haec
232 5043 358 5084 esse
391 5027 704 5097 suspicatur
726 5024 1069 5081 Cnlomesius
1108 5041 1174 5081 ex
1211 5026 1330 5095 ejus
1369 5026 1510 5079 libro
1541 5026 1607 5081 de
1636 5027 1960 5099 Apocalypsi
2002 5029 2247 5095 Joannis,
2274 5030 2365 5084 sed
2397 5030 2601 5084 erravit
2636 5029 2880 5084 eruditus
2905 5028 3007 5091 vir,
3040 5036 3094 5081 et
3121 5042 3244 5081 eum
3282 5041 3347 5081 eo

96 5120 275 5180 beatus
303 5122 544 5193 lttigius.
573 5120 700 5176 Haec
721 5122 865 5175 enim
895 5137 1124 5191 prorsus
1158 5137 1266 5175 non
1299 5130 1428 5176 sunt
1456 5122 1728 5178 Melitonis
1760 5123 2036 5189 Sardiani,
2064 5126 2157 5179 sed
2182 5124 2498 5190 Laodiceni,
2521 5127 2613 5196 qui
2646 5126 2712 5180 de
2744 5123 2999 5192 passione
3032 5119 3089 5175 S.
3119 5119 3347 5174 Joannis

96 5214 453 5289 Evangelistac
480 5217 701 5287 scripsit
734 5216 995 5282 libellum,
1023 5228 1145 5287 post
1171 5218 1309 5273 alios
1346 5234 1376 5272 a
1403 5218 1758 5273 celeberrimo
1800 5217 1850 5274 J.
1874 5220 1939 5273 A.
1972 5220 2223 5276 Fabricio
2262 5236 2505 5290 quoque,
2534 5223 2589 5273 in
2615 5220 2808 5273 Codice
2836 5216 3133 5285 apocrypha
3168 5211 3242 5265 N.
3282 5212 3345 5265 T.

97 5319 220 5367 tom.
248 5314 341 5381 1H,
377 5314 613 5377 editum,
647 5313 737 5367 ubi
764 5328 887 5383 pag.
934 5312 1059 5379 620,
1094 5314 1280 5368 eadem
1314 5314 1429 5369 hzec
1455 5313 1619 5368 verba
1645 5316 1751 5387 legi
1779 5324 2055 5385 poterunt.

164 5471 274 5553 (15.)
308 5471 717 5553 Wliistonuss.
743 5468 963 5553 _tom.
998 5468 1067 5523 Ill
1113 5470 1364 5526 Primarvi
1409 5473 1674 5529 Christia-
1780 5471 2444 5553 ubilA‘nastasii’Odqnoﬁ
2467 5469 2987 5553 editioCretseriana
3014 5474 3350 5553 recensetur.

98 5538 269 5616 δίδξθῖῖέέ
301 5557 430 5616 PES-
465 5539 558 5616 θ’θ’
595 5540 715 5616 16.3.52
733 5539 878 5616 33851
910 5550 1013 5594 (ηδ’
1072 5611 1081 5616 _
1136 5611 1145 5616 _
1185 5612 1195 5616 _
1346 5612 1355 5616 _
1426 5613 1449 5616 η
1851 5547 1895 5615 (1
1910 5546 1959 5616 7)
1993 5538 2685 5616 Weismanni'Intrqductio
2714 5538 3167 5616 innmemorabilt'a
3188 5538 3353 5590 cccle-

167 5610 277 5683 (16)
302 5609 576 5683 Nouvefle
624 5610 1009 5683 Bibiiothéqueﬂ
1033 5611 1257 5677 clzoisie,
1304 5612 1371 5663 οἱι
1417 5613 1522 5666 l‘on
1574 5617 1674 5683 fait
1778 5609 1996 5673 siastica
2023 5617 2165 5669 Hist.
2203 5614 2285 5678 S.,
2320 5623 2452 5666 tom.
2488 5612 2528 5677 l,
2556 5630 2676 5683 pag.
2706 5611 2827 5667 1.15.

102 5675 376 5755 conna'itre
416 5680 493 5734 les
524 5681 651 5755 bons
692 5680 843 5733 lieres
870 5675 1126 5755 (δὴ-αἱρεῖς
1156 5675 1335 5755 ggires
1360 5683 1426 5755 de
1468 5675 1678 5739 liuéra-
1854 5686 1963 5755 (18)
1999 5687 2053 5738 ln
2086 5685 2171 5755 his
2206 5675 2716 5753 Dissertationuﬁon
2748 5682 2833 5736 the
2856 5678 3087 5755 Epistles
3112 5678 3176 5750 of
3190 5675 3356 5748 Igna-

104 5759 233 5822 ture,
261 5764 309 5807 et
341 5752 545 5819 l'usage
567 5750 718 5821 qu'on
753 5767 813 5805 en
857 5752 965 5803 doit
1004 5751 1159 5819 faire.
1194 5751 1348 5809 Tum.
1390 5754 1452 5822 ll,
1496 5772 1548 5825 p.
1583 5758 1673 5825 54,
1784 5750 1908 5824 tius,
1937 5750 2055 5826 pag.
2090 5754 2159 5809 65
2181 5771 2293 5827 seq.
