  <div class='ocr_page' id='page_1' title='image "/cluster/home/n/w/nwhite01/storage/ocr_20150623/5/hvd.32044019206598/621.png"; bbox 0 0 3732 6322; ppageno 0'>
   <div class='ocr_carea' id='block_1_1' title="bbox 385 344 518 405">
    <p class='ocr_par' dir='ltr' id='par_1_1' title="bbox 385 344 518 405">
     <span class='ocr_line' id='line_1_1' title="bbox 385 344 518 405; baseline -0.023 0"><span class='ocrx_word' id='word_1_1' title='bbox 385 344 518 405; x_wconf 55' lang='grc'><strong>1927</strong></span> 
     </span>
    </p>
   </div>
   <div class='ocr_carea' id='block_1_2' title="bbox 1455 331 2581 395">
    <p class='ocr_par' dir='ltr' id='par_1_2' title="bbox 1455 331 2581 395">
     <span class='ocr_line' id='line_1_2' title="bbox 1455 331 2581 395; baseline -0.007 0"><span class='ocrx_word' id='word_1_2' title='bbox 1455 341 1511 395; x_wconf 93' lang='lat' dir='ltr'><strong>S.</strong></span> <span class='ocrx_word' id='word_1_3' title='bbox 1550 338 1805 394; x_wconf 76' lang='lat' dir='ltr'><strong>MELITO</strong></span> <span class='ocrx_word' id='word_1_4' title='bbox 1843 335 2148 392; x_wconf 80' lang='lat' dir='ltr'><strong>SARDIUM</strong></span> <span class='ocrx_word' id='word_1_5' title='bbox 2186 331 2581 390; x_wconf 82' lang='lat' dir='ltr'><strong>EPISCOPUS.</strong></span> 
     </span>
    </p>
   </div>
   <div class='ocr_carea' id='block_1_3' title="bbox 3526 324 3641 378">
    <p class='ocr_par' dir='ltr' id='par_1_3' title="bbox 3526 324 3641 378">
     <span class='ocr_line' id='line_1_3' title="bbox 3526 324 3641 378; baseline 0.035 -3"><span class='ocrx_word' id='word_1_6' title='bbox 3526 324 3641 378; x_wconf 67' lang='lat'><strong>1!!!</strong></span> 
     </span>
    </p>
   </div>
   <div class='ocr_carea' id='block_1_4' title="bbox 384 442 3642 532">
    <p class='ocr_par' dir='ltr' id='par_1_4' title="bbox 384 442 3642 532">
     <span class='ocr_line' id='line_1_4' title="bbox 384 442 3642 532; baseline -0.006 -15"><span class='ocrx_word' id='word_1_7' title='bbox 384 463 663 532; x_wconf 87' lang='lat' dir='ltr'><strong>quomodo</strong></span> <span class='ocrx_word' id='word_1_8' title='bbox 692 461 805 515; x_wconf 60' lang='lat' dir='ltr'><strong>haec</strong></span> <span class='ocrx_word' id='word_1_9' title='bbox 831 460 904 515; x_wconf 90' lang='lat' dir='ltr'><strong>dii</strong></span> <span class='ocrx_word' id='word_1_10' title='bbox 928 459 1111 514; x_wconf 87' lang='lat' dir='ltr'><strong>haberi</strong></span> <span class='ocrx_word' id='word_1_11' title='bbox 1141 470 1384 530; x_wconf 87' lang='lat' dir='ltr'><strong>possent,</strong></span> <span class='ocrx_word' id='word_1_12' title='bbox 1426 460 1867 531; x_wconf 81' lang='lat' dir='ltr'><strong>quandoquidem</strong></span> <span class='ocrx_word' id='word_1_13' title='bbox 1899 457 1964 512; x_wconf 89' lang='lat' dir='ltr'><strong>ad</strong></span> <span class='ocrx_word' id='word_1_14' title='bbox 1996 461 2039 517; x_wconf 85' lang='lat' dir='ltr'><strong>A</strong></span> <span class='ocrx_word' id='word_1_15' title='bbox 2069 442 2203 527; x_wconf 85' lang='lat' dir='ltr'><strong>quia</strong></span> <span class='ocrx_word' id='word_1_16' title='bbox 2230 453 2519 511; x_wconf 80' lang='lat' dir='ltr'><strong>:edillcavit</strong></span> <span class='ocrx_word' id='word_1_17' title='bbox 2547 464 2727 506; x_wconf 81' lang='lat' dir='ltr'><strong>arcem</strong></span> <span class='ocrx_word' id='word_1_18' title='bbox 2753 448 3118 509; x_wconf 78' lang='lat' dir='ltr'><strong>Athenarum,</strong></span> <span class='ocrx_word' id='word_1_19' title='bbox 3140 454 3199 499; x_wconf 83' lang='lat' dir='ltr'><strong>et</strong></span> <span class='ocrx_word' id='word_1_20' title='bbox 3223 443 3359 498; x_wconf 79' lang='lat' dir='ltr'><strong>fecit</strong></span> <span class='ocrx_word' id='word_1_21' title='bbox 3383 442 3463 497; x_wconf 78' lang='lat' dir='ltr'><strong>ibi</strong></span> <span class='ocrx_word' id='word_1_22' title='bbox 3484 459 3642 513; x_wconf 76' lang='lat' dir='ltr'><strong>rege-</strong></span> 
     </span>
    </p>
   </div>
   <div class='ocr_carea' id='block_1_5' title="bbox 387 551 1959 623">
    <p class='ocr_par' dir='ltr' id='par_1_5' title="bbox 387 551 1959 623">
     <span class='ocr_line' id='line_1_5' title="bbox 387 551 1959 623; baseline -0.003 -15"><span class='ocrx_word' id='word_1_23' title='bbox 387 571 522 609; x_wconf 91' lang='lat' dir='ltr'><strong>usus</strong></span> <span class='ocrx_word' id='word_1_24' title='bbox 553 562 771 608; x_wconf 89' lang='lat' dir='ltr'><strong>nostros</strong></span> <span class='ocrx_word' id='word_1_25' title='bbox 814 553 1163 606; x_wconf 87' lang='lat' dir='ltr'><strong>adhibentur.</strong></span> <span class='ocrx_word' id='word_1_26' title='bbox 1192 552 1367 618; x_wconf 88' lang='lat' dir='ltr'><strong>Quam</strong></span> <span class='ocrx_word' id='word_1_27' title='bbox 1409 552 1646 621; x_wconf 91' lang='lat' dir='ltr'><strong>graviter</strong></span> <span class='ocrx_word' id='word_1_28' title='bbox 1675 568 1805 623; x_wconf 87' lang='lat' dir='ltr'><strong>ergo</strong></span> <span class='ocrx_word' id='word_1_29' title='bbox 1840 551 1959 605; x_wconf 85' lang='lat' dir='ltr'><strong>cul-</strong></span> 
     </span>
    </p>
   </div>
   <div class='ocr_carea' id='block_1_6' title="bbox 385 643 1967 716">
    <p class='ocr_par' dir='ltr' id='par_1_6' title="bbox 385 643 1967 716">
     <span class='ocr_line' id='line_1_6' title="bbox 385 643 1967 716; baseline -0.003 -17"><span class='ocrx_word' id='word_1_30' title='bbox 385 645 549 716; x_wconf 80' lang='lat' dir='ltr'><strong>pandi</strong></span> <span class='ocrx_word' id='word_1_31' title='bbox 603 654 730 699; x_wconf 89' lang='lat' dir='ltr'><strong>sunt</strong></span> <span class='ocrx_word' id='word_1_32' title='bbox 773 645 847 697; x_wconf 89' lang='lat' dir='ltr'><strong>illi</strong></span> <span class='ocrx_word' id='word_1_33' title='bbox 886 644 979 713; x_wconf 89' lang='lat' dir='ltr'><strong>qui</strong></span> <span class='ocrx_word' id='word_1_34' title='bbox 1018 643 1110 697; x_wconf 85' lang='lat' dir='ltr'><strong>Dei</strong></span> <span class='ocrx_word' id='word_1_35' title='bbox 1136 644 1321 714; x_wconf 82' lang='lat' dir='ltr'><strong>magni</strong></span> <span class='ocrx_word' id='word_1_36' title='bbox 1357 644 1480 697; x_wconf 90' lang='lat' dir='ltr'><strong>loco</strong></span> <span class='ocrx_word' id='word_1_37' title='bbox 1506 658 1601 699; x_wconf 88' lang='lat' dir='ltr'><strong>eas</strong></span> <span class='ocrx_word' id='word_1_38' title='bbox 1632 659 1719 698; x_wconf 90' lang='lat' dir='ltr'><strong>res</strong></span> <span class='ocrx_word' id='word_1_39' title='bbox 1753 646 1967 713; x_wconf 91' lang='lat' dir='ltr'><strong>ponunt</strong></span> 
     </span>
    </p>
   </div>
   <div class='ocr_carea' id='block_1_7' title="bbox 385 734 1963 806">
    <p class='ocr_par' dir='ltr' id='par_1_7' title="bbox 385 734 1963 806">
     <span class='ocr_line' id='line_1_7' title="bbox 385 734 1963 806; baseline -0.003 -16"><span class='ocrx_word' id='word_1_40' title='bbox 385 752 525 806; x_wconf 87' lang='lat' dir='ltr'><strong>quas</strong></span> <span class='ocrx_word' id='word_1_41' title='bbox 555 736 790 791; x_wconf 90' lang='lat' dir='ltr'><strong>creavit!</strong></span> <span class='ocrx_word' id='word_1_42' title='bbox 827 734 940 805; x_wconf 82' lang='lat' dir='ltr'><strong>Ego</strong></span> <span class='ocrx_word' id='word_1_43' title='bbox 974 752 1103 790; x_wconf 90' lang='lat' dir='ltr'><strong>vero</strong></span> <span class='ocrx_word' id='word_1_44' title='bbox 1146 737 1271 791; x_wconf 88' lang='lat' dir='ltr'><strong>dico</strong></span> <span class='ocrx_word' id='word_1_45' title='bbox 1301 754 1312 789; x_wconf 89' lang='lat'>:</span> <span class='ocrx_word' id='word_1_46' title='bbox 1346 735 1578 802; x_wconf 81' lang='lat' dir='ltr'><strong>Quando</strong></span> <span class='ocrx_word' id='word_1_47' title='bbox 1613 736 1822 790; x_wconf 88' lang='lat' dir='ltr'><strong>homini</strong></span> <span class='ocrx_word' id='word_1_48' title='bbox 1854 749 1963 787; x_wconf 93' lang='lat' dir='ltr'><strong>non</strong></span> 
     </span>
    </p>
   </div>
   <div class='ocr_carea' id='block_1_8' title="bbox 385 827 1965 899">
    <p class='ocr_par' dir='ltr' id='par_1_8' title="bbox 385 827 1965 899">
     <span class='ocr_line' id='line_1_8' title="bbox 385 827 1965 899; baseline -0.001 -15"><span class='ocrx_word' id='word_1_49' title='bbox 385 840 470 885; x_wconf 77' lang='lat' dir='ltr'><strong>est</strong></span> <span class='ocrx_word' id='word_1_50' title='bbox 503 829 801 884; x_wconf 88' lang='lat' dir='ltr'><strong>revelatum</strong></span> <span class='ocrx_word' id='word_1_51' title='bbox 820 872 834 895; x_wconf 94' lang='lat'><strong>,</strong></span> <span class='ocrx_word' id='word_1_52' title='bbox 859 845 957 884; x_wconf 89' lang='lat' dir='ltr'><strong>nec</strong></span> <span class='ocrx_word' id='word_1_53' title='bbox 992 830 1108 899; x_wconf 93' lang='lat' dir='ltr'><strong>ipse</strong></span> <span class='ocrx_word' id='word_1_54' title='bbox 1131 830 1486 899; x_wconf 77' lang='lat' dir='ltr'><strong>deprehendit</strong></span> <span class='ocrx_word' id='word_1_55' title='bbox 1514 838 1797 883; x_wconf 88' lang='lat' dir='ltr'><strong>creaturas</strong></span> <span class='ocrx_word' id='word_1_56' title='bbox 1828 827 1965 883; x_wconf 90' lang='lat' dir='ltr'><strong>istas</strong></span> 
     </span>
    </p>
   </div>
   <div class='ocr_carea' id='block_1_9' title="bbox 386 914 1964 987">
    <p class='ocr_par' dir='ltr' id='par_1_9' title="bbox 386 914 1964 987">
     <span class='ocr_line' id='line_1_9' title="bbox 386 914 1964 987; baseline 0.001 -18"><span class='ocrx_word' id='word_1_57' title='bbox 386 914 621 970; x_wconf 85' lang='lat' dir='ltr'><strong>Domino</strong></span> <span class='ocrx_word' id='word_1_58' title='bbox 649 916 951 985; x_wconf 89' lang='lat' dir='ltr'><strong>subjaeere,</strong></span> <span class='ocrx_word' id='word_1_59' title='bbox 988 916 1171 971; x_wconf 83' lang='lat' dir='ltr'><strong>forsan</strong></span> <span class='ocrx_word' id='word_1_60' title='bbox 1196 919 1352 987; x_wconf 85' lang='lat' dir='ltr'><strong>culpa</strong></span> <span class='ocrx_word' id='word_1_61' title='bbox 1384 927 1552 982; x_wconf 87' lang='lat' dir='ltr'><strong>caret,</strong></span> <span class='ocrx_word' id='word_1_62' title='bbox 1594 919 1796 972; x_wconf 86' lang='lat' dir='ltr'><strong>nemini</strong></span> <span class='ocrx_word' id='word_1_63' title='bbox 1818 918 1964 972; x_wconf 87' lang='lat' dir='ltr'><strong>enim</strong></span> 
     </span>
    </p>
   </div>
   <div class='ocr_carea' id='block_1_10' title="bbox 386 1008 1968 1078">
    <p class='ocr_par' dir='ltr' id='par_1_10' title="bbox 386 1008 1968 1078">
     <span class='ocr_line' id='line_1_10' title="bbox 386 1008 1968 1078; baseline 0.002 -17"><span class='ocrx_word' id='word_1_64' title='bbox 386 1008 787 1077; x_wconf 77' lang='lat' dir='ltr'><strong>vituperandus</strong></span> <span class='ocrx_word' id='word_1_65' title='bbox 818 1024 996 1062; x_wconf 72' lang='lat' dir='ltr'><strong>caecus</strong></span> <span class='ocrx_word' id='word_1_66' title='bbox 1027 1010 1174 1078; x_wconf 89' lang='lat' dir='ltr'><strong>quod</strong></span> <span class='ocrx_word' id='word_1_67' title='bbox 1205 1010 1450 1065; x_wconf 88' lang='lat' dir='ltr'><strong>titubans</strong></span> <span class='ocrx_word' id='word_1_68' title='bbox 1512 1010 1752 1076; x_wconf 88' lang='lat' dir='ltr'><strong>incedit;</strong></span> <span class='ocrx_word' id='word_1_69' title='bbox 1781 1010 1855 1063; x_wconf 89' lang='lat' dir='ltr'><strong>ita</strong></span> <span class='ocrx_word' id='word_1_70' title='bbox 1877 1011 1968 1064; x_wconf 91' lang='lat' dir='ltr'><strong>ho-</strong></span> 
     </span>
    </p>
   </div>
   <div class='ocr_carea' id='block_1_11' title="bbox 388 1099 1966 1169">
    <p class='ocr_par' dir='ltr' id='par_1_11' title="bbox 388 1099 1966 1169">
     <span class='ocr_line' id='line_1_11' title="bbox 388 1099 1966 1169; baseline 0.002 -18"><span class='ocrx_word' id='word_1_71' title='bbox 388 1099 565 1153; x_wconf 84' lang='lat' dir='ltr'><strong>mines</strong></span> <span class='ocrx_word' id='word_1_72' title='bbox 603 1116 726 1153; x_wconf 89' lang='lat' dir='ltr'><strong>cum</strong></span> <span class='ocrx_word' id='word_1_73' title='bbox 754 1111 1062 1169; x_wconf 62' lang='lat' dir='ltr'><strong>quaererent</strong></span> <span class='ocrx_word' id='word_1_74' title='bbox 1097 1099 1266 1154; x_wconf 89' lang='lat' dir='ltr'><strong>Deum</strong></span> <span class='ocrx_word' id='word_1_75' title='bbox 1293 1100 1638 1155; x_wconf 70' lang='lat' dir='ltr'><strong>offenderunt</strong></span> <span class='ocrx_word' id='word_1_76' title='bbox 1669 1102 1721 1153; x_wconf 92' lang='lat' dir='ltr'><strong>in</strong></span> <span class='ocrx_word' id='word_1_77' title='bbox 1760 1101 1966 1169; x_wconf 89' lang='lat' dir='ltr'><strong>lapides</strong></span> 
     </span>
    </p>
   </div>
   <div class='ocr_carea' id='block_1_12' title="bbox 386 1192 1967 1262">
    <p class='ocr_par' dir='ltr' id='par_1_12' title="bbox 386 1192 1967 1262">
     <span class='ocr_line' id='line_1_12' title="bbox 386 1192 1967 1262; baseline 0.002 -18"><span class='ocrx_word' id='word_1_78' title='bbox 386 1198 440 1245; x_wconf 90' lang='lat' dir='ltr'><strong>et</strong></span> <span class='ocrx_word' id='word_1_79' title='bbox 484 1192 690 1261; x_wconf 83' lang='lat' dir='ltr'><strong>lignum</strong></span> <span class='ocrx_word' id='word_1_80' title='bbox 721 1210 734 1257; x_wconf 90' lang='lat'><strong>;</strong></span> <span class='ocrx_word' id='word_1_81' title='bbox 789 1202 843 1245; x_wconf 86' lang='lat' dir='ltr'><strong>et</strong></span> <span class='ocrx_word' id='word_1_82' title='bbox 870 1193 962 1261; x_wconf 87' lang='lat' dir='ltr'><strong>qui</strong></span> <span class='ocrx_word' id='word_1_83' title='bbox 999 1194 1139 1247; x_wconf 90' lang='lat' dir='ltr'><strong>inter</strong></span> <span class='ocrx_word' id='word_1_84' title='bbox 1181 1210 1277 1249; x_wconf 87' lang='lat' dir='ltr'><strong>eos</strong></span> <span class='ocrx_word' id='word_1_85' title='bbox 1304 1194 1521 1249; x_wconf 89' lang='lat' dir='ltr'><strong>.divitiis</strong></span> <span class='ocrx_word' id='word_1_86' title='bbox 1550 1193 1845 1262; x_wconf 81' lang='lat' dir='ltr'><strong>pollebant,</strong></span> <span class='ocrx_word' id='word_1_87' title='bbox 1880 1192 1967 1247; x_wconf 82' lang='lat' dir='ltr'><strong>of-</strong></span> 
     </span>
    </p>
   </div>
   <div class='ocr_carea' id='block_1_13' title="bbox 387 1278 1969 1353">
    <p class='ocr_par' dir='ltr' id='par_1_13' title="bbox 387 1278 1969 1353">
     <span class='ocr_line' id='line_1_13' title="bbox 387 1278 1969 1353; baseline 0.004 -23"><span class='ocrx_word' id='word_1_88' title='bbox 387 1278 752 1333; x_wconf 82' lang='lat' dir='ltr'><strong>fenderuntin</strong></span> <span class='ocrx_word' id='word_1_89' title='bbox 780 1296 974 1334; x_wconf 87' lang='lat' dir='ltr'><strong>aurum</strong></span> <span class='ocrx_word' id='word_1_90' title='bbox 1002 1292 1054 1334; x_wconf 73' lang='lat' dir='ltr'><strong>et</strong></span> <span class='ocrx_word' id='word_1_91' title='bbox 1086 1296 1407 1353; x_wconf 81' lang='lat' dir='ltr'><strong>argentum;</strong></span> <span class='ocrx_word' id='word_1_92' title='bbox 1443 1294 1495 1337; x_wconf 90' lang='lat' dir='ltr'><strong>et</strong></span> <span class='ocrx_word' id='word_1_93' title='bbox 1534 1283 1788 1353; x_wconf 42' lang='lat' dir='ltr'><strong>sic‘quod</strong></span> <span class='ocrx_word' id='word_1_94' title='bbox 1821 1299 1969 1352; x_wconf 63' lang='lat' dir='ltr'><strong>quaa—</strong></span> 
     </span>
    </p>
   </div>
   <div class='ocr_carea' id='block_1_14' title="bbox 386 1368 1968 1428">
    <p class='ocr_par' dir='ltr' id='par_1_14' title="bbox 386 1368 1968 1428">
     <span class='ocr_line' id='line_1_14' title="bbox 386 1368 1968 1428; baseline 0.004 -7"><span class='ocrx_word' id='word_1_95' title='bbox 386 1369 580 1423; x_wconf 88' lang='lat' dir='ltr'><strong>rebant</strong></span> <span class='ocrx_word' id='word_1_96' title='bbox 603 1384 710 1423; x_wconf 92' lang='lat' dir='ltr'><strong>non</strong></span> <span class='ocrx_word' id='word_1_97' title='bbox 741 1368 1088 1427; x_wconf 86' lang='lat' dir='ltr'><strong>invenerhnt.</strong></span> <span class='ocrx_word' id='word_1_98' title='bbox 1119 1372 1277 1427; x_wconf 86' lang='lat' dir='ltr'><strong>Nunc</strong></span> <span class='ocrx_word' id='word_1_99' title='bbox 1308 1389 1439 1428; x_wconf 86' lang='lat' dir='ltr'><strong>vero</strong></span> <span class='ocrx_word' id='word_1_100' title='bbox 1470 1389 1595 1427; x_wconf 91' lang='lat' dir='ltr'><strong>cum</strong></span> <span class='ocrx_word' id='word_1_101' title='bbox 1622 1389 1726 1427; x_wconf 74' lang='lat' dir='ltr'><strong>vox</strong></span> <span class='ocrx_word' id='word_1_102' title='bbox 1760 1374 1815 1427; x_wconf 93' lang='lat' dir='ltr'><strong>in</strong></span> <span class='ocrx_word' id='word_1_103' title='bbox 1841 1374 1968 1427; x_wconf 89' lang='lat' dir='ltr'><strong>uni-</strong></span> 
     </span>
    </p>
   </div>
   <div class='ocr_carea' id='block_1_15' title="bbox 385 1466 1971 1535">
    <p class='ocr_par' dir='ltr' id='par_1_15' title="bbox 385 1466 1971 1535">
     <span class='ocr_line' id='line_1_15' title="bbox 385 1466 1971 1535; baseline 0.005 -22"><span class='ocrx_word' id='word_1_104' title='bbox 385 1476 544 1516; x_wconf 82' lang='lat' dir='ltr'><strong>versa</strong></span> <span class='ocrx_word' id='word_1_105' title='bbox 581 1473 722 1517; x_wconf 90' lang='lat' dir='ltr'><strong>terra</strong></span> <span class='ocrx_word' id='word_1_106' title='bbox 769 1468 1168 1535; x_wconf 66' lang='lat' dir='ltr'><strong>curcumsonuit</strong></span> <span class='ocrx_word' id='word_1_107' title='bbox 1202 1482 1322 1521; x_wconf 89' lang='lat' dir='ltr'><strong>esse</strong></span> <span class='ocrx_word' id='word_1_108' title='bbox 1352 1466 1520 1520; x_wconf 91' lang='lat' dir='ltr'><strong>Deum</strong></span> <span class='ocrx_word' id='word_1_109' title='bbox 1555 1482 1770 1533; x_wconf 83' lang='lat' dir='ltr'><strong>verum,</strong></span> <span class='ocrx_word' id='word_1_110' title='bbox 1797 1476 1851 1523; x_wconf 89' lang='lat' dir='ltr'><strong>et</strong></span> <span class='ocrx_word' id='word_1_111' title='bbox 1874 1467 1971 1521; x_wconf 81' lang='lat' dir='ltr'><strong>da-</strong></span> 
     </span>
    </p>
   </div>
   <div class='ocr_carea' id='block_1_16' title="bbox 387 1546 1971 1625">
    <p class='ocr_par' dir='ltr' id='par_1_16' title="bbox 387 1546 1971 1625">
     <span class='ocr_line' id='line_1_16' title="bbox 387 1546 1971 1625; baseline 0.004 -16"><span class='ocrx_word' id='word_1_112' title='bbox 387 1566 475 1610; x_wconf 85' lang='lat' dir='ltr'><strong>tus</strong></span> <span class='ocrx_word' id='word_1_113' title='bbox 501 1568 583 1611; x_wconf 91' lang='lat' dir='ltr'><strong>est</strong></span> <span class='ocrx_word' id='word_1_114' title='bbox 612 1559 761 1611; x_wconf 92' lang='lat' dir='ltr'><strong>omni</strong></span> <span class='ocrx_word' id='word_1_115' title='bbox 792 1546 1227 1621; x_wconf 84' lang='lat' dir='ltr'><strong>hominioculus</strong></span> <span class='ocrx_word' id='word_1_116' title='bbox 1263 1572 1321 1615; x_wconf 93' lang='lat' dir='ltr'><strong>ut</strong></span> <span class='ocrx_word' id='word_1_117' title='bbox 1360 1562 1587 1625; x_wconf 85' lang='lat' dir='ltr'><strong>videret,</strong></span> <span class='ocrx_word' id='word_1_118' title='bbox 1619 1562 1654 1615; x_wconf 90' lang='lat' dir='ltr'><strong>ii</strong></span> <span class='ocrx_word' id='word_1_119' title='bbox 1704 1578 1812 1615; x_wconf 88' lang='lat' dir='ltr'><strong>non</strong></span> <span class='ocrx_word' id='word_1_120' title='bbox 1854 1578 1971 1615; x_wconf 88' lang='lat' dir='ltr'><strong>am—</strong></span> 
     </span>
    </p>
   </div>
   <div class='ocr_carea' id='block_1_17' title="bbox 386 1647 1970 1725">
    <p class='ocr_par' dir='ltr' id='par_1_17' title="bbox 386 1647 1970 1725">
     <span class='ocr_line' id='line_1_17' title="bbox 386 1647 1970 1725; baseline 0.008 -27"><span class='ocrx_word' id='word_1_121' title='bbox 386 1647 531 1714; x_wconf 91' lang='lat' dir='ltr'><strong>plius</strong></span> <span class='ocrx_word' id='word_1_122' title='bbox 584 1659 713 1702; x_wconf 90' lang='lat' dir='ltr'><strong>sunt</strong></span> <span class='ocrx_word' id='word_1_123' title='bbox 771 1653 1071 1706; x_wconf 84' lang='lat' dir='ltr'><strong>excusandi</strong></span> <span class='ocrx_word' id='word_1_124' title='bbox 1108 1655 1221 1722; x_wconf 88' lang='lat' dir='ltr'><strong>qui,</strong></span> <span class='ocrx_word' id='word_1_125' title='bbox 1277 1655 1421 1724; x_wconf 88' lang='lat' dir='ltr'><strong>quod</strong></span> <span class='ocrx_word' id='word_1_126' title='bbox 1466 1656 1619 1709; x_wconf 87' lang='lat' dir='ltr'><strong>multi</strong></span> <span class='ocrx_word' id='word_1_127' title='bbox 1663 1672 1788 1711; x_wconf 92' lang='lat' dir='ltr'><strong>cum</strong></span> <span class='ocrx_word' id='word_1_128' title='bbox 1835 1657 1970 1725; x_wconf 86' lang='lat' dir='ltr'><strong>ipsis</strong></span> 
     </span>
    </p>
   </div>
   <div class='ocr_carea' id='block_1_18' title="bbox 388 1742 1970 1815">
    <p class='ocr_par' dir='ltr' id='par_1_18' title="bbox 388 1742 1970 1815">
     <span class='ocr_line' id='line_1_18' title="bbox 388 1742 1970 1815; baseline 0.009 -24"><span class='ocrx_word' id='word_1_129' title='bbox 388 1742 595 1804; x_wconf 89' lang='lat' dir='ltr'><strong>errant,</strong></span> <span class='ocrx_word' id='word_1_130' title='bbox 629 1742 770 1795; x_wconf 90' lang='lat' dir='ltr'><strong>viam</strong></span> <span class='ocrx_word' id='word_1_131' title='bbox 820 1753 1024 1797; x_wconf 87' lang='lat' dir='ltr'><strong>rectam</strong></span> <span class='ocrx_word' id='word_1_132' title='bbox 1062 1746 1266 1815; x_wconf 78' lang='lat' dir='ltr'><strong>ingredi</strong></span> <span class='ocrx_word' id='word_1_133' title='bbox 1299 1788 1312 1810; x_wconf 91' lang='lat'><strong>,</strong></span> <span class='ocrx_word' id='word_1_134' title='bbox 1341 1748 1443 1802; x_wconf 86' lang='lat' dir='ltr'><strong>etsi</strong></span> <span class='ocrx_word' id='word_1_135' title='bbox 1479 1750 1744 1815; x_wconf 87' lang='lat' dir='ltr'><strong>volentes,</strong></span> <span class='ocrx_word' id='word_1_136' title='bbox 1774 1749 1970 1805; x_wconf 87' lang='lat' dir='ltr'><strong>erube-</strong></span> 
     </span>
    </p>
   </div>
   <div class='ocr_carea' id='block_1_19' title="bbox 388 1821 2044 1912">
    <p class='ocr_par' dir='ltr' id='par_1_19' title="bbox 388 1821 2044 1912">
     <span class='ocr_line' id='line_1_19' title="bbox 388 1821 2044 1912; baseline 0.009 -29"><span class='ocrx_word' id='word_1_137' title='bbox 388 1840 569 1884; x_wconf 90' lang='lat' dir='ltr'><strong>scunt.</strong></span> <span class='ocrx_word' id='word_1_138' title='bbox 628 1830 969 1903; x_wconf 83' lang='lat' dir='ltr'><strong>Quapropter</strong></span> <span class='ocrx_word' id='word_1_139' title='bbox 1028 1838 1318 1893; x_wconf 87' lang='lat' dir='ltr'><strong>consilium</strong></span> <span class='ocrx_word' id='word_1_140' title='bbox 1378 1842 1575 1896; x_wconf 91' lang='lat' dir='ltr'><strong>damus</strong></span> <span class='ocrx_word' id='word_1_141' title='bbox 1618 1844 1699 1897; x_wconf 91' lang='lat' dir='ltr'><strong>eis</strong></span> <span class='ocrx_word' id='word_1_142' title='bbox 1749 1851 1808 1896; x_wconf 92' lang='lat' dir='ltr'><strong>ut</strong></span> <span class='ocrx_word' id='word_1_143' title='bbox 1843 1858 1972 1912; x_wconf 87' lang='lat' dir='ltr'><strong>ape—</strong></span> <span class='ocrx_word' id='word_1_144' title='bbox 2004 1821 2044 1876; x_wconf 78' lang='grc' dir='ltr'>Β</span> 
     </span>
    </p>
   </div>
   <div class='ocr_carea' id='block_1_20' title="bbox 386 1920 1973 2004">
    <p class='ocr_par' dir='ltr' id='par_1_20' title="bbox 386 1920 1973 2004">
     <span class='ocr_line' id='line_1_20' title="bbox 386 1920 1973 2004; baseline 0.011 -32"><span class='ocrx_word' id='word_1_145' title='bbox 386 1920 532 1991; x_wconf 83' lang='lat' dir='ltr'><strong>riant</strong></span> <span class='ocrx_word' id='word_1_146' title='bbox 581 1923 770 1978; x_wconf 90' lang='lat' dir='ltr'><strong>oculos</strong></span> <span class='ocrx_word' id='word_1_147' title='bbox 823 1941 953 1981; x_wconf 87' lang='lat' dir='ltr'><strong>suos</strong></span> <span class='ocrx_word' id='word_1_148' title='bbox 992 1937 1045 1980; x_wconf 90' lang='lat' dir='ltr'><strong>et</strong></span> <span class='ocrx_word' id='word_1_149' title='bbox 1074 1928 1323 1995; x_wconf 80' lang='lat' dir='ltr'><strong>videant;</strong></span> <span class='ocrx_word' id='word_1_150' title='bbox 1354 1946 1481 1986; x_wconf 89' lang='lat' dir='ltr'><strong>ecce</strong></span> <span class='ocrx_word' id='word_1_151' title='bbox 1521 1932 1666 1987; x_wconf 90' lang='lat' dir='ltr'><strong>enim</strong></span> <span class='ocrx_word' id='word_1_152' title='bbox 1700 1934 1820 1989; x_wconf 89' lang='lat' dir='ltr'><strong>luce</strong></span> <span class='ocrx_word' id='word_1_153' title='bbox 1851 1948 1973 2004; x_wconf 71' lang='lat' dir='ltr'><strong>quae</strong></span> 
     </span>
    </p>
   </div>
   <div class='ocr_carea' id='block_1_21' title="bbox 386 2011 1969 2093">
    <p class='ocr_par' dir='ltr' id='par_1_21' title="bbox 386 2011 1969 2093">
     <span class='ocr_line' id='line_1_21' title="bbox 386 2011 1969 2093; baseline 0.012 -30"><span class='ocrx_word' id='word_1_154' title='bbox 386 2026 497 2065; x_wconf 87' lang='lat' dir='ltr'><strong>non</strong></span> <span class='ocrx_word' id='word_1_155' title='bbox 552 2011 692 2069; x_wconf 77' lang='lat' dir='ltr'><strong>fallit</strong></span> <span class='ocrx_word' id='word_1_156' title='bbox 747 2017 1268 2077; x_wconf 72' lang='lat' dir='ltr'><strong>illuminati&#39;sumus</strong></span> <span class='ocrx_word' id='word_1_157' title='bbox 1305 2033 1360 2077; x_wconf 90' lang='lat' dir='ltr'><strong>ut</strong></span> <span class='ocrx_word' id='word_1_158' title='bbox 1388 2040 1485 2093; x_wconf 87' lang='lat' dir='ltr'><strong>per</strong></span> <span class='ocrx_word' id='word_1_159' title='bbox 1510 2041 1629 2079; x_wconf 87' lang='lat' dir='ltr'><strong>eam</strong></span> <span class='ocrx_word' id='word_1_160' title='bbox 1663 2026 1969 2083; x_wconf 79' lang='lat' dir='ltr'><strong>videamus.</strong></span> 
     </span>
    </p>
   </div>
   <div class='ocr_carea' id='block_1_22' title="bbox 388 2102 1972 2176">
    <p class='ocr_par' dir='ltr' id='par_1_22' title="bbox 388 2102 1972 2176">
     <span class='ocr_line' id='line_1_22' title="bbox 388 2102 1972 2176; baseline 0.013 -21"><span class='ocrx_word' id='word_1_161' title='bbox 388 2102 445 2156; x_wconf 98' lang='lat' dir='ltr'><strong>Si</strong></span> <span class='ocrx_word' id='word_1_162' title='bbox 479 2120 607 2160; x_wconf 85' lang='lat' dir='ltr'><strong>vero</strong></span> <span class='ocrx_word' id='word_1_163' title='bbox 645 2117 768 2176; x_wconf 90' lang='lat' dir='ltr'><strong>post</strong></span> <span class='ocrx_word' id='word_1_164' title='bbox 818 2119 996 2164; x_wconf 91' lang='lat' dir='ltr'><strong>ortam</strong></span> <span class='ocrx_word' id='word_1_165' title='bbox 1047 2114 1224 2168; x_wconf 91' lang='lat' dir='ltr'><strong>lucem</strong></span> <span class='ocrx_word' id='word_1_166' title='bbox 1281 2116 1488 2171; x_wconf 87' lang='lat' dir='ltr'><strong>claudit</strong></span> <span class='ocrx_word' id='word_1_167' title='bbox 1552 2118 1720 2172; x_wconf 89' lang='lat' dir='ltr'><strong>homo</strong></span> <span class='ocrx_word' id='word_1_168' title='bbox 1780 2121 1972 2176; x_wconf 90' lang='lat' dir='ltr'><strong>oculos</strong></span> 
     </span>
    </p>
   </div>
   <div class='ocr_carea' id='block_1_23' title="bbox 386 2200 1971 2283">
    <p class='ocr_par' dir='ltr' id='par_1_23' title="bbox 386 2200 1971 2283">
     <span class='ocr_line' id='line_1_23' title="bbox 386 2200 1971 2283; baseline 0.012 -36"><span class='ocrx_word' id='word_1_169' title='bbox 386 2210 518 2250; x_wconf 90' lang='lat' dir='ltr'><strong>suos</strong></span> <span class='ocrx_word' id='word_1_170' title='bbox 550 2214 616 2251; x_wconf 91' lang='lat' dir='ltr'><strong>ne</strong></span> <span class='ocrx_word' id='word_1_171' title='bbox 643 2200 844 2264; x_wconf 87' lang='lat' dir='ltr'><strong>videat,</strong></span> <span class='ocrx_word' id='word_1_172' title='bbox 889 2202 954 2256; x_wconf 84' lang='lat' dir='ltr'><strong>ad</strong></span> <span class='ocrx_word' id='word_1_173' title='bbox 1003 2202 1208 2259; x_wconf 81' lang='lat' dir='ltr'><strong>fossam</strong></span> <span class='ocrx_word' id='word_1_174' title='bbox 1260 2208 1434 2278; x_wconf 84' lang='lat' dir='ltr'><strong>pergit</strong></span> <span class='ocrx_word' id='word_1_175' title='bbox 1470 2210 1721 2283; x_wconf 82' lang='lat' dir='ltr'><strong>quamvis</strong></span> <span class='ocrx_word' id='word_1_176' title='bbox 1767 2220 1971 2266; x_wconf 89' lang='lat' dir='ltr'><strong>rectam</strong></span> 
     </span>
    </p>
   </div>
   <div class='ocr_carea' id='block_1_24' title="bbox 386 2290 1973 2364">
    <p class='ocr_par' dir='ltr' id='par_1_24' title="bbox 386 2290 1973 2364">
     <span class='ocr_line' id='line_1_24' title="bbox 386 2290 1973 2364; baseline 0.013 -24"><span class='ocrx_word' id='word_1_177' title='bbox 386 2290 529 2343; x_wconf 90' lang='lat' dir='ltr'><strong>viam</strong></span> <span class='ocrx_word' id='word_1_178' title='bbox 580 2308 837 2363; x_wconf 88' lang='lat' dir='ltr'><strong>sequens.</strong></span> <span class='ocrx_word' id='word_1_179' title='bbox 885 2296 1068 2364; x_wconf 84' lang='lat' dir='ltr'><strong>Quare</strong></span> <span class='ocrx_word' id='word_1_180' title='bbox 1098 2302 1243 2354; x_wconf 91' lang='lat' dir='ltr'><strong>enim</strong></span> <span class='ocrx_word' id='word_1_181' title='bbox 1290 2302 1455 2356; x_wconf 90' lang='lat' dir='ltr'><strong>homo</strong></span> <span class='ocrx_word' id='word_1_182' title='bbox 1489 2304 1540 2357; x_wconf 93' lang='lat' dir='ltr'><strong>in</strong></span> <span class='ocrx_word' id='word_1_183' title='bbox 1578 2305 1657 2359; x_wconf 88' lang='lat' dir='ltr'><strong>eis</strong></span> <span class='ocrx_word' id='word_1_184' title='bbox 1698 2306 1973 2360; x_wconf 88' lang='lat' dir='ltr'><strong>erubescit</strong></span> 
     </span>
    </p>
   </div>
   <div class='ocr_carea' id='block_1_25' title="bbox 386 2387 1970 2467">
    <p class='ocr_par' dir='ltr' id='par_1_25' title="bbox 386 2387 1970 2467">
     <span class='ocr_line' id='line_1_25' title="bbox 386 2387 1970 2467; baseline 0.009 -29"><span class='ocrx_word' id='word_1_185' title='bbox 386 2387 480 2455; x_wconf 88' lang='lat' dir='ltr'><strong>qui</strong></span> <span class='ocrx_word' id='word_1_186' title='bbox 516 2399 703 2443; x_wconf 88' lang='lat' dir='ltr'><strong>errant</strong></span> <span class='ocrx_word' id='word_1_187' title='bbox 760 2405 883 2443; x_wconf 91' lang='lat' dir='ltr'><strong>cum</strong></span> <span class='ocrx_word' id='word_1_188' title='bbox 930 2392 1033 2445; x_wconf 86' lang='lat' dir='ltr'><strong>eo?</strong></span> <span class='ocrx_word' id='word_1_189' title='bbox 1066 2392 1255 2449; x_wconf 87' lang='lat' dir='ltr'><strong>Potius</strong></span> <span class='ocrx_word' id='word_1_190' title='bbox 1294 2410 1389 2450; x_wconf 88' lang='lat' dir='ltr'><strong>eos</strong></span> <span class='ocrx_word' id='word_1_191' title='bbox 1424 2396 1646 2451; x_wconf 88' lang='lat' dir='ltr'><strong>inducat</strong></span> <span class='ocrx_word' id='word_1_192' title='bbox 1685 2408 1741 2452; x_wconf 87' lang='lat' dir='ltr'><strong>nl</strong></span> <span class='ocrx_word' id='word_1_193' title='bbox 1790 2399 1970 2467; x_wconf 91' lang='lat' dir='ltr'><strong>ipsum</strong></span> 
     </span>
    </p>
   </div>
   <div class='ocr_carea' id='block_1_26' title="bbox 387 2484 1972 2557">
    <p class='ocr_par' dir='ltr' id='par_1_26' title="bbox 387 2484 1972 2557">
     <span class='ocr_line' id='line_1_26' title="bbox 387 2484 1972 2557; baseline 0.009 -27"><span class='ocrx_word' id='word_1_194' title='bbox 387 2488 711 2547; x_wconf 89' lang='lat' dir='ltr'><strong>sequantur,</strong></span> <span class='ocrx_word' id='word_1_195' title='bbox 750 2492 805 2535; x_wconf 91' lang='lat' dir='ltr'><strong>et</strong></span> <span class='ocrx_word' id='word_1_196' title='bbox 855 2484 899 2537; x_wconf 89' lang='lat' dir='ltr'><strong>si</strong></span> <span class='ocrx_word' id='word_1_197' title='bbox 936 2501 1042 2537; x_wconf 93' lang='lat' dir='ltr'><strong>non</strong></span> <span class='ocrx_word' id='word_1_198' title='bbox 1085 2488 1481 2557; x_wconf 84' lang='lat' dir='ltr'><strong>acquiescant,</strong></span> <span class='ocrx_word' id='word_1_199' title='bbox 1512 2489 1701 2544; x_wconf 82' lang='lat' dir='ltr'><strong>liberet</strong></span> <span class='ocrx_word' id='word_1_200' title='bbox 1728 2492 1972 2546; x_wconf 91' lang='lat' dir='ltr'><strong>animam</strong></span> 
     </span>
    </p>
   </div>
   <div class='ocr_carea' id='block_1_27' title="bbox 386 2575 1973 2638">
    <p class='ocr_par' dir='ltr' id='par_1_27' title="bbox 386 2575 1973 2638">
     <span class='ocr_line' id='line_1_27' title="bbox 386 2575 1973 2638; baseline 0.007 -11"><span class='ocrx_word' id='word_1_201' title='bbox 386 2591 543 2629; x_wconf 88' lang='lat' dir='ltr'><strong>suam</strong></span> <span class='ocrx_word' id='word_1_202' title='bbox 576 2590 606 2627; x_wconf 92' lang='lat' dir='ltr'><strong>e</strong></span> <span class='ocrx_word' id='word_1_203' title='bbox 637 2575 815 2629; x_wconf 87' lang='lat' dir='ltr'><strong>medio</strong></span> <span class='ocrx_word' id='word_1_204' title='bbox 847 2592 1058 2630; x_wconf 89' lang='lat' dir='ltr'><strong>eorum.</strong></span> <span class='ocrx_word' id='word_1_205' title='bbox 1087 2577 1312 2633; x_wconf 89' lang='lat' dir='ltr'><strong>Terreni</strong></span> <span class='ocrx_word' id='word_1_206' title='bbox 1346 2581 1596 2636; x_wconf 88' lang='lat' dir='ltr'><strong>homines</strong></span> <span class='ocrx_word' id='word_1_207' title='bbox 1617 2582 1747 2637; x_wconf 83' lang='lat' dir='ltr'><strong>deos</strong></span> <span class='ocrx_word' id='word_1_208' title='bbox 1770 2598 1800 2637; x_wconf 94' lang='lat' dir='ltr'><strong>e</strong></span> <span class='ocrx_word' id='word_1_209' title='bbox 1826 2592 1973 2638; x_wconf 91' lang='lat' dir='ltr'><strong>terra</strong></span> 
     </span>
    </p>
   </div>
   <div class='ocr_carea' id='block_1_28' title="bbox 385 2667 1971 2743">
    <p class='ocr_par' dir='ltr' id='par_1_28' title="bbox 385 2667 1971 2743">
     <span class='ocr_line' id='line_1_28' title="bbox 385 2667 1971 2743; baseline 0.007 -24"><span class='ocrx_word' id='word_1_210' title='bbox 385 2677 561 2721; x_wconf 85' lang='lat' dir='ltr'><strong>matre</strong></span> <span class='ocrx_word' id='word_1_211' title='bbox 608 2682 709 2722; x_wconf 89' lang='lat' dir='ltr'><strong>sua</strong></span> <span class='ocrx_word' id='word_1_212' title='bbox 763 2667 1108 2723; x_wconf 90' lang='lat' dir='ltr'><strong>constituunt</strong></span> <span class='ocrx_word' id='word_1_213' title='bbox 1153 2669 1295 2735; x_wconf 89' lang='lat' dir='ltr'><strong>sibi;</strong></span> <span class='ocrx_word' id='word_1_214' title='bbox 1324 2673 1401 2725; x_wconf 89' lang='lat' dir='ltr'><strong>rei</strong></span> <span class='ocrx_word' id='word_1_215' title='bbox 1444 2673 1808 2743; x_wconf 88' lang='lat' dir='ltr'><strong>suntjudicio</strong></span> <span class='ocrx_word' id='word_1_216' title='bbox 1841 2675 1971 2729; x_wconf 91' lang='lat' dir='ltr'><strong>dum</strong></span> 
     </span>
    </p>
   </div>
   <div class='ocr_carea' id='block_1_29' title="bbox 386 2757 1969 2835">
    <p class='ocr_par' dir='ltr' id='par_1_29' title="bbox 386 2757 1969 2835">
     <span class='ocr_line' id='line_1_29' title="bbox 386 2757 1969 2835; baseline 0.006 -25"><span class='ocrx_word' id='word_1_217' title='bbox 386 2757 729 2811; x_wconf 87' lang='lat' dir='ltr'><strong>immutabile</strong></span> <span class='ocrx_word' id='word_1_218' title='bbox 762 2774 959 2812; x_wconf 87' lang='lat' dir='ltr'><strong>nomen</strong></span> <span class='ocrx_word' id='word_1_219' title='bbox 1016 2760 1179 2815; x_wconf 89' lang='lat' dir='ltr'><strong>rebus</strong></span> <span class='ocrx_word' id='word_1_220' title='bbox 1237 2764 1591 2819; x_wconf 88' lang='lat' dir='ltr'><strong>mutabilibus</strong></span> <span class='ocrx_word' id='word_1_221' title='bbox 1648 2764 1969 2835; x_wconf 87' lang='lat' dir='ltr'><strong>imponunt,</strong></span> 
     </span>
    </p>
   </div>
   <div class='ocr_carea' id='block_1_30' title="bbox 386 2848 1971 2924">
    <p class='ocr_par' dir='ltr' id='par_1_30' title="bbox 386 2848 1971 2924">
     <span class='ocr_line' id='line_1_30' title="bbox 386 2848 1971 2924; baseline 0.005 -23"><span class='ocrx_word' id='word_1_222' title='bbox 386 2858 576 2902; x_wconf 91' lang='lat' dir='ltr'><strong>etnon</strong></span> <span class='ocrx_word' id='word_1_223' title='bbox 625 2848 962 2904; x_wconf 88' lang='lat' dir='ltr'><strong>erubescunt</strong></span> <span class='ocrx_word' id='word_1_224' title='bbox 1022 2863 1083 2905; x_wconf 93' lang='lat' dir='ltr'><strong>ut</strong></span> <span class='ocrx_word' id='word_1_225' title='bbox 1127 2852 1260 2907; x_wconf 88' lang='lat' dir='ltr'><strong>deos</strong></span> <span class='ocrx_word' id='word_1_226' title='bbox 1294 2855 1550 2924; x_wconf 87' lang='lat' dir='ltr'><strong>ligmenta</strong></span> <span class='ocrx_word' id='word_1_227' title='bbox 1592 2856 1773 2910; x_wconf 90' lang='lat' dir='ltr'><strong>colere</strong></span> <span class='ocrx_word' id='word_1_228' title='bbox 1804 2872 1971 2911; x_wconf 90' lang='lat' dir='ltr'><strong>manu</strong></span> 
     </span>
    </p>
   </div>
   <div class='ocr_carea' id='block_1_31' title="bbox 387 2940 1971 3017">
    <p class='ocr_par' dir='ltr' id='par_1_31' title="bbox 387 2940 1971 3017">
     <span class='ocr_line' id='line_1_31' title="bbox 387 2940 1971 3017; baseline 0.007 -23"><span class='ocrx_word' id='word_1_229' title='bbox 387 2941 628 2996; x_wconf 89' lang='lat' dir='ltr'><strong>hominis</strong></span> <span class='ocrx_word' id='word_1_230' title='bbox 662 2940 908 3009; x_wconf 47' lang='lat' dir='ltr'><strong>facta,,et</strong></span> <span class='ocrx_word' id='word_1_231' title='bbox 947 2944 1488 3017; x_wconf 41' lang='lat' dir='ltr'><strong>audent‘imaginem</strong></span> <span class='ocrx_word' id='word_1_232' title='bbox 1538 2947 1829 3007; x_wconf 77' lang='lat' dir='ltr'><strong>elformare</strong></span> <span class='ocrx_word' id='word_1_233' title='bbox 1860 2947 1971 3005; x_wconf 91' lang='lat' dir='ltr'><strong>Deo</strong></span> 
     </span>
    </p>
   </div>
   <div class='ocr_carea' id='block_1_32' title="bbox 386 3037 1005 3104">
    <p class='ocr_par' dir='ltr' id='par_1_32' title="bbox 386 3037 1005 3104">
     <span class='ocr_line' id='line_1_32' title="bbox 386 3037 1005 3104; baseline 0.003 -15"><span class='ocrx_word' id='word_1_234' title='bbox 386 3052 549 3104; x_wconf 88' lang='lat' dir='ltr'><strong>quem</strong></span> <span class='ocrx_word' id='word_1_235' title='bbox 588 3051 699 3090; x_wconf 91' lang='lat' dir='ltr'><strong>non</strong></span> <span class='ocrx_word' id='word_1_236' title='bbox 728 3037 1005 3091; x_wconf 89' lang='lat' dir='ltr'><strong>viderunt.</strong></span> 
     </span>
    </p>
   </div>
   <div class='ocr_carea' id='block_1_33' title="bbox 457 3122 2041 3221">
    <p class='ocr_par' dir='ltr' id='par_1_33' title="bbox 457 3122 2041 3221">
     <span class='ocr_line' id='line_1_33' title="bbox 457 3122 2041 3221; baseline 0.006 -42"><span class='ocrx_word' id='word_1_237' title='bbox 457 3126 570 3197; x_wconf 88' lang='lat' dir='ltr'><strong>Ego</strong></span> <span class='ocrx_word' id='word_1_238' title='bbox 594 3144 724 3183; x_wconf 86' lang='lat' dir='ltr'><strong>vero</strong></span> <span class='ocrx_word' id='word_1_239' title='bbox 748 3144 941 3183; x_wconf 84' lang='lat' dir='ltr'><strong>rursus</strong></span> <span class='ocrx_word' id='word_1_240' title='bbox 963 3129 1144 3184; x_wconf 88' lang='lat' dir='ltr'><strong>dicere</strong></span> <span class='ocrx_word' id='word_1_241' title='bbox 1174 3148 1282 3187; x_wconf 91' lang='lat' dir='ltr'><strong>non</strong></span> <span class='ocrx_word' id='word_1_242' title='bbox 1308 3147 1501 3186; x_wconf 86' lang='lat' dir='ltr'><strong>vereor</strong></span> <span class='ocrx_word' id='word_1_243' title='bbox 1523 3133 1669 3202; x_wconf 90' lang='lat' dir='ltr'><strong>quod</strong></span> <span class='ocrx_word' id='word_1_244' title='bbox 1693 3122 1806 3202; x_wconf 88' lang='lat' dir='ltr'><strong>jam</strong></span> <span class='ocrx_word' id='word_1_245' title='bbox 1832 3134 1969 3221; x_wconf 71' lang='lat' dir='ltr'><strong>dixi,</strong></span> <span class='ocrx_word' id='word_1_246' title='bbox 1999 3163 2041 3221; x_wconf 70' lang='grc' dir='ltr'>ο</span> 
     </span>
    </p>
   </div>
   <div class='ocr_carea' id='block_1_34' title="bbox 386 3207 1972 3291">
    <p class='ocr_par' dir='ltr' id='par_1_34' title="bbox 386 3207 1972 3291">
     <span class='ocr_line' id='line_1_34' title="bbox 386 3207 1972 3291; baseline 0.004 -21"><span class='ocrx_word' id='word_1_247' title='bbox 386 3218 454 3271; x_wconf 89' lang='lat' dir='ltr'><strong>ab</strong></span> <span class='ocrx_word' id='word_1_248' title='bbox 500 3220 580 3274; x_wconf 89' lang='lat' dir='ltr'><strong>eis</strong></span> <span class='ocrx_word' id='word_1_249' title='bbox 637 3219 904 3289; x_wconf 84' lang='lat' dir='ltr'><strong>imagines</strong></span> <span class='ocrx_word' id='word_1_250' title='bbox 966 3236 1153 3291; x_wconf 86' lang='lat' dir='ltr'><strong>regum</strong></span> <span class='ocrx_word' id='word_1_251' title='bbox 1214 3232 1558 3277; x_wconf 91' lang='lat' dir='ltr'><strong>mortuorum</strong></span> <span class='ocrx_word' id='word_1_252' title='bbox 1619 3223 1857 3279; x_wconf 84' lang='lat' dir='ltr'><strong>adorari.</strong></span> <span class='ocrx_word' id='word_1_253' title='bbox 1907 3207 1972 3277; x_wconf 72' lang='lat' dir='ltr'><strong>Et</strong></span> 
     </span>
    </p>
   </div>
   <div class='ocr_carea' id='block_1_35' title="bbox 386 3308 1971 3383">
    <p class='ocr_par' dir='ltr' id='par_1_35' title="bbox 386 3308 1971 3383">
     <span class='ocr_line' id='line_1_35' title="bbox 386 3308 1971 3383; baseline 0.006 -24"><span class='ocrx_word' id='word_1_254' title='bbox 386 3308 565 3376; x_wconf 87' lang='lat' dir='ltr'><strong>reipsa</strong></span> <span class='ocrx_word' id='word_1_255' title='bbox 615 3318 806 3362; x_wconf 89' lang='lat' dir='ltr'><strong>nostro</strong></span> <span class='ocrx_word' id='word_1_256' title='bbox 854 3310 1033 3364; x_wconf 89' lang='lat' dir='ltr'><strong>adhuc</strong></span> <span class='ocrx_word' id='word_1_257' title='bbox 1077 3320 1320 3381; x_wconf 87' lang='lat' dir='ltr'><strong>tempore</strong></span> <span class='ocrx_word' id='word_1_258' title='bbox 1375 3312 1643 3383; x_wconf 77' lang='lat' dir='ltr'><strong>imagines</strong></span> <span class='ocrx_word' id='word_1_259' title='bbox 1694 3312 1971 3369; x_wconf 72' lang='lat' dir='ltr'><strong>Caesarum</strong></span> 
     </span>
    </p>
   </div>
   <div class='ocr_carea' id='block_1_36' title="bbox 386 3400 1968 3476">
    <p class='ocr_par' dir='ltr' id='par_1_36' title="bbox 386 3400 1968 3476">
     <span class='ocr_line' id='line_1_36' title="bbox 386 3400 1968 3476; baseline 0.006 -25"><span class='ocrx_word' id='word_1_260' title='bbox 386 3400 705 3463; x_wconf 87' lang='lat' dir='ltr'><strong>adorantur,</strong></span> <span class='ocrx_word' id='word_1_261' title='bbox 725 3409 777 3453; x_wconf 92' lang='lat' dir='ltr'><strong>et</strong></span> <span class='ocrx_word' id='word_1_262' title='bbox 809 3402 981 3470; x_wconf 91' lang='lat' dir='ltr'><strong>magis</strong></span> <span class='ocrx_word' id='word_1_263' title='bbox 997 3402 1252 3456; x_wconf 90' lang='lat' dir='ltr'><strong>coluntur</strong></span> <span class='ocrx_word' id='word_1_264' title='bbox 1275 3419 1438 3472; x_wconf 90' lang='lat' dir='ltr'><strong>quam</strong></span> <span class='ocrx_word' id='word_1_265' title='bbox 1460 3414 1670 3459; x_wconf 88' lang='lat' dir='ltr'><strong>veteres</strong></span> <span class='ocrx_word' id='word_1_266' title='bbox 1689 3405 1763 3459; x_wconf 91' lang='lat' dir='ltr'><strong>dii</strong></span> <span class='ocrx_word' id='word_1_267' title='bbox 1788 3407 1968 3476; x_wconf 88' lang='lat' dir='ltr'><strong>patrii.</strong></span> 
     </span>
    </p>
   </div>
   <div class='ocr_carea' id='block_1_37' title="bbox 387 3489 1973 3569">
    <p class='ocr_par' dir='ltr' id='par_1_37' title="bbox 387 3489 1973 3569">
     <span class='ocr_line' id='line_1_37' title="bbox 387 3489 1973 3569; baseline 0.007 -26"><span class='ocrx_word' id='word_1_268' title='bbox 387 3489 614 3545; x_wconf 90' lang='lat' dir='ltr'><strong>Tributa</strong></span> <span class='ocrx_word' id='word_1_269' title='bbox 657 3492 820 3545; x_wconf 91' lang='lat' dir='ltr'><strong>etiam</strong></span> <span class='ocrx_word' id='word_1_270' title='bbox 867 3504 921 3547; x_wconf 90' lang='lat' dir='ltr'><strong>et</strong></span> <span class='ocrx_word' id='word_1_271' title='bbox 950 3508 1150 3549; x_wconf 90' lang='lat' dir='ltr'><strong>census</strong></span> <span class='ocrx_word' id='word_1_272' title='bbox 1184 3493 1390 3550; x_wconf 66' lang='lat' dir='ltr'><strong>Caesari</strong></span> <span class='ocrx_word' id='word_1_273' title='bbox 1432 3496 1743 3563; x_wconf 89' lang='lat' dir='ltr'><strong>solvuntur,</strong></span> <span class='ocrx_word' id='word_1_274' title='bbox 1772 3498 1973 3569; x_wconf 87' lang='lat' dir='ltr'><strong>quippe</strong></span> 
     </span>
    </p>
   </div>
   <div class='ocr_carea' id='block_1_38' title="bbox 386 3584 1973 3663">
    <p class='ocr_par' dir='ltr' id='par_1_38' title="bbox 386 3584 1973 3663">
     <span class='ocr_line' id='line_1_38' title="bbox 386 3584 1973 3663; baseline 0.007 -27"><span class='ocrx_word' id='word_1_275' title='bbox 386 3584 480 3653; x_wconf 93' lang='lat' dir='ltr'><strong>qui</strong></span> <span class='ocrx_word' id='word_1_276' title='bbox 524 3584 701 3653; x_wconf 86' lang='lat' dir='ltr'><strong>major</strong></span> <span class='ocrx_word' id='word_1_277' title='bbox 726 3593 811 3639; x_wconf 90' lang='lat' dir='ltr'><strong>est</strong></span> <span class='ocrx_word' id='word_1_278' title='bbox 859 3586 965 3641; x_wconf 91' lang='lat' dir='ltr'><strong>diis</strong></span> <span class='ocrx_word' id='word_1_279' title='bbox 998 3586 1138 3652; x_wconf 90' lang='lat' dir='ltr'><strong>illis;</strong></span> <span class='ocrx_word' id='word_1_280' title='bbox 1172 3588 1380 3644; x_wconf 86' lang='lat' dir='ltr'><strong>idcirco</strong></span> <span class='ocrx_word' id='word_1_281' title='bbox 1412 3592 1616 3659; x_wconf 87' lang='lat' dir='ltr'><strong>pariter</strong></span> <span class='ocrx_word' id='word_1_282' title='bbox 1650 3602 1828 3647; x_wconf 91' lang='lat' dir='ltr'><strong>morte</strong></span> <span class='ocrx_word' id='word_1_283' title='bbox 1854 3594 1973 3663; x_wconf 82' lang='lat' dir='ltr'><strong>ple--</strong></span> 
     </span>
    </p>
   </div>
   <div class='ocr_carea' id='block_1_39' title="bbox 388 3665 1968 3745">
    <p class='ocr_par' dir='ltr' id='par_1_39' title="bbox 388 3665 1968 3745">
     <span class='ocr_line' id='line_1_39' title="bbox 388 3665 1968 3745; baseline 0.007 -19"><span class='ocrx_word' id='word_1_284' title='bbox 388 3682 610 3728; x_wconf 84' lang='lat' dir='ltr'><strong>ctuntur</strong></span> <span class='ocrx_word' id='word_1_285' title='bbox 655 3676 747 3743; x_wconf 89' lang='lat' dir='ltr'><strong>qui</strong></span> <span class='ocrx_word' id='word_1_286' title='bbox 780 3686 1047 3745; x_wconf 89' lang='lat' dir='ltr'><strong>spernunt</strong></span> <span class='ocrx_word' id='word_1_287' title='bbox 1077 3678 1209 3734; x_wconf 90' lang='lat' dir='ltr'><strong>deos</strong></span> <span class='ocrx_word' id='word_1_288' title='bbox 1241 3687 1295 3733; x_wconf 90' lang='lat' dir='ltr'><strong>et</strong></span> <span class='ocrx_word' id='word_1_289' title='bbox 1325 3665 1574 3736; x_wconf 56' lang='lat' dir='ltr'><strong>decreti?</strong></span> <span class='ocrx_word' id='word_1_290' title='bbox 1593 3681 1829 3737; x_wconf 80' lang='lat' dir='ltr'><strong>Czesaris</strong></span> <span class='ocrx_word' id='word_1_291' title='bbox 1861 3697 1968 3738; x_wconf 88' lang='lat' dir='ltr'><strong>non</strong></span> 
     </span>
    </p>
   </div>
   <div class='ocr_carea' id='block_1_40' title="bbox 387 3768 1972 3831">
    <p class='ocr_par' dir='ltr' id='par_1_40' title="bbox 387 3768 1972 3831">
     <span class='ocr_line' id='line_1_40' title="bbox 387 3768 1972 3831; baseline 0.008 -12"><span class='ocrx_word' id='word_1_292' title='bbox 387 3768 671 3822; x_wconf 86' lang='lat' dir='ltr'><strong>obediunt.</strong></span> <span class='ocrx_word' id='word_1_293' title='bbox 702 3768 853 3824; x_wconf 89' lang='lat' dir='ltr'><strong>Alias</strong></span> <span class='ocrx_word' id='word_1_294' title='bbox 871 3770 1034 3824; x_wconf 89' lang='lat' dir='ltr'><strong>etiam</strong></span> <span class='ocrx_word' id='word_1_295' title='bbox 1060 3772 1250 3826; x_wconf 90' lang='lat' dir='ltr'><strong>eodem</strong></span> <span class='ocrx_word' id='word_1_296' title='bbox 1270 3772 1489 3828; x_wconf 84' lang='lat' dir='ltr'><strong>decreto</strong></span> <span class='ocrx_word' id='word_1_297' title='bbox 1512 3784 1777 3829; x_wconf 88' lang='lat' dir='ltr'><strong>statutum</strong></span> <span class='ocrx_word' id='word_1_298' title='bbox 1810 3784 1895 3831; x_wconf 89' lang='lat' dir='ltr'><strong>est</strong></span> <span class='ocrx_word' id='word_1_299' title='bbox 1919 3786 1972 3831; x_wconf 92' lang='lat' dir='ltr'><strong>et</strong></span> 
     </span>
    </p>
   </div>
   <div class='ocr_carea' id='block_1_41' title="bbox 387 3863 1973 3936">
    <p class='ocr_par' dir='ltr' id='par_1_41' title="bbox 387 3863 1973 3936">
     <span class='ocr_line' id='line_1_41' title="bbox 387 3863 1973 3936; baseline 0.008 -24"><span class='ocrx_word' id='word_1_300' title='bbox 387 3876 548 3929; x_wconf 90' lang='lat' dir='ltr'><strong>quem</strong></span> <span class='ocrx_word' id='word_1_301' title='bbox 574 3876 803 3915; x_wconf 89' lang='lat' dir='ltr'><strong>censum</strong></span> <span class='ocrx_word' id='word_1_302' title='bbox 845 3863 1237 3934; x_wconf 82' lang='lat' dir='ltr'><strong>gazophylacio</strong></span> <span class='ocrx_word' id='word_1_303' title='bbox 1270 3866 1413 3935; x_wconf 89' lang='lat' dir='ltr'><strong>regis</strong></span> <span class='ocrx_word' id='word_1_304' title='bbox 1452 3868 1687 3936; x_wconf 85' lang='lat' dir='ltr'><strong>pendant</strong></span> <span class='ocrx_word' id='word_1_305' title='bbox 1717 3868 1973 3923; x_wconf 79' lang='lat' dir='ltr'><strong>adorato-</strong></span> 
     </span>
    </p>
   </div>
   <div class='ocr_carea' id='block_1_42' title="bbox 386 3954 1968 4031">
    <p class='ocr_par' dir='ltr' id='par_1_42' title="bbox 386 3954 1968 4031">
     <span class='ocr_line' id='line_1_42' title="bbox 386 3954 1968 4031; baseline 0.006 -26"><span class='ocrx_word' id='word_1_306' title='bbox 386 3968 511 4015; x_wconf 90' lang='lat' dir='ltr'><strong>res,</strong></span> <span class='ocrx_word' id='word_1_307' title='bbox 555 3962 610 4006; x_wconf 91' lang='lat' dir='ltr'><strong>et</strong></span> <span class='ocrx_word' id='word_1_308' title='bbox 637 3954 766 4023; x_wconf 89' lang='lat' dir='ltr'><strong>quid</strong></span> <span class='ocrx_word' id='word_1_309' title='bbox 803 3955 1051 4009; x_wconf 91' lang='lat' dir='ltr'><strong>redditus</strong></span> <span class='ocrx_word' id='word_1_310' title='bbox 1081 3956 1313 4011; x_wconf 74' lang='lat' dir='ltr'><strong>alferant</strong></span> <span class='ocrx_word' id='word_1_311' title='bbox 1340 3962 1482 4013; x_wconf 88' lang='lat' dir='ltr'><strong>sacci</strong></span> <span class='ocrx_word' id='word_1_312' title='bbox 1523 3960 1664 4029; x_wconf 89' lang='lat' dir='ltr'><strong>pleni</strong></span> <span class='ocrx_word' id='word_1_313' title='bbox 1709 3977 1852 4031; x_wconf 89' lang='lat' dir='ltr'><strong>aqua</strong></span> <span class='ocrx_word' id='word_1_314' title='bbox 1903 3977 1968 4015; x_wconf 78' lang='lat' dir='ltr'><strong>ex</strong></span> 
     </span>
    </p>
   </div>
   <div class='ocr_carea' id='block_1_43' title="bbox 386 4041 1971 4123">
    <p class='ocr_par' dir='ltr' id='par_1_43' title="bbox 386 4041 1971 4123">
     <span class='ocr_line' id='line_1_43' title="bbox 386 4041 1971 4123; baseline 0.008 -29"><span class='ocrx_word' id='word_1_315' title='bbox 386 4043 548 4097; x_wconf 88' lang='lat' dir='ltr'><strong>mari.</strong></span> <span class='ocrx_word' id='word_1_316' title='bbox 580 4041 696 4097; x_wconf 81' lang='lat' dir='ltr'><strong>Hoc</strong></span> <span class='ocrx_word' id='word_1_317' title='bbox 739 4054 920 4098; x_wconf 86' lang='lat' dir='ltr'><strong>autem</strong></span> <span class='ocrx_word' id='word_1_318' title='bbox 962 4046 1199 4101; x_wconf 83' lang='lat' dir='ltr'><strong>maxime</strong></span> <span class='ocrx_word' id='word_1_319' title='bbox 1248 4048 1545 4104; x_wconf 91' lang='lat' dir='ltr'><strong>dolendum</strong></span> <span class='ocrx_word' id='word_1_320' title='bbox 1586 4052 1730 4121; x_wconf 91' lang='lat' dir='ltr'><strong>quod</strong></span> <span class='ocrx_word' id='word_1_321' title='bbox 1762 4053 1839 4106; x_wconf 87' lang='lat' dir='ltr'><strong>illi</strong></span> <span class='ocrx_word' id='word_1_322' title='bbox 1876 4053 1971 4123; x_wconf 91' lang='lat' dir='ltr'><strong>qui</strong></span> 
     </span>
    </p>
   </div>
   <div class='ocr_carea' id='block_1_44' title="bbox 387 4135 1972 4213">
    <p class='ocr_par' dir='ltr' id='par_1_44' title="bbox 387 4135 1972 4213">
     <span class='ocr_line' id='line_1_44' title="bbox 387 4135 1972 4213; baseline 0.006 -26"><span class='ocrx_word' id='word_1_323' title='bbox 387 4135 575 4188; x_wconf 90' lang='lat' dir='ltr'><strong>colunt</strong></span> <span class='ocrx_word' id='word_1_324' title='bbox 608 4144 662 4188; x_wconf 90' lang='lat' dir='ltr'><strong>et</strong></span> <span class='ocrx_word' id='word_1_325' title='bbox 686 4144 942 4189; x_wconf 90' lang='lat' dir='ltr'><strong>verentur</strong></span> <span class='ocrx_word' id='word_1_326' title='bbox 968 4152 1041 4213; x_wconf 85' lang='lat' dir='ltr'><strong>ea</strong></span> <span class='ocrx_word' id='word_1_327' title='bbox 1072 4153 1194 4207; x_wconf 62' lang='lat' dir='ltr'><strong>qum</strong></span> <span class='ocrx_word' id='word_1_328' title='bbox 1240 4141 1493 4195; x_wconf 85' lang='lat' dir='ltr'><strong>sensibus</strong></span> <span class='ocrx_word' id='word_1_329' title='bbox 1533 4156 1642 4195; x_wconf 90' lang='lat' dir='ltr'><strong>non</strong></span> <span class='ocrx_word' id='word_1_330' title='bbox 1674 4143 1972 4212; x_wconf 84' lang='lat' dir='ltr'><strong>capiuntur</strong></span> 
     </span>
    </p>
   </div>
   <div class='ocr_carea' id='block_1_45' title="bbox 389 4226 1972 4300">
    <p class='ocr_par' dir='ltr' id='par_1_45' title="bbox 389 4226 1972 4300">
     <span class='ocr_line' id='line_1_45' title="bbox 389 4226 1972 4300; baseline 0.007 -21"><span class='ocrx_word' id='word_1_331' title='bbox 389 4230 465 4295; x_wconf 91' lang='lat' dir='ltr'><strong>(et</strong></span> <span class='ocrx_word' id='word_1_332' title='bbox 499 4226 552 4279; x_wconf 92' lang='lat' dir='ltr'><strong>hi</strong></span> <span class='ocrx_word' id='word_1_333' title='bbox 584 4227 807 4280; x_wconf 83' lang='lat' dir='ltr'><strong>maximi</strong></span> <span class='ocrx_word' id='word_1_334' title='bbox 842 4227 982 4283; x_wconf 90' lang='lat' dir='ltr'><strong>inter</strong></span> <span class='ocrx_word' id='word_1_335' title='bbox 1014 4230 1292 4298; x_wconf 87' lang='lat' dir='ltr'><strong>sapientes</strong></span> <span class='ocrx_word' id='word_1_336' title='bbox 1327 4233 1498 4297; x_wconf 92' lang='lat' dir='ltr'><strong>sunt),</strong></span> <span class='ocrx_word' id='word_1_337' title='bbox 1520 4234 1634 4287; x_wconf 89' lang='lat' dir='ltr'><strong>sive</strong></span> <span class='ocrx_word' id='word_1_338' title='bbox 1662 4234 1823 4300; x_wconf 89' lang='lat' dir='ltr'><strong>lucri,</strong></span> <span class='ocrx_word' id='word_1_339' title='bbox 1855 4233 1972 4290; x_wconf 88' lang='lat' dir='ltr'><strong>sive</strong></span> 
     </span>
    </p>
   </div>
   <div class='ocr_carea' id='block_1_46' title="bbox 386 4320 1970 4391">
    <p class='ocr_par' dir='ltr' id='par_1_46' title="bbox 386 4320 1970 4391">
     <span class='ocr_line' id='line_1_46' title="bbox 386 4320 1970 4391; baseline 0.006 -19"><span class='ocrx_word' id='word_1_340' title='bbox 386 4334 541 4373; x_wconf 64' lang='lat' dir='ltr'><strong>vana:</strong></span> <span class='ocrx_word' id='word_1_341' title='bbox 579 4320 787 4390; x_wconf 68' lang='lat' dir='ltr'><strong>gloriae,</strong></span> <span class='ocrx_word' id='word_1_342' title='bbox 839 4321 953 4375; x_wconf 85' lang='lat' dir='ltr'><strong>sive</strong></span> <span class='ocrx_word' id='word_1_343' title='bbox 983 4322 1239 4391; x_wconf 78' lang='lat' dir='ltr'><strong>potentia:</strong></span> <span class='ocrx_word' id='word_1_344' title='bbox 1277 4338 1481 4388; x_wconf 90' lang='lat' dir='ltr'><strong>amore,</strong></span> <span class='ocrx_word' id='word_1_345' title='bbox 1511 4324 1580 4379; x_wconf 89' lang='lat' dir='ltr'><strong>ab</strong></span> <span class='ocrx_word' id='word_1_346' title='bbox 1602 4325 1796 4381; x_wconf 89' lang='lat' dir='ltr'><strong>iisdem</strong></span> <span class='ocrx_word' id='word_1_347' title='bbox 1836 4327 1970 4381; x_wconf 86' lang='lat' dir='ltr'><strong>ado-</strong></span> 
     </span>
    </p>
   </div>
   <div class='ocr_carea' id='block_1_47' title="bbox 388 4410 1969 4486">
    <p class='ocr_par' dir='ltr' id='par_1_47' title="bbox 388 4410 1969 4486">
     <span class='ocr_line' id='line_1_47' title="bbox 388 4410 1969 4486; baseline 0.004 -23"><span class='ocrx_word' id='word_1_348' title='bbox 388 4410 577 4465; x_wconf 89' lang='lat' dir='ltr'><strong>randis</strong></span> <span class='ocrx_word' id='word_1_349' title='bbox 614 4411 994 4481; x_wconf 89' lang='lat' dir='ltr'><strong>pusillanimes</strong></span> <span class='ocrx_word' id='word_1_350' title='bbox 1020 4412 1406 4468; x_wconf 86' lang='lat' dir='ltr'><strong>dehortantur.</strong></span> <span class='ocrx_word' id='word_1_351' title='bbox 1450 4412 1562 4486; x_wconf 87' lang='lat' dir='ltr'><strong>Ego</strong></span> <span class='ocrx_word' id='word_1_352' title='bbox 1585 4431 1714 4470; x_wconf 90' lang='lat' dir='ltr'><strong>vero</strong></span> <span class='ocrx_word' id='word_1_353' title='bbox 1754 4425 1815 4470; x_wconf 94' lang='lat' dir='ltr'><strong>ut</strong></span> <span class='ocrx_word' id='word_1_354' title='bbox 1840 4432 1969 4472; x_wconf 83' lang='lat' dir='ltr'><strong>sen-</strong></span> 
     </span>
    </p>
   </div>
   <div class='ocr_carea' id='block_1_48' title="bbox 2068 538 3639 620">
    <p class='ocr_par' dir='ltr' id='par_1_48' title="bbox 2068 538 3639 620">
     <span class='ocr_line' id='line_1_48' title="bbox 2068 538 3639 620; baseline -0.01 -16"><span class='ocrx_word' id='word_1_355' title='bbox 2068 551 2437 620; x_wconf 88' lang='lat' dir='ltr'><strong>Archetypum</strong></span> <span class='ocrx_word' id='word_1_356' title='bbox 2469 546 2639 601; x_wconf 86' lang='lat' dir='ltr'><strong>lilium</strong></span> <span class='ocrx_word' id='word_1_357' title='bbox 2672 559 2855 607; x_wconf 87' lang='lat' dir='ltr'><strong>suum,</strong></span> <span class='ocrx_word' id='word_1_358' title='bbox 2892 556 3058 611; x_wconf 90' lang='lat' dir='ltr'><strong>quem</strong></span> <span class='ocrx_word' id='word_1_359' title='bbox 3096 539 3382 593; x_wconf 78' lang='lat' dir='ltr'><strong>habuerat</strong></span> <span class='ocrx_word' id='word_1_360' title='bbox 3407 553 3476 590; x_wconf 74' lang='lat' dir='ltr'><strong>ex</strong></span> <span class='ocrx_word' id='word_1_361' title='bbox 3511 538 3639 590; x_wconf 70' lang='lat' dir='ltr'><strong>adul-</strong></span> 
     </span>
    </p>
   </div>
   <div class='ocr_carea' id='block_1_49' title="bbox 2069 628 3643 709">
    <p class='ocr_par' dir='ltr' id='par_1_49' title="bbox 2069 628 3643 709">
     <span class='ocr_line' id='line_1_49' title="bbox 2069 628 3643 709; baseline -0.011 -11"><span class='ocrx_word' id='word_1_362' title='bbox 2069 644 2208 699; x_wconf 91' lang='lat' dir='ltr'><strong>terio</strong></span> <span class='ocrx_word' id='word_1_363' title='bbox 2238 657 2363 696; x_wconf 92' lang='lat' dir='ltr'><strong>cum</strong></span> <span class='ocrx_word' id='word_1_364' title='bbox 2402 639 2695 709; x_wconf 76' lang='lat' dir='ltr'><strong>llepluesto</strong></span> <span class='ocrx_word' id='word_1_365' title='bbox 2742 636 2924 702; x_wconf 82' lang='lat' dir='ltr'><strong>fabro,</strong></span> <span class='ocrx_word' id='word_1_366' title='bbox 2967 633 3081 687; x_wconf 82' lang='lat' dir='ltr'><strong>tilio</strong></span> <span class='ocrx_word' id='word_1_367' title='bbox 3108 628 3311 685; x_wconf 74' lang='lat' dir='ltr'><strong>uxoris</strong></span> <span class='ocrx_word' id='word_1_368' title='bbox 3344 629 3528 698; x_wconf 80' lang='lat' dir='ltr'><strong>patris</strong></span> <span class='ocrx_word' id='word_1_369' title='bbox 3558 632 3643 683; x_wconf 64' lang='lat' dir='ltr'><strong>mi.</strong></span> 
     </span>
    </p>
   </div>
   <div class='ocr_carea' id='block_1_50' title="bbox 2070 720 3650 801">
    <p class='ocr_par' dir='ltr' id='par_1_50' title="bbox 2070 720 3650 801">
     <span class='ocr_line' id='line_1_50' title="bbox 2070 720 3650 801; baseline -0.008 -12"><span class='ocrx_word' id='word_1_370' title='bbox 2070 735 2132 789; x_wconf 86' lang='lat' dir='ltr'><strong>Et</strong></span> <span class='ocrx_word' id='word_1_371' title='bbox 2168 734 2317 789; x_wconf 91' lang='lat' dir='ltr'><strong>omni</strong></span> <span class='ocrx_word' id='word_1_372' title='bbox 2351 741 2595 801; x_wconf 90' lang='lat' dir='ltr'><strong>tempore</strong></span> <span class='ocrx_word' id='word_1_373' title='bbox 2618 729 2936 785; x_wconf 89' lang='lat' dir='ltr'><strong>societatem</strong></span> <span class='ocrx_word' id='word_1_374' title='bbox 2970 724 3215 780; x_wconf 86' lang='lat' dir='ltr'><strong>habebat</strong></span> <span class='ocrx_word' id='word_1_375' title='bbox 3243 738 3379 777; x_wconf 87' lang='lat' dir='ltr'><strong>cum</strong></span> <span class='ocrx_word' id='word_1_376' title='bbox 3418 720 3650 777; x_wconf 66' lang='lat' dir='ltr'><strong>Hercule.</strong></span> 
     </span>
    </p>
   </div>
   <div class='ocr_carea' id='block_1_51' title="bbox 2069 814 3727 898">
    <p class='ocr_par' dir='ltr' id='par_1_51' title="bbox 2069 814 3727 898">
     <span class='ocr_line' id='line_1_51' title="bbox 2069 814 3727 898; baseline -0.008 -18"><span class='ocrx_word' id='word_1_377' title='bbox 2069 829 2199 898; x_wconf 84' lang='lat' dir='ltr'><strong>quia</strong></span> <span class='ocrx_word' id='word_1_378' title='bbox 2254 826 2423 880; x_wconf 79' lang='lat' dir='ltr'><strong>frater</strong></span> <span class='ocrx_word' id='word_1_379' title='bbox 2446 825 2565 894; x_wconf 84' lang='lat' dir='ltr'><strong>ejus</strong></span> <span class='ocrx_word' id='word_1_380' title='bbox 2596 830 2715 877; x_wconf 88' lang='lat' dir='ltr'><strong>erat</strong></span> <span class='ocrx_word' id='word_1_381' title='bbox 2746 836 2812 877; x_wconf 81' lang='lat' dir='ltr'><strong>ex</strong></span> <span class='ocrx_word' id='word_1_382' title='bbox 2840 829 2995 891; x_wconf 89' lang='lat' dir='ltr'><strong>patre</strong></span> <span class='ocrx_word' id='word_1_383' title='bbox 3028 833 3153 872; x_wconf 89' lang='lat' dir='ltr'><strong>suo.</strong></span> <span class='ocrx_word' id='word_1_384' title='bbox 3187 815 3343 869; x_wconf 80' lang='lat' dir='ltr'><strong>Zeus</strong></span> <span class='ocrx_word' id='word_1_385' title='bbox 3374 814 3528 867; x_wconf 86' lang='lat' dir='ltr'><strong>enim</strong></span> <span class='ocrx_word' id='word_1_386' title='bbox 3576 829 3652 866; x_wconf 74' lang='lat' dir='ltr'><strong>rex</strong></span> <span class='ocrx_word' id='word_1_387' title='bbox 3726 816 3727 867; x_wconf 78' lang='lat' dir='ltr'><strong>l</strong></span> 
     </span>
    </p>
   </div>
   <div class='ocr_carea' id='block_1_52' title="bbox 2070 910 3651 976">
    <p class='ocr_par' dir='ltr' id='par_1_52' title="bbox 2070 910 3651 976">
     <span class='ocr_line' id='line_1_52' title="bbox 2070 910 3651 976; baseline -0.008 -2"><span class='ocrx_word' id='word_1_388' title='bbox 2070 920 2273 974; x_wconf 85' lang='lat' dir='ltr'><strong>amavit</strong></span> <span class='ocrx_word' id='word_1_389' title='bbox 2325 918 2684 972; x_wconf 85' lang='lat' dir='ltr'><strong>Alcumenam</strong></span> <span class='ocrx_word' id='word_1_390' title='bbox 2725 928 2952 969; x_wconf 78' lang='lat' dir='ltr'><strong>uxorem</strong></span> <span class='ocrx_word' id='word_1_391' title='bbox 2998 910 3333 966; x_wconf 86' lang='lat' dir='ltr'><strong>Alcumenis</strong></span> <span class='ocrx_word' id='word_1_392' title='bbox 3374 923 3450 963; x_wconf 78' lang='lat' dir='ltr'><strong>ex</strong></span> <span class='ocrx_word' id='word_1_393' title='bbox 3496 910 3651 976; x_wconf 69' lang='lat' dir='ltr'><strong>Argo.</strong></span> 
     </span>
    </p>
   </div>
   <div class='ocr_carea' id='block_1_53' title="bbox 2069 999 3654 1081">
    <p class='ocr_par' dir='ltr' id='par_1_53' title="bbox 2069 999 3654 1081">
     <span class='ocr_line' id='line_1_53' title="bbox 2069 999 3654 1081; baseline -0.008 -15"><span class='ocrx_word' id='word_1_394' title='bbox 2069 1022 2123 1067; x_wconf 93' lang='lat' dir='ltr'><strong>et</strong></span> <span class='ocrx_word' id='word_1_395' title='bbox 2159 1011 2347 1081; x_wconf 84' lang='lat' dir='ltr'><strong>genuit</strong></span> <span class='ocrx_word' id='word_1_396' title='bbox 2381 1005 3112 1064; x_wconf 74' lang='lat' dir='ltr'><strong>Herculem.&#39;Adoraverunt</strong></span> <span class='ocrx_word' id='word_1_397' title='bbox 3142 1002 3465 1056; x_wconf 77' lang='lat' dir='ltr'><strong>Phoenices</strong></span> <span class='ocrx_word' id='word_1_398' title='bbox 3499 999 3654 1053; x_wconf 66' lang='lat' dir='ltr'><strong>Vesae-</strong></span> 
     </span>
    </p>
   </div>
   <div class='ocr_carea' id='block_1_54' title="bbox 2070 1094 3651 1172">
    <p class='ocr_par' dir='ltr' id='par_1_54' title="bbox 2070 1094 3651 1172">
     <span class='ocr_line' id='line_1_54' title="bbox 2070 1094 3651 1172; baseline -0.009 -14"><span class='ocrx_word' id='word_1_399' title='bbox 2070 1119 2210 1167; x_wconf 91' lang='lat' dir='ltr'><strong>rem,</strong></span> <span class='ocrx_word' id='word_1_400' title='bbox 2243 1103 2487 1172; x_wconf 84' lang='lat' dir='ltr'><strong>reginam</strong></span> <span class='ocrx_word' id='word_1_401' title='bbox 2518 1100 2723 1172; x_wconf 81' lang='lat' dir='ltr'><strong>Cypri,</strong></span> <span class='ocrx_word' id='word_1_402' title='bbox 2752 1098 2882 1169; x_wconf 89' lang='lat' dir='ltr'><strong>quia</strong></span> <span class='ocrx_word' id='word_1_403' title='bbox 2914 1097 3120 1151; x_wconf 88' lang='lat' dir='ltr'><strong>amavit</strong></span> <span class='ocrx_word' id='word_1_404' title='bbox 3154 1095 3487 1149; x_wconf 76' lang='lat' dir='ltr'><strong>Adonidem</strong></span> <span class='ocrx_word' id='word_1_405' title='bbox 3508 1094 3651 1147; x_wconf 75' lang='lat' dir='ltr'><strong>ﬁliam</strong></span> 
     </span>
    </p>
   </div>
   <div class='ocr_carea' id='block_1_55' title="bbox 2069 1190 3653 1267">
    <p class='ocr_par' dir='ltr' id='par_1_55' title="bbox 2069 1190 3653 1267">
     <span class='ocr_line' id='line_1_55' title="bbox 2069 1190 3653 1267; baseline -0.006 -18"><span class='ocrx_word' id='word_1_406' title='bbox 2069 1196 2314 1267; x_wconf 76' lang='lat' dir='ltr'><strong>Cytheri,</strong></span> <span class='ocrx_word' id='word_1_407' title='bbox 2348 1195 2489 1265; x_wconf 87' lang='lat' dir='ltr'><strong>regis</strong></span> <span class='ocrx_word' id='word_1_408' title='bbox 2528 1192 2887 1257; x_wconf 60' lang='lat' dir='ltr'><strong>Phoenicum;</strong></span> <span class='ocrx_word' id='word_1_409' title='bbox 2926 1205 3072 1260; x_wconf 74' lang='lat' dir='ltr'><strong>quae,</strong></span> <span class='ocrx_word' id='word_1_410' title='bbox 3113 1190 3319 1242; x_wconf 85' lang='lat' dir='ltr'><strong>relicto</strong></span> <span class='ocrx_word' id='word_1_411' title='bbox 3344 1203 3523 1257; x_wconf 79' lang='lat' dir='ltr'><strong>regno</strong></span> <span class='ocrx_word' id='word_1_412' title='bbox 3543 1202 3653 1241; x_wconf 76' lang='lat' dir='ltr'><strong>suo.</strong></span> 
     </span>
    </p>
   </div>
   <div class='ocr_carea' id='block_1_56' title="bbox 2071 1277 3658 1341">
    <p class='ocr_par' dir='ltr' id='par_1_56' title="bbox 2071 1277 3658 1341">
     <span class='ocr_line' id='line_1_56' title="bbox 2071 1277 3658 1341; baseline -0.008 -2"><span class='ocrx_word' id='word_1_413' title='bbox 2071 1286 2339 1339; x_wconf 84' lang='lat' dir='ltr'><strong>habitavit</strong></span> <span class='ocrx_word' id='word_1_414' title='bbox 2392 1284 2653 1339; x_wconf 87' lang='lat' dir='ltr'><strong>Gabalam</strong></span> <span class='ocrx_word' id='word_1_415' title='bbox 2711 1297 2899 1336; x_wconf 89' lang='lat' dir='ltr'><strong>arcem</strong></span> <span class='ocrx_word' id='word_1_416' title='bbox 2968 1277 3361 1341; x_wconf 74' lang='lat' dir='ltr'><strong>thnicum,</strong></span> <span class='ocrx_word' id='word_1_417' title='bbox 3408 1288 3469 1331; x_wconf 87' lang='lat' dir='ltr'><strong>et</strong></span> <span class='ocrx_word' id='word_1_418' title='bbox 3523 1278 3658 1329; x_wconf 68' lang='lat' dir='ltr'><strong>siuei</strong></span> 
     </span>
    </p>
   </div>
   <div class='ocr_carea' id='block_1_57' title="bbox 2072 1372 3660 1446">
    <p class='ocr_par' dir='ltr' id='par_1_57' title="bbox 2072 1372 3660 1446">
     <span class='ocr_line' id='line_1_57' title="bbox 2072 1372 3660 1446; baseline -0.005 -15"><span class='ocrx_word' id='word_1_419' title='bbox 2072 1376 2531 1446; x_wconf 71' lang='lat' dir='ltr'><strong>subjecit&#39;omnia</strong></span> <span class='ocrx_word' id='word_1_420' title='bbox 2590 1375 2787 1445; x_wconf 87' lang='lat' dir='ltr'><strong>oppida</strong></span> <span class='ocrx_word' id='word_1_421' title='bbox 2842 1390 2941 1430; x_wconf 92' lang='lat' dir='ltr'><strong>sua</strong></span> <span class='ocrx_word' id='word_1_422' title='bbox 2999 1373 3257 1444; x_wconf 75' lang='lat' dir='ltr'><strong>Cythera</strong></span> <span class='ocrx_word' id='word_1_423' title='bbox 3342 1373 3492 1441; x_wconf 78' lang='lat' dir='ltr'><strong>regi.</strong></span> <span class='ocrx_word' id='word_1_424' title='bbox 3551 1372 3660 1423; x_wconf 71' lang='lat' dir='ltr'><strong>Ante</strong></span> 
     </span>
    </p>
   </div>
   <div class='ocr_carea' id='block_1_58' title="bbox 2034 1462 3661 1534">
    <p class='ocr_par' dir='ltr' id='par_1_58' title="bbox 2034 1462 3661 1534">
     <span class='ocr_line' id='line_1_58' title="bbox 2034 1462 3661 1534; baseline -0.004 -12"><span class='ocrx_word' id='word_1_425' title='bbox 2034 1503 2042 1514; x_wconf 73' lang='grc' dir='ltr'>ι</span> <span class='ocrx_word' id='word_1_426' title='bbox 2072 1468 2375 1523; x_wconf 80' lang='lat' dir='ltr'><strong>Adonidem</strong></span> <span class='ocrx_word' id='word_1_427' title='bbox 2412 1484 2544 1523; x_wconf 90' lang='lat' dir='ltr'><strong>vero</strong></span> <span class='ocrx_word' id='word_1_428' title='bbox 2587 1468 2793 1522; x_wconf 87' lang='lat' dir='ltr'><strong>amavit</strong></span> <span class='ocrx_word' id='word_1_429' title='bbox 2828 1466 3015 1530; x_wconf 85' lang='lat' dir='ltr'><strong>Arem,</strong></span> <span class='ocrx_word' id='word_1_430' title='bbox 3062 1472 3119 1519; x_wconf 89' lang='lat' dir='ltr'><strong>et</strong></span> <span class='ocrx_word' id='word_1_431' title='bbox 3156 1462 3549 1534; x_wconf 84' lang='lat' dir='ltr'><strong>deprehendit</strong></span> <span class='ocrx_word' id='word_1_432' title='bbox 3568 1479 3661 1515; x_wconf 65' lang='lat' dir='ltr'><strong>eam</strong></span> 
     </span>
    </p>
   </div>
   <div class='ocr_carea' id='block_1_59' title="bbox 2073 1556 3661 1632">
    <p class='ocr_par' dir='ltr' id='par_1_59' title="bbox 2073 1556 3661 1632">
     <span class='ocr_line' id='line_1_59' title="bbox 2073 1556 3661 1632; baseline -0.006 -17"><span class='ocrx_word' id='word_1_433' title='bbox 2073 1561 2399 1632; x_wconf 75' lang='lat' dir='ltr'><strong>Hephzestus</strong></span> <span class='ocrx_word' id='word_1_434' title='bbox 2450 1561 2681 1616; x_wconf 89' lang='lat' dir='ltr'><strong>maritus</strong></span> <span class='ocrx_word' id='word_1_435' title='bbox 2737 1560 2893 1628; x_wconf 87' lang='lat' dir='ltr'><strong>ejus,</strong></span> <span class='ocrx_word' id='word_1_436' title='bbox 2936 1567 2991 1613; x_wconf 91' lang='lat' dir='ltr'><strong>et</strong></span> <span class='ocrx_word' id='word_1_437' title='bbox 3032 1558 3250 1613; x_wconf 89' lang='lat' dir='ltr'><strong>occidit</strong></span> <span class='ocrx_word' id='word_1_438' title='bbox 3286 1556 3661 1610; x_wconf 70' lang='lat' dir='ltr'><strong>Adonidemi;</strong></span> 
     </span>
    </p>
   </div>
   <div class='ocr_carea' id='block_1_60' title="bbox 2073 1649 3661 1724">
    <p class='ocr_par' dir='ltr' id='par_1_60' title="bbox 2073 1649 3661 1724">
     <span class='ocr_line' id='line_1_60' title="bbox 2073 1649 3661 1724; baseline -0.005 -16"><span class='ocrx_word' id='word_1_439' title='bbox 2073 1663 2260 1709; x_wconf 90' lang='lat' dir='ltr'><strong>monte</strong></span> <span class='ocrx_word' id='word_1_440' title='bbox 2322 1652 2553 1717; x_wconf 88' lang='lat' dir='ltr'><strong>Libano,</strong></span> <span class='ocrx_word' id='word_1_441' title='bbox 2610 1652 2868 1724; x_wconf 84' lang='lat' dir='ltr'><strong>Cyniram</strong></span> <span class='ocrx_word' id='word_1_442' title='bbox 2929 1666 3059 1705; x_wconf 87' lang='lat' dir='ltr'><strong>vero</strong></span> <span class='ocrx_word' id='word_1_443' title='bbox 3108 1650 3289 1704; x_wconf 85' lang='lat' dir='ltr'><strong>vertit</strong></span> <span class='ocrx_word' id='word_1_444' title='bbox 3350 1649 3416 1703; x_wconf 88' lang='lat' dir='ltr'><strong>in</strong></span> <span class='ocrx_word' id='word_1_445' title='bbox 3479 1663 3661 1717; x_wconf 62' lang='lat' dir='ltr'><strong>aprum</strong></span> 
     </span>
    </p>
   </div>
   <div class='ocr_carea' id='block_1_61' title="bbox 2077 1740 3659 1801">
    <p class='ocr_par' dir='ltr' id='par_1_61' title="bbox 2077 1740 3659 1801">
     <span class='ocr_line' id='line_1_61' title="bbox 2077 1740 3659 1801; baseline -0.004 -2"><span class='ocrx_word' id='word_1_446' title='bbox 2077 1745 2273 1801; x_wconf 86' lang='lat' dir='ltr'><strong>Postea</strong></span> <span class='ocrx_word' id='word_1_447' title='bbox 2321 1746 2526 1801; x_wconf 82' lang='lat' dir='ltr'><strong>mansit</strong></span> <span class='ocrx_word' id='word_1_448' title='bbox 2574 1744 2760 1801; x_wconf 87' lang='lat' dir='ltr'><strong>Venus</strong></span> <span class='ocrx_word' id='word_1_449' title='bbox 2815 1745 2870 1799; x_wconf 92' lang='lat' dir='ltr'><strong>in</strong></span> <span class='ocrx_word' id='word_1_450' title='bbox 2902 1740 3105 1799; x_wconf 80' lang='lat' dir='ltr'><strong>Gabala</strong></span> <span class='ocrx_word' id='word_1_451' title='bbox 3156 1752 3215 1798; x_wconf 91' lang='lat' dir='ltr'><strong>et</strong></span> <span class='ocrx_word' id='word_1_452' title='bbox 3252 1752 3496 1797; x_wconf 84' lang='lat' dir='ltr'><strong>mortua</strong></span> <span class='ocrx_word' id='word_1_453' title='bbox 3519 1753 3595 1796; x_wconf 85' lang='lat' dir='ltr'><strong>est</strong></span> <span class='ocrx_word' id='word_1_454' title='bbox 3626 1744 3659 1791; x_wconf 66' lang='lat' dir='ltr'><strong>in</strong></span> 
     </span>
    </p>
   </div>
   <div class='ocr_carea' id='block_1_62' title="bbox 2074 1834 3662 1909">
    <p class='ocr_par' dir='ltr' id='par_1_62' title="bbox 2074 1834 3662 1909">
     <span class='ocr_line' id='line_1_62' title="bbox 2074 1834 3662 1909; baseline -0.003 -18"><span class='ocrx_word' id='word_1_455' title='bbox 2074 1838 2297 1894; x_wconf 88' lang='lat' dir='ltr'><strong>civitate</strong></span> <span class='ocrx_word' id='word_1_456' title='bbox 2330 1838 2574 1909; x_wconf 84' lang='lat' dir='ltr'><strong>Aphaca,</strong></span> <span class='ocrx_word' id='word_1_457' title='bbox 2608 1838 2699 1892; x_wconf 89' lang='lat' dir='ltr'><strong>ubi</strong></span> <span class='ocrx_word' id='word_1_458' title='bbox 2732 1838 2978 1907; x_wconf 85' lang='lat' dir='ltr'><strong>sepultus</strong></span> <span class='ocrx_word' id='word_1_459' title='bbox 2999 1846 3086 1892; x_wconf 87' lang='lat' dir='ltr'><strong>est</strong></span> <span class='ocrx_word' id='word_1_460' title='bbox 3110 1836 3377 1891; x_wconf 81' lang='lat' dir='ltr'><strong>Adonis.</strong></span> <span class='ocrx_word' id='word_1_461' title='bbox 3416 1834 3662 1888; x_wconf 64' lang='lat' dir='ltr'><strong>Aderan-</strong></span> 
     </span>
    </p>
   </div>
   <div class='ocr_carea' id='block_1_63' title="bbox 2073 1925 3659 1997">
    <p class='ocr_par' dir='ltr' id='par_1_63' title="bbox 2073 1925 3659 1997">
     <span class='ocr_line' id='line_1_63' title="bbox 2073 1925 3659 1997; baseline -0.004 -16"><span class='ocrx_word' id='word_1_462' title='bbox 2073 1938 2202 1983; x_wconf 90' lang='lat' dir='ltr'><strong>runt</strong></span> <span class='ocrx_word' id='word_1_463' title='bbox 2248 1928 2499 1983; x_wconf 70' lang='lat' dir='ltr'><strong>Elamilaz</strong></span> <span class='ocrx_word' id='word_1_464' title='bbox 2546 1927 2681 1994; x_wconf 87' lang='lat' dir='ltr'><strong>Noe,</strong></span> <span class='ocrx_word' id='word_1_465' title='bbox 2732 1928 2901 1981; x_wconf 66' lang='lat' dir='ltr'><strong>tiliam</strong></span> <span class='ocrx_word' id='word_1_466' title='bbox 2951 1927 3097 1997; x_wconf 89' lang='lat' dir='ltr'><strong>regis</strong></span> <span class='ocrx_word' id='word_1_467' title='bbox 3132 1925 3359 1993; x_wconf 84' lang='lat' dir='ltr'><strong>Elam;</strong></span> <span class='ocrx_word' id='word_1_468' title='bbox 3406 1940 3535 1995; x_wconf 71' lang='lat' dir='ltr'><strong>qua:</strong></span> <span class='ocrx_word' id='word_1_469' title='bbox 3568 1940 3659 1977; x_wconf 75' lang='lat' dir='ltr'><strong>cum</strong></span> 
     </span>
    </p>
   </div>
   <div class='ocr_carea' id='block_1_64' title="bbox 2074 2016 3663 2092">
    <p class='ocr_par' dir='ltr' id='par_1_64' title="bbox 2074 2016 3663 2092">
     <span class='ocr_line' id='line_1_64' title="bbox 2074 2016 3663 2092; baseline -0.004 -17"><span class='ocrx_word' id='word_1_470' title='bbox 2074 2022 2287 2092; x_wconf 90' lang='lat' dir='ltr'><strong>captiva</strong></span> <span class='ocrx_word' id='word_1_471' title='bbox 2332 2022 2404 2076; x_wconf 88' lang='lat' dir='ltr'><strong>ab</strong></span> <span class='ocrx_word' id='word_1_472' title='bbox 2435 2022 2684 2077; x_wconf 86' lang='lat' dir='ltr'><strong>hostibus</strong></span> <span class='ocrx_word' id='word_1_473' title='bbox 2707 2021 2871 2075; x_wconf 91' lang='lat' dir='ltr'><strong>ducta</strong></span> <span class='ocrx_word' id='word_1_474' title='bbox 2902 2030 3070 2085; x_wconf 89' lang='lat' dir='ltr'><strong>esset,</strong></span> <span class='ocrx_word' id='word_1_475' title='bbox 3105 2018 3257 2073; x_wconf 84' lang='lat' dir='ltr'><strong>fecit</strong></span> <span class='ocrx_word' id='word_1_476' title='bbox 3289 2018 3349 2071; x_wconf 87' lang='lat' dir='ltr'><strong>ei</strong></span> <span class='ocrx_word' id='word_1_477' title='bbox 3400 2027 3558 2087; x_wconf 82' lang='lat' dir='ltr'><strong>pater</strong></span> <span class='ocrx_word' id='word_1_478' title='bbox 3577 2016 3663 2068; x_wconf 58' lang='lat' dir='ltr'><strong>idi-</strong></span> 
     </span>
    </p>
   </div>
   <div class='ocr_carea' id='block_1_65' title="bbox 2075 2112 3659 2184">
    <p class='ocr_par' dir='ltr' id='par_1_65' title="bbox 2075 2112 3659 2184">
     <span class='ocr_line' id='line_1_65' title="bbox 2075 2112 3659 2184; baseline -0.004 -15"><span class='ocrx_word' id='word_1_479' title='bbox 2075 2115 2187 2169; x_wconf 92' lang='lat' dir='ltr'><strong>lum</strong></span> <span class='ocrx_word' id='word_1_480' title='bbox 2222 2124 2276 2169; x_wconf 91' lang='lat' dir='ltr'><strong>et</strong></span> <span class='ocrx_word' id='word_1_481' title='bbox 2309 2115 2571 2184; x_wconf 88' lang='lat' dir='ltr'><strong>templum</strong></span> <span class='ocrx_word' id='word_1_482' title='bbox 2605 2112 2786 2179; x_wconf 88' lang='lat' dir='ltr'><strong>Susis,</strong></span> <span class='ocrx_word' id='word_1_483' title='bbox 2818 2114 2874 2168; x_wconf 92' lang='lat' dir='ltr'><strong>in</strong></span> <span class='ocrx_word' id='word_1_484' title='bbox 2906 2129 3031 2168; x_wconf 88' lang='lat' dir='ltr'><strong>arce</strong></span> <span class='ocrx_word' id='word_1_485' title='bbox 3068 2127 3205 2182; x_wconf 67' lang='lat' dir='ltr'><strong>quae</strong></span> <span class='ocrx_word' id='word_1_486' title='bbox 3243 2121 3346 2167; x_wconf 82' lang='lat' dir='ltr'><strong>est</strong></span> <span class='ocrx_word' id='word_1_487' title='bbox 3380 2113 3440 2165; x_wconf 91' lang='lat' dir='ltr'><strong>in</strong></span> <span class='ocrx_word' id='word_1_488' title='bbox 3470 2112 3659 2179; x_wconf 71' lang='lat' dir='ltr'><strong>regione</strong></span> 
     </span>
    </p>
   </div>
   <div class='ocr_carea' id='block_1_66' title="bbox 2074 2204 3664 2277">
    <p class='ocr_par' dir='ltr' id='par_1_66' title="bbox 2074 2204 3664 2277">
     <span class='ocr_line' id='line_1_66' title="bbox 2074 2204 3664 2277; baseline -0.004 -17"><span class='ocrx_word' id='word_1_489' title='bbox 2074 2206 2247 2260; x_wconf 86' lang='lat' dir='ltr'><strong>Elam.</strong></span> <span class='ocrx_word' id='word_1_490' title='bbox 2274 2206 2657 2262; x_wconf 81' lang='lat' dir='ltr'><strong>Adoraverunt</strong></span> <span class='ocrx_word' id='word_1_491' title='bbox 2683 2204 2804 2277; x_wconf 88' lang='lat' dir='ltr'><strong>Syri</strong></span> <span class='ocrx_word' id='word_1_492' title='bbox 2828 2206 2915 2260; x_wconf 86' lang='lat' dir='ltr'><strong>Ali</strong></span> <span class='ocrx_word' id='word_1_493' title='bbox 2947 2206 3376 2267; x_wconf 87' lang='lat' dir='ltr'><strong>Adiabensem,</strong></span> <span class='ocrx_word' id='word_1_494' title='bbox 3403 2220 3528 2274; x_wconf 55' lang='lat' dir='ltr'><strong>qua</strong></span> <span class='ocrx_word' id='word_1_495' title='bbox 3549 2205 3664 2255; x_wconf 61' lang='lat' dir='ltr'><strong>misit</strong></span> 
     </span>
    </p>
   </div>
   <div class='ocr_carea' id='block_1_67' title="bbox 2078 2296 3659 2366">
    <p class='ocr_par' dir='ltr' id='par_1_67' title="bbox 2078 2296 3659 2366">
     <span class='ocr_line' id='line_1_67' title="bbox 2078 2296 3659 2366; baseline -0.001 -15"><span class='ocrx_word' id='word_1_496' title='bbox 2078 2299 2245 2353; x_wconf 86' lang='lat' dir='ltr'><strong>ﬁliam</strong></span> <span class='ocrx_word' id='word_1_497' title='bbox 2279 2298 2435 2353; x_wconf 88' lang='lat' dir='ltr'><strong>Balat</strong></span> <span class='ocrx_word' id='word_1_498' title='bbox 2484 2299 2777 2366; x_wconf 90' lang='lat' dir='ltr'><strong>medicam,</strong></span> <span class='ocrx_word' id='word_1_499' title='bbox 2815 2308 2869 2353; x_wconf 92' lang='lat' dir='ltr'><strong>et</strong></span> <span class='ocrx_word' id='word_1_500' title='bbox 2898 2299 3014 2352; x_wconf 60' lang='lat' dir='ltr'><strong>haec</strong></span> <span class='ocrx_word' id='word_1_501' title='bbox 3046 2298 3286 2352; x_wconf 83' lang='lat' dir='ltr'><strong>sanavit</strong></span> <span class='ocrx_word' id='word_1_502' title='bbox 3344 2297 3502 2351; x_wconf 89' lang='lat' dir='ltr'><strong>Sime</strong></span> <span class='ocrx_word' id='word_1_503' title='bbox 3529 2296 3659 2349; x_wconf 78' lang='lat' dir='ltr'><strong>ﬁlim</strong></span> 
     </span>
    </p>
   </div>
   <div class='ocr_carea' id='block_1_68' title="bbox 2076 2390 3658 2464">
    <p class='ocr_par' dir='ltr' id='par_1_68' title="bbox 2076 2390 3658 2464">
     <span class='ocr_line' id='line_1_68' title="bbox 2076 2390 3658 2464; baseline -0.002 -20"><span class='ocrx_word' id='word_1_504' title='bbox 2076 2390 2283 2447; x_wconf 84' lang='lat' dir='ltr'><strong>Hadadi</strong></span> <span class='ocrx_word' id='word_1_505' title='bbox 2317 2392 2463 2464; x_wconf 87' lang='lat' dir='ltr'><strong>regis</strong></span> <span class='ocrx_word' id='word_1_506' title='bbox 2509 2392 2714 2464; x_wconf 69' lang='lat' dir='ltr'><strong>Syriae;</strong></span> <span class='ocrx_word' id='word_1_507' title='bbox 2747 2402 2800 2447; x_wconf 91' lang='lat' dir='ltr'><strong>et</strong></span> <span class='ocrx_word' id='word_1_508' title='bbox 2826 2403 2949 2463; x_wconf 88' lang='lat' dir='ltr'><strong>post</strong></span> <span class='ocrx_word' id='word_1_509' title='bbox 2990 2392 3273 2462; x_wconf 88' lang='lat' dir='ltr'><strong>temporis</strong></span> <span class='ocrx_word' id='word_1_510' title='bbox 3318 2390 3658 2451; x_wconf 73' lang='lat' dir='ltr'><strong>intervallum,</strong></span> 
     </span>
    </p>
   </div>
   <div class='ocr_carea' id='block_1_69' title="bbox 2075 2480 3660 2557">
    <p class='ocr_par' dir='ltr' id='par_1_69' title="bbox 2075 2480 3660 2557">
     <span class='ocr_line' id='line_1_69' title="bbox 2075 2480 3660 2557; baseline -0.004 -17"><span class='ocrx_word' id='word_1_511' title='bbox 2075 2502 2197 2540; x_wconf 90' lang='lat' dir='ltr'><strong>cum</strong></span> <span class='ocrx_word' id='word_1_512' title='bbox 2228 2487 2374 2556; x_wconf 88' lang='lat' dir='ltr'><strong>lepra</strong></span> <span class='ocrx_word' id='word_1_513' title='bbox 2406 2496 2693 2557; x_wconf 89' lang='lat' dir='ltr'><strong>correptus</strong></span> <span class='ocrx_word' id='word_1_514' title='bbox 2729 2485 2924 2541; x_wconf 84' lang='lat' dir='ltr'><strong>fuisset</strong></span> <span class='ocrx_word' id='word_1_515' title='bbox 2965 2483 3186 2549; x_wconf 83' lang='lat' dir='ltr'><strong>Hadad,</strong></span> <span class='ocrx_word' id='word_1_516' title='bbox 3216 2485 3457 2556; x_wconf 77' lang='lat' dir='ltr'><strong>rogavit</strong></span> <span class='ocrx_word' id='word_1_517' title='bbox 3480 2484 3558 2537; x_wconf 68' lang='grc' dir='ltr'><strong>Διὶ</strong></span> <span class='ocrx_word' id='word_1_518' title='bbox 3580 2480 3660 2533; x_wconf 68' lang='lat' dir='ltr'><strong>Eii-</strong></span> 
     </span>
    </p>
   </div>
   <div class='ocr_carea' id='block_1_70' title="bbox 2075 2576 3657 2649">
    <p class='ocr_par' dir='ltr' id='par_1_70' title="bbox 2075 2576 3657 2649">
     <span class='ocr_line' id='line_1_70' title="bbox 2075 2576 3657 2649; baseline -0.006 -14"><span class='ocrx_word' id='word_1_519' title='bbox 2075 2595 2230 2635; x_wconf 89' lang='lat' dir='ltr'><strong>seum</strong></span> <span class='ocrx_word' id='word_1_520' title='bbox 2264 2577 2553 2634; x_wconf 65' lang='lat' dir='ltr'><strong>Hebraeum</strong></span> <span class='ocrx_word' id='word_1_521' title='bbox 2582 2579 2675 2649; x_wconf 91' lang='lat' dir='ltr'><strong>qui</strong></span> <span class='ocrx_word' id='word_1_522' title='bbox 2698 2578 2845 2633; x_wconf 89' lang='lat' dir='ltr'><strong>venit</strong></span> <span class='ocrx_word' id='word_1_523' title='bbox 2880 2587 2935 2633; x_wconf 89' lang='lat' dir='ltr'><strong>et</strong></span> <span class='ocrx_word' id='word_1_524' title='bbox 2966 2578 3196 2633; x_wconf 83' lang='lat' dir='ltr'><strong>sanavit</strong></span> <span class='ocrx_word' id='word_1_525' title='bbox 3223 2592 3394 2631; x_wconf 85' lang='lat' dir='ltr'><strong>eum.</strong></span> <span class='ocrx_word' id='word_1_526' title='bbox 3421 2576 3657 2629; x_wconf 65' lang='lat' dir='ltr'><strong>Adome</strong></span> 
     </span>
    </p>
   </div>
   <div class='ocr_carea' id='block_1_71' title="bbox 2075 2668 3653 2742">
    <p class='ocr_par' dir='ltr' id='par_1_71' title="bbox 2075 2668 3653 2742">
     <span class='ocr_line' id='line_1_71' title="bbox 2075 2668 3653 2742; baseline -0.003 -17"><span class='ocrx_word' id='word_1_527' title='bbox 2075 2682 2203 2725; x_wconf 90' lang='lat' dir='ltr'><strong>runt</strong></span> <span class='ocrx_word' id='word_1_528' title='bbox 2228 2671 2392 2725; x_wconf 91' lang='lat' dir='ltr'><strong>etiam</strong></span> <span class='ocrx_word' id='word_1_529' title='bbox 2424 2681 2615 2742; x_wconf 86' lang='lat' dir='ltr'><strong>gentes</strong></span> <span class='ocrx_word' id='word_1_530' title='bbox 2640 2670 3050 2742; x_wconf 67' lang='lat' dir='ltr'><strong>)iesopotamiaa</strong></span> <span class='ocrx_word' id='word_1_531' title='bbox 3073 2669 3375 2725; x_wconf 82' lang='lat' dir='ltr'><strong>Cutebam</strong></span> <span class='ocrx_word' id='word_1_532' title='bbox 3412 2668 3653 2722; x_wconf 59' lang='lat' dir='ltr'><strong>ﬂebam</strong></span> 
     </span>
    </p>
   </div>
   <div class='ocr_carea' id='block_1_72' title="bbox 2075 2760 3653 2835">
    <p class='ocr_par' dir='ltr' id='par_1_72' title="bbox 2075 2760 3653 2835">
     <span class='ocr_line' id='line_1_72' title="bbox 2075 2760 3653 2835; baseline -0.004 -18"><span class='ocrx_word' id='word_1_533' title='bbox 2075 2780 2197 2833; x_wconf 69' lang='lat' dir='ltr'><strong>qua:</strong></span> <span class='ocrx_word' id='word_1_534' title='bbox 2228 2764 2479 2819; x_wconf 90' lang='lat' dir='ltr'><strong>liberavit</strong></span> <span class='ocrx_word' id='word_1_535' title='bbox 2504 2763 2680 2819; x_wconf 90' lang='lat' dir='ltr'><strong>Bacru</strong></span> <span class='ocrx_word' id='word_1_536' title='bbox 2712 2780 2894 2835; x_wconf 81' lang='lat' dir='ltr'><strong>regem</strong></span> <span class='ocrx_word' id='word_1_537' title='bbox 2923 2763 3154 2819; x_wconf 68' lang='lat' dir='ltr'><strong>Edessa:</strong></span> <span class='ocrx_word' id='word_1_538' title='bbox 3182 2763 3261 2818; x_wconf 86' lang='lat' dir='ltr'><strong>de</strong></span> <span class='ocrx_word' id='word_1_539' title='bbox 3280 2763 3537 2816; x_wconf 84' lang='lat' dir='ltr'><strong>inimicis</strong></span> <span class='ocrx_word' id='word_1_540' title='bbox 3552 2760 3653 2814; x_wconf 74' lang='lat' dir='ltr'><strong>suis.</strong></span> 
     </span>
    </p>
   </div>
   <div class='ocr_carea' id='block_1_73' title="bbox 2074 2851 3651 2925">
    <p class='ocr_par' dir='ltr' id='par_1_73' title="bbox 2074 2851 3651 2925">
     <span class='ocr_line' id='line_1_73' title="bbox 2074 2851 3651 2925; baseline -0.003 -20"><span class='ocrx_word' id='word_1_541' title='bbox 2074 2851 2150 2907; x_wconf 86' lang='lat' dir='ltr'><strong>De</strong></span> <span class='ocrx_word' id='word_1_542' title='bbox 2177 2852 2327 2908; x_wconf 86' lang='lat' dir='ltr'><strong>Nebo</strong></span> <span class='ocrx_word' id='word_1_543' title='bbox 2350 2869 2479 2909; x_wconf 87' lang='lat' dir='ltr'><strong>vero</strong></span> <span class='ocrx_word' id='word_1_544' title='bbox 2501 2854 2595 2924; x_wconf 90' lang='lat' dir='ltr'><strong>qui</strong></span> <span class='ocrx_word' id='word_1_545' title='bbox 2619 2863 2705 2909; x_wconf 90' lang='lat' dir='ltr'><strong>est</strong></span> <span class='ocrx_word' id='word_1_546' title='bbox 2727 2855 2781 2908; x_wconf 92' lang='lat' dir='ltr'><strong>in</strong></span> <span class='ocrx_word' id='word_1_547' title='bbox 2814 2855 3035 2909; x_wconf 89' lang='lat' dir='ltr'><strong>civitate</strong></span> <span class='ocrx_word' id='word_1_548' title='bbox 3065 2854 3309 2925; x_wconf 73' lang='lat' dir='ltr'><strong>Mabug,</strong></span> <span class='ocrx_word' id='word_1_549' title='bbox 3334 2853 3481 2923; x_wconf 90' lang='lat' dir='ltr'><strong>quid</strong></span> <span class='ocrx_word' id='word_1_550' title='bbox 3512 2851 3651 2905; x_wconf 70' lang='lat' dir='ltr'><strong>diem</strong></span> 
     </span>
    </p>
   </div>
   <div class='ocr_carea' id='block_1_74' title="bbox 2075 2944 3654 3015">
    <p class='ocr_par' dir='ltr' id='par_1_74' title="bbox 2075 2944 3654 3015">
     <span class='ocr_line' id='line_1_74' title="bbox 2075 2944 3654 3015; baseline -0.004 -16"><span class='ocrx_word' id='word_1_551' title='bbox 2075 2946 2255 3012; x_wconf 83' lang='lat' dir='ltr'><strong>vobis,</strong></span> <span class='ocrx_word' id='word_1_552' title='bbox 2289 2945 2735 3015; x_wconf 86' lang='lat' dir='ltr'><strong>quandoquidem</strong></span> <span class='ocrx_word' id='word_1_553' title='bbox 2773 2961 2967 3001; x_wconf 91' lang='lat' dir='ltr'><strong>omnes</strong></span> <span class='ocrx_word' id='word_1_554' title='bbox 3016 2946 3365 3000; x_wconf 84' lang='lat' dir='ltr'><strong>sacerdotes</strong></span> <span class='ocrx_word' id='word_1_555' title='bbox 3398 2944 3654 3015; x_wconf 51' lang='lat' dir='ltr'><strong>Habuim-</strong></span> 
     </span>
    </p>
   </div>
   <div class='ocr_carea' id='block_1_75' title="bbox 2075 3033 3657 3107">
    <p class='ocr_par' dir='ltr' id='par_1_75' title="bbox 2075 3033 3657 3107">
     <span class='ocr_line' id='line_1_75' title="bbox 2075 3033 3657 3107; baseline -0.004 -15"><span class='ocrx_word' id='word_1_556' title='bbox 2075 3054 2161 3093; x_wconf 88' lang='lat' dir='ltr'><strong>ses</strong></span> <span class='ocrx_word' id='word_1_557' title='bbox 2196 3045 2397 3091; x_wconf 86' lang='lat' dir='ltr'><strong>norunt</strong></span> <span class='ocrx_word' id='word_1_558' title='bbox 2444 3052 2570 3091; x_wconf 92' lang='lat' dir='ltr'><strong>eum</strong></span> <span class='ocrx_word' id='word_1_559' title='bbox 2617 3051 2741 3091; x_wconf 91' lang='lat' dir='ltr'><strong>esse</strong></span> <span class='ocrx_word' id='word_1_560' title='bbox 2788 3037 2992 3090; x_wconf 89' lang='lat' dir='ltr'><strong>idolum</strong></span> <span class='ocrx_word' id='word_1_561' title='bbox 3054 3033 3277 3105; x_wconf 88' lang='lat' dir='ltr'><strong>Orphei</strong></span> <span class='ocrx_word' id='word_1_562' title='bbox 3316 3036 3478 3107; x_wconf 84' lang='lat' dir='ltr'><strong>magi</strong></span> <span class='ocrx_word' id='word_1_563' title='bbox 3523 3033 3657 3088; x_wconf 69' lang='lat' dir='ltr'><strong>Thra-</strong></span> 
     </span>
    </p>
   </div>
   <div class='ocr_carea' id='block_1_76' title="bbox 2077 3127 3656 3200">
    <p class='ocr_par' dir='ltr' id='par_1_76' title="bbox 2077 3127 3656 3200">
     <span class='ocr_line' id='line_1_76' title="bbox 2077 3127 3656 3200; baseline -0.001 -16"><span class='ocrx_word' id='word_1_564' title='bbox 2077 3130 2193 3195; x_wconf 89' lang='lat' dir='ltr'><strong>cis;</strong></span> <span class='ocrx_word' id='word_1_565' title='bbox 2227 3139 2283 3184; x_wconf 91' lang='lat' dir='ltr'><strong>et</strong></span> <span class='ocrx_word' id='word_1_566' title='bbox 2319 3128 2540 3185; x_wconf 79' lang='lat' dir='ltr'><strong>liedron</strong></span> <span class='ocrx_word' id='word_1_567' title='bbox 2571 3130 2777 3185; x_wconf 89' lang='lat' dir='ltr'><strong>idolum</strong></span> <span class='ocrx_word' id='word_1_568' title='bbox 2808 3138 2892 3185; x_wconf 92' lang='lat' dir='ltr'><strong>est</strong></span> <span class='ocrx_word' id='word_1_569' title='bbox 2916 3128 3244 3184; x_wconf 85' lang='lat' dir='ltr'><strong>Zoroastris</strong></span> <span class='ocrx_word' id='word_1_570' title='bbox 3267 3130 3433 3200; x_wconf 83' lang='lat' dir='ltr'><strong>magi</strong></span> <span class='ocrx_word' id='word_1_571' title='bbox 3456 3127 3656 3189; x_wconf 80' lang='lat' dir='ltr'><strong>Persici;</strong></span> 
     </span>
    </p>
   </div>
   <div class='ocr_carea' id='block_1_77' title="bbox 2075 3220 3658 3293">
    <p class='ocr_par' dir='ltr' id='par_1_77' title="bbox 2075 3220 3658 3293">
     <span class='ocr_line' id='line_1_77' title="bbox 2075 3220 3658 3293; baseline -0.003 -16"><span class='ocrx_word' id='word_1_572' title='bbox 2075 3223 2169 3293; x_wconf 90' lang='lat' dir='ltr'><strong>qui</strong></span> <span class='ocrx_word' id='word_1_573' title='bbox 2220 3223 2330 3278; x_wconf 91' lang='lat' dir='ltr'><strong>duo</strong></span> <span class='ocrx_word' id='word_1_574' title='bbox 2379 3224 2523 3293; x_wconf 89' lang='lat' dir='ltr'><strong>magi</strong></span> <span class='ocrx_word' id='word_1_575' title='bbox 2577 3223 2833 3293; x_wconf 90' lang='lat' dir='ltr'><strong>spiritum</strong></span> <span class='ocrx_word' id='word_1_576' title='bbox 2870 3222 3151 3291; x_wconf 88' lang='lat' dir='ltr'><strong>impurum</strong></span> <span class='ocrx_word' id='word_1_577' title='bbox 3208 3222 3559 3292; x_wconf 80' lang='lat' dir='ltr'><strong>expulequ</strong></span> <span class='ocrx_word' id='word_1_578' title='bbox 3589 3220 3658 3289; x_wconf 86' lang='lat' dir='ltr'><strong>qui</strong></span> 
     </span>
    </p>
   </div>
   <div class='ocr_carea' id='block_1_78' title="bbox 2075 3313 3659 3387">
    <p class='ocr_par' dir='ltr' id='par_1_78' title="bbox 2075 3313 3659 3387">
     <span class='ocr_line' id='line_1_78' title="bbox 2075 3313 3659 3387; baseline -0.003 -18"><span class='ocrx_word' id='word_1_579' title='bbox 2075 3316 2359 3387; x_wconf 87' lang='lat' dir='ltr'><strong>planitiem</strong></span> <span class='ocrx_word' id='word_1_580' title='bbox 2394 3315 2777 3386; x_wconf 81' lang='lat' dir='ltr'><strong>Mabugensem</strong></span> <span class='ocrx_word' id='word_1_581' title='bbox 2814 3313 3150 3379; x_wconf 78' lang='lat' dir='ltr'><strong>infestabat,</strong></span> <span class='ocrx_word' id='word_1_582' title='bbox 3189 3325 3251 3369; x_wconf 88' lang='lat' dir='ltr'><strong>et</strong></span> <span class='ocrx_word' id='word_1_583' title='bbox 3283 3330 3499 3369; x_wconf 88' lang='lat' dir='ltr'><strong>eorum</strong></span> <span class='ocrx_word' id='word_1_584' title='bbox 3530 3315 3659 3385; x_wconf 74' lang='lat' dir='ltr'><strong>jussu</strong></span> 
     </span>
    </p>
   </div>
   <div class='ocr_carea' id='block_1_79' title="bbox 2077 3406 3659 3476">
    <p class='ocr_par' dir='ltr' id='par_1_79' title="bbox 2077 3406 3659 3476">
     <span class='ocr_line' id='line_1_79' title="bbox 2077 3406 3659 3476; baseline -0.004 -13"><span class='ocrx_word' id='word_1_585' title='bbox 2077 3407 2228 3463; x_wconf 87' lang='lat' dir='ltr'><strong>Sima</strong></span> <span class='ocrx_word' id='word_1_586' title='bbox 2254 3408 2362 3463; x_wconf 83' lang='lat' dir='ltr'><strong>[ilia</strong></span> <span class='ocrx_word' id='word_1_587' title='bbox 2393 3406 2601 3462; x_wconf 85' lang='lat' dir='ltr'><strong>Hadadi</strong></span> <span class='ocrx_word' id='word_1_588' title='bbox 2633 3423 2776 3476; x_wconf 89' lang='lat' dir='ltr'><strong>aqua</strong></span> <span class='ocrx_word' id='word_1_589' title='bbox 2801 3422 2830 3461; x_wconf 91' lang='lat' dir='ltr'><strong>e</strong></span> <span class='ocrx_word' id='word_1_590' title='bbox 2867 3406 3004 3460; x_wconf 88' lang='lat' dir='ltr'><strong>mari</strong></span> <span class='ocrx_word' id='word_1_591' title='bbox 3035 3407 3243 3461; x_wconf 85' lang='lat' dir='ltr'><strong>hausta</strong></span> <span class='ocrx_word' id='word_1_592' title='bbox 3300 3407 3463 3462; x_wconf 87' lang='lat' dir='ltr'><strong>hanc</strong></span> <span class='ocrx_word' id='word_1_593' title='bbox 3513 3406 3659 3476; x_wconf 79' lang='lat' dir='ltr'><strong>plani-</strong></span> 
     </span>
    </p>
   </div>
   <div class='ocr_carea' id='block_1_80' title="bbox 2076 3501 3659 3571">
    <p class='ocr_par' dir='ltr' id='par_1_80' title="bbox 2076 3501 3659 3571">
     <span class='ocr_line' id='line_1_80' title="bbox 2076 3501 3659 3571; baseline -0.003 -15"><span class='ocrx_word' id='word_1_594' title='bbox 2076 3503 2205 3558; x_wconf 92' lang='lat' dir='ltr'><strong>tiem</strong></span> <span class='ocrx_word' id='word_1_595' title='bbox 2247 3501 2492 3570; x_wconf 82' lang='lat' dir='ltr'><strong>implevit</strong></span> <span class='ocrx_word' id='word_1_596' title='bbox 2522 3516 2589 3555; x_wconf 92' lang='lat' dir='ltr'><strong>ne</strong></span> <span class='ocrx_word' id='word_1_597' title='bbox 2641 3501 2899 3569; x_wconf 90' lang='lat' dir='ltr'><strong>deinceps</strong></span> <span class='ocrx_word' id='word_1_598' title='bbox 2929 3510 3267 3569; x_wconf 81' lang='lat' dir='ltr'><strong>exsurgeret</strong></span> <span class='ocrx_word' id='word_1_599' title='bbox 3308 3502 3551 3571; x_wconf 84' lang='lat' dir='ltr'><strong>spiritus</strong></span> <span class='ocrx_word' id='word_1_600' title='bbox 3590 3501 3659 3552; x_wconf 69' lang='lat' dir='ltr'><strong>ille</strong></span> 
     </span>
    </p>
   </div>
   <div class='ocr_carea' id='block_1_81' title="bbox 2076 3592 3657 3663">
    <p class='ocr_par' dir='ltr' id='par_1_81' title="bbox 2076 3592 3657 3663">
     <span class='ocr_line' id='line_1_81' title="bbox 2076 3592 3657 3663; baseline -0.002 -16"><span class='ocrx_word' id='word_1_601' title='bbox 2076 3610 2314 3663; x_wconf 88' lang='lat' dir='ltr'><strong>nequam</strong></span> <span class='ocrx_word' id='word_1_602' title='bbox 2344 3595 2411 3647; x_wconf 90' lang='lat' dir='ltr'><strong>ad</strong></span> <span class='ocrx_word' id='word_1_603' title='bbox 2439 3595 2635 3649; x_wconf 89' lang='lat' dir='ltr'><strong>iterum</strong></span> <span class='ocrx_word' id='word_1_604' title='bbox 2662 3592 3030 3647; x_wconf 84' lang='lat' dir='ltr'><strong>infestandam</strong></span> <span class='ocrx_word' id='word_1_605' title='bbox 3055 3592 3384 3663; x_wconf 81' lang='lat' dir='ltr'><strong>regionem.</strong></span> <span class='ocrx_word' id='word_1_606' title='bbox 3420 3595 3514 3648; x_wconf 85' lang='lat' dir='ltr'><strong>Sic</strong></span> <span class='ocrx_word' id='word_1_607' title='bbox 3540 3594 3657 3663; x_wconf 76' lang='lat' dir='ltr'><strong>apud</strong></span> 
     </span>
    </p>
   </div>
   <div class='ocr_carea' id='block_1_82' title="bbox 2075 3685 3659 3757">
    <p class='ocr_par' dir='ltr' id='par_1_82' title="bbox 2075 3685 3659 3757">
     <span class='ocr_line' id='line_1_82' title="bbox 2075 3685 3659 3757; baseline 0 -18"><span class='ocrx_word' id='word_1_608' title='bbox 2075 3686 2259 3741; x_wconf 87' lang='lat' dir='ltr'><strong>varias</strong></span> <span class='ocrx_word' id='word_1_609' title='bbox 2296 3694 2485 3756; x_wconf 88' lang='lat' dir='ltr'><strong>gentes</strong></span> <span class='ocrx_word' id='word_1_610' title='bbox 2535 3687 2757 3757; x_wconf 87' lang='lat' dir='ltr'><strong>regibus</strong></span> <span class='ocrx_word' id='word_1_611' title='bbox 2786 3686 2854 3741; x_wconf 89' lang='lat' dir='ltr'><strong>ab</strong></span> <span class='ocrx_word' id='word_1_612' title='bbox 2897 3685 3293 3741; x_wconf 88' lang='lat' dir='ltr'><strong>adoratoribus</strong></span> <span class='ocrx_word' id='word_1_613' title='bbox 3321 3702 3529 3741; x_wconf 84' lang='lat' dir='ltr'><strong>eorum</strong></span> <span class='ocrx_word' id='word_1_614' title='bbox 3571 3698 3659 3739; x_wconf 72' lang='lat' dir='ltr'><strong>sta-</strong></span> 
     </span>
    </p>
   </div>
   <div class='ocr_carea' id='block_1_83' title="bbox 2077 3779 3659 3850">
    <p class='ocr_par' dir='ltr' id='par_1_83' title="bbox 2077 3779 3659 3850">
     <span class='ocr_line' id='line_1_83' title="bbox 2077 3779 3659 3850; baseline -0.002 -15"><span class='ocrx_word' id='word_1_615' title='bbox 2077 3791 2183 3835; x_wconf 69' lang='lat' dir='ltr'><strong>tua:</strong></span> <span class='ocrx_word' id='word_1_616' title='bbox 2213 3781 2408 3850; x_wconf 68' lang='lat' dir='ltr'><strong>positae</strong></span> <span class='ocrx_word' id='word_1_617' title='bbox 2458 3790 2616 3845; x_wconf 90' lang='lat' dir='ltr'><strong>sunt;</strong></span> <span class='ocrx_word' id='word_1_618' title='bbox 2658 3780 2753 3835; x_wconf 88' lang='lat' dir='ltr'><strong>sed</strong></span> <span class='ocrx_word' id='word_1_619' title='bbox 2783 3779 2848 3835; x_wconf 91' lang='lat' dir='ltr'><strong>de</strong></span> <span class='ocrx_word' id='word_1_620' title='bbox 2880 3779 2965 3835; x_wconf 91' lang='lat' dir='ltr'><strong>his</strong></span> <span class='ocrx_word' id='word_1_621' title='bbox 3007 3780 3253 3849; x_wconf 87' lang='lat' dir='ltr'><strong>amplius</strong></span> <span class='ocrx_word' id='word_1_622' title='bbox 3297 3780 3555 3835; x_wconf 82' lang='lat' dir='ltr'><strong>scribere</strong></span> <span class='ocrx_word' id='word_1_623' title='bbox 3586 3795 3659 3832; x_wconf 81' lang='lat' dir='ltr'><strong>su-</strong></span> 
     </span>
    </p>
   </div>
   <div class='ocr_carea' id='block_1_84' title="bbox 2075 3872 3107 3945">
    <p class='ocr_par' dir='ltr' id='par_1_84' title="bbox 2075 3872 3107 3945">
     <span class='ocr_line' id='line_1_84' title="bbox 2075 3872 3107 3945; baseline 0.001 -18"><span class='ocrx_word' id='word_1_624' title='bbox 2075 3872 2456 3945; x_wconf 85' lang='lat' dir='ltr'><strong>persedemus.</strong></span> <span class='ocrx_word' id='word_1_625' title='bbox 3104 3880 3107 3883; x_wconf 86' lang='grc'><em>’</em></span> 
     </span>
    </p>
   </div>
   <div class='ocr_carea' id='block_1_85' title="bbox 2146 3965 3655 4037">
    <p class='ocr_par' dir='ltr' id='par_1_85' title="bbox 2146 3965 3655 4037">
     <span class='ocr_line' id='line_1_85' title="bbox 2146 3965 3655 4037; baseline -0.003 -17"><span class='ocrx_word' id='word_1_626' title='bbox 2146 3965 2227 4022; x_wconf 89' lang='lat' dir='ltr'><strong>Tu</strong></span> <span class='ocrx_word' id='word_1_627' title='bbox 2256 3982 2385 4021; x_wconf 89' lang='lat' dir='ltr'><strong>vero</strong></span> <span class='ocrx_word' id='word_1_628' title='bbox 2423 3966 2516 4037; x_wconf 91' lang='lat' dir='ltr'><strong>qui</strong></span> <span class='ocrx_word' id='word_1_629' title='bbox 2546 3976 2729 4021; x_wconf 90' lang='lat' dir='ltr'><strong>mente</strong></span> <span class='ocrx_word' id='word_1_630' title='bbox 2770 3965 2939 4021; x_wconf 89' lang='lat' dir='ltr'><strong>libera</strong></span> <span class='ocrx_word' id='word_1_631' title='bbox 2966 3965 3251 4036; x_wconf 88' lang='lat' dir='ltr'><strong>gloriaris,</strong></span> <span class='ocrx_word' id='word_1_632' title='bbox 3275 3965 3323 4020; x_wconf 90' lang='lat' dir='ltr'><strong>si</strong></span> <span class='ocrx_word' id='word_1_633' title='bbox 3350 3966 3476 4021; x_wconf 85' lang='lat' dir='ltr'><strong>veri</strong></span> <span class='ocrx_word' id='word_1_634' title='bbox 3496 3965 3655 4035; x_wconf 83' lang='lat' dir='ltr'><strong>cogni-</strong></span> 
     </span>
    </p>
   </div>
   <div class='ocr_carea' id='block_1_86' title="bbox 2076 4058 3655 4125">
    <p class='ocr_par' dir='ltr' id='par_1_86' title="bbox 2076 4058 3655 4125">
     <span class='ocr_line' id='line_1_86' title="bbox 2076 4058 3655 4125; baseline -0.003 -10"><span class='ocrx_word' id='word_1_635' title='bbox 2076 4070 2163 4115; x_wconf 86' lang='lat' dir='ltr'><strong>tor</strong></span> <span class='ocrx_word' id='word_1_636' title='bbox 2188 4060 2270 4114; x_wconf 87' lang='lat' dir='ltr'><strong>vis</strong></span> <span class='ocrx_word' id='word_1_637' title='bbox 2297 4059 2527 4125; x_wconf 88' lang='lat' dir='ltr'><strong>haberi,</strong></span> <span class='ocrx_word' id='word_1_638' title='bbox 2564 4060 2722 4115; x_wconf 88' lang='lat' dir='ltr'><strong>stude</strong></span> <span class='ocrx_word' id='word_1_639' title='bbox 2754 4068 2813 4114; x_wconf 93' lang='lat' dir='ltr'><strong>ut</strong></span> <span class='ocrx_word' id='word_1_640' title='bbox 2852 4058 2975 4113; x_wconf 90' lang='lat' dir='ltr'><strong>talis</strong></span> <span class='ocrx_word' id='word_1_641' title='bbox 3023 4058 3101 4113; x_wconf 89' lang='lat' dir='ltr'><strong>sis</strong></span> <span class='ocrx_word' id='word_1_642' title='bbox 3134 4059 3324 4125; x_wconf 90' lang='lat' dir='ltr'><strong>intus;</strong></span> <span class='ocrx_word' id='word_1_643' title='bbox 3362 4061 3474 4114; x_wconf 89' lang='lat' dir='ltr'><strong>etsi</strong></span> <span class='ocrx_word' id='word_1_644' title='bbox 3516 4074 3655 4113; x_wconf 76' lang='lat' dir='ltr'><strong>orna-</strong></span> 
     </span>
    </p>
   </div>
   <div class='ocr_carea' id='block_1_87' title="bbox 2074 4150 3651 4215">
    <p class='ocr_par' dir='ltr' id='par_1_87' title="bbox 2074 4150 3651 4215">
     <span class='ocr_line' id='line_1_87' title="bbox 2074 4150 3651 4215; baseline -0.001 -10"><span class='ocrx_word' id='word_1_645' title='bbox 2074 4163 2190 4205; x_wconf 89' lang='lat' dir='ltr'><strong>tum</strong></span> <span class='ocrx_word' id='word_1_646' title='bbox 2221 4150 2543 4205; x_wconf 89' lang='lat' dir='ltr'><strong>muliebrem</strong></span> <span class='ocrx_word' id='word_1_647' title='bbox 2573 4150 2840 4215; x_wconf 90' lang='lat' dir='ltr'><strong>indueris,</strong></span> <span class='ocrx_word' id='word_1_648' title='bbox 2866 4150 3088 4205; x_wconf 82' lang='lat' dir='ltr'><strong>memini</strong></span> <span class='ocrx_word' id='word_1_649' title='bbox 3116 4160 3169 4205; x_wconf 92' lang='lat' dir='ltr'><strong>te</strong></span> <span class='ocrx_word' id='word_1_650' title='bbox 3196 4166 3323 4205; x_wconf 87' lang='lat' dir='ltr'><strong>esse</strong></span> <span class='ocrx_word' id='word_1_651' title='bbox 3353 4151 3651 4209; x_wconf 82' lang='lat' dir='ltr'><strong>hominem;</strong></span> 
     </span>
    </p>
   </div>
   <div class='ocr_carea' id='block_1_88' title="bbox 2078 4242 3651 4314">
    <p class='ocr_par' dir='ltr' id='par_1_88' title="bbox 2078 4242 3651 4314">
     <span class='ocr_line' id='line_1_88' title="bbox 2078 4242 3651 4314; baseline -0.004 -14"><span class='ocrx_word' id='word_1_652' title='bbox 2078 4244 2238 4300; x_wconf 89' lang='lat' dir='ltr'><strong>crede</strong></span> <span class='ocrx_word' id='word_1_653' title='bbox 2266 4245 2320 4297; x_wconf 89' lang='lat' dir='ltr'><strong>in</strong></span> <span class='ocrx_word' id='word_1_654' title='bbox 2352 4259 2476 4298; x_wconf 90' lang='lat' dir='ltr'><strong>eum</strong></span> <span class='ocrx_word' id='word_1_655' title='bbox 2509 4244 2605 4314; x_wconf 91' lang='lat' dir='ltr'><strong>qui</strong></span> <span class='ocrx_word' id='word_1_656' title='bbox 2637 4259 2763 4297; x_wconf 90' lang='lat' dir='ltr'><strong>vere</strong></span> <span class='ocrx_word' id='word_1_657' title='bbox 2792 4243 2937 4299; x_wconf 89' lang='lat' dir='ltr'><strong>Deus</strong></span> <span class='ocrx_word' id='word_1_658' title='bbox 2971 4251 3056 4299; x_wconf 88' lang='lat' dir='ltr'><strong>est</strong></span> <span class='ocrx_word' id='word_1_659' title='bbox 3084 4254 3141 4299; x_wconf 91' lang='lat' dir='ltr'><strong>et</strong></span> <span class='ocrx_word' id='word_1_660' title='bbox 3166 4243 3235 4297; x_wconf 88' lang='lat' dir='ltr'><strong>ad</strong></span> <span class='ocrx_word' id='word_1_661' title='bbox 3262 4258 3397 4298; x_wconf 88' lang='lat' dir='ltr'><strong>eum</strong></span> <span class='ocrx_word' id='word_1_662' title='bbox 3424 4242 3651 4313; x_wconf 72' lang='lat' dir='ltr'><strong>expande</strong></span> 
     </span>
    </p>
   </div>
   <div class='ocr_carea' id='block_1_89' title="bbox 2074 4336 3648 4406">
    <p class='ocr_par' dir='ltr' id='par_1_89' title="bbox 2074 4336 3648 4406">
     <span class='ocr_line' id='line_1_89' title="bbox 2074 4336 3648 4406; baseline -0.003 -15"><span class='ocrx_word' id='word_1_663' title='bbox 2074 4346 2129 4392; x_wconf 89' lang='lat' dir='ltr'><strong>et</strong></span> <span class='ocrx_word' id='word_1_664' title='bbox 2167 4336 2494 4393; x_wconf 89' lang='lat' dir='ltr'><strong>commenda</strong></span> <span class='ocrx_word' id='word_1_665' title='bbox 2548 4336 2790 4389; x_wconf 88' lang='lat' dir='ltr'><strong>animam</strong></span> <span class='ocrx_word' id='word_1_666' title='bbox 2848 4348 3037 4399; x_wconf 86' lang='lat' dir='ltr'><strong>tuam;</strong></span> <span class='ocrx_word' id='word_1_667' title='bbox 3070 4345 3125 4391; x_wconf 92' lang='lat' dir='ltr'><strong>et</strong></span> <span class='ocrx_word' id='word_1_668' title='bbox 3178 4336 3303 4406; x_wconf 88' lang='lat' dir='ltr'><strong>ipse</strong></span> <span class='ocrx_word' id='word_1_669' title='bbox 3349 4344 3535 4406; x_wconf 83' lang='lat' dir='ltr'><strong>potest</strong></span> <span class='ocrx_word' id='word_1_670' title='bbox 3574 4336 3648 4389; x_wconf 85' lang='lat' dir='ltr'><strong>tibi</strong></span> 
     </span>
    </p>
   </div>
   <div class='ocr_carea' id='block_1_90' title="bbox 2076 4426 3648 4496">
    <p class='ocr_par' dir='ltr' id='par_1_90' title="bbox 2076 4426 3648 4496">
     <span class='ocr_line' id='line_1_90' title="bbox 2076 4426 3648 4496; baseline -0.002 -14"><span class='ocrx_word' id='word_1_671' title='bbox 2076 4428 2208 4482; x_wconf 88' lang='lat' dir='ltr'><strong>dare</strong></span> <span class='ocrx_word' id='word_1_672' title='bbox 2237 4428 2409 4483; x_wconf 87' lang='lat' dir='ltr'><strong>vitam</strong></span> <span class='ocrx_word' id='word_1_673' title='bbox 2445 4435 2707 4481; x_wconf 71' lang='lat' dir='ltr'><strong>:eternam</strong></span> <span class='ocrx_word' id='word_1_674' title='bbox 2745 4442 2867 4496; x_wconf 79' lang='lat' dir='ltr'><strong>qua:</strong></span> <span class='ocrx_word' id='word_1_675' title='bbox 2913 4441 3021 4479; x_wconf 90' lang='lat' dir='ltr'><strong>non</strong></span> <span class='ocrx_word' id='word_1_676' title='bbox 3058 4427 3221 4482; x_wconf 84' lang='lat' dir='ltr'><strong>habet</strong></span> <span class='ocrx_word' id='word_1_677' title='bbox 3253 4426 3462 4495; x_wconf 83' lang='lat' dir='ltr'><strong>ﬁnem;</strong></span> <span class='ocrx_word' id='word_1_678' title='bbox 3495 4429 3648 4481; x_wconf 83' lang='lat' dir='ltr'><strong>omni-</strong></span> 
     </span>
    </p>
   </div>
   <div class='ocr_carea' id='block_1_91' title="bbox 390 4502 3647 4591">
    <p class='ocr_par' dir='ltr' id='par_1_91' title="bbox 390 4502 3647 4591">
     <span class='ocr_line' id='line_1_91' title="bbox 390 4502 3647 4591; baseline 0.005 -36"><span class='ocrx_word' id='word_1_679' title='bbox 390 4502 464 4556; x_wconf 86' lang='lat' dir='ltr'><strong>tio</strong></span> <span class='ocrx_word' id='word_1_680' title='bbox 492 4503 668 4557; x_wconf 89' lang='lat' dir='ltr'><strong>dicam</strong></span> <span class='ocrx_word' id='word_1_681' title='bbox 699 4513 755 4558; x_wconf 91' lang='lat' dir='ltr'><strong>et</strong></span> <span class='ocrx_word' id='word_1_682' title='bbox 785 4505 1085 4573; x_wconf 88' lang='lat' dir='ltr'><strong>propalabo</strong></span> <span class='ocrx_word' id='word_1_683' title='bbox 1108 4506 1387 4576; x_wconf 91' lang='lat' dir='ltr'><strong>quomodo</strong></span> <span class='ocrx_word' id='word_1_684' title='bbox 1425 4517 1477 4561; x_wconf 88' lang='lat' dir='ltr'><strong>et</strong></span> <span class='ocrx_word' id='word_1_685' title='bbox 1520 4508 1723 4577; x_wconf 91' lang='lat' dir='ltr'><strong>quibus</strong></span> <span class='ocrx_word' id='word_1_686' title='bbox 1748 4510 1815 4563; x_wconf 89' lang='lat' dir='ltr'><strong>de</strong></span> <span class='ocrx_word' id='word_1_687' title='bbox 1842 4525 1972 4564; x_wconf 90' lang='lat' dir='ltr'><strong>cau-</strong></span> <span class='ocrx_word' id='word_1_688' title='bbox 2002 4519 2052 4581; x_wconf 76' lang='grc'><strong>1)</strong></span> <span class='ocrx_word' id='word_1_689' title='bbox 2078 4529 2274 4590; x_wconf 89' lang='lat' dir='ltr'><strong>potens</strong></span> <span class='ocrx_word' id='word_1_690' title='bbox 2297 4519 2441 4574; x_wconf 88' lang='lat' dir='ltr'><strong>enim</strong></span> <span class='ocrx_word' id='word_1_691' title='bbox 2465 4530 2568 4573; x_wconf 85' lang='lat' dir='ltr'><strong>est.</strong></span> <span class='ocrx_word' id='word_1_692' title='bbox 2592 4516 2821 4589; x_wconf 82' lang='lat' dir='ltr'><strong>Reliqua</strong></span> <span class='ocrx_word' id='word_1_693' title='bbox 2850 4534 2976 4589; x_wconf 82' lang='lat' dir='ltr'><strong>vero</strong></span> <span class='ocrx_word' id='word_1_694' title='bbox 3001 4518 3096 4572; x_wconf 87' lang='lat' dir='ltr'><strong>tibi</strong></span> <span class='ocrx_word' id='word_1_695' title='bbox 3128 4528 3260 4573; x_wconf 91' lang='lat' dir='ltr'><strong>sunt</strong></span> <span class='ocrx_word' id='word_1_696' title='bbox 3297 4535 3403 4589; x_wconf 89' lang='lat' dir='ltr'><strong>pro</strong></span> <span class='ocrx_word' id='word_1_697' title='bbox 3435 4536 3503 4575; x_wconf 88' lang='lat' dir='ltr'><strong>eo</strong></span> <span class='ocrx_word' id='word_1_698' title='bbox 3525 4520 3647 4591; x_wconf 78' lang='lat' dir='ltr'><strong>quod</strong></span> 
     </span>
    </p>
   </div>
   <div class='ocr_carea' id='block_1_92' title="bbox 387 4595 1971 4674">
    <p class='ocr_par' dir='ltr' id='par_1_92' title="bbox 387 4595 1971 4674">
     <span class='ocr_line' id='line_1_92' title="bbox 387 4595 1971 4674; baseline 0.006 -26"><span class='ocrx_word' id='word_1_699' title='bbox 387 4595 463 4649; x_wconf 87' lang='lat' dir='ltr'><strong>sis</strong></span> <span class='ocrx_word' id='word_1_700' title='bbox 492 4606 686 4651; x_wconf 65' lang='lat' dir='ltr'><strong>erecta}</strong></span> <span class='ocrx_word' id='word_1_701' title='bbox 718 4599 828 4651; x_wconf 92' lang='lat' dir='ltr'><strong>sint</strong></span> <span class='ocrx_word' id='word_1_702' title='bbox 877 4599 1143 4669; x_wconf 87' lang='lat' dir='ltr'><strong>imagines</strong></span> <span class='ocrx_word' id='word_1_703' title='bbox 1198 4602 1419 4671; x_wconf 85' lang='lat' dir='ltr'><strong>regibus</strong></span> <span class='ocrx_word' id='word_1_704' title='bbox 1454 4617 1518 4657; x_wconf 90' lang='lat' dir='ltr'><strong>ac</strong></span> <span class='ocrx_word' id='word_1_705' title='bbox 1560 4603 1805 4674; x_wconf 82' lang='lat' dir='ltr'><strong>tyrannis</strong></span> <span class='ocrx_word' id='word_1_706' title='bbox 1832 4613 1886 4658; x_wconf 92' lang='lat' dir='ltr'><strong>et</strong></span> <span class='ocrx_word' id='word_1_707' title='bbox 1913 4614 1971 4658; x_wconf 92' lang='lat' dir='ltr'><strong>ut</strong></span> 
     </span>
    </p>
   </div>
   <div class='ocr_carea' id='block_1_93' title="bbox 384 4679 1969 4770">
    <p class='ocr_par' dir='ltr' id='par_1_93' title="bbox 384 4679 1969 4770">
     <span class='ocr_line' id='line_1_93' title="bbox 384 4679 1969 4770; baseline 0.008 -30"><span class='ocrx_word' id='word_1_708' title='bbox 384 4679 673 4744; x_wconf 56' lang='lat' dir='ltr'><strong>dii&#39;habiti</strong></span> <span class='ocrx_word' id='word_1_709' title='bbox 707 4693 834 4747; x_wconf 91' lang='lat' dir='ltr'><strong>sint.</strong></span> <span class='ocrx_word' id='word_1_710' title='bbox 865 4693 1081 4749; x_wconf 92' lang='lat' dir='ltr'><strong>llerculi</strong></span> <span class='ocrx_word' id='word_1_711' title='bbox 1110 4697 1564 4751; x_wconf 78' lang='lat' dir='ltr'><strong>sacriﬁcaverunt</strong></span> <span class='ocrx_word' id='word_1_712' title='bbox 1594 4698 1801 4770; x_wconf 86' lang='lat' dir='ltr'><strong>Argivi,</strong></span> <span class='ocrx_word' id='word_1_713' title='bbox 1840 4699 1969 4769; x_wconf 87' lang='lat' dir='ltr'><strong>quia</strong></span> 
     </span>
    </p>
   </div>
   <div class='ocr_carea' id='block_1_94' title="bbox 386 4781 1971 4861">
    <p class='ocr_par' dir='ltr' id='par_1_94' title="bbox 386 4781 1971 4861">
     <span class='ocr_line' id='line_1_94' title="bbox 386 4781 1971 4861; baseline 0.01 -30"><span class='ocrx_word' id='word_1_714' title='bbox 386 4781 623 4850; x_wconf 76' lang='lat' dir='ltr'><strong>Argivus</strong></span> <span class='ocrx_word' id='word_1_715' title='bbox 645 4783 781 4851; x_wconf 91' lang='lat' dir='ltr'><strong>ipse,</strong></span> <span class='ocrx_word' id='word_1_716' title='bbox 816 4786 961 4854; x_wconf 89' lang='lat' dir='ltr'><strong>quod</strong></span> <span class='ocrx_word' id='word_1_717' title='bbox 991 4797 1252 4855; x_wconf 66' lang='lat' dir='ltr'><strong>praeterea</strong></span> <span class='ocrx_word' id='word_1_718' title='bbox 1275 4805 1472 4859; x_wconf 87' lang='lat' dir='ltr'><strong>magno</strong></span> <span class='ocrx_word' id='word_1_719' title='bbox 1498 4792 1747 4861; x_wconf 89' lang='lat' dir='ltr'><strong>corporis</strong></span> <span class='ocrx_word' id='word_1_720' title='bbox 1774 4792 1971 4847; x_wconf 83' lang='lat' dir='ltr'><strong>robore</strong></span> 
     </span>
    </p>
   </div>
   <div class='ocr_carea' id='block_1_95' title="bbox 389 4874 1971 4949">
    <p class='ocr_par' dir='ltr' id='par_1_95' title="bbox 389 4874 1971 4949">
     <span class='ocr_line' id='line_1_95' title="bbox 389 4874 1971 4949; baseline 0.009 -26"><span class='ocrx_word' id='word_1_721' title='bbox 389 4874 672 4939; x_wconf 68' lang='lat' dir='ltr'><strong>praeditus,</strong></span> <span class='ocrx_word' id='word_1_722' title='bbox 709 4875 963 4930; x_wconf 88' lang='lat' dir='ltr'><strong>animalia</strong></span> <span class='ocrx_word' id='word_1_723' title='bbox 1009 4881 1202 4933; x_wconf 86' lang='lat' dir='ltr'><strong>nociva</strong></span> <span class='ocrx_word' id='word_1_724' title='bbox 1242 4881 1442 4935; x_wconf 88' lang='lat' dir='ltr'><strong>virtute</strong></span> <span class='ocrx_word' id='word_1_725' title='bbox 1472 4898 1569 4937; x_wconf 85' lang='lat' dir='ltr'><strong>sua</strong></span> <span class='ocrx_word' id='word_1_726' title='bbox 1600 4884 1835 4949; x_wconf 86' lang='lat' dir='ltr'><strong>occidit,</strong></span> <span class='ocrx_word' id='word_1_727' title='bbox 1875 4884 1971 4938; x_wconf 89' lang='lat' dir='ltr'><strong>sed</strong></span> 
     </span>
    </p>
   </div>
   <div class='ocr_carea' id='block_1_96' title="bbox 386 4965 1969 5039">
    <p class='ocr_par' dir='ltr' id='par_1_96' title="bbox 386 4965 1969 5039">
     <span class='ocr_line' id='line_1_96' title="bbox 386 4965 1969 5039; baseline 0.012 -24"><span class='ocrx_word' id='word_1_728' title='bbox 386 4965 561 5017; x_wconf 88' lang='lat' dir='ltr'><strong>multo</strong></span> <span class='ocrx_word' id='word_1_729' title='bbox 614 4967 787 5034; x_wconf 85' lang='lat' dir='ltr'><strong>magis</strong></span> <span class='ocrx_word' id='word_1_730' title='bbox 843 4968 971 5036; x_wconf 90' lang='lat' dir='ltr'><strong>quia</strong></span> <span class='ocrx_word' id='word_1_731' title='bbox 1010 4971 1278 5025; x_wconf 88' lang='lat' dir='ltr'><strong>timebant</strong></span> <span class='ocrx_word' id='word_1_732' title='bbox 1316 4990 1479 5039; x_wconf 90' lang='lat' dir='ltr'><strong>eum;</strong></span> <span class='ocrx_word' id='word_1_733' title='bbox 1520 4976 1793 5033; x_wconf 85' lang='lat' dir='ltr'><strong>violentus</strong></span> <span class='ocrx_word' id='word_1_734' title='bbox 1822 4979 1969 5033; x_wconf 89' lang='lat' dir='ltr'><strong>enim</strong></span> 
     </span>
    </p>
   </div>
   <div class='ocr_carea' id='block_1_97' title="bbox 384 5041 1969 5133">
    <p class='ocr_par' dir='ltr' id='par_1_97' title="bbox 384 5041 1969 5133">
     <span class='ocr_line' id='line_1_97' title="bbox 384 5041 1969 5133; baseline 0.009 -26"><span class='ocrx_word' id='word_1_735' title='bbox 384 5064 580 5110; x_wconf 83' lang='lat' dir='ltr'><strong>eratet</strong></span> <span class='ocrx_word' id='word_1_736' title='bbox 630 5058 887 5113; x_wconf 88' lang='lat' dir='ltr'><strong>mulieres</strong></span> <span class='ocrx_word' id='word_1_737' title='bbox 951 5041 1265 5131; x_wconf 54' lang='lat' dir='ltr'><strong>magnatum</strong></span> <span class='ocrx_word' id='word_1_738' title='bbox 1306 5050 1584 5133; x_wconf 76' lang='lat' dir='ltr'><strong>rapiebat;</strong></span> <span class='ocrx_word' id='word_1_739' title='bbox 1620 5069 1775 5124; x_wconf 89' lang='lat' dir='ltr'><strong>valde</strong></span> <span class='ocrx_word' id='word_1_740' title='bbox 1822 5071 1969 5123; x_wconf 86' lang='lat' dir='ltr'><strong>enim</strong></span> 
     </span>
    </p>
   </div>
   <div class='ocr_carea' id='block_1_98' title="bbox 384 5146 1962 5229">
    <p class='ocr_par' dir='ltr' id='par_1_98' title="bbox 384 5146 1962 5229">
     <span class='ocr_line' id='line_1_98' title="bbox 384 5146 1962 5229; baseline 0.011 -31"><span class='ocrx_word' id='word_1_741' title='bbox 384 5146 711 5203; x_wconf 86' lang='lat' dir='ltr'><strong>libidinosus</strong></span> <span class='ocrx_word' id='word_1_742' title='bbox 727 5159 864 5215; x_wconf 91' lang='lat' dir='ltr'><strong>erat,</strong></span> <span class='ocrx_word' id='word_1_743' title='bbox 883 5152 1025 5206; x_wconf 92' lang='lat' dir='ltr'><strong>sicut</strong></span> <span class='ocrx_word' id='word_1_744' title='bbox 1040 5162 1091 5205; x_wconf 90' lang='lat' dir='ltr'><strong>et</strong></span> <span class='ocrx_word' id='word_1_745' title='bbox 1111 5152 1348 5209; x_wconf 85' lang='lat' dir='ltr'><strong>Zarades</strong></span> <span class='ocrx_word' id='word_1_746' title='bbox 1381 5154 1566 5223; x_wconf 86' lang='lat' dir='ltr'><strong>Persa,</strong></span> <span class='ocrx_word' id='word_1_747' title='bbox 1588 5160 1801 5213; x_wconf 85' lang='lat' dir='ltr'><strong>amicus</strong></span> <span class='ocrx_word' id='word_1_748' title='bbox 1820 5161 1962 5229; x_wconf 85' lang='lat' dir='ltr'><strong>ejus.</strong></span> 
     </span>
    </p>
   </div>
   <div class='ocr_carea' id='block_1_99' title="bbox 386 5238 1973 5321">
    <p class='ocr_par' dir='ltr' id='par_1_99' title="bbox 386 5238 1973 5321">
     <span class='ocr_line' id='line_1_99' title="bbox 386 5238 1973 5321; baseline 0.014 -33"><span class='ocrx_word' id='word_1_749' title='bbox 386 5238 704 5318; x_wconf 75' lang='lat' dir='ltr'><strong>Dionysium</strong></span> <span class='ocrx_word' id='word_1_750' title='bbox 752 5260 933 5314; x_wconf 86' lang='lat' dir='ltr'><strong>regem</strong></span> <span class='ocrx_word' id='word_1_751' title='bbox 967 5246 1257 5301; x_wconf 89' lang='lat' dir='ltr'><strong>coluerunt</strong></span> <span class='ocrx_word' id='word_1_752' title='bbox 1304 5248 1471 5302; x_wconf 68' lang='lat' dir='ltr'><strong>Actzei</strong></span> <span class='ocrx_word' id='word_1_753' title='bbox 1498 5250 1598 5320; x_wconf 88' lang='lat' dir='ltr'><strong>(l),</strong></span> <span class='ocrx_word' id='word_1_754' title='bbox 1628 5253 1758 5321; x_wconf 89' lang='lat' dir='ltr'><strong>quia</strong></span> <span class='ocrx_word' id='word_1_755' title='bbox 1794 5254 1846 5307; x_wconf 92' lang='lat' dir='ltr'><strong>in</strong></span> <span class='ocrx_word' id='word_1_756' title='bbox 1881 5270 1973 5309; x_wconf 88' lang='lat' dir='ltr'><strong>eo-</strong></span> 
     </span>
    </p>
   </div>
   <div class='ocr_carea' id='block_1_100' title="bbox 386 5333 1970 5414">
    <p class='ocr_par' dir='ltr' id='par_1_100' title="bbox 386 5333 1970 5414">
     <span class='ocr_line' id='line_1_100' title="bbox 386 5333 1970 5414; baseline 0.01 -31"><span class='ocrx_word' id='word_1_757' title='bbox 386 5347 506 5385; x_wconf 83' lang='lat' dir='ltr'><strong>rum</strong></span> <span class='ocrx_word' id='word_1_758' title='bbox 542 5333 763 5404; x_wconf 79' lang='lat' dir='ltr'><strong>regione</strong></span> <span class='ocrx_word' id='word_1_759' title='bbox 792 5338 954 5391; x_wconf 91' lang='lat' dir='ltr'><strong>vitem</strong></span> <span class='ocrx_word' id='word_1_760' title='bbox 985 5338 1357 5406; x_wconf 88' lang='lat' dir='ltr'><strong>plantaverat;</strong></span> <span class='ocrx_word' id='word_1_761' title='bbox 1392 5339 1631 5412; x_wconf 66' lang='lat' dir='ltr'><strong>Egyptii</strong></span> <span class='ocrx_word' id='word_1_762' title='bbox 1667 5342 1970 5414; x_wconf 79' lang='lat' dir='ltr'><strong>Joscphum</strong></span> 
     </span>
    </p>
   </div>
   <div class='ocr_carea' id='block_1_101' title="bbox 384 5422 1972 5505">
    <p class='ocr_par' dir='ltr' id='par_1_101' title="bbox 384 5422 1972 5505">
     <span class='ocr_line' id='line_1_101' title="bbox 384 5422 1972 5505; baseline 0.01 -29"><span class='ocrx_word' id='word_1_763' title='bbox 384 5422 693 5491; x_wconf 68' lang='lat' dir='ltr'><strong>Hebraeum,</strong></span> <span class='ocrx_word' id='word_1_764' title='bbox 739 5430 833 5497; x_wconf 92' lang='lat' dir='ltr'><strong>qui</strong></span> <span class='ocrx_word' id='word_1_765' title='bbox 889 5441 943 5483; x_wconf 92' lang='lat' dir='ltr'><strong>et</strong></span> <span class='ocrx_word' id='word_1_766' title='bbox 997 5429 1250 5500; x_wconf 89' lang='lat' dir='ltr'><strong>Serapis,</strong></span> <span class='ocrx_word' id='word_1_767' title='bbox 1290 5434 1419 5503; x_wconf 87' lang='lat' dir='ltr'><strong>quia</strong></span> <span class='ocrx_word' id='word_1_768' title='bbox 1464 5437 1834 5505; x_wconf 86' lang='lat' dir='ltr'><strong>suppeditavit</strong></span> <span class='ocrx_word' id='word_1_769' title='bbox 1862 5438 1972 5493; x_wconf 91' lang='lat' dir='ltr'><strong>illis</strong></span> 
     </span>
    </p>
   </div>
   <div class='ocr_carea' id='block_1_102' title="bbox 383 5515 1973 5595">
    <p class='ocr_par' dir='ltr' id='par_1_102' title="bbox 383 5515 1973 5595">
     <span class='ocr_line' id='line_1_102' title="bbox 383 5515 1973 5595; baseline 0.011 -26"><span class='ocrx_word' id='word_1_770' title='bbox 383 5515 719 5573; x_wconf 76' lang='lat' dir='ltr'><strong>frumentum</strong></span> <span class='ocrx_word' id='word_1_771' title='bbox 764 5522 816 5573; x_wconf 92' lang='lat' dir='ltr'><strong>in</strong></span> <span class='ocrx_word' id='word_1_772' title='bbox 870 5526 1031 5578; x_wconf 89' lang='lat' dir='ltr'><strong>annis</strong></span> <span class='ocrx_word' id='word_1_773' title='bbox 1063 5529 1337 5595; x_wconf 88' lang='lat' dir='ltr'><strong>egestatis.</strong></span> <span class='ocrx_word' id='word_1_774' title='bbox 1385 5528 1771 5585; x_wconf 87' lang='lat' dir='ltr'><strong>Adoraverunt</strong></span> <span class='ocrx_word' id='word_1_775' title='bbox 1801 5532 1973 5587; x_wconf 88' lang='lat' dir='ltr'><strong>Athe-</strong></span> 
     </span>
    </p>
   </div>
   <div class='ocr_carea' id='block_1_103' title="bbox 385 5609 1968 5692">
    <p class='ocr_par' dir='ltr' id='par_1_103' title="bbox 385 5609 1968 5692">
     <span class='ocr_line' id='line_1_103' title="bbox 385 5609 1968 5692; baseline 0.012 -31"><span class='ocrx_word' id='word_1_776' title='bbox 385 5609 605 5667; x_wconf 88' lang='lat' dir='ltr'><strong>nienses</strong></span> <span class='ocrx_word' id='word_1_777' title='bbox 637 5613 903 5669; x_wconf 79' lang='lat' dir='ltr'><strong>Atheuam</strong></span> <span class='ocrx_word' id='word_1_778' title='bbox 933 5616 1097 5672; x_wconf 82' lang='lat' dir='ltr'><strong>ﬁliam</strong></span> <span class='ocrx_word' id='word_1_779' title='bbox 1125 5618 1296 5685; x_wconf 83' lang='lat' dir='ltr'><strong>.lovis,</strong></span> <span class='ocrx_word' id='word_1_780' title='bbox 1334 5621 1477 5692; x_wconf 89' lang='lat' dir='ltr'><strong>regis</strong></span> <span class='ocrx_word' id='word_1_781' title='bbox 1518 5623 1716 5678; x_wconf 65' lang='lat' dir='ltr'><strong>insulae</strong></span> <span class='ocrx_word' id='word_1_782' title='bbox 1750 5623 1927 5679; x_wconf 71' lang='lat' dir='ltr'><strong>Cretae</strong></span> <span class='ocrx_word' id='word_1_783' title='bbox 1953 5663 1968 5691; x_wconf 91' lang='lat'><strong>,</strong></span> 
     </span>
    </p>
   </div>
   <div class='ocr_carea' id='block_1_104' title="bbox 456 5806 951 5875">
    <p class='ocr_par' dir='ltr' id='par_1_104' title="bbox 456 5806 951 5875">
     <span class='ocr_line' id='line_1_104' title="bbox 456 5806 951 5875; baseline 0.022 -19"><span class='ocrx_word' id='word_1_784' title='bbox 456 5806 531 5875; x_wconf 76' lang='lat' dir='ltr'><strong>(i)</strong></span> <span class='ocrx_word' id='word_1_785' title='bbox 571 5806 951 5867; x_wconf 81' lang='lat' dir='ltr'><strong>Athenienses.</strong></span> 
     </span>
    </p>
   </div>
   <div class='ocr_carea' id='block_1_105' title="bbox 2079 4612 3645 4685">
    <p class='ocr_par' dir='ltr' id='par_1_105' title="bbox 2079 4612 3645 4685">
     <span class='ocr_line' id='line_1_105' title="bbox 2079 4612 3645 4685; baseline -0.001 -18"><span class='ocrx_word' id='word_1_786' title='bbox 2079 4620 2207 4667; x_wconf 92' lang='lat' dir='ltr'><strong>sunt</strong></span> <span class='ocrx_word' id='word_1_787' title='bbox 2238 4612 2558 4668; x_wconf 65' lang='lat' dir='ltr'><strong>aestimanda</strong></span> <span class='ocrx_word' id='word_1_788' title='bbox 2588 4631 2599 4665; x_wconf 91' lang='lat'>:</span> <span class='ocrx_word' id='word_1_789' title='bbox 2638 4612 2904 4683; x_wconf 87' lang='lat' dir='ltr'><strong>imagines</strong></span> <span class='ocrx_word' id='word_1_790' title='bbox 2951 4620 3009 4666; x_wconf 91' lang='lat' dir='ltr'><strong>ut</strong></span> <span class='ocrx_word' id='word_1_791' title='bbox 3044 4613 3350 4682; x_wconf 88' lang='lat' dir='ltr'><strong>imagines,</strong></span> <span class='ocrx_word' id='word_1_792' title='bbox 3392 4614 3645 4685; x_wconf 75' lang='lat' dir='ltr'><strong>sculptilia</strong></span> 
     </span>
    </p>
   </div>
   <div class='ocr_carea' id='block_1_106' title="bbox 2078 4706 3645 4776">
    <p class='ocr_par' dir='ltr' id='par_1_106' title="bbox 2078 4706 3645 4776">
     <span class='ocr_line' id='line_1_106' title="bbox 2078 4706 3645 4776; baseline 0 -17"><span class='ocrx_word' id='word_1_793' title='bbox 2078 4716 2137 4759; x_wconf 94' lang='lat' dir='ltr'><strong>ut</strong></span> <span class='ocrx_word' id='word_1_794' title='bbox 2166 4706 2476 4776; x_wconf 86' lang='lat' dir='ltr'><strong>sculptilia;</strong></span> <span class='ocrx_word' id='word_1_795' title='bbox 2507 4715 2561 4760; x_wconf 93' lang='lat' dir='ltr'><strong>et</strong></span> <span class='ocrx_word' id='word_1_796' title='bbox 2588 4722 2721 4761; x_wconf 86' lang='lat' dir='ltr'><strong>cave</strong></span> <span class='ocrx_word' id='word_1_797' title='bbox 2752 4721 2819 4760; x_wconf 86' lang='lat' dir='ltr'><strong>ne</strong></span> <span class='ocrx_word' id='word_1_798' title='bbox 2847 4714 3159 4761; x_wconf 88' lang='lat' dir='ltr'><strong>creaturam</strong></span> <span class='ocrx_word' id='word_1_799' title='bbox 3197 4721 3375 4775; x_wconf 85' lang='lat' dir='ltr'><strong>ponas</strong></span> <span class='ocrx_word' id='word_1_800' title='bbox 3414 4708 3537 4763; x_wconf 88' lang='lat' dir='ltr'><strong>loco</strong></span> <span class='ocrx_word' id='word_1_801' title='bbox 3566 4707 3645 4760; x_wconf 74' lang='lat' dir='ltr'><strong>Fa-</strong></span> 
     </span>
    </p>
   </div>
   <div class='ocr_carea' id='block_1_107' title="bbox 2078 4798 3640 4869">
    <p class='ocr_par' dir='ltr' id='par_1_107' title="bbox 2078 4798 3640 4869">
     <span class='ocr_line' id='line_1_107' title="bbox 2078 4798 3640 4869; baseline 0.003 -18"><span class='ocrx_word' id='word_1_802' title='bbox 2078 4798 2267 4853; x_wconf 91' lang='lat' dir='ltr'><strong>ctoris.</strong></span> <span class='ocrx_word' id='word_1_803' title='bbox 2309 4798 2452 4854; x_wconf 80' lang='lat' dir='ltr'><strong>Deus</strong></span> <span class='ocrx_word' id='word_1_804' title='bbox 2479 4800 2626 4853; x_wconf 90' lang='lat' dir='ltr'><strong>omni</strong></span> <span class='ocrx_word' id='word_1_805' title='bbox 2657 4810 2903 4869; x_wconf 88' lang='lat' dir='ltr'><strong>tempore</strong></span> <span class='ocrx_word' id='word_1_806' title='bbox 2927 4800 3090 4864; x_wconf 82' lang='lat' dir='ltr'><strong>vivit,</strong></span> <span class='ocrx_word' id='word_1_807' title='bbox 3124 4799 3468 4855; x_wconf 82' lang='lat' dir='ltr'><strong>intellectum</strong></span> <span class='ocrx_word' id='word_1_808' title='bbox 3513 4812 3640 4855; x_wconf 83' lang='lat' dir='ltr'><strong>tuum</strong></span> 
     </span>
    </p>
   </div>
   <div class='ocr_carea' id='block_1_108' title="bbox 2077 4890 3641 4965">
    <p class='ocr_par' dir='ltr' id='par_1_108' title="bbox 2077 4890 3641 4965">
     <span class='ocr_line' id='line_1_108' title="bbox 2077 4890 3641 4965; baseline 0.002 -21"><span class='ocrx_word' id='word_1_809' title='bbox 2077 4890 2297 4961; x_wconf 87' lang='lat' dir='ltr'><strong>implet:</strong></span> <span class='ocrx_word' id='word_1_810' title='bbox 2319 4892 2624 4948; x_wconf 88' lang='lat' dir='ltr'><strong>intellectus</strong></span> <span class='ocrx_word' id='word_1_811' title='bbox 2646 4894 2789 4947; x_wconf 92' lang='lat' dir='ltr'><strong>enim</strong></span> <span class='ocrx_word' id='word_1_812' title='bbox 2812 4903 2936 4948; x_wconf 91' lang='lat' dir='ltr'><strong>tuus</strong></span> <span class='ocrx_word' id='word_1_813' title='bbox 2962 4893 3256 4963; x_wconf 86' lang='lat' dir='ltr'><strong>imaginem</strong></span> <span class='ocrx_word' id='word_1_814' title='bbox 3282 4897 3641 4965; x_wconf 66' lang='lat' dir='ltr'><strong>personarejus</strong></span> 
     </span>
    </p>
   </div>
   <div class='ocr_carea' id='block_1_109' title="bbox 2076 4985 3640 5054">
    <p class='ocr_par' dir='ltr' id='par_1_109' title="bbox 2076 4985 3640 5054">
     <span class='ocr_line' id='line_1_109' title="bbox 2076 4985 3640 5054; baseline 0.002 -18"><span class='ocrx_word' id='word_1_815' title='bbox 2076 4994 2464 5052; x_wconf 62' lang='lat' dir='ltr'><strong>reprazsentat;</strong></span> <span class='ocrx_word' id='word_1_816' title='bbox 2496 4985 2611 5054; x_wconf 90' lang='lat' dir='ltr'><strong>ipse</strong></span> <span class='ocrx_word' id='word_1_817' title='bbox 2632 4986 2776 5041; x_wconf 86' lang='lat' dir='ltr'><strong>enim</strong></span> <span class='ocrx_word' id='word_1_818' title='bbox 2797 4986 3087 5043; x_wconf 87' lang='lat' dir='ltr'><strong>invisibilis</strong></span> <span class='ocrx_word' id='word_1_819' title='bbox 3111 4997 3216 5051; x_wconf 91' lang='lat' dir='ltr'><strong>est,</strong></span> <span class='ocrx_word' id='word_1_820' title='bbox 3240 4987 3589 5043; x_wconf 80' lang='lat' dir='ltr'><strong>immutabilis</strong></span> <span class='ocrx_word' id='word_1_821' title='bbox 3601 5000 3640 5039; x_wconf 63' lang='lat' dir='ltr'><strong>ei</strong></span> 
     </span>
    </p>
   </div>
   <div class='ocr_carea' id='block_1_110' title="bbox 2078 5075 3637 5151">
    <p class='ocr_par' dir='ltr' id='par_1_110' title="bbox 2078 5075 3637 5151">
     <span class='ocr_line' id='line_1_110' title="bbox 2078 5075 3637 5151; baseline 0.003 -23"><span class='ocrx_word' id='word_1_822' title='bbox 2078 5075 2663 5147; x_wconf 87' lang='lat' dir='ltr'><strong>incomprehensibilis,</strong></span> <span class='ocrx_word' id='word_1_823' title='bbox 2693 5088 2747 5133; x_wconf 91' lang='lat' dir='ltr'><strong>et</strong></span> <span class='ocrx_word' id='word_1_824' title='bbox 2767 5078 2833 5134; x_wconf 88' lang='lat' dir='ltr'><strong>ad</strong></span> <span class='ocrx_word' id='word_1_825' title='bbox 2864 5081 2984 5149; x_wconf 88' lang='lat' dir='ltr'><strong>ejus</strong></span> <span class='ocrx_word' id='word_1_826' title='bbox 3006 5090 3200 5135; x_wconf 91' lang='lat' dir='ltr'><strong>nutum</strong></span> <span class='ocrx_word' id='word_1_827' title='bbox 3225 5082 3414 5136; x_wconf 82' lang='lat' dir='ltr'><strong>omnia</strong></span> <span class='ocrx_word' id='word_1_828' title='bbox 3435 5098 3637 5151; x_wconf 74' lang='lat' dir='ltr'><strong>corpora</strong></span> 
     </span>
    </p>
   </div>
   <div class='ocr_carea' id='block_1_111' title="bbox 2080 5168 3635 5242">
    <p class='ocr_par' dir='ltr' id='par_1_111' title="bbox 2080 5168 3635 5242">
     <span class='ocr_line' id='line_1_111' title="bbox 2080 5168 3635 5242; baseline -0.001 -19"><span class='ocrx_word' id='word_1_829' title='bbox 2080 5179 2391 5223; x_wconf 86' lang='lat' dir='ltr'><strong>moventur.</strong></span> <span class='ocrx_word' id='word_1_830' title='bbox 2418 5168 2532 5225; x_wconf 89' lang='lat' dir='ltr'><strong>lloc</strong></span> <span class='ocrx_word' id='word_1_831' title='bbox 2557 5186 2685 5242; x_wconf 88' lang='lat' dir='ltr'><strong>ergo</strong></span> <span class='ocrx_word' id='word_1_832' title='bbox 2716 5171 2861 5226; x_wconf 90' lang='lat' dir='ltr'><strong>scias</strong></span> <span class='ocrx_word' id='word_1_833' title='bbox 2888 5188 2901 5224; x_wconf 89' lang='lat'><strong>:</strong></span> <span class='ocrx_word' id='word_1_834' title='bbox 2933 5171 2979 5225; x_wconf 91' lang='lat' dir='ltr'><strong>si</strong></span> <span class='ocrx_word' id='word_1_835' title='bbox 3008 5187 3132 5226; x_wconf 90' lang='lat' dir='ltr'><strong>eum</strong></span> <span class='ocrx_word' id='word_1_836' title='bbox 3169 5172 3263 5242; x_wconf 91' lang='lat' dir='ltr'><strong>qui</strong></span> <span class='ocrx_word' id='word_1_837' title='bbox 3305 5172 3635 5228; x_wconf 61' lang='lat' dir='ltr'><strong>immutabilis</strong></span> 
     </span>
    </p>
   </div>
   <div class='ocr_carea' id='block_1_112' title="bbox 2079 5252 3635 5335">
    <p class='ocr_par' dir='ltr' id='par_1_112' title="bbox 2079 5252 3635 5335">
     <span class='ocr_line' id='line_1_112' title="bbox 2079 5252 3635 5335; baseline -0.001 -16"><span class='ocrx_word' id='word_1_838' title='bbox 2079 5275 2162 5320; x_wconf 92' lang='lat' dir='ltr'><strong>est</strong></span> <span class='ocrx_word' id='word_1_839' title='bbox 2183 5265 2443 5332; x_wconf 87' lang='lat' dir='ltr'><strong>colueris,</strong></span> <span class='ocrx_word' id='word_1_840' title='bbox 2473 5265 2616 5319; x_wconf 89' lang='lat' dir='ltr'><strong>sicut</strong></span> <span class='ocrx_word' id='word_1_841' title='bbox 2640 5252 2760 5335; x_wconf 88' lang='lat' dir='ltr'><strong>ipse</strong></span> <span class='ocrx_word' id='word_1_842' title='bbox 2782 5276 3019 5320; x_wconf 82' lang='lat' dir='ltr'><strong>:eternus</strong></span> <span class='ocrx_word' id='word_1_843' title='bbox 3040 5276 3144 5330; x_wconf 90' lang='lat' dir='ltr'><strong>est,</strong></span> <span class='ocrx_word' id='word_1_844' title='bbox 3165 5267 3241 5321; x_wconf 89' lang='lat' dir='ltr'><strong>ita</strong></span> <span class='ocrx_word' id='word_1_845' title='bbox 3264 5278 3321 5322; x_wconf 92' lang='lat' dir='ltr'><strong>et</strong></span> <span class='ocrx_word' id='word_1_846' title='bbox 3345 5277 3423 5326; x_wconf 91' lang='lat' dir='ltr'><strong>tu.</strong></span> <span class='ocrx_word' id='word_1_847' title='bbox 3454 5284 3564 5323; x_wconf 87' lang='lat' dir='ltr'><strong>cum</strong></span> <span class='ocrx_word' id='word_1_848' title='bbox 3591 5269 3635 5319; x_wconf 67' lang='lat' dir='ltr'><strong>il</strong></span> 
     </span>
    </p>
   </div>
   <div class='ocr_carea' id='block_1_113' title="bbox 2078 5350 3631 5422">
    <p class='ocr_par' dir='ltr' id='par_1_113' title="bbox 2078 5350 3631 5422">
     <span class='ocr_line' id='line_1_113' title="bbox 2078 5350 3631 5422; baseline -0.001 -15"><span class='ocrx_word' id='word_1_849' title='bbox 2078 5352 2169 5407; x_wconf 88' lang='lat' dir='ltr'><strong>lud</strong></span> <span class='ocrx_word' id='word_1_850' title='bbox 2217 5354 2429 5408; x_wconf 90' lang='lat' dir='ltr'><strong>visibile</strong></span> <span class='ocrx_word' id='word_1_851' title='bbox 2461 5364 2514 5407; x_wconf 90' lang='lat' dir='ltr'><strong>et</strong></span> <span class='ocrx_word' id='word_1_852' title='bbox 2545 5350 2901 5422; x_wconf 78' lang='lat' dir='ltr'><strong>corruptibile</strong></span> <span class='ocrx_word' id='word_1_853' title='bbox 2932 5354 3185 5419; x_wconf 74' lang='lat' dir='ltr'><strong>exueris,</strong></span> <span class='ocrx_word' id='word_1_854' title='bbox 3215 5357 3264 5409; x_wconf 84' lang='lat' dir='ltr'><strong>ei</strong></span> <span class='ocrx_word' id='word_1_855' title='bbox 3300 5356 3356 5409; x_wconf 92' lang='lat' dir='ltr'><strong>in</strong></span> <span class='ocrx_word' id='word_1_856' title='bbox 3394 5366 3631 5410; x_wconf 58' lang='lat' dir='ltr'><strong>sternam</strong></span> 
     </span>
    </p>
   </div>
   <div class='ocr_carea' id='block_1_114' title="bbox 2080 5446 3629 5515">
    <p class='ocr_par' dir='ltr' id='par_1_114' title="bbox 2080 5446 3629 5515">
     <span class='ocr_line' id='line_1_114' title="bbox 2080 5446 3629 5515; baseline -0.001 -16"><span class='ocrx_word' id='word_1_857' title='bbox 2080 5446 2285 5501; x_wconf 88' lang='lat' dir='ltr'><strong>astabis</strong></span> <span class='ocrx_word' id='word_1_858' title='bbox 2313 5446 2502 5501; x_wconf 89' lang='lat' dir='ltr'><strong>vivens</strong></span> <span class='ocrx_word' id='word_1_859' title='bbox 2533 5456 2587 5499; x_wconf 90' lang='lat' dir='ltr'><strong>et</strong></span> <span class='ocrx_word' id='word_1_860' title='bbox 2610 5447 2791 5501; x_wconf 88' lang='lat' dir='ltr'><strong>sciens</strong></span> <span class='ocrx_word' id='word_1_861' title='bbox 2817 5486 2830 5511; x_wconf 92' lang='lat'><strong>,</strong></span> <span class='ocrx_word' id='word_1_862' title='bbox 2865 5455 2919 5499; x_wconf 89' lang='lat' dir='ltr'><strong>et</strong></span> <span class='ocrx_word' id='word_1_863' title='bbox 2944 5461 3110 5515; x_wconf 85' lang='lat' dir='ltr'><strong>Opera</strong></span> <span class='ocrx_word' id='word_1_864' title='bbox 3142 5456 3234 5500; x_wconf 88' lang='lat' dir='ltr'><strong>tua</strong></span> <span class='ocrx_word' id='word_1_865' title='bbox 3266 5457 3430 5502; x_wconf 88' lang='lat' dir='ltr'><strong>erunt</strong></span> <span class='ocrx_word' id='word_1_866' title='bbox 3454 5448 3544 5502; x_wconf 88' lang='lat' dir='ltr'><strong>tibi</strong></span> <span class='ocrx_word' id='word_1_867' title='bbox 3563 5448 3629 5501; x_wconf 85' lang='lat' dir='ltr'><strong>di-</strong></span> 
     </span>
    </p>
   </div>
   <div class='ocr_carea' id='block_1_115' title="bbox 2080 5536 3626 5608">
    <p class='ocr_par' dir='ltr' id='par_1_115' title="bbox 2080 5536 3626 5608">
     <span class='ocr_line' id='line_1_115' title="bbox 2080 5536 3626 5608; baseline 0.001 -19"><span class='ocrx_word' id='word_1_868' title='bbox 2080 5537 2225 5591; x_wconf 65' lang='lat' dir='ltr'><strong>vitice</strong></span> <span class='ocrx_word' id='word_1_869' title='bbox 2257 5552 2378 5606; x_wconf 70' lang='lat' dir='ltr'><strong>qua:</strong></span> <span class='ocrx_word' id='word_1_870' title='bbox 2418 5552 2526 5590; x_wconf 88' lang='lat' dir='ltr'><strong>non</strong></span> <span class='ocrx_word' id='word_1_871' title='bbox 2576 5547 2825 5606; x_wconf 89' lang='lat' dir='ltr'><strong>pereunt.</strong></span> <span class='ocrx_word' id='word_1_872' title='bbox 2854 5536 3168 5591; x_wconf 80' lang='lat' dir='ltr'><strong>Memineris</strong></span> <span class='ocrx_word' id='word_1_873' title='bbox 3212 5547 3398 5593; x_wconf 87' lang='lat' dir='ltr'><strong>autem</strong></span> <span class='ocrx_word' id='word_1_874' title='bbox 3430 5554 3626 5608; x_wconf 84' lang='lat' dir='ltr'><strong>operum</strong></span> 
     </span>
    </p>
   </div>
   <div class='ocr_carea' id='block_1_116' title="bbox 2080 5627 3626 5685">
    <p class='ocr_par' dir='ltr' id='par_1_116' title="bbox 2080 5627 3626 5685">
     <span class='ocr_line' id='line_1_116' title="bbox 2080 5627 3626 5685; baseline 0 -2"><span class='ocrx_word' id='word_1_875' title='bbox 2080 5636 2300 5683; x_wconf 90' lang='lat' dir='ltr'><strong>tuorum</strong></span> <span class='ocrx_word' id='word_1_876' title='bbox 2328 5628 2600 5682; x_wconf 88' lang='lat' dir='ltr'><strong>bonorum</strong></span> <span class='ocrx_word' id='word_1_877' title='bbox 2635 5627 2851 5683; x_wconf 78' lang='lat' dir='ltr'><strong>initium</strong></span> <span class='ocrx_word' id='word_1_878' title='bbox 2893 5642 3016 5685; x_wconf 85' lang='lat' dir='ltr'><strong>esse</strong></span> <span class='ocrx_word' id='word_1_879' title='bbox 3041 5638 3094 5683; x_wconf 85' lang='lat' dir='ltr'><strong>et</strong></span> <span class='ocrx_word' id='word_1_880' title='bbox 3122 5627 3533 5685; x_wconf 78' lang='lat' dir='ltr'><strong>fundamentum</strong></span> <span class='ocrx_word' id='word_1_881' title='bbox 3554 5627 3626 5683; x_wconf 73' lang='lat' dir='ltr'><strong>Dei</strong></span> 
     </span>
    </p>
   </div>
  </div>
