3792 6218
142 302 266 358 1229

1515 316 1965 375 FRAGMENTA.

3250 281 3395 380 issu

138 416 503 486 cognitionem
543 425 597 474 et
666 420 909 491 cultum;
948 440 1048 505 nec
1111 428 1265 485 illum
1299 445 1329 484 a
1378 439 1431 484 te
1467 444 1712 501 quaerere
1741 440 1785 497 Î‘
1814 432 1864 489 is
1896 432 2042 488 enim
2075 432 2167 502 qui
2217 432 2374 502 longe
2412 440 2496 490 est
2540 448 2571 488 a
2629 433 2937 505 cognitione
2970 434 3065 490 Dei
3102 434 3229 500 vivi,
3278 438 3392 506 jam

139 511 431 580 quidquam
464 512 533 569 de
561 513 629 568 iis
656 530 778 596 qua:
804 532 911 571 non
939 531 1067 576 sunt
1103 524 1416 578 necessaria
1458 527 1699 596 cognitu.

137 600 269 668 Quid
312 610 400 657 est
430 600 623 657 Deus?
653 595 757 681 ille;
777 608 870 677 qui
908 611 1109 668 veritas
1134 622 1217 668 est
1243 623 1296 668 et
1328 614 1553 669 verbum
1583 616 1704 686 ejus

135 694 343 749 veritas.
373 693 519 759 Quid
547 709 675 750 vero
699 707 784 752 est
813 701 1049 757 veritas?
1072 704 1211 758 Illud
1232 705 1376 775 quod
1401 706 1702 762 increatum

134 795 211 841 est
232 795 285 841 et
311 786 654 845 intellectum
686 800 944 861 superat;
986 794 1115 850 illud
1144 797 1291 865 quod
1318 806 1402 853 est
1429 799 1548 854 sine
1598 800 1705 854 iui-

136 879 207 932 tio
255 886 309 934 et
366 882 577 937 veritas
638 885 964 953 appellatur.
992 886 1134 954 Ergo
1173 888 1220 943 si
1271 890 1436 944 homo
1487 904 1705 947 creatu-

134 984 242 1023 ram
290 970 522 1039 adorat,
549 973 834 1030 veritatem
876 993 986 1032 non
1026 979 1222 1035 adorat
1261 996 1437 1052 neque
1476 983 1703 1039 verbum

137 1060 391 1116 veritatis.

199 1149 365 1205 Multo
401 1153 559 1223 plura
595 1155 789 1213 de-hac
822 1173 881 1214 re
913 1158 1169 1228 dicerem,
1206 1163 1300 1219 sed
1355 1164 1409 1218 in
1444 1163 1551 1220 illis
1584 1179 1711 1219 erus

134 1242 284 1297 besco
316 1244 414 1313 qui
454 1261 561 1300 non
592 1246 888 1320 intelligere
935 1262 1165 1321 possunt
1215 1256 1428 1325 seipsos
1472 1255 1708 1327 majores

134 1352 245 1392 esse
278 1339 542 1408 operibus
577 1358 837 1399 manuum
886 1360 1109 1402 suarum
1134 1388 1150 1413 ,
1183 1358 1235 1404 et
1266 1350 1358 1419 qui
1396 1366 1503 1406 non
1531 1352 1711 1406 anim-

137 1430 415 1486 advertunt
450 1433 661 1503 seipsos
694 1430 825 1491 dare
868 1453 1062 1493 aurum
1097 1449 1149 1494 et
1182 1450 1464 1512 argentum
1518 1442 1708 1507 fabris,

137 1531 190 1577 ut
215 1522 351 1592 ipsis
382 1525 547 1578 deum
603 1525 830 1595 faciant;
865 1539 919 1584 et
951 1546 1014 1584 ex
1054 1532 1173 1586 loco
1208 1532 1261 1586 in
1310 1534 1489 1589 locum
1525 1543 1708 1590 trans-

134 1612 305 1667 ferunt
337 1616 564 1672 divitias
596 1633 727 1691 suas
771 1629 824 1674 et
855 1637 948 1677 eas
982 1622 1234 1678 adorant.
1270 1623 1410 1691 Quid
1454 1641 1582 1681 vero
1612 1625 1712 1681 fla-

132 1705 373 1775 gitiosius
410 1724 577 1777 quam
616 1719 675 1763 ut
708 1712 833 1780 quis
863 1715 1051 1768 adoret
1079 1715 1297 1772 divitias
1325 1733 1475 1784 suas,
1514 1718 1584 1772 ab
1616 1718 1709 1773 illo

1809 534 2060 579 mortuus
2094 533 2148 578 et
2190 524 2433 594 sepultus
2464 533 2567 580 est.
2616 524 2898 581 Daemones
2937 535 2991 582 et
3029 528 3255 583 umbras
3278 545 3397 599 pre-

1808 610 1965 666 cibus
1999 608 2205 665 frustra
2250 610 2629 681 prosequeris,
2674 610 2767 682 qui
2796 612 2930 667 nihil
2957 611 3054 666 tibi
3096 605 3229 667 dare
3267 629 3395 684 pos-

1813 709 1963 756 sunt.

1880 788 1997 847 Non
2022 792 2257 863 amplius
2283 807 2412 862 ergo
2438 793 2754 849 societatem
2789 792 2993 851 habeas
3030 810 3155 851 cum
3204 796 3272 851 iis
3301 797 3397 869 qui

1812 902 1871 941 se
1906 886 2060 941 humi
2090 895 2440 956 prosternunt
2480 895 2535 941 et
2563 886 2768 956 lapides
2789 888 3126 954 osculantur,
3172 897 3225 944 et
3262 890 3400 945 dant

1810 977 1993 1031 cibum
2042 991 2202 1031 suum
2251 991 2435 1039 escam
2480 974 2614 1045 igni,
2644 983 2709 1045 et.
2742 975 3033 1030 admovent
3061 985 3237 1033 vestes
3266 992 3399 1033 suas

1810 1069 2000 1135 idolis;
2030 1074 2085 1123 et
2105 1066 2220 1138 qui,
2253 1082 2417 1122 sensu
2455 1065 2868 1135 praediti,scnsu
2888 1061 3396 1129 carentiaadorant,

1812 1159 1880 1214 ad
1922 1159 2094 1215 Deum
2128 1155 2589 1226 iucorruptibilem
2626 1172 2813 1226 preces
2857 1157 3200 1228 incorruptas
3232 1156 3398 1212 funde

1810 1265 1911 1320 pro
1943 1248 2123 1303 anima
2163 1256 2254 1301 tua
2296 1246 2712 1315 incorruptibili,
2737 1255 2791 1299 et
2821 1256 2950 1302 tunc
2995 1247 3132 1303 liber
3163 1262 3397 1319 appare-

1812 1341 1915 1397 bis.
1945 1338 2055 1394 Deo
2087 1337 2289 1409 gratias
2311 1353 2428 1409 age,
2459 1338 2553 1409 qui
2597 1347 2646 1393 te
2683 1348 2863 1393 mente
2906 1340 3073 1394 libera
3099 1340 3395 1409 praeditum

1810 1428 2033 1494 creavit,
2059 1420 2207 1483 utad
2241 1428 2524 1483 arbitrium
2544 1437 2697 1483 tuum
2722 1430 2994 1500 dirigaris.
3014 1429 3173 1497 Quod
3202 1431 3366 1499 sima
3389 1461 3401 1475 -

1812 1521 1925 1575 lum
1949 1520 2198 1590 elegeris,
2232 1520 2569 1574 damnationi
2625 1511 2935 1590 subjacebis
2992 1532 3091 1591 pro
3138 1520 3398 1591 operibus

1813 1613 2004 1668 malis:
2029 1613 2074 1667 si
2096 1612 2324 1681 bonum,
2349 1612 2509 1668 bonis
2536 1614 2722 1669 multis
2752 1614 2949 1670 frueris
2973 1629 3097 1670 cum
3116 1614 3226 1679 vita
3248 1622 3400 1669 aster.

1813 1722 1905 1761 na.
1939 1706 2079 1772 Quid
2107 1718 2237 1776 ergo
2264 1706 2510 1776 impedit,
2538 1722 2661 1761 cum
2696 1707 2847 1762 liber.
2867 1707 2943 1763 sis
2963 1748 2977 1773 ,
3000 1707 3133 1778 quin
3168 1721 3402 1762 conver--

132 1800 383 1854 recedens
420 1801 516 1870 qui
552 1817 644 1857 eas
690 1802 792 1873 ipsi
827 1806 1002 1871 dedit;
1053 1807 1330 1864 hominem
1368 1810 1584 1880 probris
1618 1826 1704 1880 ap-

1884 1799 2017 1854 tioni
2047 1808 2153 1853 tuae
2197 1798 2356 1853 mala:
2402 1798 2690 1863 valedicas,
2735 1807 2789 1854 et
2811 1816 3026 1870 quaeras
3050 1801 3174 1870 quis
3199 1800 3271 1856 sit
3291 1798 3403 1855 Do-

129 1898 295 1958 pctat,
354 1892 602 1947 hominis
649 1909 778 1949 vero
828 1894 1117 1968 imaginem
1172 1899 1402 1966 adoret;
1456 1900 1714 1954 animalia

129 1982 361 2047 occidat,
410 1985 758 2042 similitudini
804 2005 934 2044 vero
965 1990 1217 2047 animalis
1255 1993 1460 2047 cultum
1490 1992 1717 2048 reddat?

128 2072 270 2129 Patet
314 2092 413 2132 eos
458 2079 734 2150 opificium
789 2080 1073 2136 hominum
1121 2083 1379 2145 adorare;
1416 2099 1523 2138 non
1566 2085 1711 2138 enim

128 2176 359 2221 aromata
380 2168 521 2238 ipsa,
544 2170 635 2224 sed
660 2186 848 2225 eorum
869 2172 1131 2243 imagines
1149 2174 1216 2227 ab
1230 2173 1715 2229 artificibusfactas

127 2256 382 2326 adorant;
415 2276 521 2315 nec
565 2260 882 2332 fragmentis
904 2264 1023 2319 auri
1045 2275 1099 2320 et
1122 2267 1329 2337 argenti
1361 2266 1710 2332 sacrificant,

128 2349 210 2402 sed
243 2346 581 2421 imaginibus
611 2368 749 2420 quas
783 2371 849 2410 ex
868 2357 948 2411 eis
970 2366 1272 2413 tornatores
1302 2360 1531 2429 fingunt.
1566 2358 1715 2414 Stul-

127 2451 192 2503 te,
224 2441 353 2509 quid
391 2443 632 2512 amplius
657 2446 817 2501 habet
840 2464 1032 2503 aurum
1064 2459 1215 2503 tuum
1250 2462 1309 2504 ut
1343 2465 1487 2505 nunc
1516 2450 1713 2507 adores

128 2530 285 2615 illud?
330 2531 475 2588 Num
506 2535 635 2605 quia
673 2538 911 2593 volucris
946 2539 1174 2610 figuram
1214 2538 1410 2605 induit,
1458 2541 1541 2594 vel
1581 2542 1710 2596 fera:

126 2626 365 2679 voracis?
417 2626 557 2682 Ecce
601 2627 715 2683 fera
753 2629 889 2699 ipsa,
936 2646 1062 2685 ecce
1087 2631 1306 2687 volucer
1335 2633 1505 2687 adest.
1565 2631 1631 2687 Et
1664 2632 1709 2688 si

126 2717 403 2772 artificium
442 2719 687 2787 miraris,
725 2732 929 2791 quanto
960 2722 1265 2779 mirabilius
1302 2723 1580 2795 opificium
1614 2724 1711 2780 Dei

127 2807 210 2875 qui
236 2817 436 2863 cuncta
471 2811 703 2872 creavit,
735 2820 790 2865 et
837 2813 1325 2870 adsimilitudinem
1365 2829 1521 2869 suam
1551 2802 1710 2885 ipsos

126 2899 351 2955 artifices
378 2900 532 2965 fecit,
557 2902 648 2971 qui
678 2917 839 2972 opera
867 2902 988 2973 ejus
1017 2904 1238 2971 imitari,
1262 2906 1353 2960 sed
1389 2904 1590 2959 frustra
1624 2919 1713 2961 co-

126 2997 333 3043 nantur.
378 2988 650 3045 Dicesne:
680 2990 985 3051 Curtalcm
1037 3008 1146 3047 non
1183 3009 1269 3048 me
1302 2994 1507 3049 creavit
1542 2994 1708 3059 Deus,

128 3089 179 3133 ut
206 3079 278 3134 illi
301 3090 355 3137 et
383 3098 493 3137 non
530 3081 691 3137 idolis
721 3084 1017 3139 servirem?
1044 3083 1133 3139 Sic
1165 3094 1215 3140 te
1238 3101 1332 3141 vas
1355 3085 1548 3141 inutile
1572 3102 1709 3141 con-
1737 3123 1782 3185 ÎŸ

126 3170 281 3226 literis
311 3171 444 3225 dum
483 3173 651 3227 homo
686 3174 841 3229 vivus
874 3189 996 3229 esse
1022 3175 1225 3244 possis.
1241 3173 1383 3230 Deus
1404 3177 1551 3231 enim
1581 3171 1709 3232 feeit

127 3274 173 3319 te
191 3272 347 3332 prout
381 3263 487 3333 ipsi
509 3261 776 3334 optimum
796 3265 972 3319 visum
993 3274 1076 3320 est
1098 3274 1151 3321 et
1174 3275 1353 3321 mente
1375 3266 1546 3322 libera
1571 3282 1711 3337 pra:-

124 3353 282 3407 ditum
302 3373 317 3409 :
337 3363 541 3410 cuncta
575 3362 704 3410 ante
731 3365 782 3411 te
810 3356 1019 3425 posuit;
1052 3366 1204 3413 tuum
1228 3356 1477 3429 estquod
1506 3360 1708 3415 bonum

125 3457 199 3500 est
222 3445 560 3517 dignoscere
594 3455 650 3501 et
689 3447 908 3518 eligere.
947 3448 1137 3504 Posuit
1178 3464 1362 3504 coram
1397 3458 1450 3505 te
1485 3450 1707 3515 caelum,

124 3537 313 3603 stellas,
359 3539 536 3593 solem
581 3546 635 3592 et
685 3538 870 3593 lunam
917 3540 1011 3611 qui
1071 3540 1447 3609 quotidianum
1500 3551 1706 3597 motum

124 3629 407 3700 adimplent
459 3632 517 3684 in
551 3631 719 3694 cmlo;
759 3632 942 3701 posuit
975 3647 1158 3686 coram
1189 3642 1240 3687 te
1289 3648 1463 3703 aquas
1508 3634 1710 3690 multas

124 3737 340 3790 quarum
374 3733 589 3778 motum
618 3724 835 3779 cohibet
861 3726 1029 3781 verbo
1062 3739 1201 3793 suo;
1237 3739 1424 3780 coram
1469 3735 1523 3781 te
1562 3736 1707 3783 terra

124 3813 435 3881 expanditur
463 3830 589 3884 quae
612 3818 799 3870 eadem
836 3814 1011 3871 forma
1036 3816 1266 3886 quiescit
1286 3825 1339 3871 et
1376 3826 1507 3872 stat.
1538 3817 1605 3873 Et
1638 3834 1707 3873 ne

123 3917 264 3974 putes
299 3923 424 3963 eam
479 3923 549 3964 ex
605 3921 813 3966 natura:
862 3910 1229 3981 suaedegibus
1274 3918 1445 3978 stare,
1482 3912 1550 3966 ad
1585 3914 1707 3983 ejus

122 3998 256 4053 enim
298 4009 502 4056 nutum
542 4011 939 4058 commovetur.
970 4002 1163 4058 Posuit
1208 4017 1393 4058 coram
1430 4013 1483 4059 te
1531 4006 1706 4061 nubes

122 4104 250 4160 quae,
262 4095 591 4164 eojubente,
610 4111 782 4166 aquas
798 4096 851 4150 in
874 4104 1073 4150 terram
1088 4095 1705 4164 sitientemtimmittunt,

122 4192 175 4238 ut
201 4200 264 4241 ex
291 4188 378 4244 his
410 4188 685 4260 intelligas
713 4205 836 4243 eum
882 4188 951 4243 ad
976 4188 1135 4259 cujus
1168 4196 1362 4244 nutum
1413 4190 1531 4246 haec
1583 4206 1704 4245 mo-

121 4287 322 4347 ventur,
347 4281 490 4351 ipsis
514 4296 639 4336 esse
689 4281 983 4352 majorem,
1006 4290 1062 4336 et
1096 4296 1308 4337 memor
1341 4282 1419 4338 sis
1460 4282 1704 4353 benigni-
1736 4276 1737 4279 â€œ

120 4370 237 4425 tatis
265 4373 386 4443 ejus
419 4373 518 4444 qui
548 4372 881 4429 intellectum
916 4375 973 4428 in
1010 4384 1061 4429 te
1082 4373 1360 4440 excitavit,
1392 4382 1452 4429 ut
1476 4377 1589 4429 haec
1608 4389 1701 4429 ca-

1822 1893 2004 1946 minus
2031 1891 2297 1954 oumium,
2326 1899 2381 1945 et
2424 1890 2703 1946 invenias?
2738 1891 3107 1961 quaerentibus
3154 1891 3299 1947 enim
3342 1906 3403 1949 so

1819 1983 2183 2054 cognitionem
2214 1982 2298 2038 sui
2328 1998 2438 2038 non
2479 1983 2626 2054 tegit,
2650 1996 2913 2053 quantum
2944 1984 3162 2054 quidem
3197 2000 3403 2055 cogno~

1819 2077 1899 2132 sci
1924 2085 2119 2147 potest.
2148 2073 2293 2130 Cave
2322 2076 2559 2145 primum
2594 2091 2661 2130 ne
2691 2076 2742 2128 in
2774 2075 2955 2129 anima
2981 2065 3073 2130 tua
3097 2074 3268 2131 falsus
3296 2076 3398 2131 sis.

1820 2170 1877 2226 Si
1907 2171 2053 2242 quod
2086 2187 2195 2226 non
2235 2178 2320 2225 est
2358 2168 2502 2226 Deus
2550 2168 2719 2223 Deum
2765 2169 2922 2236 dicis,
2965 2170 3020 2224 in
3076 2169 3258 2224 anima
3305 2178 3403 2228 tua

1817 2262 2064 2318 mentiris
2093 2270 2151 2318 et
2175 2277 2360 2317 coram
2392 2258 2501 2315 Deo
2532 2272 2666 2315 vero
2709 2274 2924 2329 peccas.
2979 2260 3173 2327 Stulte,
3224 2260 3400 2316 Deum

1817 2354 1900 2410 vis
1928 2355 2141 2409 emere?
2162 2352 2299 2408 Num
2328 2351 2469 2408 Deus
2501 2367 2705 2424 egenus
2731 2352 2848 2407 est?
2877 2348 3019 2407 Num
3044 2351 3187 2407 Deus
3208 2362 3399 2407 custo-

1816 2448 2000 2503 ditur?
2031 2446 2184 2501 Emis
2211 2462 2335 2500 eum
2366 2444 2509 2501 sicut
2532 2460 2749 2499 servum
2785 2453 2840 2500 et
2876 2444 3075 2500 adoras
3106 2447 3247 2500 sicut
3288 2445 3399 2500 Do-

1816 2540 2062 2595 minum?
2094 2535 2274 2608 Rogas
2301 2554 2426 2594 eum
2469 2546 2529 2593 ut
2555 2536 2776 2592 divitem
2804 2545 2864 2592 ut
2896 2537 2993 2592 tibi
3023 2537 3305 2609 largiatur,
3345 2544 3401 2592 et

1814 2633 1913 2688 das
1953 2632 2030 2686 illi
2056 2639 2114 2686 ut
2138 2645 2329 2699 egeno.
2362 2628 2647 2697 Quomodo
2682 2628 2911 2685 confidis
2932 2637 2995 2683 ut
3020 2628 3305 2683 victoriam
3333 2628 3403 2683 de

1814 2724 2068 2778 hostibus
2097 2722 2208 2778 tuis
2237 2721 2332 2793 tibi
2358 2721 2641 2783 concedat,
2665 2719 2796 2779 dum
2831 2720 3039 2775 inimici
3077 2720 3179 2785 tui,
3210 2728 3263 2774 te
3285 2720 3400 2790 jam

1811 2815 2047 2881 devicto,
2082 2822 2444 2869 contemnunt
2483 2812 2644 2868 eum?
2676 2811 2905 2867 Dicesne
2944 2830 2959 2866 Îµ
2993 2810 3263 2878 Quoniam
3304 2826 3401 2866 rex

1812 2923 1959 2974 sum,
1987 2907 2356 2962 multitudinis
2376 2904 2640 2960 voluntati
2671 2920 2778 2958 non
2809 2919 3033 2974 possum
3057 2904 3189 2974 quin
3216 2919 3403 2960 assen-

1811 2997 1954 3054 tiar?
1981 2995 2156 3053 Verba
2186 2998 2303 3052 risu
2333 3011 2460 3053 vere
2489 2993 2684 3066 digna!
2713 2994 2822 3049 Cur
2844 2995 2989 3049 enim
3019 3010 3112 3049 rex
3135 2995 3399 3065 populum

1813 3091 1919 3148 sibi
1940 3090 2245 3161 subjectum
2278 3092 2333 3144 in
2358 3089 2498 3143 viam
2524 3095 2725 3142 rectam
2762 3101 2871 3141 non
2900 3086 3143 3153 inducat,
3176 3096 3231 3141 et
3251 3086 3307 3142 in
3339 3102 3401 3142 se
3438 3136 3443 3141 .

1814 3196 1924 3237 non
1955 3188 2224 3251 proponat
2246 3178 2494 3249 exempla
2536 3178 2804 3234 bonorum
2829 3177 3098 3247 operum?
3134 3176 3250 3232 Hoc
3293 3177 3399 3247 ipsi

1813 3272 1960 3327 laudi
1981 3278 2159 3338 esset;
2194 3270 2394 3326 rationi
2423 3270 2568 3325 enim
2590 3271 2925 3325 contrarium
2956 3279 3041 3335 est
3069 3284 3250 3341 regem
3273 3283 3400 3337 pra-

1810 3378 1879 3420 ve
1906 3362 2273 3418 ambulantem
2300 3361 2550 3431 judicare
2575 3368 2631 3415 et
2658 3360 2920 3416 damnare
2942 3375 3249 3431 perversos.
3284 3358 3400 3414 Hoc

1812 3469 2040 3525 regnum
2066 3460 2199 3524 puto
2225 3453 2451 3523 pacifice
2479 3452 2770 3523 gubernari
2799 3467 2981 3523 posse,
3006 3451 3167 3522 cujus
3185 3466 3283 3505 rex
3306 3466 3401 3508 co-

1811 3544 2026 3617 gnoscit
2044 3553 2099 3600 et
2122 3545 2276 3600 timet
2304 3543 2475 3600 Deum
2498 3560 2709 3611 verum,
2730 3553 2791 3599 ut
2812 3543 3174 3615 intelligentes
3206 3542 3399 3598 reddat

1809 3639 2069 3709 populum
2096 3650 2278 3704 suum,
2307 3645 2361 3692 et
2383 3651 2600 3707 semper
2623 3646 2768 3693 recte
2802 3635 3031 3706 judicet,
3059 3635 3202 3691 sicut
3232 3635 3399 3691 homo

1808 3732 1905 3803 qui
1927 3746 2211 3802 nunquam
2233 3730 2575 3785 obliviscitur
2614 3716 2855 3798 seipsum
2880 3728 3044 3782 etiam
3069 3742 3255 3782 coram
3288 3726 3399 3783 Deo

1802 3823 2185 3894 judicandum.
2251 3820 2406 3876 Tunc
2466 3821 2636 3893 etiam
2677 3818 2927 3890 'subjecti
2986 3818 3105 3888 ejus
3172 3827 3399 3888 propter

1809 3915 1982 3971 Deum
2014 3914 2289 3971 abstinent
2339 3912 2409 3968 ab
2438 3912 2637 3982 injuria
2669 3911 2781 3981 regi
2815 3925 2917 3965 suo
2945 3918 2999 3964 et
3028 3909 3133 3964 sibi
3162 3910 3396 3964 invicem

1807 4007 2078 4063 facienda.
2103 4006 2181 4060 lta
2208 4019 2304 4075 per
2324 4003 2691 4075 cognitionem
2713 4010 2769 4057 et
2791 4001 3042 4055 timorem
3071 3999 3163 4053 Dei
3189 3998 3398 4053 malum

1805 4098 1874 4154 de
1904 4113 2069 4170 regno
2095 4097 2434 4161 eradicatur;
2468 4095 2516 4150 si
2543 4094 2691 4148 enim
2735 4109 2831 4148 rex
2871 4092 3019 4163 juste
3051 4090 3191 4164 regit
3214 4090 3399 4160 subje-

1805 4200 1926 4247 ctos
1959 4204 2112 4258 suos,
2162 4189 2266 4260 ipsi
2307 4203 2433 4259 erga
2477 4194 2694 4242 eumet
2742 4186 2885 4241 inter
2935 4199 2995 4240 se
3021 4184 3170 4255 juste
3202 4192 3393 4254 agunt,

1803 4284 1953 4355 quod
1993 4282 2273 4353 regionem
2318 4289 2466 4335 certe
2513 4278 2718 4333 indicat
2748 4277 2802 4332 in
2848 4291 2983 4347 pace
3024 4276 3306 4346 degentem
3340 4283 3396 4328 et

1804 4370 1993 4425 multis
2023 4369 2182 4424 bonis
2210 4364 2503 4430 fruentem,
2531 4365 2664 4436 quia
2689 4380 2881 4421 omnes
2910 4380 3108 4420 nomen
3145 4362 3239 4418 Dei
3277 4363 3396 4417 lau-

120 4476 234 4530 pere
258 4466 462 4536 possis.
486 4463 562 4520 Te
592 4466 756 4537 igitur
782 4468 972 4522 hortor
1005 4477 1067 4522 ut
1112 4482 1415 4537 cognoscas
1447 4468 1699 4537 ~teipsum
1731 4463 1781 4524 Î¹)
1805 4462 1958 4518 dant.
1996 4460 2054 4517 Si
2076 4460 2223 4517 enim
2263 4476 2355 4515 rex
2386 4459 2665 4527 subjectos
2685 4472 2817 4513 suos
2846 4466 3063 4512 revocet
3088 4456 3157 4510 ab
3184 4470 3393 4520 errore,

119 4564 166 4608 et
190 4571 494 4628 cegnoscas
541 4557 734 4613 Deum.
788 4556 924 4614 Vide
958 4559 1091 4629 quid
1145 4559 1219 4614 sit
1246 4557 1299 4612 in
1326 4566 1378 4613 te
1409 4558 1514 4615 hoc
1556 4557 1701 4629 quod

119 4649 423 4704 nominatur
452 4650 638 4705 anima
674 4667 689 4704 :
726 4650 829 4706 Per
854 4666 976 4706 eam
1002 4650 1190 4707 oculus
1214 4649 1380 4714 videt,
1402 4648 1553 4704 auris
1602 4663 1701 4703 au-

117 4737 204 4803 dit,
237 4756 298 4797 os
329 4742 611 4812 loquitur;
641 4742 717 4796 illi
763 4752 933 4799 totum
965 4758 1166 4812 corpus
1194 4739 1451 4797 inservit;
1478 4740 1697 4806 Anima,

118 4826 217 4885 Deo
236 4834 479 4897 volente,
511 4833 961 4904 sublata,corpus
990 4834 1148 4903 perit.
1174 4831 1253 4887 Ex
1279 4846 1346 4887 eo
1370 4832 1537 4902 igitur
1552 4831 1697 4902 quod

117 4918 164 4972 in
190 4930 240 4977 te
262 4933 347 4978 est
377 4923 560 4981 oculis
589 4923 1146 4993 incompreliensibili,
1171 4922 1408 4993 intellige
1424 4921 1700 4992 quomodo

114 5010 303 5071 virtute
323 5015 424 5072 Dei
481 5023 628 5071 totus
680 5015 918 5071 mundus
969 5024 1273 5083 moveatur,
1318 5015 1464 5071 sicut
1499 5030 1699 5084 corpus

115 5106 311 5176 anima;
336 5117 393 5163 et
412 5108 715 5179 quomodo,
740 5108 1024 5181 recedente
1058 5109 1258 5164 virtute
1288 5108 1430 5179 ejus,
1454 5108 1697 5163 mundus

116 5196 244 5249 sicut
266 5196 474 5267 cerpus
504 5196 738 5252 deficiet.

174 5284 281 5341 Cur
304 5304 439 5343 vero
474 5286 654 5345 factus
691 5288 761 5344 sit
796 5288 1035 5344 mundus
1071 5288 1182 5355 hic,
1232 5303 1332 5343 cur
1364 5288 1698 5343 transiturus

113 5377 207 5443 sit;
241 5397 340 5436 cur
375 5382 450 5437 sit
482 5396 708 5452 corpus,
733 5397 834 5437 cur
857 5390 1044 5451 pereat
1073 5391 1128 5437 et
1154 5396 1253 5436 cur
1282 5388 1533 5450 resurgat
1553 5381 1697 5437 scire

113 5472 199 5525 tibi
228 5490 334 5528 non
373 5474 617 5538 dabitur,
642 5475 747 5529 nisi
797 5475 1067 5530 insaniam
1116 5473 1335 5529 exueris
1370 5473 1424 5528 in
1472 5488 1580 5541 qua
1601 5473 1697 5527 de-

112 5564 389 5632 inergcris,
421 5574 477 5620 et
508 5565 762 5634 aperiens
796 5565 989 5621 oculos
1029 5565 1302 5632 intelligas
1349 5578 1521 5618 unum
1574 5577 1696 5619 esse

111 5650 294 5722 Deum,
325 5656 627 5713 Dominum
683 5659 952 5724 omnium,
1008 5666 1063 5713 et
1123 5672 1249 5713 eum
1303 5655 1454 5712 colas
1480 5670 1545 5709 ex
1579 5663 1697 5710 toto

112 5747 264 5805 corde
295 5759 424 5822 tuo;
459 5759 591 5807 tunc
619 5750 926 5807 voluntates
947 5766 1077 5807 suas
1108 5750 1205 5806 tibi
1234 5750 1480 5821 cognitas
1509 5747 1689 5804 faciet.

1803 4554 1936 4626 quid
1964 4553 2125 4609 laude
2168 4551 2430 4623 dignius?
2475 4550 2569 4604 Sic
2622 4548 2734 4604 Deo
2786 4549 2984 4618 placet,
3038 4562 3195 4603 error
3242 4546 3392 4601 enim

1802 4647 1987 4701 omnia
2038 4644 2182 4699 mala
2230 4643 2455 4698 inducit.
2499 4641 2646 4697 Fons
2678 4654 2808 4695 vero
2844 4640 3050 4695 erroris
3082 4639 3171 4695 hic
3215 4648 3319 4706 est,
3344 4641 3394 4694 si

1801 4739 1969 4793 homo
2002 4736 2172 4799 Deum
2204 4737 2438 4808 ignoret,
2473 4744 2528 4790 et
2554 4750 2665 4805 pro
2686 4733 2797 4789 Deo
2826 4732 2957 4811 illud
2994 4732 3143 4804 quod
3176 4748 3284 4787 non
3308 4742 3395 4788 est

1802 4829 1947 4885 Deus
1986 4829 2196 4884 adoret.
2234 4826 2467 4894 Quidam
2518 4825 2756 4881 dicunt:
2811 4824 3108 4896 Imaginem
3160 4824 3394 4880 colendo

1799 4921 1970 4976 Deum
1986 4921 2265 4987 colimus;
2299 4919 2555 4975 nesciunt
2575 4934 2707 4990 ergo
2727 4917 2902 4973 Deum
2932 4917 3133 4987 ubique
3152 4931 3388 4987 praseno

1798 5020 1929 5079 tem,
1954 5027 2239 5081 nunquam
2268 5012 2645 5077 deiicientem;
2679 5009 2931 5065 nesciunt
2958 5007 3076 5077 ipso
3109 5007 3283 5063 inscio
3312 5008 3393 5062 ni.

1742 5106 1745 5107 â·
1798 5105 1877 5160 hil
1903 5104 2041 5159 fieri.
2071 5102 2155 5158 Tu
2181 5119 2332 5168 vero,
2365 5104 2531 5158 homo
2578 5104 2724 5170 vilis,
2754 5105 2844 5159 cui
2883 5101 3028 5156 Deus
3058 5100 3213 5158 adest
3234 5101 3288 5156 in
3314 5110 3390 5165 te.

1796 5204 1952 5253 extra
1992 5203 2069 5261 te,
2116 5210 2281 5265 super
2312 5203 2398 5260 te,
2431 5194 2608 5264 pretio
2643 5208 2934 5263 comparas
2976 5192 3123 5261 apud
3171 5191 3388 5248 fabrum

1796 5286 1943 5356 ligna
1969 5285 2181 5355 sculpta
2212 5285 2267 5339 in
2293 5284 2551 5356 injuriam
2587 5284 2715 5349 Dei;
2751 5283 2860 5339 illis
2891 5284 3185 5345 sacrificas,
3213 5291 3268 5340 et
3290 5299 3389 5338 ne-

1798 5380 1909 5434 scis
1938 5378 2083 5449 quod
2115 5376 2263 5432 videt
2306 5387 2360 5431 te
2392 5375 2586 5430 oculus
2630 5376 2754 5445 ejus
2773 5390 2934 5445 quem
2966 5373 3106 5433 nihil
3148 5373 3299 5438 latet,
3335 5384 3389 5430 et

1797 5469 1976 5540 arguit
2005 5477 2057 5524 te
2083 5469 2310 5524 verbum
2341 5468 2590 5523 veritatis
2618 5468 2807 5523 dicens
2832 5484 2845 5520 :
2872 5465 3038 5532 Deus,
3067 5481 3232 5536 quem
3266 5467 3389 5522 nul-

1797 5560 1903 5617 lius
1936 5560 2128 5616 oculus
2156 5560 2312 5626 vidit,
2335 5559 2615 5629 quomodo
2648 5559 2823 5627 sculpi
2851 5558 3075 5627 potest?
3107 5557 3213 5613 Sed
3245 5559 3385 5614 ima-

1795 5655 1975 5725 ginem
2012 5653 2089 5708 tui
2136 5652 2314 5723 ipsius
2363 5650 2500 5707 facis
2546 5660 2601 5706 et
2628 5650 2785 5705 colis.
2819 5649 3054 5721 Lignum
3110 5649 3384 5721 sculptum

1796 5758 1978 5800 nonne
2011 5757 2247 5817 .semper
2288 5741 2497 5812 lignum
2529 5740 2646 5800 est?
2666 5739 2888 5811 Lapidis
2933 5746 2987 5795 et
3020 5736 3141 5795 auri
3168 5736 3387 5810 pondus
