  <div class='ocr_page' id='page_1' title='image "/cluster/home/n/w/nwhite01/storage/ocr_20150623/5/hvd.32044019206598/623.png"; bbox 0 0 3792 6218; ppageno 0'>
   <div class='ocr_carea' id='block_1_1' title="bbox 388 285 513 338">
    <p class='ocr_par' dir='ltr' id='par_1_1' title="bbox 388 285 513 338">
     <span class='ocr_line' id='line_1_1' title="bbox 388 285 513 338; baseline 0 0"><span class='ocrx_word' id='word_1_1' title='bbox 388 285 513 338; x_wconf 72' lang='grc'><strong>1231</strong></span> 
     </span>
    </p>
   </div>
   <div class='ocr_carea' id='block_1_2' title="bbox 1456 284 2587 347">
    <p class='ocr_par' dir='ltr' id='par_1_2' title="bbox 1456 284 2587 347">
     <span class='ocr_line' id='line_1_2' title="bbox 1456 284 2587 347; baseline 0.009 -11"><span class='ocrx_word' id='word_1_2' title='bbox 1456 287 1512 340; x_wconf 84' lang='lat' dir='ltr'><strong>S.</strong></span> <span class='ocrx_word' id='word_1_3' title='bbox 1551 284 1806 338; x_wconf 67' lang='lat' dir='ltr'><strong>MELITO</strong></span> <span class='ocrx_word' id='word_1_4' title='bbox 1848 287 2154 342; x_wconf 79' lang='lat' dir='ltr'><strong>SARDIUM</strong></span> <span class='ocrx_word' id='word_1_5' title='bbox 2191 287 2587 347; x_wconf 77' lang='lat' dir='ltr'><strong>EPISCOPUS.</strong></span> 
     </span>
    </p>
   </div>
   <div class='ocr_carea' id='block_1_3' title="bbox 3519 292 3635 346">
    <p class='ocr_par' dir='ltr' id='par_1_3' title="bbox 3519 292 3635 346">
     <span class='ocr_line' id='line_1_3' title="bbox 3519 292 3635 346; baseline 0 -2"><span class='ocrx_word' id='word_1_6' title='bbox 3519 292 3540 344; x_wconf 81' lang='lat' dir='ltr'><strong>I</strong></span> <span class='ocrx_word' id='word_1_7' title='bbox 3551 292 3635 346; x_wconf 68' lang='lat'><strong>252</strong></span> 
     </span>
    </p>
   </div>
   <div class='ocr_carea' id='block_1_4' title="bbox 384 405 3639 479">
    <p class='ocr_par' dir='ltr' id='par_1_4' title="bbox 384 405 3639 479">
     <span class='ocr_line' id='line_1_4' title="bbox 384 405 3639 479; baseline 0.002 -23"><span class='ocrx_word' id='word_1_8' title='bbox 384 406 526 458; x_wconf 84' lang='lat' dir='ltr'><strong>idem</strong></span> <span class='ocrx_word' id='word_1_9' title='bbox 561 408 611 458; x_wconf 89' lang='lat' dir='ltr'><strong>in</strong></span> <span class='ocrx_word' id='word_1_10' title='bbox 640 415 863 472; x_wconf 79' lang='lat' dir='ltr'><strong>statera,</strong></span> <span class='ocrx_word' id='word_1_11' title='bbox 899 405 1038 459; x_wconf 82' lang='lat' dir='ltr'><strong>idem</strong></span> <span class='ocrx_word' id='word_1_12' title='bbox 1072 420 1216 458; x_wconf 87' lang='lat' dir='ltr'><strong>mmc</strong></span> <span class='ocrx_word' id='word_1_13' title='bbox 1246 405 1391 474; x_wconf 91' lang='lat' dir='ltr'><strong>quod</strong></span> <span class='ocrx_word' id='word_1_14' title='bbox 1417 405 1697 460; x_wconf 84' lang='lat' dir='ltr'><strong>fabricasti</strong></span> <span class='ocrx_word' id='word_1_15' title='bbox 1740 407 1965 474; x_wconf 88' lang='lat' dir='ltr'><strong>idolum,</strong></span> <span class='ocrx_word' id='word_1_16' title='bbox 2001 426 2042 477; x_wconf 68' lang='grc' dir='ltr'><strong>Α</strong></span> <span class='ocrx_word' id='word_1_17' title='bbox 2073 408 2177 475; x_wconf 84' lang='lat' dir='ltr'><strong>Qui</strong></span> <span class='ocrx_word' id='word_1_18' title='bbox 2218 425 2348 464; x_wconf 91' lang='lat' dir='ltr'><strong>vero</strong></span> <span class='ocrx_word' id='word_1_19' title='bbox 2387 419 2515 464; x_wconf 92' lang='lat' dir='ltr'><strong>sunt</strong></span> <span class='ocrx_word' id='word_1_20' title='bbox 2549 411 2602 463; x_wconf 91' lang='lat' dir='ltr'><strong>in</strong></span> <span class='ocrx_word' id='word_1_21' title='bbox 2660 417 2804 463; x_wconf 88' lang='lat' dir='ltr'><strong>statu</strong></span> <span class='ocrx_word' id='word_1_22' title='bbox 2835 409 2926 462; x_wconf 92' lang='lat' dir='ltr'><strong>illo</strong></span> <span class='ocrx_word' id='word_1_23' title='bbox 2962 409 3055 479; x_wconf 86' lang='lat' dir='ltr'><strong>qui</strong></span> <span class='ocrx_word' id='word_1_24' title='bbox 3098 409 3525 464; x_wconf 86' lang='lat' dir='ltr'><strong>mutabilitatem</strong></span> <span class='ocrx_word' id='word_1_25' title='bbox 3553 426 3639 464; x_wconf 83' lang='lat' dir='ltr'><strong>non</strong></span> 
     </span>
    </p>
   </div>
   <div class='ocr_carea' id='block_1_5' title="bbox 382 497 1976 568">
    <p class='ocr_par' dir='ltr' id='par_1_5' title="bbox 382 497 1976 568">
     <span class='ocr_line' id='line_1_5' title="bbox 382 497 1976 568; baseline 0.001 -15"><span class='ocrx_word' id='word_1_26' title='bbox 382 515 481 553; x_wconf 92' lang='lat' dir='ltr'><strong>cur</strong></span> <span class='ocrx_word' id='word_1_27' title='bbox 514 498 737 568; x_wconf 85' lang='lat' dir='ltr'><strong>pendis?</strong></span> <span class='ocrx_word' id='word_1_28' title='bbox 767 498 976 552; x_wconf 87' lang='lat' dir='ltr'><strong>Aurum</strong></span> <span class='ocrx_word' id='word_1_29' title='bbox 1005 513 1156 568; x_wconf 89' lang='lat' dir='ltr'><strong>ergo,</strong></span> <span class='ocrx_word' id='word_1_30' title='bbox 1207 515 1316 552; x_wconf 93' lang='lat' dir='ltr'><strong>non</strong></span> <span class='ocrx_word' id='word_1_31' title='bbox 1361 497 1530 553; x_wconf 90' lang='lat' dir='ltr'><strong>Deum</strong></span> <span class='ocrx_word' id='word_1_32' title='bbox 1572 500 1761 555; x_wconf 88' lang='lat' dir='ltr'><strong>amas?</strong></span> <span class='ocrx_word' id='word_1_33' title='bbox 1787 499 1892 554; x_wconf 89' lang='lat' dir='ltr'><strong>Sed</strong></span> <span class='ocrx_word' id='word_1_34' title='bbox 1929 500 1976 554; x_wconf 87' lang='lat' dir='ltr'><strong>si</strong></span> 
     </span>
    </p>
   </div>
   <div class='ocr_carea' id='block_1_6' title="bbox 382 589 1975 660">
    <p class='ocr_par' dir='ltr' id='par_1_6' title="bbox 382 589 1975 660">
     <span class='ocr_line' id='line_1_6' title="bbox 382 589 1975 660; baseline 0 -15"><span class='ocrx_word' id='word_1_35' title='bbox 382 592 514 660; x_wconf 86' lang='lat' dir='ltr'><strong>quid</strong></span> <span class='ocrx_word' id='word_1_36' title='bbox 546 589 760 645; x_wconf 89' lang='lat' dir='ltr'><strong>furatus</strong></span> <span class='ocrx_word' id='word_1_37' title='bbox 787 599 868 644; x_wconf 88' lang='lat' dir='ltr'><strong>est</strong></span> <span class='ocrx_word' id='word_1_38' title='bbox 914 589 1132 654; x_wconf 75' lang='lat' dir='ltr'><strong>artifex,</strong></span> <span class='ocrx_word' id='word_1_39' title='bbox 1155 591 1212 645; x_wconf 88' lang='lat' dir='ltr'><strong>id</strong></span> <span class='ocrx_word' id='word_1_40' title='bbox 1252 606 1361 645; x_wconf 92' lang='lat' dir='ltr'><strong>non</strong></span> <span class='ocrx_word' id='word_1_41' title='bbox 1386 592 1670 646; x_wconf 88' lang='lat' dir='ltr'><strong>erubescis</strong></span> <span class='ocrx_word' id='word_1_42' title='bbox 1697 592 1767 646; x_wconf 90' lang='lat' dir='ltr'><strong>ab</strong></span> <span class='ocrx_word' id='word_1_43' title='bbox 1797 607 1864 648; x_wconf 92' lang='lat' dir='ltr'><strong>eo</strong></span> <span class='ocrx_word' id='word_1_44' title='bbox 1887 609 1975 647; x_wconf 88' lang='lat' dir='ltr'><strong>re-</strong></span> 
     </span>
    </p>
   </div>
   <div class='ocr_carea' id='block_1_7' title="bbox 367 675 1974 753">
    <p class='ocr_par' dir='ltr' id='par_1_7' title="bbox 367 675 1974 753">
     <span class='ocr_line' id='line_1_7' title="bbox 367 675 1974 753; baseline 0.002 -17"><span class='ocrx_word' id='word_1_45' title='bbox 367 675 584 753; x_wconf 78' lang='lat' dir='ltr'><strong>petere.</strong></span> <span class='ocrx_word' id='word_1_46' title='bbox 606 681 998 750; x_wconf 37' lang='lat' dir='ltr'><strong>OculosIhabes</strong></span> <span class='ocrx_word' id='word_1_47' title='bbox 1025 694 1077 738; x_wconf 93' lang='lat' dir='ltr'><strong>et</strong></span> <span class='ocrx_word' id='word_1_48' title='bbox 1101 699 1208 737; x_wconf 89' lang='lat' dir='ltr'><strong>non</strong></span> <span class='ocrx_word' id='word_1_49' title='bbox 1236 685 1768 751; x_wconf 84' lang='lat' dir='ltr'><strong>vides,&#39;intellectum</strong></span> <span class='ocrx_word' id='word_1_50' title='bbox 1785 695 1838 740; x_wconf 92' lang='lat' dir='ltr'><strong>et</strong></span> <span class='ocrx_word' id='word_1_51' title='bbox 1867 703 1974 740; x_wconf 93' lang='lat' dir='ltr'><strong>non</strong></span> 
     </span>
    </p>
   </div>
   <div class='ocr_carea' id='block_1_8' title="bbox 383 771 1975 844">
    <p class='ocr_par' dir='ltr' id='par_1_8' title="bbox 383 771 1975 844">
     <span class='ocr_line' id='line_1_8' title="bbox 383 771 1975 844; baseline 0.004 -19"><span class='ocrx_word' id='word_1_52' title='bbox 383 771 662 842; x_wconf 77' lang='lat' dir='ltr'><strong>intelligis.</strong></span> <span class='ocrx_word' id='word_1_53' title='bbox 700 772 987 827; x_wconf 88' lang='lat' dir='ltr'><strong>Curhumi</strong></span> <span class='ocrx_word' id='word_1_54' title='bbox 1034 774 1372 844; x_wconf 87' lang='lat' dir='ltr'><strong>provolveris</strong></span> <span class='ocrx_word' id='word_1_55' title='bbox 1415 785 1469 830; x_wconf 89' lang='lat' dir='ltr'><strong>et</strong></span> <span class='ocrx_word' id='word_1_56' title='bbox 1510 791 1598 831; x_wconf 90' lang='lat' dir='ltr'><strong>res</strong></span> <span class='ocrx_word' id='word_1_57' title='bbox 1629 776 1975 832; x_wconf 79' lang='lat' dir='ltr'><strong>insensibiles</strong></span> 
     </span>
    </p>
   </div>
   <div class='ocr_carea' id='block_1_9' title="bbox 380 860 1973 934">
    <p class='ocr_par' dir='ltr' id='par_1_9' title="bbox 380 860 1973 934">
     <span class='ocr_line' id='line_1_9' title="bbox 380 860 1973 934; baseline 0.005 -20"><span class='ocrx_word' id='word_1_58' title='bbox 380 863 660 932; x_wconf 83' lang='lat' dir='ltr'><strong>precaris?</strong></span> <span class='ocrx_word' id='word_1_59' title='bbox 685 860 840 918; x_wconf 80' lang='lat' dir='ltr'><strong>Time</strong></span> <span class='ocrx_word' id='word_1_60' title='bbox 873 879 1001 919; x_wconf 90' lang='lat' dir='ltr'><strong>eum</strong></span> <span class='ocrx_word' id='word_1_61' title='bbox 1049 881 1146 934; x_wconf 89' lang='lat' dir='ltr'><strong>per</strong></span> <span class='ocrx_word' id='word_1_62' title='bbox 1173 882 1337 934; x_wconf 90' lang='lat' dir='ltr'><strong>quem</strong></span> <span class='ocrx_word' id='word_1_63' title='bbox 1375 876 1517 921; x_wconf 91' lang='lat' dir='ltr'><strong>terra</strong></span> <span class='ocrx_word' id='word_1_64' title='bbox 1556 875 1828 931; x_wconf 77' lang='lat' dir='ltr'><strong>movetur,</strong></span> <span class='ocrx_word' id='word_1_65' title='bbox 1865 869 1973 922; x_wconf 90' lang='lat' dir='ltr'><strong>cir-</strong></span> 
     </span>
    </p>
   </div>
   <div class='ocr_carea' id='block_1_10' title="bbox 378 957 1972 1026">
    <p class='ocr_par' dir='ltr' id='par_1_10' title="bbox 378 957 1972 1026">
     <span class='ocr_line' id='line_1_10' title="bbox 378 957 1972 1026; baseline 0.003 -15"><span class='ocrx_word' id='word_1_66' title='bbox 378 957 745 1011; x_wconf 88' lang='lat' dir='ltr'><strong>cumvolvitur</strong></span> <span class='ocrx_word' id='word_1_67' title='bbox 765 957 1205 1022; x_wconf 66' lang='lat' dir='ltr'><strong>caalum,lluctns</strong></span> <span class='ocrx_word' id='word_1_68' title='bbox 1235 959 1402 1014; x_wconf 92' lang='lat' dir='ltr'><strong>maris</strong></span> <span class='ocrx_word' id='word_1_69' title='bbox 1429 960 1797 1026; x_wconf 86' lang='lat' dir='ltr'><strong>concitantur;</strong></span> <span class='ocrx_word' id='word_1_70' title='bbox 1820 960 1972 1015; x_wconf 90' lang='lat' dir='ltr'><strong>illum</strong></span> 
     </span>
    </p>
   </div>
   <div class='ocr_carea' id='block_1_11' title="bbox 378 1050 1518 1121">
    <p class='ocr_par' dir='ltr' id='par_1_11' title="bbox 378 1050 1518 1121">
     <span class='ocr_line' id='line_1_11' title="bbox 378 1050 1518 1121; baseline 0.003 -19"><span class='ocrx_word' id='word_1_71' title='bbox 378 1050 471 1120; x_wconf 90' lang='lat' dir='ltr'><strong>qui</strong></span> <span class='ocrx_word' id='word_1_72' title='bbox 504 1050 721 1120; x_wconf 87' lang='lat' dir='ltr'><strong>utignis</strong></span> <span class='ocrx_word' id='word_1_73' title='bbox 755 1051 940 1105; x_wconf 89' lang='lat' dir='ltr'><strong>omnia</strong></span> <span class='ocrx_word' id='word_1_74' title='bbox 972 1051 1295 1110; x_wconf 88' lang='lat' dir='ltr'><strong>comburere</strong></span> <span class='ocrx_word' id='word_1_75' title='bbox 1323 1063 1518 1121; x_wconf 78' lang='lat' dir='ltr'><strong>potesr.</strong></span> 
     </span>
    </p>
   </div>
   <div class='ocr_carea' id='block_1_12' title="bbox 449 1140 1972 1212">
    <p class='ocr_par' dir='ltr' id='par_1_12' title="bbox 449 1140 1972 1212">
     <span class='ocr_line' id='line_1_12' title="bbox 449 1140 1972 1212; baseline 0.004 -19"><span class='ocrx_word' id='word_1_76' title='bbox 449 1140 662 1197; x_wconf 72' lang='lat' dir='ltr'><strong>Ilursus</strong></span> <span class='ocrx_word' id='word_1_77' title='bbox 695 1158 820 1197; x_wconf 91' lang='lat' dir='ltr'><strong>vero</strong></span> <span class='ocrx_word' id='word_1_78' title='bbox 843 1142 1064 1212; x_wconf 85' lang='lat' dir='ltr'><strong>quidam</strong></span> <span class='ocrx_word' id='word_1_79' title='bbox 1093 1144 1320 1197; x_wconf 88' lang='lat' dir='ltr'><strong>dicunt:</strong></span> <span class='ocrx_word' id='word_1_80' title='bbox 1351 1142 1506 1210; x_wconf 83' lang='lat' dir='ltr'><strong>Quod</strong></span> <span class='ocrx_word' id='word_1_81' title='bbox 1549 1145 1972 1199; x_wconf 83' lang='lat' dir='ltr'><strong>transmiserunt</strong></span> 
     </span>
    </p>
   </div>
   <div class='ocr_carea' id='block_1_13' title="bbox 377 1232 1970 1310">
    <p class='ocr_par' dir='ltr' id='par_1_13' title="bbox 377 1232 1970 1310">
     <span class='ocr_line' id='line_1_13' title="bbox 377 1232 1970 1310; baseline 0.003 -26"><span class='ocrx_word' id='word_1_82' title='bbox 377 1232 536 1310; x_wconf 88' lang='lat' dir='ltr'><strong>nobis</strong></span> <span class='ocrx_word' id='word_1_83' title='bbox 565 1241 748 1302; x_wconf 87' lang='lat' dir='ltr'><strong>patres</strong></span> <span class='ocrx_word' id='word_1_84' title='bbox 783 1233 956 1288; x_wconf 91' lang='lat' dir='ltr'><strong>nostri</strong></span> <span class='ocrx_word' id='word_1_85' title='bbox 984 1233 1236 1288; x_wconf 89' lang='lat' dir='ltr'><strong>colimus.</strong></span> <span class='ocrx_word' id='word_1_86' title='bbox 1258 1235 1366 1287; x_wconf 88' lang='lat' dir='ltr'><strong>Cur</strong></span> <span class='ocrx_word' id='word_1_87' title='bbox 1391 1249 1520 1304; x_wconf 89' lang='lat' dir='ltr'><strong>ergo</strong></span> <span class='ocrx_word' id='word_1_88' title='bbox 1551 1250 1850 1304; x_wconf 85' lang='lat' dir='ltr'><strong>pauperum</strong></span> <span class='ocrx_word' id='word_1_89' title='bbox 1886 1235 1970 1290; x_wconf 85' lang='lat' dir='ltr'><strong>vel</strong></span> 
     </span>
    </p>
   </div>
   <div class='ocr_carea' id='block_1_14' title="bbox 375 1325 1966 1394">
    <p class='ocr_par' dir='ltr' id='par_1_14' title="bbox 375 1325 1966 1394">
     <span class='ocr_line' id='line_1_14' title="bbox 375 1325 1966 1394; baseline 0.001 -17"><span class='ocrx_word' id='word_1_90' title='bbox 375 1325 777 1379; x_wconf 90' lang='lat' dir='ltr'><strong>illitteratorum</strong></span> <span class='ocrx_word' id='word_1_91' title='bbox 806 1333 1097 1394; x_wconf 90' lang='lat' dir='ltr'><strong>parentum</strong></span> <span class='ocrx_word' id='word_1_92' title='bbox 1127 1325 1220 1379; x_wconf 88' lang='lat' dir='ltr'><strong>lilii</strong></span> <span class='ocrx_word' id='word_1_93' title='bbox 1246 1325 1463 1380; x_wconf 89' lang='lat' dir='ltr'><strong>divitias</strong></span> <span class='ocrx_word' id='word_1_94' title='bbox 1492 1327 1575 1379; x_wconf 85' lang='lat' dir='ltr'><strong>vel</strong></span> <span class='ocrx_word' id='word_1_95' title='bbox 1604 1326 1966 1381; x_wconf 83' lang='lat' dir='ltr'><strong>eruditionem</strong></span> 
     </span>
    </p>
   </div>
   <div class='ocr_carea' id='block_1_15' title="bbox 373 1414 1967 1487">
    <p class='ocr_par' dir='ltr' id='par_1_15' title="bbox 373 1414 1967 1487">
     <span class='ocr_line' id='line_1_15' title="bbox 373 1414 1967 1487; baseline 0 -16"><span class='ocrx_word' id='word_1_96' title='bbox 373 1417 727 1486; x_wconf 85' lang='lat' dir='ltr'><strong>comparant?</strong></span> <span class='ocrx_word' id='word_1_97' title='bbox 756 1414 867 1470; x_wconf 92' lang='lat' dir='ltr'><strong>Cur</strong></span> <span class='ocrx_word' id='word_1_98' title='bbox 893 1433 1022 1487; x_wconf 88' lang='lat' dir='ltr'><strong>ergo</strong></span> <span class='ocrx_word' id='word_1_99' title='bbox 1070 1416 1166 1470; x_wconf 89' lang='lat' dir='ltr'><strong>lilii</strong></span> <span class='ocrx_word' id='word_1_100' title='bbox 1216 1432 1484 1472; x_wconf 68' lang='lat' dir='ltr'><strong>caecorum</strong></span> <span class='ocrx_word' id='word_1_101' title='bbox 1535 1417 1736 1482; x_wconf 87' lang='lat' dir='ltr'><strong>vident,</strong></span> <span class='ocrx_word' id='word_1_102' title='bbox 1780 1426 1832 1471; x_wconf 84' lang='lat' dir='ltr'><strong>et</strong></span> <span class='ocrx_word' id='word_1_103' title='bbox 1875 1417 1967 1471; x_wconf 84' lang='lat' dir='ltr'><strong>lilii</strong></span> 
     </span>
    </p>
   </div>
   <div class='ocr_carea' id='block_1_16' title="bbox 373 1506 1966 1563">
    <p class='ocr_par' dir='ltr' id='par_1_16' title="bbox 373 1506 1966 1563">
     <span class='ocr_line' id='line_1_16' title="bbox 373 1506 1966 1563; baseline 0.001 -3"><span class='ocrx_word' id='word_1_104' title='bbox 373 1508 694 1562; x_wconf 81' lang='lat' dir='ltr'><strong>claudorum</strong></span> <span class='ocrx_word' id='word_1_105' title='bbox 721 1507 1036 1562; x_wconf 88' lang='lat' dir='ltr'><strong>ambulant?</strong></span> <span class='ocrx_word' id='word_1_106' title='bbox 1057 1506 1173 1563; x_wconf 89' lang='lat' dir='ltr'><strong>Non</strong></span> <span class='ocrx_word' id='word_1_107' title='bbox 1207 1508 1351 1562; x_wconf 91' lang='lat' dir='ltr'><strong>enim</strong></span> <span class='ocrx_word' id='word_1_108' title='bbox 1382 1517 1590 1562; x_wconf 92' lang='lat' dir='ltr'><strong>rectum</strong></span> <span class='ocrx_word' id='word_1_109' title='bbox 1614 1516 1700 1562; x_wconf 90' lang='lat' dir='ltr'><strong>est</strong></span> <span class='ocrx_word' id='word_1_110' title='bbox 1722 1517 1780 1561; x_wconf 93' lang='lat' dir='ltr'><strong>ut</strong></span> <span class='ocrx_word' id='word_1_111' title='bbox 1801 1507 1966 1562; x_wconf 89' lang='lat' dir='ltr'><strong>homo</strong></span> 
     </span>
    </p>
   </div>
   <div class='ocr_carea' id='block_1_17' title="bbox 372 1599 1964 1670">
    <p class='ocr_par' dir='ltr' id='par_1_17' title="bbox 372 1599 1964 1670">
     <span class='ocr_line' id='line_1_17' title="bbox 372 1599 1964 1670; baseline 0.001 -18"><span class='ocrx_word' id='word_1_112' title='bbox 372 1609 635 1669; x_wconf 84' lang='lat' dir='ltr'><strong>sequatur</strong></span> <span class='ocrx_word' id='word_1_113' title='bbox 657 1600 894 1669; x_wconf 86' lang='lat' dir='ltr'><strong>majores</strong></span> <span class='ocrx_word' id='word_1_114' title='bbox 919 1615 1049 1656; x_wconf 92' lang='lat' dir='ltr'><strong>suos</strong></span> <span class='ocrx_word' id='word_1_115' title='bbox 1077 1600 1171 1670; x_wconf 85' lang='lat' dir='ltr'><strong>qui</strong></span> <span class='ocrx_word' id='word_1_116' title='bbox 1196 1615 1360 1670; x_wconf 89' lang='lat' dir='ltr'><strong>prave</strong></span> <span class='ocrx_word' id='word_1_117' title='bbox 1397 1599 1839 1663; x_wconf 89' lang='lat' dir='ltr'><strong>ambulaverunt,</strong></span> <span class='ocrx_word' id='word_1_118' title='bbox 1870 1599 1964 1654; x_wconf 90' lang='lat' dir='ltr'><strong>sed</strong></span> 
     </span>
    </p>
   </div>
   <div class='ocr_carea' id='block_1_18' title="bbox 371 1691 1960 1762">
    <p class='ocr_par' dir='ltr' id='par_1_18' title="bbox 371 1691 1960 1762">
     <span class='ocr_line' id='line_1_18' title="bbox 371 1691 1960 1762; baseline -0.001 -15"><span class='ocrx_word' id='word_1_119' title='bbox 371 1693 440 1746; x_wconf 89' lang='lat' dir='ltr'><strong>ab</strong></span> <span class='ocrx_word' id='word_1_120' title='bbox 473 1707 663 1747; x_wconf 89' lang='lat' dir='ltr'><strong>eorum</strong></span> <span class='ocrx_word' id='word_1_121' title='bbox 701 1691 786 1745; x_wconf 87' lang='lat' dir='ltr'><strong>via</strong></span> <span class='ocrx_word' id='word_1_122' title='bbox 815 1691 1034 1746; x_wconf 86' lang='lat' dir='ltr'><strong>recedat</strong></span> <span class='ocrx_word' id='word_1_123' title='bbox 1061 1707 1128 1745; x_wconf 93' lang='lat' dir='ltr'><strong>ne</strong></span> <span class='ocrx_word' id='word_1_124' title='bbox 1162 1701 1220 1746; x_wconf 93' lang='lat' dir='ltr'><strong>ut</strong></span> <span class='ocrx_word' id='word_1_125' title='bbox 1248 1691 1322 1746; x_wconf 92' lang='lat' dir='ltr'><strong>illi</strong></span> <span class='ocrx_word' id='word_1_126' title='bbox 1365 1705 1569 1762; x_wconf 85' lang='lat' dir='ltr'><strong>pereat.</strong></span> <span class='ocrx_word' id='word_1_127' title='bbox 1604 1691 1736 1745; x_wconf 81' lang='lat' dir='ltr'><strong>Vide</strong></span> <span class='ocrx_word' id='word_1_128' title='bbox 1763 1708 1894 1762; x_wconf 59' lang='lat' dir='ltr'><strong>erga.</strong></span> <span class='ocrx_word' id='word_1_129' title='bbox 1916 1692 1960 1746; x_wconf 90' lang='lat' dir='ltr'><strong>si</strong></span> 
     </span>
    </p>
   </div>
   <div class='ocr_carea' id='block_1_19' title="bbox 2081 499 3642 570">
    <p class='ocr_par' dir='ltr' id='par_1_19' title="bbox 2081 499 3642 570">
     <span class='ocr_line' id='line_1_19' title="bbox 2081 499 3642 570; baseline 0.001 -18"><span class='ocrx_word' id='word_1_130' title='bbox 2081 499 2314 570; x_wconf 83' lang='lat' dir='ltr'><strong>amplius</strong></span> <span class='ocrx_word' id='word_1_131' title='bbox 2345 501 2558 570; x_wconf 90' lang='lat' dir='ltr'><strong>recipit,</strong></span> <span class='ocrx_word' id='word_1_132' title='bbox 2576 501 2631 554; x_wconf 92' lang='lat' dir='ltr'><strong>hi</strong></span> <span class='ocrx_word' id='word_1_133' title='bbox 2661 500 2844 554; x_wconf 87' lang='lat' dir='ltr'><strong>vident</strong></span> <span class='ocrx_word' id='word_1_134' title='bbox 2864 499 3033 554; x_wconf 90' lang='lat' dir='ltr'><strong>Deum</strong></span> <span class='ocrx_word' id='word_1_135' title='bbox 3056 500 3194 555; x_wconf 87' lang='lat' dir='ltr'><strong>sicut</strong></span> <span class='ocrx_word' id='word_1_136' title='bbox 3228 509 3465 570; x_wconf 91' lang='lat' dir='ltr'><strong>possunt</strong></span> <span class='ocrx_word' id='word_1_137' title='bbox 3487 501 3642 554; x_wconf 87' lang='lat' dir='ltr'><strong>videre</strong></span> 
     </span>
    </p>
   </div>
   <div class='ocr_carea' id='block_1_20' title="bbox 2078 588 3641 659">
    <p class='ocr_par' dir='ltr' id='par_1_20' title="bbox 2078 588 3641 659">
     <span class='ocr_line' id='line_1_20' title="bbox 2078 588 3641 659; baseline -0.001 -15"><span class='ocrx_word' id='word_1_138' title='bbox 2078 605 2225 645; x_wconf 92' lang='lat' dir='ltr'><strong>eum.</strong></span> <span class='ocrx_word' id='word_1_139' title='bbox 2259 588 2353 646; x_wconf 83' lang='lat' dir='ltr'><strong>llis</strong></span> <span class='ocrx_word' id='word_1_140' title='bbox 2397 592 2617 645; x_wconf 84' lang='lat' dir='ltr'><strong>flamma</strong></span> <span class='ocrx_word' id='word_1_141' title='bbox 2655 598 2862 659; x_wconf 86' lang='lat' dir='ltr'><strong>parcet,</strong></span> <span class='ocrx_word' id='word_1_142' title='bbox 2911 605 3035 644; x_wconf 91' lang='lat' dir='ltr'><strong>eum</strong></span> <span class='ocrx_word' id='word_1_143' title='bbox 3082 589 3294 642; x_wconf 88' lang='lat' dir='ltr'><strong>diluvio</strong></span> <span class='ocrx_word' id='word_1_144' title='bbox 3338 588 3483 659; x_wconf 81' lang='lat' dir='ltr'><strong>ignis</strong></span> <span class='ocrx_word' id='word_1_145' title='bbox 3515 605 3641 643; x_wconf 85' lang='lat' dir='ltr'><strong>mun-</strong></span> 
     </span>
    </p>
   </div>
   <div class='ocr_carea' id='block_1_21' title="bbox 2076 679 3638 738">
    <p class='ocr_par' dir='ltr' id='par_1_21' title="bbox 2076 679 3638 738">
     <span class='ocr_line' id='line_1_21' title="bbox 2076 679 3638 738; baseline -0.002 -1"><span class='ocrx_word' id='word_1_146' title='bbox 2076 682 2179 738; x_wconf 91' lang='lat' dir='ltr'><strong>dus</strong></span> <span class='ocrx_word' id='word_1_147' title='bbox 2209 683 2571 738; x_wconf 90' lang='lat' dir='ltr'><strong>subvertetur.</strong></span> <span class='ocrx_word' id='word_1_148' title='bbox 2613 680 2856 736; x_wconf 87' lang='lat' dir='ltr'><strong>Primum</strong></span> <span class='ocrx_word' id='word_1_149' title='bbox 2897 682 3042 736; x_wconf 91' lang='lat' dir='ltr'><strong>enim</strong></span> <span class='ocrx_word' id='word_1_150' title='bbox 3082 679 3184 735; x_wconf 92' lang='lat' dir='ltr'><strong>fuit</strong></span> <span class='ocrx_word' id='word_1_151' title='bbox 3217 680 3490 735; x_wconf 85' lang='lat' dir='ltr'><strong>diluvium</strong></span> <span class='ocrx_word' id='word_1_152' title='bbox 3523 681 3638 736; x_wconf 89' lang='lat' dir='ltr'><strong>venti</strong></span> 
     </span>
    </p>
   </div>
   <div class='ocr_carea' id='block_1_22' title="bbox 2075 771 3639 846">
    <p class='ocr_par' dir='ltr' id='par_1_22' title="bbox 2075 771 3639 846">
     <span class='ocr_line' id='line_1_22' title="bbox 2075 771 3639 846; baseline -0.001 -16"><span class='ocrx_word' id='word_1_153' title='bbox 2075 789 2129 830; x_wconf 89' lang='lat' dir='ltr'><strong>et</strong></span> <span class='ocrx_word' id='word_1_154' title='bbox 2153 775 2336 846; x_wconf 90' lang='lat' dir='ltr'><strong>aquilo</strong></span> <span class='ocrx_word' id='word_1_155' title='bbox 2365 777 2659 830; x_wconf 83' lang='lat' dir='ltr'><strong>vehemens</strong></span> <span class='ocrx_word' id='word_1_156' title='bbox 2682 775 2933 829; x_wconf 84' lang='lat' dir='ltr'><strong>homines</strong></span> <span class='ocrx_word' id='word_1_157' title='bbox 2953 774 3221 844; x_wconf 88' lang='lat' dir='ltr'><strong>quosdam</strong></span> <span class='ocrx_word' id='word_1_158' title='bbox 3247 773 3473 838; x_wconf 90' lang='lat' dir='ltr'><strong>occidit,</strong></span> <span class='ocrx_word' id='word_1_159' title='bbox 3501 771 3639 842; x_wconf 81' lang='lat' dir='ltr'><strong>justis</strong></span> 
     </span>
    </p>
   </div>
   <div class='ocr_carea' id='block_1_23' title="bbox 2075 864 3635 922">
    <p class='ocr_par' dir='ltr' id='par_1_23' title="bbox 2075 864 3635 922">
     <span class='ocr_line' id='line_1_23' title="bbox 2075 864 3635 922; baseline -0.002 0"><span class='ocrx_word' id='word_1_160' title='bbox 2075 867 2241 922; x_wconf 88' lang='lat' dir='ltr'><strong>salvis</strong></span> <span class='ocrx_word' id='word_1_161' title='bbox 2277 867 2682 922; x_wconf 78' lang='lat' dir='ltr'><strong>remancnlibus</strong></span> <span class='ocrx_word' id='word_1_162' title='bbox 2717 867 2785 920; x_wconf 88' lang='lat' dir='ltr'><strong>ad</strong></span> <span class='ocrx_word' id='word_1_163' title='bbox 2831 866 3113 920; x_wconf 87' lang='lat' dir='ltr'><strong>veritatem</strong></span> <span class='ocrx_word' id='word_1_164' title='bbox 3152 864 3635 919; x_wconf 84' lang='lat' dir='ltr'><strong>demonstrandam.</strong></span> 
     </span>
    </p>
   </div>
   <div class='ocr_carea' id='block_1_24' title="bbox 2076 957 3639 1030">
    <p class='ocr_par' dir='ltr' id='par_1_24' title="bbox 2076 957 3639 1030">
     <span class='ocr_line' id='line_1_24' title="bbox 2076 957 3639 1030; baseline -0.001 -18"><span class='ocrx_word' id='word_1_165' title='bbox 2076 959 2282 1015; x_wconf 90' lang='lat' dir='ltr'><strong>Deinde</strong></span> <span class='ocrx_word' id='word_1_166' title='bbox 2323 975 2454 1014; x_wconf 84' lang='lat' dir='ltr'><strong>vero</strong></span> <span class='ocrx_word' id='word_1_167' title='bbox 2479 959 2579 1015; x_wconf 90' lang='lat' dir='ltr'><strong>fuit</strong></span> <span class='ocrx_word' id='word_1_168' title='bbox 2617 959 2881 1014; x_wconf 89' lang='lat' dir='ltr'><strong>diluvmm</strong></span> <span class='ocrx_word' id='word_1_169' title='bbox 2930 975 3105 1030; x_wconf 67' lang='lat' dir='ltr'><strong>aquae,</strong></span> <span class='ocrx_word' id='word_1_170' title='bbox 3154 969 3208 1012; x_wconf 92' lang='lat' dir='ltr'><strong>et</strong></span> <span class='ocrx_word' id='word_1_171' title='bbox 3235 957 3491 1012; x_wconf 80' lang='lat' dir='ltr'><strong>sull&#39;ocati</strong></span> <span class='ocrx_word' id='word_1_172' title='bbox 3537 967 3639 1011; x_wconf 75' lang='lat' dir='ltr'><strong>sunt</strong></span> 
     </span>
    </p>
   </div>
   <div class='ocr_carea' id='block_1_25' title="bbox 2075 1050 3638 1126">
    <p class='ocr_par' dir='ltr' id='par_1_25' title="bbox 2075 1050 3638 1126">
     <span class='ocr_line' id='line_1_25' title="bbox 2075 1050 3638 1126; baseline 0.001 -23"><span class='ocrx_word' id='word_1_173' title='bbox 2075 1066 2267 1106; x_wconf 90' lang='lat' dir='ltr'><strong>omnes</strong></span> <span class='ocrx_word' id='word_1_174' title='bbox 2292 1052 2559 1126; x_wconf 83' lang='lat' dir='ltr'><strong>homines,</strong></span> <span class='ocrx_word' id='word_1_175' title='bbox 2591 1061 2645 1106; x_wconf 86' lang='lat' dir='ltr'><strong>et</strong></span> <span class='ocrx_word' id='word_1_176' title='bbox 2669 1062 2866 1107; x_wconf 88' lang='lat' dir='ltr'><strong>cuncta</strong></span> <span class='ocrx_word' id='word_1_177' title='bbox 2913 1051 3194 1115; x_wconf 83' lang='lat' dir='ltr'><strong>animalia,</strong></span> <span class='ocrx_word' id='word_1_178' title='bbox 3221 1050 3394 1120; x_wconf 89' lang='lat' dir='ltr'><strong>justis</strong></span> <span class='ocrx_word' id='word_1_179' title='bbox 3446 1065 3499 1103; x_wconf 79' lang='lat' dir='ltr'><strong>in</strong></span> <span class='ocrx_word' id='word_1_180' title='bbox 3539 1065 3638 1104; x_wconf 79' lang='lat' dir='ltr'><strong>arca</strong></span> 
     </span>
    </p>
   </div>
   <div class='ocr_carea' id='block_1_26' title="bbox 2074 1140 3639 1212">
    <p class='ocr_par' dir='ltr' id='par_1_26' title="bbox 2074 1140 3639 1212">
     <span class='ocr_line' id='line_1_26' title="bbox 2074 1140 3639 1212; baseline -0.001 -16"><span class='ocrx_word' id='word_1_181' title='bbox 2074 1143 2250 1212; x_wconf 86' lang='lat' dir='ltr'><strong>lignea</strong></span> <span class='ocrx_word' id='word_1_182' title='bbox 2273 1143 2530 1197; x_wconf 91' lang='lat' dir='ltr'><strong>mandato</strong></span> <span class='ocrx_word' id='word_1_183' title='bbox 2555 1141 2648 1196; x_wconf 90' lang='lat' dir='ltr'><strong>Dei</strong></span> <span class='ocrx_word' id='word_1_184' title='bbox 2680 1143 2928 1197; x_wconf 83' lang='lat' dir='ltr'><strong>servatis.</strong></span> <span class='ocrx_word' id='word_1_185' title='bbox 2948 1140 3101 1196; x_wconf 85' lang='lat' dir='ltr'><strong>Nunc</strong></span> <span class='ocrx_word' id='word_1_186' title='bbox 3128 1141 3381 1196; x_wconf 91' lang='lat' dir='ltr'><strong>futurum</strong></span> <span class='ocrx_word' id='word_1_187' title='bbox 3411 1151 3496 1196; x_wconf 91' lang='lat' dir='ltr'><strong>est</strong></span> <span class='ocrx_word' id='word_1_188' title='bbox 3524 1142 3639 1196; x_wconf 85' lang='lat' dir='ltr'><strong>dilu—</strong></span> 
     </span>
    </p>
   </div>
   <div class='ocr_carea' id='block_1_27' title="bbox 2073 1232 3642 1303">
    <p class='ocr_par' dir='ltr' id='par_1_27' title="bbox 2073 1232 3642 1303">
     <span class='ocr_line' id='line_1_27' title="bbox 2073 1232 3642 1303; baseline 0.001 -19"><span class='ocrx_word' id='word_1_189' title='bbox 2073 1234 2221 1287; x_wconf 87' lang='lat' dir='ltr'><strong>vium</strong></span> <span class='ocrx_word' id='word_1_190' title='bbox 2282 1233 2424 1303; x_wconf 76' lang='lat' dir='ltr'><strong>ignis</strong></span> <span class='ocrx_word' id='word_1_191' title='bbox 2449 1249 2464 1286; x_wconf 90' lang='lat'><strong>:</strong></span> <span class='ocrx_word' id='word_1_192' title='bbox 2487 1233 2697 1287; x_wconf 88' lang='lat' dir='ltr'><strong>ardebit</strong></span> <span class='ocrx_word' id='word_1_193' title='bbox 2733 1242 2876 1287; x_wconf 83' lang='lat' dir='ltr'><strong>terra</strong></span> <span class='ocrx_word' id='word_1_194' title='bbox 2926 1247 3050 1287; x_wconf 90' lang='lat' dir='ltr'><strong>cum</strong></span> <span class='ocrx_word' id='word_1_195' title='bbox 3088 1232 3394 1296; x_wconf 85' lang='lat' dir='ltr'><strong>montibus,</strong></span> <span class='ocrx_word' id='word_1_196' title='bbox 3423 1232 3642 1286; x_wconf 78' lang='lat' dir='ltr'><strong>homines</strong></span> 
     </span>
    </p>
   </div>
   <div class='ocr_carea' id='block_1_28' title="bbox 2071 1323 3641 1395">
    <p class='ocr_par' dir='ltr' id='par_1_28' title="bbox 2071 1323 3641 1395">
     <span class='ocr_line' id='line_1_28' title="bbox 2071 1323 3641 1395; baseline -0.002 -16"><span class='ocrx_word' id='word_1_197' title='bbox 2071 1340 2196 1379; x_wconf 91' lang='lat' dir='ltr'><strong>cum</strong></span> <span class='ocrx_word' id='word_1_198' title='bbox 2229 1325 2390 1380; x_wconf 91' lang='lat' dir='ltr'><strong>idolis</strong></span> <span class='ocrx_word' id='word_1_199' title='bbox 2413 1334 2467 1379; x_wconf 93' lang='lat' dir='ltr'><strong>et</strong></span> <span class='ocrx_word' id='word_1_200' title='bbox 2498 1325 2694 1380; x_wconf 88' lang='lat' dir='ltr'><strong>statuis</strong></span> <span class='ocrx_word' id='word_1_201' title='bbox 2717 1340 2854 1395; x_wconf 90' lang='lat' dir='ltr'><strong>quas</strong></span> <span class='ocrx_word' id='word_1_202' title='bbox 2888 1323 3134 1380; x_wconf 90' lang='lat' dir='ltr'><strong>fecerunt</strong></span> <span class='ocrx_word' id='word_1_203' title='bbox 3163 1334 3217 1378; x_wconf 91' lang='lat' dir='ltr'><strong>et</strong></span> <span class='ocrx_word' id='word_1_204' title='bbox 3251 1325 3641 1389; x_wconf 89' lang='lat' dir='ltr'><strong>adoraveruut;</strong></span> 
     </span>
    </p>
   </div>
   <div class='ocr_carea' id='block_1_29' title="bbox 2069 1418 3641 1487">
    <p class='ocr_par' dir='ltr' id='par_1_29' title="bbox 2069 1418 3641 1487">
     <span class='ocr_line' id='line_1_29' title="bbox 2069 1418 3641 1487; baseline -0.002 -13"><span class='ocrx_word' id='word_1_205' title='bbox 2069 1421 2282 1475; x_wconf 90' lang='lat' dir='ltr'><strong>ardebit</strong></span> <span class='ocrx_word' id='word_1_206' title='bbox 2338 1435 2490 1475; x_wconf 91' lang='lat' dir='ltr'><strong>mare</strong></span> <span class='ocrx_word' id='word_1_207' title='bbox 2535 1436 2658 1474; x_wconf 92' lang='lat' dir='ltr'><strong>cum</strong></span> <span class='ocrx_word' id='word_1_208' title='bbox 2689 1419 2904 1485; x_wconf 88' lang='lat' dir='ltr'><strong>insulis,</strong></span> <span class='ocrx_word' id='word_1_209' title='bbox 2947 1418 3195 1487; x_wconf 87' lang='lat' dir='ltr'><strong>sedjusti</strong></span> <span class='ocrx_word' id='word_1_210' title='bbox 3230 1418 3373 1473; x_wconf 89' lang='lat' dir='ltr'><strong>salvi</strong></span> <span class='ocrx_word' id='word_1_211' title='bbox 3409 1429 3562 1472; x_wconf 86' lang='lat' dir='ltr'><strong>erunt</strong></span> <span class='ocrx_word' id='word_1_212' title='bbox 3587 1419 3641 1471; x_wconf 84' lang='lat' dir='ltr'><strong>ab</strong></span> 
     </span>
    </p>
   </div>
   <div class='ocr_carea' id='block_1_30' title="bbox 2070 1511 3642 1586">
    <p class='ocr_par' dir='ltr' id='par_1_30' title="bbox 2070 1511 3642 1586">
     <span class='ocr_line' id='line_1_30' title="bbox 2070 1511 3642 1586; baseline -0.001 -18"><span class='ocrx_word' id='word_1_213' title='bbox 2070 1515 2212 1586; x_wconf 85' lang='lat' dir='ltr'><strong>igne,</strong></span> <span class='ocrx_word' id='word_1_214' title='bbox 2235 1514 2378 1569; x_wconf 89' lang='lat' dir='ltr'><strong>sicut</strong></span> <span class='ocrx_word' id='word_1_215' title='bbox 2399 1513 2560 1584; x_wconf 91' lang='lat' dir='ltr'><strong>primi</strong></span> <span class='ocrx_word' id='word_1_216' title='bbox 2583 1513 2720 1584; x_wconf 87' lang='lat' dir='ltr'><strong>justi</strong></span> <span class='ocrx_word' id='word_1_217' title='bbox 2748 1514 2816 1566; x_wconf 91' lang='lat' dir='ltr'><strong>ab</strong></span> <span class='ocrx_word' id='word_1_218' title='bbox 2842 1513 3020 1583; x_wconf 87' lang='lat' dir='ltr'><strong>aquis.</strong></span> <span class='ocrx_word' id='word_1_219' title='bbox 3054 1511 3212 1568; x_wconf 88' lang='lat' dir='ltr'><strong>Tunc</strong></span> <span class='ocrx_word' id='word_1_220' title='bbox 3257 1512 3642 1568; x_wconf 86' lang='lat' dir='ltr'><strong>confundentur</strong></span> 
     </span>
    </p>
   </div>
   <div class='ocr_carea' id='block_1_31' title="bbox 2067 1603 3645 1677">
    <p class='ocr_par' dir='ltr' id='par_1_31' title="bbox 2067 1603 3645 1677">
     <span class='ocr_line' id='line_1_31' title="bbox 2067 1603 3645 1677; baseline -0.001 -18"><span class='ocrx_word' id='word_1_221' title='bbox 2067 1607 2102 1660; x_wconf 89' lang='lat' dir='ltr'><strong>ii</strong></span> <span class='ocrx_word' id='word_1_222' title='bbox 2119 1606 2211 1677; x_wconf 91' lang='lat' dir='ltr'><strong>qui</strong></span> <span class='ocrx_word' id='word_1_223' title='bbox 2233 1605 2402 1661; x_wconf 90' lang='lat' dir='ltr'><strong>Deum</strong></span> <span class='ocrx_word' id='word_1_224' title='bbox 2425 1607 2804 1661; x_wconf 87' lang='lat' dir='ltr'><strong>nescieruntet</strong></span> <span class='ocrx_word' id='word_1_225' title='bbox 2827 1605 2968 1660; x_wconf 88' lang='lat' dir='ltr'><strong>idola</strong></span> <span class='ocrx_word' id='word_1_226' title='bbox 2991 1605 3308 1668; x_wconf 89' lang='lat' dir='ltr'><strong>coluerunt,</strong></span> <span class='ocrx_word' id='word_1_227' title='bbox 3333 1619 3462 1659; x_wconf 91' lang='lat' dir='ltr'><strong>cum</strong></span> <span class='ocrx_word' id='word_1_228' title='bbox 3479 1603 3645 1658; x_wconf 81' lang='lat' dir='ltr'><strong>auxilii</strong></span> 
     </span>
    </p>
   </div>
   <div class='ocr_carea' id='block_1_32' title="bbox 2066 1695 3642 1769">
    <p class='ocr_par' dir='ltr' id='par_1_32' title="bbox 2066 1695 3642 1769">
     <span class='ocr_line' id='line_1_32' title="bbox 2066 1695 3642 1769; baseline -0.004 -15"><span class='ocrx_word' id='word_1_229' title='bbox 2066 1715 2162 1769; x_wconf 86' lang='lat' dir='ltr'><strong>spe</strong></span> <span class='ocrx_word' id='word_1_230' title='bbox 2195 1699 2440 1754; x_wconf 90' lang='lat' dir='ltr'><strong>destituti</strong></span> <span class='ocrx_word' id='word_1_231' title='bbox 2471 1698 2733 1752; x_wconf 89' lang='lat' dir='ltr'><strong>videbunt</strong></span> <span class='ocrx_word' id='word_1_232' title='bbox 2766 1698 2909 1753; x_wconf 90' lang='lat' dir='ltr'><strong>idola</strong></span> <span class='ocrx_word' id='word_1_233' title='bbox 2942 1712 3040 1752; x_wconf 84' lang='lat' dir='ltr'><strong>sua</strong></span> <span class='ocrx_word' id='word_1_234' title='bbox 3069 1695 3324 1751; x_wconf 85' lang='lat' dir='ltr'><strong>ardentia</strong></span> <span class='ocrx_word' id='word_1_235' title='bbox 3358 1712 3486 1750; x_wconf 85' lang='lat' dir='ltr'><strong>eum</strong></span> <span class='ocrx_word' id='word_1_236' title='bbox 3517 1696 3642 1766; x_wconf 88' lang='lat' dir='ltr'><strong>ipsis.</strong></span> 
     </span>
    </p>
   </div>
   <div class='ocr_carea' id='block_1_33' title="bbox 297 1779 3646 1855">
    <p class='ocr_par' dir='ltr' id='par_1_33' title="bbox 297 1779 3646 1855">
     <span class='ocr_line' id='line_1_33' title="bbox 297 1779 3646 1855; baseline -0 -19"><span class='ocrx_word' id='word_1_237' title='bbox 297 1779 304 1786; x_wconf 85' lang='grc'><em>’</em></span> <span class='ocrx_word' id='word_1_238' title='bbox 369 1792 521 1851; x_wconf 91' lang='lat' dir='ltr'><strong>pater</strong></span> <span class='ocrx_word' id='word_1_239' title='bbox 548 1791 674 1837; x_wconf 93' lang='lat' dir='ltr'><strong>tuus</strong></span> <span class='ocrx_word' id='word_1_240' title='bbox 696 1781 840 1834; x_wconf 88' lang='lat' dir='ltr'><strong>viam</strong></span> <span class='ocrx_word' id='word_1_241' title='bbox 874 1790 1075 1836; x_wconf 90' lang='lat' dir='ltr'><strong>rectam</strong></span> <span class='ocrx_word' id='word_1_242' title='bbox 1104 1791 1324 1836; x_wconf 88' lang='lat' dir='ltr'><strong>secutus</strong></span> <span class='ocrx_word' id='word_1_243' title='bbox 1361 1781 1617 1846; x_wconf 88' lang='lat' dir='ltr'><strong>fuerit,et</strong></span> <span class='ocrx_word' id='word_1_244' title='bbox 1665 1790 1793 1836; x_wconf 91' lang='lat' dir='ltr'><strong>tunc</strong></span> <span class='ocrx_word' id='word_1_245' title='bbox 1819 1796 1965 1851; x_wconf 88' lang='lat' dir='ltr'><strong>gres-</strong></span> <span class='ocrx_word' id='word_1_246' title='bbox 2001 1785 2041 1838; x_wconf 81' lang='grc' dir='ltr'>Β</span> <span class='ocrx_word' id='word_1_247' title='bbox 2137 1789 2262 1846; x_wconf 55' lang='lat' dir='ltr'><strong>Haec</strong></span> <span class='ocrx_word' id='word_1_248' title='bbox 2285 1807 2408 1845; x_wconf 84' lang='lat' dir='ltr'><strong>cum</strong></span> <span class='ocrx_word' id='word_1_249' title='bbox 2442 1789 2721 1854; x_wconf 74' lang='lat' dir='ltr'><strong>didiceris,</strong></span> <span class='ocrx_word' id='word_1_250' title='bbox 2757 1804 2790 1843; x_wconf 92' lang='grc' dir='ltr'><strong>ο</strong></span> <span class='ocrx_word' id='word_1_251' title='bbox 2817 1789 3093 1844; x_wconf 72' lang='grc' dir='ltr'><strong>Αιιιοηῑηε</strong></span> <span class='ocrx_word' id='word_1_252' title='bbox 3121 1788 3337 1855; x_wconf 58' lang='lat' dir='ltr'><strong>Cassar,</strong></span> <span class='ocrx_word' id='word_1_253' title='bbox 3368 1798 3426 1842; x_wconf 69' lang='lat' dir='ltr'><strong>et</strong></span> <span class='ocrx_word' id='word_1_254' title='bbox 3467 1787 3559 1842; x_wconf 82' lang='lat' dir='ltr'><strong>ﬁlii</strong></span> <span class='ocrx_word' id='word_1_255' title='bbox 3582 1789 3646 1842; x_wconf 71' lang='lat' dir='ltr'><strong>iui</strong></span> 
     </span>
    </p>
   </div>
   <div class='ocr_carea' id='block_1_34' title="bbox 368 1873 1964 1944">
    <p class='ocr_par' dir='ltr' id='par_1_34' title="bbox 368 1873 1964 1944">
     <span class='ocr_line' id='line_1_34' title="bbox 368 1873 1964 1944; baseline -0.001 -16"><span class='ocrx_word' id='word_1_256' title='bbox 368 1874 522 1929; x_wconf 86' lang='lat' dir='ltr'><strong>sibus</strong></span> <span class='ocrx_word' id='word_1_257' title='bbox 545 1873 665 1944; x_wconf 89' lang='lat' dir='ltr'><strong>ejus</strong></span> <span class='ocrx_word' id='word_1_258' title='bbox 696 1873 921 1937; x_wconf 85' lang='lat' dir='ltr'><strong>insiste;</strong></span> <span class='ocrx_word' id='word_1_259' title='bbox 957 1873 1002 1926; x_wconf 88' lang='lat' dir='ltr'><strong>si</strong></span> <span class='ocrx_word' id='word_1_260' title='bbox 1021 1873 1162 1926; x_wconf 90' lang='lat' dir='ltr'><strong>viam</strong></span> <span class='ocrx_word' id='word_1_261' title='bbox 1189 1887 1435 1942; x_wconf 89' lang='lat' dir='ltr'><strong>pravam,</strong></span> <span class='ocrx_word' id='word_1_262' title='bbox 1473 1873 1542 1926; x_wconf 91' lang='lat' dir='ltr'><strong>ab</strong></span> <span class='ocrx_word' id='word_1_263' title='bbox 1585 1888 1648 1926; x_wconf 83' lang='lat' dir='ltr'><strong>ea</strong></span> <span class='ocrx_word' id='word_1_264' title='bbox 1684 1873 1877 1926; x_wconf 88' lang='lat' dir='ltr'><strong>recede</strong></span> <span class='ocrx_word' id='word_1_265' title='bbox 1911 1884 1964 1926; x_wconf 89' lang='lat' dir='ltr'><strong>et</strong></span> 
     </span>
    </p>
   </div>
   <div class='ocr_carea' id='block_1_35' title="bbox 374 1966 1966 2037">
    <p class='ocr_par' dir='ltr' id='par_1_35' title="bbox 374 1966 1966 2037">
     <span class='ocr_line' id='line_1_35' title="bbox 374 1966 1966 2037; baseline 0 -17"><span class='ocrx_word' id='word_1_266' title='bbox 374 1968 522 2021; x_wconf 86' lang='lat' dir='ltr'><strong>viam</strong></span> <span class='ocrx_word' id='word_1_267' title='bbox 556 1977 762 2022; x_wconf 89' lang='lat' dir='ltr'><strong>rectam</strong></span> <span class='ocrx_word' id='word_1_268' title='bbox 792 1967 1098 2036; x_wconf 84' lang='lat' dir='ltr'><strong>ingredere,</strong></span> <span class='ocrx_word' id='word_1_269' title='bbox 1127 1976 1182 2021; x_wconf 92' lang='lat' dir='ltr'><strong>et</strong></span> <span class='ocrx_word' id='word_1_270' title='bbox 1206 1966 1301 2021; x_wconf 88' lang='lat' dir='ltr'><strong>lilii</strong></span> <span class='ocrx_word' id='word_1_271' title='bbox 1337 1967 1413 2020; x_wconf 92' lang='lat' dir='ltr'><strong>tui</strong></span> <span class='ocrx_word' id='word_1_272' title='bbox 1445 1975 1844 2037; x_wconf 88' lang='lat' dir='ltr'><strong>sequanturte;</strong></span> <span class='ocrx_word' id='word_1_273' title='bbox 1869 1966 1966 2021; x_wconf 93' lang='lat' dir='ltr'><strong>do-</strong></span> 
     </span>
    </p>
   </div>
   <div class='ocr_carea' id='block_1_36' title="bbox 366 2043 1967 2129">
    <p class='ocr_par' dir='ltr' id='par_1_36' title="bbox 366 2043 1967 2129">
     <span class='ocr_line' id='line_1_36' title="bbox 366 2043 1967 2129; baseline -0.001 -17"><span class='ocrx_word' id='word_1_274' title='bbox 366 2043 482 2116; x_wconf 90' lang='lat' dir='ltr'><strong>leas</strong></span> <span class='ocrx_word' id='word_1_275' title='bbox 526 2059 691 2114; x_wconf 89' lang='lat' dir='ltr'><strong>etiam</strong></span> <span class='ocrx_word' id='word_1_276' title='bbox 739 2069 948 2129; x_wconf 87' lang='lat' dir='ltr'><strong>patrem</strong></span> <span class='ocrx_word' id='word_1_277' title='bbox 1015 2070 1166 2114; x_wconf 90' lang='lat' dir='ltr'><strong>tuum</strong></span> <span class='ocrx_word' id='word_1_278' title='bbox 1211 2075 1377 2128; x_wconf 86' lang='lat' dir='ltr'><strong>prave</strong></span> <span class='ocrx_word' id='word_1_279' title='bbox 1420 2059 1753 2122; x_wconf 88' lang='lat' dir='ltr'><strong>ambulasse,</strong></span> <span class='ocrx_word' id='word_1_280' title='bbox 1808 2058 1967 2114; x_wconf 91' lang='lat' dir='ltr'><strong>dolor</strong></span> 
     </span>
    </p>
   </div>
   <div class='ocr_carea' id='block_1_37' title="bbox 367 2149 1963 2221">
    <p class='ocr_par' dir='ltr' id='par_1_37' title="bbox 367 2149 1963 2221">
     <span class='ocr_line' id='line_1_37' title="bbox 367 2149 1963 2221; baseline 0.001 -19"><span class='ocrx_word' id='word_1_281' title='bbox 367 2151 517 2204; x_wconf 89' lang='lat' dir='ltr'><strong>enim</strong></span> <span class='ocrx_word' id='word_1_282' title='bbox 546 2160 675 2205; x_wconf 91' lang='lat' dir='ltr'><strong>tuus</strong></span> <span class='ocrx_word' id='word_1_283' title='bbox 705 2159 879 2221; x_wconf 88' lang='lat' dir='ltr'><strong>potest</strong></span> <span class='ocrx_word' id='word_1_284' title='bbox 906 2150 953 2206; x_wconf 92' lang='lat' dir='ltr'><strong>ei</strong></span> <span class='ocrx_word' id='word_1_285' title='bbox 981 2152 1263 2221; x_wconf 84' lang='lat' dir='ltr'><strong>prodesse.</strong></span> <span class='ocrx_word' id='word_1_286' title='bbox 1294 2149 1446 2206; x_wconf 86' lang='lat' dir='ltr'><strong>Filiis</strong></span> <span class='ocrx_word' id='word_1_287' title='bbox 1476 2152 1582 2206; x_wconf 93' lang='lat' dir='ltr'><strong>tuis</strong></span> <span class='ocrx_word' id='word_1_288' title='bbox 1609 2151 1687 2206; x_wconf 89' lang='lat' dir='ltr'><strong>sic</strong></span> <span class='ocrx_word' id='word_1_289' title='bbox 1709 2151 1963 2220; x_wconf 79' lang='lat' dir='ltr'><strong>loquere:</strong></span> 
     </span>
    </p>
   </div>
   <div class='ocr_carea' id='block_1_38' title="bbox 368 2241 1970 2313">
    <p class='ocr_par' dir='ltr' id='par_1_38' title="bbox 368 2241 1970 2313">
     <span class='ocr_line' id='line_1_38' title="bbox 368 2241 1970 2313; baseline 0.002 -19"><span class='ocrx_word' id='word_1_290' title='bbox 368 2241 516 2298; x_wconf 89' lang='lat' dir='ltr'><strong>Deus</strong></span> <span class='ocrx_word' id='word_1_291' title='bbox 567 2252 654 2298; x_wconf 90' lang='lat' dir='ltr'><strong>est</strong></span> <span class='ocrx_word' id='word_1_292' title='bbox 681 2253 834 2313; x_wconf 90' lang='lat' dir='ltr'><strong>pater</strong></span> <span class='ocrx_word' id='word_1_293' title='bbox 878 2244 1160 2312; x_wconf 90' lang='lat' dir='ltr'><strong>omnium;</strong></span> <span class='ocrx_word' id='word_1_294' title='bbox 1198 2243 1340 2299; x_wconf 92' lang='lat' dir='ltr'><strong>Deus</strong></span> <span class='ocrx_word' id='word_1_295' title='bbox 1379 2253 1460 2300; x_wconf 90' lang='lat' dir='ltr'><strong>est</strong></span> <span class='ocrx_word' id='word_1_296' title='bbox 1511 2246 1629 2299; x_wconf 89' lang='lat' dir='ltr'><strong>sine</strong></span> <span class='ocrx_word' id='word_1_297' title='bbox 1655 2244 1831 2309; x_wconf 90' lang='lat' dir='ltr'><strong>initio,</strong></span> <span class='ocrx_word' id='word_1_298' title='bbox 1871 2259 1970 2298; x_wconf 85' lang='lat' dir='ltr'><strong>nec</strong></span> 
     </span>
    </p>
   </div>
   <div class='ocr_carea' id='block_1_39' title="bbox 364 2336 1971 2409">
    <p class='ocr_par' dir='ltr' id='par_1_39' title="bbox 364 2336 1971 2409">
     <span class='ocr_line' id='line_1_39' title="bbox 364 2336 1971 2409; baseline 0.003 -20"><span class='ocrx_word' id='word_1_299' title='bbox 364 2336 548 2391; x_wconf 88' lang='lat' dir='ltr'><strong>factus</strong></span> <span class='ocrx_word' id='word_1_300' title='bbox 575 2345 690 2392; x_wconf 90' lang='lat' dir='ltr'><strong>est:</strong></span> <span class='ocrx_word' id='word_1_301' title='bbox 709 2337 890 2392; x_wconf 89' lang='lat' dir='ltr'><strong>omnia</strong></span> <span class='ocrx_word' id='word_1_302' title='bbox 927 2339 1202 2393; x_wconf 82' lang='lat' dir='ltr'><strong>voluntate</strong></span> <span class='ocrx_word' id='word_1_303' title='bbox 1221 2339 1342 2409; x_wconf 92' lang='lat' dir='ltr'><strong>ejus</strong></span> <span class='ocrx_word' id='word_1_304' title='bbox 1360 2340 1685 2394; x_wconf 91' lang='lat' dir='ltr'><strong>subsistunt.</strong></span> <span class='ocrx_word' id='word_1_305' title='bbox 1709 2338 1827 2408; x_wconf 90' lang='lat' dir='ltr'><strong>Ipse</strong></span> <span class='ocrx_word' id='word_1_306' title='bbox 1845 2338 1971 2394; x_wconf 88' lang='lat' dir='ltr'><strong>fecit</strong></span> 
     </span>
    </p>
   </div>
   <div class='ocr_carea' id='block_1_40' title="bbox 365 2429 1969 2500">
    <p class='ocr_par' dir='ltr' id='par_1_40' title="bbox 365 2429 1969 2500">
     <span class='ocr_line' id='line_1_40' title="bbox 365 2429 1969 2500; baseline 0.002 -19"><span class='ocrx_word' id='word_1_307' title='bbox 365 2429 660 2483; x_wconf 90' lang='lat' dir='ltr'><strong>luminaria</strong></span> <span class='ocrx_word' id='word_1_308' title='bbox 685 2437 743 2482; x_wconf 93' lang='lat' dir='ltr'><strong>ut</strong></span> <span class='ocrx_word' id='word_1_309' title='bbox 765 2429 986 2483; x_wconf 87' lang='lat' dir='ltr'><strong>videant</strong></span> <span class='ocrx_word' id='word_1_310' title='bbox 1014 2445 1072 2484; x_wconf 90' lang='lat' dir='ltr'><strong>se</strong></span> <span class='ocrx_word' id='word_1_311' title='bbox 1097 2430 1328 2484; x_wconf 90' lang='lat' dir='ltr'><strong>invicem</strong></span> <span class='ocrx_word' id='word_1_312' title='bbox 1365 2429 1505 2484; x_wconf 89' lang='lat' dir='ltr'><strong>servi</strong></span> <span class='ocrx_word' id='word_1_313' title='bbox 1529 2430 1668 2499; x_wconf 87' lang='lat' dir='ltr'><strong>ejus,</strong></span> <span class='ocrx_word' id='word_1_314' title='bbox 1689 2439 1740 2484; x_wconf 91' lang='lat' dir='ltr'><strong>et</strong></span> <span class='ocrx_word' id='word_1_315' title='bbox 1762 2430 1874 2500; x_wconf 90' lang='lat' dir='ltr'><strong>ipse</strong></span> <span class='ocrx_word' id='word_1_316' title='bbox 1900 2429 1969 2485; x_wconf 92' lang='lat' dir='ltr'><strong>ab</strong></span> 
     </span>
    </p>
   </div>
   <div class='ocr_carea' id='block_1_41' title="bbox 369 2520 1967 2577">
    <p class='ocr_par' dir='ltr' id='par_1_41' title="bbox 369 2520 1967 2577">
     <span class='ocr_line' id='line_1_41' title="bbox 369 2520 1967 2577; baseline 0.001 -4"><span class='ocrx_word' id='word_1_317' title='bbox 369 2520 549 2575; x_wconf 74' lang='lat' dir='ltr'><strong>oculis</strong></span> <span class='ocrx_word' id='word_1_318' title='bbox 593 2535 878 2575; x_wconf 89' lang='lat' dir='ltr'><strong>servorum</strong></span> <span class='ocrx_word' id='word_1_319' title='bbox 933 2535 1161 2576; x_wconf 88' lang='lat' dir='ltr'><strong>suorum</strong></span> <span class='ocrx_word' id='word_1_320' title='bbox 1209 2521 1499 2577; x_wconf 89' lang='lat' dir='ltr'><strong>abscondit</strong></span> <span class='ocrx_word' id='word_1_321' title='bbox 1541 2537 1634 2576; x_wconf 90' lang='lat' dir='ltr'><strong>se:</strong></span> <span class='ocrx_word' id='word_1_322' title='bbox 1663 2537 1770 2576; x_wconf 90' lang='lat' dir='ltr'><strong>non</strong></span> <span class='ocrx_word' id='word_1_323' title='bbox 1819 2521 1967 2576; x_wconf 90' lang='lat' dir='ltr'><strong>enim</strong></span> 
     </span>
    </p>
   </div>
   <div class='ocr_carea' id='block_1_42' title="bbox 363 2612 1964 2684">
    <p class='ocr_par' dir='ltr' id='par_1_42' title="bbox 363 2612 1964 2684">
     <span class='ocr_line' id='line_1_42' title="bbox 363 2612 1964 2684; baseline -0.001 -16"><span class='ocrx_word' id='word_1_324' title='bbox 363 2612 622 2684; x_wconf 81' lang='lat' dir='ltr'><strong>possibile</strong></span> <span class='ocrx_word' id='word_1_325' title='bbox 654 2621 739 2668; x_wconf 91' lang='lat' dir='ltr'><strong>est</strong></span> <span class='ocrx_word' id='word_1_326' title='bbox 768 2622 1032 2669; x_wconf 72' lang='lat' dir='ltr'><strong>creaturae</strong></span> <span class='ocrx_word' id='word_1_327' title='bbox 1062 2614 1311 2669; x_wconf 90' lang='lat' dir='ltr'><strong>mutabili</strong></span> <span class='ocrx_word' id='word_1_328' title='bbox 1337 2613 1733 2668; x_wconf 88' lang='lat' dir='ltr'><strong>immutabilem</strong></span> <span class='ocrx_word' id='word_1_329' title='bbox 1762 2613 1964 2670; x_wconf 89' lang='lat' dir='ltr'><strong>videre.</strong></span> 
     </span>
    </p>
   </div>
   <div class='ocr_carea' id='block_1_43' title="bbox 2073 1881 3646 1949">
    <p class='ocr_par' dir='ltr' id='par_1_43' title="bbox 2073 1881 3646 1949">
     <span class='ocr_line' id='line_1_43' title="bbox 2073 1881 3646 1949; baseline -0.003 -13"><span class='ocrx_word' id='word_1_330' title='bbox 2073 1892 2275 1947; x_wconf 89' lang='lat' dir='ltr'><strong>tecum,</strong></span> <span class='ocrx_word' id='word_1_331' title='bbox 2308 1883 2362 1936; x_wconf 94' lang='lat' dir='ltr'><strong>in</strong></span> <span class='ocrx_word' id='word_1_332' title='bbox 2395 1881 2769 1937; x_wconf 62' lang='lat' dir='ltr'><strong>hereditatem</strong></span> <span class='ocrx_word' id='word_1_333' title='bbox 2799 1881 3140 1935; x_wconf 90' lang='lat' dir='ltr'><strong>transmittes</strong></span> <span class='ocrx_word' id='word_1_334' title='bbox 3177 1881 3248 1935; x_wconf 92' lang='lat' dir='ltr'><strong>iis</strong></span> <span class='ocrx_word' id='word_1_335' title='bbox 3278 1894 3413 1949; x_wconf 86' lang='lat' dir='ltr'><strong>opes</strong></span> <span class='ocrx_word' id='word_1_336' title='bbox 3442 1889 3646 1934; x_wconf 63' lang='lat' dir='ltr'><strong>aeternus</strong></span> 
     </span>
    </p>
   </div>
   <div class='ocr_carea' id='block_1_44' title="bbox 2072 1971 3646 2046">
    <p class='ocr_par' dir='ltr' id='par_1_44' title="bbox 2072 1971 3646 2046">
     <span class='ocr_line' id='line_1_44' title="bbox 2072 1971 3646 2046; baseline -0.003 -17"><span class='ocrx_word' id='word_1_337' title='bbox 2072 1991 2194 2046; x_wconf 68' lang='lat' dir='ltr'><strong>qua:</strong></span> <span class='ocrx_word' id='word_1_338' title='bbox 2223 1990 2332 2029; x_wconf 89' lang='lat' dir='ltr'><strong>non</strong></span> <span class='ocrx_word' id='word_1_339' title='bbox 2366 1984 2626 2045; x_wconf 88' lang='lat' dir='ltr'><strong>pereunt;</strong></span> <span class='ocrx_word' id='word_1_340' title='bbox 2675 1973 2912 2028; x_wconf 88' lang='lat' dir='ltr'><strong>animam</strong></span> <span class='ocrx_word' id='word_1_341' title='bbox 2945 1981 3094 2027; x_wconf 89' lang='lat' dir='ltr'><strong>tuam</strong></span> <span class='ocrx_word' id='word_1_342' title='bbox 3127 1981 3182 2026; x_wconf 92' lang='lat' dir='ltr'><strong>et</strong></span> <span class='ocrx_word' id='word_1_343' title='bbox 3231 1973 3482 2026; x_wconf 87' lang='lat' dir='ltr'><strong>animam</strong></span> <span class='ocrx_word' id='word_1_344' title='bbox 3527 1971 3646 2026; x_wconf 85' lang='lat' dir='ltr'><strong>lilio-</strong></span> 
     </span>
    </p>
   </div>
   <div class='ocr_carea' id='block_1_45' title="bbox 2071 2065 3650 2134">
    <p class='ocr_par' dir='ltr' id='par_1_45' title="bbox 2071 2065 3650 2134">
     <span class='ocr_line' id='line_1_45' title="bbox 2071 2065 3650 2134; baseline -0.001 -14"><span class='ocrx_word' id='word_1_345' title='bbox 2071 2083 2194 2120; x_wconf 90' lang='lat' dir='ltr'><strong>rum</strong></span> <span class='ocrx_word' id='word_1_346' title='bbox 2232 2076 2454 2121; x_wconf 88' lang='lat' dir='ltr'><strong>tuorum</strong></span> <span class='ocrx_word' id='word_1_347' title='bbox 2479 2068 2685 2121; x_wconf 83' lang='lat' dir='ltr'><strong>salvam</strong></span> <span class='ocrx_word' id='word_1_348' title='bbox 2720 2065 2888 2120; x_wconf 80' lang='lat' dir='ltr'><strong>facies</strong></span> <span class='ocrx_word' id='word_1_349' title='bbox 2917 2065 2986 2119; x_wconf 89' lang='lat' dir='ltr'><strong>ab</strong></span> <span class='ocrx_word' id='word_1_350' title='bbox 3009 2066 3086 2120; x_wconf 89' lang='lat' dir='ltr'><strong>eis</strong></span> <span class='ocrx_word' id='word_1_351' title='bbox 3113 2079 3240 2134; x_wconf 75' lang='lat' dir='ltr'><strong>qua:</strong></span> <span class='ocrx_word' id='word_1_352' title='bbox 3263 2065 3537 2119; x_wconf 68' lang='lat' dir='ltr'><strong>universae</strong></span> <span class='ocrx_word' id='word_1_353' title='bbox 3561 2072 3650 2119; x_wconf 90' lang='lat' dir='ltr'><strong>ter-</strong></span> 
     </span>
    </p>
   </div>
   <div class='ocr_carea' id='block_1_46' title="bbox 2074 2156 3646 2228">
    <p class='ocr_par' dir='ltr' id='par_1_46' title="bbox 2074 2156 3646 2228">
     <span class='ocr_line' id='line_1_46' title="bbox 2074 2156 3646 2228; baseline -0.001 -18"><span class='ocrx_word' id='word_1_354' title='bbox 2074 2173 2148 2211; x_wconf 74' lang='lat' dir='ltr'><strong>ra:</strong></span> <span class='ocrx_word' id='word_1_355' title='bbox 2178 2157 2372 2212; x_wconf 89' lang='lat' dir='ltr'><strong>incolis</strong></span> <span class='ocrx_word' id='word_1_356' title='bbox 2415 2159 2468 2212; x_wconf 93' lang='lat' dir='ltr'><strong>in</strong></span> <span class='ocrx_word' id='word_1_357' title='bbox 2503 2157 2714 2228; x_wconf 89' lang='lat' dir='ltr'><strong>judicio</strong></span> <span class='ocrx_word' id='word_1_358' title='bbox 2756 2172 2884 2210; x_wconf 90' lang='lat' dir='ltr'><strong>vero</strong></span> <span class='ocrx_word' id='word_1_359' title='bbox 2915 2164 2970 2210; x_wconf 87' lang='lat' dir='ltr'><strong>et</strong></span> <span class='ocrx_word' id='word_1_360' title='bbox 3011 2156 3166 2224; x_wconf 91' lang='lat' dir='ltr'><strong>justo</strong></span> <span class='ocrx_word' id='word_1_361' title='bbox 3218 2164 3490 2208; x_wconf 85' lang='lat' dir='ltr'><strong>eventura</strong></span> <span class='ocrx_word' id='word_1_362' title='bbox 3521 2164 3646 2209; x_wconf 87' lang='lat' dir='ltr'><strong>sunt.</strong></span> 
     </span>
    </p>
   </div>
   <div class='ocr_carea' id='block_1_47' title="bbox 2073 2246 3645 2320">
    <p class='ocr_par' dir='ltr' id='par_1_47' title="bbox 2073 2246 3645 2320">
     <span class='ocr_line' id='line_1_47' title="bbox 2073 2246 3645 2320; baseline -0.002 -17"><span class='ocrx_word' id='word_1_363' title='bbox 2073 2249 2150 2303; x_wconf 92' lang='lat' dir='ltr'><strong>Ibi</strong></span> <span class='ocrx_word' id='word_1_364' title='bbox 2174 2249 2320 2303; x_wconf 89' lang='lat' dir='ltr'><strong>enim</strong></span> <span class='ocrx_word' id='word_1_365' title='bbox 2351 2258 2642 2320; x_wconf 88' lang='lat' dir='ltr'><strong>e0gnoseet</strong></span> <span class='ocrx_word' id='word_1_366' title='bbox 2674 2257 2724 2303; x_wconf 89' lang='lat' dir='ltr'><strong>te</strong></span> <span class='ocrx_word' id='word_1_367' title='bbox 2755 2246 2920 2313; x_wconf 88' lang='lat' dir='ltr'><strong>Deus,</strong></span> <span class='ocrx_word' id='word_1_368' title='bbox 2955 2247 2999 2302; x_wconf 91' lang='lat' dir='ltr'><strong>si</strong></span> <span class='ocrx_word' id='word_1_369' title='bbox 3034 2247 3124 2301; x_wconf 87' lang='lat' dir='ltr'><strong>hic</strong></span> <span class='ocrx_word' id='word_1_370' title='bbox 3165 2247 3498 2314; x_wconf 87' lang='lat' dir='ltr'><strong>cognoveris</strong></span> <span class='ocrx_word' id='word_1_371' title='bbox 3522 2262 3645 2301; x_wconf 83' lang='lat' dir='ltr'><strong>eum.</strong></span> 
     </span>
    </p>
   </div>
   <div class='ocr_carea' id='block_1_48' title="bbox 2073 2337 3650 2409">
    <p class='ocr_par' dir='ltr' id='par_1_48' title="bbox 2073 2337 3650 2409">
     <span class='ocr_line' id='line_1_48' title="bbox 2073 2337 3650 2409; baseline -0.004 -13"><span class='ocrx_word' id='word_1_372' title='bbox 2073 2340 2130 2396; x_wconf 91' lang='lat' dir='ltr'><strong>Si</strong></span> <span class='ocrx_word' id='word_1_373' title='bbox 2163 2358 2288 2396; x_wconf 91' lang='lat' dir='ltr'><strong>eum</strong></span> <span class='ocrx_word' id='word_1_374' title='bbox 2330 2342 2419 2394; x_wconf 88' lang='lat' dir='ltr'><strong>hic</strong></span> <span class='ocrx_word' id='word_1_375' title='bbox 2450 2341 2774 2409; x_wconf 82' lang='lat' dir='ltr'><strong>neglexeris,</strong></span> <span class='ocrx_word' id='word_1_376' title='bbox 2810 2339 2950 2393; x_wconf 92' lang='lat' dir='ltr'><strong>inter</strong></span> <span class='ocrx_word' id='word_1_377' title='bbox 2991 2353 3086 2394; x_wconf 92' lang='lat' dir='ltr'><strong>eos</strong></span> <span class='ocrx_word' id='word_1_378' title='bbox 3120 2353 3232 2393; x_wconf 87' lang='lat' dir='ltr'><strong>non</strong></span> <span class='ocrx_word' id='word_1_379' title='bbox 3263 2337 3650 2409; x_wconf 89' lang='lat' dir='ltr'><strong>eomputaberis</strong></span> 
     </span>
    </p>
   </div>
   <div class='ocr_carea' id='block_1_49' title="bbox 2071 2429 3648 2505">
    <p class='ocr_par' dir='ltr' id='par_1_49' title="bbox 2071 2429 3648 2505">
     <span class='ocr_line' id='line_1_49' title="bbox 2071 2429 3648 2505; baseline -0.003 -17"><span class='ocrx_word' id='word_1_380' title='bbox 2071 2435 2165 2505; x_wconf 93' lang='lat' dir='ltr'><strong>qui</strong></span> <span class='ocrx_word' id='word_1_381' title='bbox 2219 2443 2560 2504; x_wconf 88' lang='lat' dir='ltr'><strong>cognoscunt</strong></span> <span class='ocrx_word' id='word_1_382' title='bbox 2591 2449 2718 2489; x_wconf 88' lang='lat' dir='ltr'><strong>eum</strong></span> <span class='ocrx_word' id='word_1_383' title='bbox 2775 2443 2829 2489; x_wconf 94' lang='lat' dir='ltr'><strong>et</strong></span> <span class='ocrx_word' id='word_1_384' title='bbox 2877 2433 2955 2487; x_wconf 92' lang='lat' dir='ltr'><strong>illi</strong></span> <span class='ocrx_word' id='word_1_385' title='bbox 3032 2433 3242 2504; x_wconf 88' lang='lat' dir='ltr'><strong>gratias</strong></span> <span class='ocrx_word' id='word_1_386' title='bbox 3301 2441 3499 2502; x_wconf 85' lang='lat' dir='ltr'><strong>agunt.</strong></span> <span class='ocrx_word' id='word_1_387' title='bbox 3545 2429 3648 2484; x_wconf 69' lang='lat' dir='ltr'><strong>Haec</strong></span> 
     </span>
    </p>
   </div>
   <div class='ocr_carea' id='block_1_50' title="bbox 2070 2524 3646 2597">
    <p class='ocr_par' dir='ltr' id='par_1_50' title="bbox 2070 2524 3646 2597">
     <span class='ocr_line' id='line_1_50' title="bbox 2070 2524 3646 2597; baseline -0.001 -17"><span class='ocrx_word' id='word_1_388' title='bbox 2070 2526 2338 2597; x_wconf 82' lang='lat' dir='ltr'><strong>Majestati</strong></span> <span class='ocrx_word' id='word_1_389' title='bbox 2392 2535 2498 2582; x_wconf 62' lang='lat' dir='ltr'><strong>tua:</strong></span> <span class='ocrx_word' id='word_1_390' title='bbox 2555 2525 2847 2592; x_wconf 82' lang='lat' dir='ltr'><strong>sufficiunt,</strong></span> <span class='ocrx_word' id='word_1_391' title='bbox 2875 2525 3006 2596; x_wconf 90' lang='lat' dir='ltr'><strong>quin</strong></span> <span class='ocrx_word' id='word_1_392' title='bbox 3042 2526 3153 2580; x_wconf 89' lang='lat' dir='ltr'><strong>imo</strong></span> <span class='ocrx_word' id='word_1_393' title='bbox 3178 2525 3454 2595; x_wconf 87' lang='lat' dir='ltr'><strong>ampliora</strong></span> <span class='ocrx_word' id='word_1_394' title='bbox 3494 2524 3537 2580; x_wconf 88' lang='lat' dir='ltr'><strong>si</strong></span> <span class='ocrx_word' id='word_1_395' title='bbox 3561 2525 3646 2578; x_wconf 85' lang='lat' dir='ltr'><strong>vis.</strong></span> 
     </span>
    </p>
   </div>
   <div class='ocr_carea' id='block_1_51' title="bbox 1660 2979 2350 3140">
    <p class='ocr_par' dir='ltr' id='par_1_51' title="bbox 1660 2979 2350 3140">
     <span class='ocr_line' id='line_1_51' title="bbox 1660 2979 2350 3140; baseline -0.007 -2"><span class='ocrx_word' id='word_1_396' title='bbox 1660 2979 2350 3140; x_wconf 83' lang='lat' dir='ltr'><strong>SPURIA</strong></span> 
     </span>
    </p>
   </div>
   <div class='ocr_carea' id='block_1_52' title="bbox 1252 3424 2768 3630">
    <p class='ocr_par' dir='ltr' id='par_1_52' title="bbox 1252 3424 2768 3630">
     <span class='ocr_line' id='line_1_52' title="bbox 1252 3424 2768 3630; baseline -0.009 -63"><span class='ocrx_word' id='word_1_397' title='bbox 1252 3434 1819 3630; x_wconf 74' lang='lat' dir='ltr'><strong>SANCTI</strong></span> <span class='ocrx_word' id='word_1_398' title='bbox 1897 3424 2768 3557; x_wconf 88' lang='lat' dir='ltr'><strong>MELITONIS</strong></span> 
     </span>
    </p>
   </div>
   <div class='ocr_carea' id='block_1_53' title="bbox 840 3681 3158 3812">
    <p class='ocr_par' dir='ltr' id='par_1_53' title="bbox 840 3681 3158 3812">
     <span class='ocr_line' id='line_1_53' title="bbox 840 3681 3158 3812; baseline -0.007 0"><span class='ocrx_word' id='word_1_399' title='bbox 840 3701 1026 3812; x_wconf 89' lang='lat' dir='ltr'><strong>DE</strong></span> <span class='ocrx_word' id='word_1_400' title='bbox 1109 3693 1833 3810; x_wconf 85' lang='lat' dir='ltr'><strong>TRANSITU</strong></span> <span class='ocrx_word' id='word_1_401' title='bbox 1913 3686 2570 3808; x_wconf 81' lang='lat' dir='ltr'><strong>VIRGINIS</strong></span> <span class='ocrx_word' id='word_1_402' title='bbox 2649 3681 3158 3797; x_wconf 63' lang='lat' dir='ltr'><strong>MARIE</strong></span> 
     </span>
    </p>
   </div>
   <div class='ocr_carea' id='block_1_54' title="bbox 1802 3928 2167 4018">
    <p class='ocr_par' dir='ltr' id='par_1_54' title="bbox 1802 3928 2167 4018">
     <span class='ocr_line' id='line_1_54' title="bbox 1802 3928 2167 4018; baseline -0.016 1"><span class='ocrx_word' id='word_1_403' title='bbox 1802 3928 2167 4018; x_wconf 79' lang='lat' dir='ltr'><strong>LIBER</strong></span> 
     </span>
    </p>
   </div>
   <div class='ocr_carea' id='block_1_55' title="bbox 459 4108 3526 4196">
    <p class='ocr_par' dir='ltr' id='par_1_55' title="bbox 459 4108 3526 4196">
     <span class='ocr_line' id='line_1_55' title="bbox 459 4108 3526 4196; baseline -0.008 -13"><span class='ocrx_word' id='word_1_404' title='bbox 459 4130 785 4196; x_wconf 76' lang='lat' dir='ltr'><strong>(Bibliotheca</strong></span> <span class='ocrx_word' id='word_1_405' title='bbox 817 4131 1024 4179; x_wconf 84' lang='lat' dir='ltr'><strong>Patrum</strong></span> <span class='ocrx_word' id='word_1_406' title='bbox 1064 4126 1302 4186; x_wconf 77' lang='lat' dir='ltr'><strong>mxima,</strong></span> <span class='ocrx_word' id='word_1_407' title='bbox 1327 4126 1409 4175; x_wconf 89' lang='lat' dir='ltr'><strong>ed.</strong></span> <span class='ocrx_word' id='word_1_408' title='bbox 1436 4126 1661 4188; x_wconf 87' lang='lat' dir='ltr'><strong>Lugdun.</strong></span> <span class='ocrx_word' id='word_1_409' title='bbox 1689 4121 1754 4183; x_wconf 84' lang='lat' dir='ltr'><strong>Il,</strong></span> <span class='ocrx_word' id='word_1_410' title='bbox 1784 4136 1834 4182; x_wconf 93' lang='lat' dir='ltr'><strong>u,</strong></span> <span class='ocrx_word' id='word_1_411' title='bbox 1858 4120 2159 4170; x_wconf 74' lang='lat' dir='ltr'><strong>213.—Vide</strong></span> <span class='ocrx_word' id='word_1_412' title='bbox 2183 4117 2342 4168; x_wconf 82' lang='lat' dir='ltr'><strong>Caroli</strong></span> <span class='ocrx_word' id='word_1_413' title='bbox 2385 4114 2543 4175; x_wconf 81' lang='lat' dir='ltr'><strong>Woog</strong></span> <span class='ocrx_word' id='word_1_414' title='bbox 2562 4111 2997 4170; x_wconf 83' lang='lat' dir='ltr'><strong>Dissertationem,</strong></span> <span class='ocrx_word' id='word_1_415' title='bbox 3029 4121 3180 4172; x_wconf 85' lang='lat' dir='ltr'><strong>supra</strong></span> <span class='ocrx_word' id='word_1_416' title='bbox 3197 4146 3211 4171; x_wconf 93' lang='lat'><strong>,</strong></span> <span class='ocrx_word' id='word_1_417' title='bbox 3237 4110 3337 4160; x_wconf 88' lang='lat' dir='ltr'><strong>col.</strong></span> <span class='ocrx_word' id='word_1_418' title='bbox 3365 4108 3526 4169; x_wconf 74' lang='lat'><strong>1205.)</strong></span> 
     </span>
    </p>
   </div>
   <div class='ocr_carea' id='block_1_56' title="bbox 861 4273 1424 4334">
    <p class='ocr_par' dir='ltr' id='par_1_56' title="bbox 861 4273 1424 4334">
     <span class='ocr_line' id='line_1_56' title="bbox 861 4273 1424 4334; baseline -0.009 0"><span class='ocrx_word' id='word_1_419' title='bbox 861 4276 1091 4334; x_wconf 84' lang='lat' dir='ltr'><strong>CAPUT</strong></span> <span class='ocrx_word' id='word_1_420' title='bbox 1131 4273 1424 4329; x_wconf 76' lang='lat' dir='ltr'><strong>PRIMUM.</strong></span> 
     </span>
    </p>
   </div>
   <div class='ocr_carea' id='block_1_57' title="bbox 424 4385 1941 4460">
    <p class='ocr_par' dir='ltr' id='par_1_57' title="bbox 424 4385 1941 4460">
     <span class='ocr_line' id='line_1_57' title="bbox 424 4385 1941 4460; baseline -0.008 -10"><span class='ocrx_word' id='word_1_421' title='bbox 424 4396 628 4459; x_wconf 83' lang='lat' dir='ltr'><strong>Melito,</strong></span> <span class='ocrx_word' id='word_1_422' title='bbox 668 4407 861 4450; x_wconf 86' lang='lat' dir='ltr'><strong>servus</strong></span> <span class='ocrx_word' id='word_1_423' title='bbox 891 4392 1131 4458; x_wconf 88' lang='lat' dir='ltr'><strong>Christi,</strong></span> <span class='ocrx_word' id='word_1_424' title='bbox 1175 4390 1464 4460; x_wconf 90' lang='lat' dir='ltr'><strong>episcopus</strong></span> <span class='ocrx_word' id='word_1_425' title='bbox 1507 4385 1765 4442; x_wconf 71' lang='lat' dir='ltr'><strong>Ecclesia:</strong></span> <span class='ocrx_word' id='word_1_426' title='bbox 1809 4386 1941 4439; x_wconf 88' lang='lat' dir='ltr'><strong>Sar-</strong></span> 
     </span>
    </p>
   </div>
   <div class='ocr_carea' id='block_1_58' title="bbox 353 4475 1942 4553">
    <p class='ocr_par' dir='ltr' id='par_1_58' title="bbox 353 4475 1942 4553">
     <span class='ocr_line' id='line_1_58' title="bbox 353 4475 1942 4553; baseline -0.009 -11"><span class='ocrx_word' id='word_1_427' title='bbox 353 4487 558 4553; x_wconf 86' lang='lat' dir='ltr'><strong>densis,</strong></span> <span class='ocrx_word' id='word_1_428' title='bbox 585 4483 991 4541; x_wconf 87' lang='lat' dir='ltr'><strong>venerabilibus</strong></span> <span class='ocrx_word' id='word_1_429' title='bbox 1043 4482 1096 4535; x_wconf 90' lang='lat' dir='ltr'><strong>in</strong></span> <span class='ocrx_word' id='word_1_430' title='bbox 1152 4481 1381 4534; x_wconf 84' lang='lat' dir='ltr'><strong>Domino</strong></span> <span class='ocrx_word' id='word_1_431' title='bbox 1414 4476 1697 4539; x_wconf 81' lang='lat' dir='ltr'><strong>fratribus,</strong></span> <span class='ocrx_word' id='word_1_432' title='bbox 1745 4475 1942 4530; x_wconf 80' lang='lat' dir='ltr'><strong>Laodi-</strong></span> 
     </span>
    </p>
   </div>
   <div class='ocr_carea' id='block_1_59' title="bbox 353 4567 1942 4642">
    <p class='ocr_par' dir='ltr' id='par_1_59' title="bbox 353 4567 1942 4642">
     <span class='ocr_line' id='line_1_59' title="bbox 353 4567 1942 4642; baseline -0.006 -10"><span class='ocrx_word' id='word_1_433' title='bbox 353 4593 461 4632; x_wconf 62' lang='lat' dir='ltr'><strong>ceae</strong></span> <span class='ocrx_word' id='word_1_434' title='bbox 505 4575 841 4640; x_wconf 85' lang='lat' dir='ltr'><strong>constitutis,</strong></span> <span class='ocrx_word' id='word_1_435' title='bbox 876 4574 931 4627; x_wconf 92' lang='lat' dir='ltr'><strong>in</strong></span> <span class='ocrx_word' id='word_1_436' title='bbox 956 4588 1112 4642; x_wconf 83' lang='lat' dir='ltr'><strong>pace,</strong></span> <span class='ocrx_word' id='word_1_437' title='bbox 1148 4572 1402 4626; x_wconf 88' lang='lat' dir='ltr'><strong>salutem.</strong></span> <span class='ocrx_word' id='word_1_438' title='bbox 1451 4570 1606 4640; x_wconf 84' lang='lat' dir='ltr'><strong>Saepe</strong></span> <span class='ocrx_word' id='word_1_439' title='bbox 1650 4567 1942 4636; x_wconf 81' lang='lat' dir='ltr'><strong>scripsisse</strong></span> 
     </span>
    </p>
   </div>
   <div class='ocr_carea' id='block_1_60' title="bbox 353 4660 1939 4734">
    <p class='ocr_par' dir='ltr' id='par_1_60' title="bbox 353 4660 1939 4734">
     <span class='ocr_line' id='line_1_60' title="bbox 353 4660 1939 4734; baseline -0.006 -13"><span class='ocrx_word' id='word_1_440' title='bbox 353 4683 441 4722; x_wconf 92' lang='lat' dir='ltr'><strong>me</strong></span> <span class='ocrx_word' id='word_1_441' title='bbox 471 4667 693 4720; x_wconf 88' lang='lat' dir='ltr'><strong>memini</strong></span> <span class='ocrx_word' id='word_1_442' title='bbox 735 4667 802 4719; x_wconf 90' lang='lat' dir='ltr'><strong>de</strong></span> <span class='ocrx_word' id='word_1_443' title='bbox 827 4666 1064 4734; x_wconf 88' lang='lat' dir='ltr'><strong>quodam</strong></span> <span class='ocrx_word' id='word_1_444' title='bbox 1096 4663 1322 4726; x_wconf 82' lang='lat' dir='ltr'><strong>Leucio,</strong></span> <span class='ocrx_word' id='word_1_445' title='bbox 1364 4663 1458 4731; x_wconf 93' lang='lat' dir='ltr'><strong>qui</strong></span> <span class='ocrx_word' id='word_1_446' title='bbox 1494 4660 1781 4716; x_wconf 86' lang='lat' dir='ltr'><strong>nobiscum</strong></span> <span class='ocrx_word' id='word_1_447' title='bbox 1814 4675 1939 4714; x_wconf 92' lang='lat' dir='ltr'><strong>cum</strong></span> 
     </span>
    </p>
   </div>
   <div class='ocr_carea' id='block_1_61' title="bbox 354 4755 1944 4829">
    <p class='ocr_par' dir='ltr' id='par_1_61' title="bbox 354 4755 1944 4829">
     <span class='ocr_line' id='line_1_61' title="bbox 354 4755 1944 4829; baseline -0.005 -17"><span class='ocrx_word' id='word_1_448' title='bbox 354 4757 617 4829; x_wconf 84' lang='lat' dir='ltr'><strong>apostolis</strong></span> <span class='ocrx_word' id='word_1_449' title='bbox 646 4766 1026 4820; x_wconf 84' lang='lat' dir='ltr'><strong>conversatus,</strong></span> <span class='ocrx_word' id='word_1_450' title='bbox 1067 4756 1247 4809; x_wconf 89' lang='lat' dir='ltr'><strong>alieno</strong></span> <span class='ocrx_word' id='word_1_451' title='bbox 1292 4769 1456 4809; x_wconf 90' lang='lat' dir='ltr'><strong>sensu</strong></span> <span class='ocrx_word' id='word_1_452' title='bbox 1487 4762 1541 4808; x_wconf 91' lang='lat' dir='ltr'><strong>et</strong></span> <span class='ocrx_word' id='word_1_453' title='bbox 1566 4755 1754 4807; x_wconf 90' lang='lat' dir='ltr'><strong>animo</strong></span> <span class='ocrx_word' id='word_1_454' title='bbox 1782 4761 1944 4806; x_wconf 82' lang='lat' dir='ltr'><strong>teme-</strong></span> 
     </span>
    </p>
   </div>
   <div class='ocr_carea' id='block_1_62' title="bbox 353 4843 1944 4916">
    <p class='ocr_par' dir='ltr' id='par_1_62' title="bbox 353 4843 1944 4916">
     <span class='ocr_line' id='line_1_62' title="bbox 353 4843 1944 4916; baseline -0.005 -12"><span class='ocrx_word' id='word_1_455' title='bbox 353 4850 502 4905; x_wconf 85' lang='lat' dir='ltr'><strong>rario</strong></span> <span class='ocrx_word' id='word_1_456' title='bbox 524 4849 812 4904; x_wconf 90' lang='lat' dir='ltr'><strong>discedens</strong></span> <span class='ocrx_word' id='word_1_457' title='bbox 853 4865 882 4901; x_wconf 90' lang='lat' dir='ltr'><strong>a</strong></span> <span class='ocrx_word' id='word_1_458' title='bbox 929 4848 1015 4900; x_wconf 90' lang='lat' dir='ltr'><strong>via</strong></span> <span class='ocrx_word' id='word_1_459' title='bbox 1040 4847 1266 4916; x_wconf 74' lang='lat' dir='ltr'><strong>justitia:</strong></span> <span class='ocrx_word' id='word_1_460' title='bbox 1293 4846 1526 4915; x_wconf 89' lang='lat' dir='ltr'><strong>plurima</strong></span> <span class='ocrx_word' id='word_1_461' title='bbox 1554 4847 1621 4899; x_wconf 86' lang='lat' dir='ltr'><strong>de</strong></span> <span class='ocrx_word' id='word_1_462' title='bbox 1665 4843 1944 4914; x_wconf 84' lang='lat' dir='ltr'><strong>apostolo-</strong></span> 
     </span>
    </p>
   </div>
   <div class='ocr_carea' id='block_1_63' title="bbox 353 4938 1940 5005">
    <p class='ocr_par' dir='ltr' id='par_1_63' title="bbox 353 4938 1940 5005">
     <span class='ocr_line' id='line_1_63' title="bbox 353 4938 1940 5005; baseline -0.004 -9"><span class='ocrx_word' id='word_1_463' title='bbox 353 4951 475 4996; x_wconf 88' lang='lat' dir='ltr'><strong>r&#39;um</strong></span> <span class='ocrx_word' id='word_1_464' title='bbox 504 4942 730 4997; x_wconf 81' lang='lat' dir='ltr'><strong>Actibus</strong></span> <span class='ocrx_word' id='word_1_465' title='bbox 761 4942 812 4993; x_wconf 89' lang='lat' dir='ltr'><strong>in</strong></span> <span class='ocrx_word' id='word_1_466' title='bbox 837 4941 993 4994; x_wconf 90' lang='lat' dir='ltr'><strong>libris</strong></span> <span class='ocrx_word' id='word_1_467' title='bbox 1031 4941 1146 4994; x_wconf 86' lang='lat' dir='ltr'><strong>suis</strong></span> <span class='ocrx_word' id='word_1_468' title='bbox 1176 4940 1437 5005; x_wconf 87' lang='lat' dir='ltr'><strong>inseruit;</strong></span> <span class='ocrx_word' id='word_1_469' title='bbox 1465 4949 1518 4992; x_wconf 89' lang='lat' dir='ltr'><strong>et</strong></span> <span class='ocrx_word' id='word_1_470' title='bbox 1549 4939 1616 4992; x_wconf 87' lang='lat' dir='ltr'><strong>de</strong></span> <span class='ocrx_word' id='word_1_471' title='bbox 1645 4938 1940 4992; x_wconf 85' lang='lat' dir='ltr'><strong>virtutibus</strong></span> 
     </span>
    </p>
   </div>
   <div class='ocr_carea' id='block_1_64' title="bbox 350 5031 1939 5106">
    <p class='ocr_par' dir='ltr' id='par_1_64' title="bbox 350 5031 1939 5106">
     <span class='ocr_line' id='line_1_64' title="bbox 350 5031 1939 5106; baseline -0.005 -16"><span class='ocrx_word' id='word_1_472' title='bbox 350 5036 570 5106; x_wconf 84' lang='lat' dir='ltr'><strong>quidem</strong></span> <span class='ocrx_word' id='word_1_473' title='bbox 618 5050 807 5090; x_wconf 89' lang='lat' dir='ltr'><strong>eorum</strong></span> <span class='ocrx_word' id='word_1_474' title='bbox 860 5035 1030 5087; x_wconf 88' lang='lat' dir='ltr'><strong>multa</strong></span> <span class='ocrx_word' id='word_1_475' title='bbox 1070 5042 1125 5086; x_wconf 88' lang='lat' dir='ltr'><strong>et</strong></span> <span class='ocrx_word' id='word_1_476' title='bbox 1167 5033 1317 5087; x_wconf 87' lang='lat' dir='ltr'><strong>varia</strong></span> <span class='ocrx_word' id='word_1_477' title='bbox 1359 5032 1536 5095; x_wconf 86' lang='lat' dir='ltr'><strong>dixit;</strong></span> <span class='ocrx_word' id='word_1_478' title='bbox 1585 5032 1652 5085; x_wconf 85' lang='lat' dir='ltr'><strong>de</strong></span> <span class='ocrx_word' id='word_1_479' title='bbox 1692 5031 1939 5085; x_wconf 89' lang='lat' dir='ltr'><strong>doctrina</strong></span> 
     </span>
    </p>
   </div>
   <div class='ocr_carea' id='block_1_65' title="bbox 353 5123 1936 5194">
    <p class='ocr_par' dir='ltr' id='par_1_65' title="bbox 353 5123 1936 5194">
     <span class='ocr_line' id='line_1_65' title="bbox 353 5123 1936 5194; baseline -0.004 -14"><span class='ocrx_word' id='word_1_480' title='bbox 353 5143 481 5181; x_wconf 90' lang='lat' dir='ltr'><strong>vero</strong></span> <span class='ocrx_word' id='word_1_481' title='bbox 533 5141 720 5181; x_wconf 91' lang='lat' dir='ltr'><strong>eorum</strong></span> <span class='ocrx_word' id='word_1_482' title='bbox 777 5124 1008 5194; x_wconf 90' lang='lat' dir='ltr'><strong>plurima</strong></span> <span class='ocrx_word' id='word_1_483' title='bbox 1062 5123 1323 5178; x_wconf 84' lang='lat' dir='ltr'><strong>mentitus</strong></span> <span class='ocrx_word' id='word_1_484' title='bbox 1366 5132 1489 5186; x_wconf 87' lang='lat' dir='ltr'><strong>est,</strong></span> <span class='ocrx_word' id='word_1_485' title='bbox 1543 5137 1798 5177; x_wconf 90' lang='lat' dir='ltr'><strong>asserens</strong></span> <span class='ocrx_word' id='word_1_486' title='bbox 1843 5136 1936 5176; x_wconf 89' lang='lat' dir='ltr'><strong>eos</strong></span> 
     </span>
    </p>
   </div>
   <div class='ocr_carea' id='block_1_66' title="bbox 353 5213 1938 5284">
    <p class='ocr_par' dir='ltr' id='par_1_66' title="bbox 353 5213 1938 5284">
     <span class='ocr_line' id='line_1_66' title="bbox 353 5213 1938 5284; baseline -0.004 -12"><span class='ocrx_word' id='word_1_487' title='bbox 353 5221 508 5274; x_wconf 87' lang='lat' dir='ltr'><strong>aliter</strong></span> <span class='ocrx_word' id='word_1_488' title='bbox 535 5219 812 5279; x_wconf 90' lang='lat' dir='ltr'><strong>docuisse,</strong></span> <span class='ocrx_word' id='word_1_489' title='bbox 841 5227 895 5271; x_wconf 92' lang='lat' dir='ltr'><strong>et</strong></span> <span class='ocrx_word' id='word_1_490' title='bbox 921 5215 1202 5270; x_wconf 83' lang='lat' dir='ltr'><strong>stabiliens</strong></span> <span class='ocrx_word' id='word_1_491' title='bbox 1239 5214 1408 5284; x_wconf 61' lang='lat' dir='ltr'><strong>quasi</strong></span> <span class='ocrx_word' id='word_1_492' title='bbox 1429 5230 1496 5267; x_wconf 78' lang='lat' dir='ltr'><strong>ex</strong></span> <span class='ocrx_word' id='word_1_493' title='bbox 1529 5228 1720 5267; x_wconf 91' lang='lat' dir='ltr'><strong>eorum</strong></span> <span class='ocrx_word' id='word_1_494' title='bbox 1757 5213 1938 5268; x_wconf 88' lang='lat' dir='ltr'><strong>verbis</strong></span> 
     </span>
    </p>
   </div>
   <div class='ocr_carea' id='block_1_67' title="bbox 353 5305 1938 5378">
    <p class='ocr_par' dir='ltr' id='par_1_67' title="bbox 353 5305 1938 5378">
     <span class='ocr_line' id='line_1_67' title="bbox 353 5305 1938 5378; baseline -0.006 -12"><span class='ocrx_word' id='word_1_495' title='bbox 353 5328 448 5367; x_wconf 89' lang='lat' dir='ltr'><strong>sua</strong></span> <span class='ocrx_word' id='word_1_496' title='bbox 509 5310 742 5365; x_wconf 89' lang='lat' dir='ltr'><strong>nefanda</strong></span> <span class='ocrx_word' id='word_1_497' title='bbox 786 5317 1130 5378; x_wconf 87' lang='lat' dir='ltr'><strong>argumenta.</strong></span> <span class='ocrx_word' id='word_1_498' title='bbox 1180 5305 1291 5361; x_wconf 85' lang='lat' dir='ltr'><strong>Nec</strong></span> <span class='ocrx_word' id='word_1_499' title='bbox 1331 5306 1512 5359; x_wconf 90' lang='lat' dir='ltr'><strong>solum</strong></span> <span class='ocrx_word' id='word_1_500' title='bbox 1553 5306 1656 5359; x_wconf 84' lang='lat' dir='ltr'><strong>sibi</strong></span> <span class='ocrx_word' id='word_1_501' title='bbox 1693 5305 1938 5360; x_wconf 67' lang='lat' dir='ltr'><strong>sufﬁcere</strong></span> 
     </span>
    </p>
   </div>
   <div class='ocr_carea' id='block_1_68' title="bbox 351 5399 1938 5468">
    <p class='ocr_par' dir='ltr' id='par_1_68' title="bbox 351 5399 1938 5468">
     <span class='ocr_line' id='line_1_68' title="bbox 351 5399 1938 5468; baseline -0.005 -10"><span class='ocrx_word' id='word_1_502' title='bbox 351 5405 650 5458; x_wconf 84' lang='lat' dir='ltr'><strong>arbitratus</strong></span> <span class='ocrx_word' id='word_1_503' title='bbox 679 5413 781 5466; x_wconf 90' lang='lat' dir='ltr'><strong>est,</strong></span> <span class='ocrx_word' id='word_1_504' title='bbox 805 5417 998 5456; x_wconf 86' lang='lat' dir='ltr'><strong>verum</strong></span> <span class='ocrx_word' id='word_1_505' title='bbox 1021 5401 1186 5455; x_wconf 91' lang='lat' dir='ltr'><strong>etiam</strong></span> <span class='ocrx_word' id='word_1_506' title='bbox 1207 5400 1497 5453; x_wconf 84' lang='lat' dir='ltr'><strong>transitum</strong></span> <span class='ocrx_word' id='word_1_507' title='bbox 1522 5399 1693 5453; x_wconf 69' lang='lat' dir='ltr'><strong>beatae</strong></span> <span class='ocrx_word' id='word_1_508' title='bbox 1723 5415 1938 5468; x_wconf 88' lang='lat' dir='ltr'><strong>semper</strong></span> 
     </span>
    </p>
   </div>
   <div class='ocr_carea' id='block_1_69' title="bbox 348 5495 1938 5569">
    <p class='ocr_par' dir='ltr' id='par_1_69' title="bbox 348 5495 1938 5569">
     <span class='ocr_line' id='line_1_69' title="bbox 348 5495 1938 5569; baseline -0.003 -18"><span class='ocrx_word' id='word_1_509' title='bbox 348 5499 575 5569; x_wconf 79' lang='lat' dir='ltr'><strong>virginis</strong></span> <span class='ocrx_word' id='word_1_510' title='bbox 614 5495 796 5552; x_wconf 67' lang='lat' dir='ltr'><strong>Mariae</strong></span> <span class='ocrx_word' id='word_1_511' title='bbox 833 5495 1126 5550; x_wconf 87' lang='lat' dir='ltr'><strong>Genitricis</strong></span> <span class='ocrx_word' id='word_1_512' title='bbox 1158 5495 1273 5555; x_wconf 88' lang='lat' dir='ltr'><strong>Dei,</strong></span> <span class='ocrx_word' id='word_1_513' title='bbox 1319 5495 1392 5548; x_wconf 91' lang='lat' dir='ltr'><strong>ita</strong></span> <span class='ocrx_word' id='word_1_514' title='bbox 1423 5495 1592 5563; x_wconf 91' lang='lat' dir='ltr'><strong>impio</strong></span> <span class='ocrx_word' id='word_1_515' title='bbox 1622 5495 1938 5563; x_wconf 82' lang='lat' dir='ltr'><strong>depravavit</strong></span> 
     </span>
    </p>
   </div>
   <div class='ocr_carea' id='block_1_70' title="bbox 351 5584 1936 5658">
    <p class='ocr_par' dir='ltr' id='par_1_70' title="bbox 351 5584 1936 5658">
     <span class='ocr_line' id='line_1_70' title="bbox 351 5584 1936 5658; baseline -0.003 -15"><span class='ocrx_word' id='word_1_516' title='bbox 351 5592 528 5658; x_wconf 78' lang='lat' dir='ltr'><strong>stylo&#39;,</strong></span> <span class='ocrx_word' id='word_1_517' title='bbox 574 5599 634 5643; x_wconf 91' lang='lat' dir='ltr'><strong>ut</strong></span> <span class='ocrx_word' id='word_1_518' title='bbox 675 5590 728 5641; x_wconf 93' lang='lat' dir='ltr'><strong>in</strong></span> <span class='ocrx_word' id='word_1_519' title='bbox 760 5587 1002 5642; x_wconf 84' lang='lat' dir='ltr'><strong>Ecclesia</strong></span> <span class='ocrx_word' id='word_1_520' title='bbox 1052 5585 1146 5640; x_wconf 91' lang='lat' dir='ltr'><strong>Dei</strong></span> <span class='ocrx_word' id='word_1_521' title='bbox 1186 5600 1297 5638; x_wconf 93' lang='lat' dir='ltr'><strong>non</strong></span> <span class='ocrx_word' id='word_1_522' title='bbox 1353 5585 1530 5640; x_wconf 88' lang='lat' dir='ltr'><strong>solum</strong></span> <span class='ocrx_word' id='word_1_523' title='bbox 1574 5586 1786 5654; x_wconf 84' lang='lat' dir='ltr'><strong>legere,</strong></span> <span class='ocrx_word' id='word_1_524' title='bbox 1842 5584 1936 5639; x_wconf 91' lang='lat' dir='ltr'><strong>sed</strong></span> 
     </span>
    </p>
   </div>
   <div class='ocr_carea' id='block_1_71' title="bbox 350 5674 1934 5745">
    <p class='ocr_par' dir='ltr' id='par_1_71' title="bbox 350 5674 1934 5745">
     <span class='ocr_line' id='line_1_71' title="bbox 350 5674 1934 5745; baseline -0.001 -14"><span class='ocrx_word' id='word_1_525' title='bbox 350 5679 512 5731; x_wconf 88' lang='lat' dir='ltr'><strong>etiam</strong></span> <span class='ocrx_word' id='word_1_526' title='bbox 547 5679 698 5731; x_wconf 89' lang='lat' dir='ltr'><strong>nefas</strong></span> <span class='ocrx_word' id='word_1_527' title='bbox 724 5678 796 5730; x_wconf 92' lang='lat' dir='ltr'><strong>sit</strong></span> <span class='ocrx_word' id='word_1_528' title='bbox 828 5677 1038 5731; x_wconf 89' lang='lat' dir='ltr'><strong>audire.</strong></span> <span class='ocrx_word' id='word_1_529' title='bbox 1078 5674 1189 5729; x_wconf 87' lang='lat' dir='ltr'><strong>Nos</strong></span> <span class='ocrx_word' id='word_1_530' title='bbox 1221 5691 1371 5744; x_wconf 85' lang='lat' dir='ltr'><strong>ergo.</strong></span> <span class='ocrx_word' id='word_1_531' title='bbox 1408 5677 1565 5730; x_wconf 89' lang='lat' dir='ltr'><strong>vobis</strong></span> <span class='ocrx_word' id='word_1_532' title='bbox 1604 5677 1934 5745; x_wconf 91' lang='lat' dir='ltr'><strong>petentibus,</strong></span> 
     </span>
    </p>
   </div>
   <div class='ocr_carea' id='block_1_72' title="bbox 351 5767 1992 5846">
    <p class='ocr_par' dir='ltr' id='par_1_72' title="bbox 351 5767 1992 5846">
     <span class='ocr_line' id='line_1_72' title="bbox 351 5767 1992 5846; baseline 0.001 -26"><span class='ocrx_word' id='word_1_533' title='bbox 351 5786 471 5837; x_wconf 63' lang='lat' dir='ltr'><strong>qua:</strong></span> <span class='ocrx_word' id='word_1_534' title='bbox 501 5771 566 5822; x_wconf 90' lang='lat' dir='ltr'><strong>ab</strong></span> <span class='ocrx_word' id='word_1_535' title='bbox 600 5768 843 5836; x_wconf 89' lang='lat' dir='ltr'><strong>apostolo</strong></span> <span class='ocrx_word' id='word_1_536' title='bbox 874 5767 1083 5822; x_wconf 82' lang='lat' dir='ltr'><strong>Joanne</strong></span> <span class='ocrx_word' id='word_1_537' title='bbox 1110 5768 1446 5835; x_wconf 83' lang='lat' dir='ltr'><strong>audivimus,</strong></span> <span class='ocrx_word' id='word_1_538' title='bbox 1475 5769 1588 5822; x_wconf 73' lang='lat' dir='ltr'><strong>haec</strong></span> <span class='ocrx_word' id='word_1_539' title='bbox 1621 5769 1936 5838; x_wconf 86' lang='lat' dir='ltr'><strong>simpliciter</strong></span> <span class='ocrx_word' id='word_1_540' title='bbox 1973 5839 1992 5846; x_wconf 25' lang='grc' dir='ltr'><em>θ</em></span> 
     </span>
    </p>
   </div>
   <div class='ocr_carea' id='block_1_73' title="bbox 1973 4255 3638 4327">
    <p class='ocr_par' dir='ltr' id='par_1_73' title="bbox 1973 4255 3638 4327">
     <span class='ocr_line' id='line_1_73' title="bbox 1973 4255 3638 4327; baseline -0.01 -2"><span class='ocrx_word' id='word_1_541' title='bbox 1973 4273 2017 4325; x_wconf 92' lang='lat' dir='ltr'><strong>D</strong></span> <span class='ocrx_word' id='word_1_542' title='bbox 2048 4265 2368 4327; x_wconf 89' lang='lat' dir='ltr'><strong>scribentes,</strong></span> <span class='ocrx_word' id='word_1_543' title='bbox 2404 4267 2600 4315; x_wconf 65' lang='lat' dir='ltr'><strong>vestrae</strong></span> <span class='ocrx_word' id='word_1_544' title='bbox 2624 4255 2952 4312; x_wconf 83' lang='lat' dir='ltr'><strong>fraternitati</strong></span> <span class='ocrx_word' id='word_1_545' title='bbox 2975 4257 3318 4321; x_wconf 79' lang='lat' dir='ltr'><strong>direximus;</strong></span> <span class='ocrx_word' id='word_1_546' title='bbox 3343 4258 3638 4318; x_wconf 82' lang='lat' dir='ltr'><strong>credentes,</strong></span> 
     </span>
    </p>
   </div>
   <div class='ocr_carea' id='block_1_74' title="bbox 2047 4345 3636 4419">
    <p class='ocr_par' dir='ltr' id='par_1_74' title="bbox 2047 4345 3636 4419">
     <span class='ocr_line' id='line_1_74' title="bbox 2047 4345 3636 4419; baseline -0.004 -11"><span class='ocrx_word' id='word_1_547' title='bbox 2047 4371 2155 4410; x_wconf 90' lang='lat' dir='ltr'><strong>nou</strong></span> <span class='ocrx_word' id='word_1_548' title='bbox 2205 4353 2382 4407; x_wconf 90' lang='lat' dir='ltr'><strong>aliena</strong></span> <span class='ocrx_word' id='word_1_549' title='bbox 2437 4349 2694 4419; x_wconf 76' lang='lat' dir='ltr'><strong>dogmata</strong></span> <span class='ocrx_word' id='word_1_550' title='bbox 2730 4347 2799 4401; x_wconf 89' lang='lat' dir='ltr'><strong>ab</strong></span> <span class='ocrx_word' id='word_1_551' title='bbox 2827 4345 3100 4401; x_wconf 71' lang='lat' dir='ltr'><strong>haereticis</strong></span> <span class='ocrx_word' id='word_1_552' title='bbox 3142 4347 3498 4415; x_wconf 86' lang='lat' dir='ltr'><strong>pullulantia,</strong></span> <span class='ocrx_word' id='word_1_553' title='bbox 3549 4345 3636 4401; x_wconf 83' lang='lat' dir='ltr'><strong>sed</strong></span> 
     </span>
    </p>
   </div>
   <div class='ocr_carea' id='block_1_75' title="bbox 2044 4436 3636 4505">
    <p class='ocr_par' dir='ltr' id='par_1_75' title="bbox 2044 4436 3636 4505">
     <span class='ocr_line' id='line_1_75' title="bbox 2044 4436 3636 4505; baseline -0.008 -5"><span class='ocrx_word' id='word_1_554' title='bbox 2044 4446 2262 4499; x_wconf 85' lang='lat' dir='ltr'><strong>Patrem</strong></span> <span class='ocrx_word' id='word_1_555' title='bbox 2302 4443 2356 4497; x_wconf 90' lang='lat' dir='ltr'><strong>in</strong></span> <span class='ocrx_word' id='word_1_556' title='bbox 2391 4439 2552 4505; x_wconf 85' lang='lat' dir='ltr'><strong>Filio,</strong></span> <span class='ocrx_word' id='word_1_557' title='bbox 2588 4438 2787 4493; x_wconf 86' lang='lat' dir='ltr'><strong>Filium</strong></span> <span class='ocrx_word' id='word_1_558' title='bbox 2824 4438 2880 4491; x_wconf 91' lang='lat' dir='ltr'><strong>in</strong></span> <span class='ocrx_word' id='word_1_559' title='bbox 2923 4436 3106 4500; x_wconf 91' lang='lat' dir='ltr'><strong>Patre,</strong></span> <span class='ocrx_word' id='word_1_560' title='bbox 3124 4437 3376 4495; x_wconf 71' lang='lat' dir='ltr'><strong>.Deitatis</strong></span> <span class='ocrx_word' id='word_1_561' title='bbox 3403 4450 3460 4495; x_wconf 85' lang='lat' dir='ltr'><strong>et</strong></span> <span class='ocrx_word' id='word_1_562' title='bbox 3503 4437 3636 4494; x_wconf 87' lang='lat' dir='ltr'><strong>indi-</strong></span> 
     </span>
    </p>
   </div>
   <div class='ocr_carea' id='block_1_76' title="bbox 2046 4530 3634 4601">
    <p class='ocr_par' dir='ltr' id='par_1_76' title="bbox 2046 4530 3634 4601">
     <span class='ocr_line' id='line_1_76' title="bbox 2046 4530 3634 4601; baseline -0.007 -8"><span class='ocrx_word' id='word_1_563' title='bbox 2046 4538 2176 4592; x_wconf 77' lang='lat' dir='ltr'><strong>visa:</strong></span> <span class='ocrx_word' id='word_1_564' title='bbox 2236 4534 2554 4590; x_wconf 68' lang='lat' dir='ltr'><strong>substantia:</strong></span> <span class='ocrx_word' id='word_1_565' title='bbox 2601 4530 2771 4584; x_wconf 90' lang='lat' dir='ltr'><strong>Trina</strong></span> <span class='ocrx_word' id='word_1_566' title='bbox 2829 4539 3084 4584; x_wconf 88' lang='lat' dir='ltr'><strong>manente</strong></span> <span class='ocrx_word' id='word_1_567' title='bbox 3131 4545 3408 4601; x_wconf 83' lang='lat' dir='ltr'><strong>persona;</strong></span> <span class='ocrx_word' id='word_1_568' title='bbox 3463 4544 3634 4600; x_wconf 79' lang='lat' dir='ltr'><strong>neque</strong></span> 
     </span>
    </p>
   </div>
   <div class='ocr_carea' id='block_1_77' title="bbox 2045 4626 3636 4692">
    <p class='ocr_par' dir='ltr' id='par_1_77' title="bbox 2045 4626 3636 4692">
     <span class='ocr_line' id='line_1_77' title="bbox 2045 4626 3636 4692; baseline -0.01 0"><span class='ocrx_word' id='word_1_569' title='bbox 2045 4641 2182 4692; x_wconf 91' lang='lat' dir='ltr'><strong>duas</strong></span> <span class='ocrx_word' id='word_1_570' title='bbox 2213 4633 2452 4688; x_wconf 91' lang='lat' dir='ltr'><strong>hominis</strong></span> <span class='ocrx_word' id='word_1_571' title='bbox 2501 4639 2726 4684; x_wconf 89' lang='lat' dir='ltr'><strong>naturas</strong></span> <span class='ocrx_word' id='word_1_572' title='bbox 2755 4627 3039 4692; x_wconf 88' lang='lat' dir='ltr'><strong>conditas;</strong></span> <span class='ocrx_word' id='word_1_573' title='bbox 3083 4626 3293 4681; x_wconf 90' lang='lat' dir='ltr'><strong>bonam</strong></span> <span class='ocrx_word' id='word_1_574' title='bbox 3329 4629 3542 4683; x_wconf 88' lang='lat' dir='ltr'><strong>scilicet</strong></span> <span class='ocrx_word' id='word_1_575' title='bbox 3587 4635 3636 4678; x_wconf 83' lang='lat' dir='ltr'><strong>et</strong></span> 
     </span>
    </p>
   </div>
   <div class='ocr_carea' id='block_1_78' title="bbox 2047 4716 3631 4788">
    <p class='ocr_par' dir='ltr' id='par_1_78' title="bbox 2047 4716 3631 4788">
     <span class='ocr_line' id='line_1_78' title="bbox 2047 4716 3631 4788; baseline -0.006 -11"><span class='ocrx_word' id='word_1_576' title='bbox 2047 4723 2287 4788; x_wconf 89' lang='lat' dir='ltr'><strong>malam,</strong></span> <span class='ocrx_word' id='word_1_577' title='bbox 2325 4720 2418 4775; x_wconf 84' lang='lat' dir='ltr'><strong>sed</strong></span> <span class='ocrx_word' id='word_1_578' title='bbox 2474 4732 2638 4773; x_wconf 89' lang='lat' dir='ltr'><strong>unam</strong></span> <span class='ocrx_word' id='word_1_579' title='bbox 2698 4725 2948 4770; x_wconf 86' lang='lat' dir='ltr'><strong>naturam</strong></span> <span class='ocrx_word' id='word_1_580' title='bbox 2982 4716 3185 4768; x_wconf 90' lang='lat' dir='ltr'><strong>bonam</strong></span> <span class='ocrx_word' id='word_1_581' title='bbox 3244 4731 3276 4770; x_wconf 89' lang='lat' dir='ltr'><strong>a</strong></span> <span class='ocrx_word' id='word_1_582' title='bbox 3332 4716 3447 4773; x_wconf 89' lang='lat' dir='ltr'><strong>Deo</strong></span> <span class='ocrx_word' id='word_1_583' title='bbox 3497 4718 3631 4770; x_wconf 89' lang='lat' dir='ltr'><strong>bono</strong></span> 
     </span>
    </p>
   </div>
   <div class='ocr_carea' id='block_1_79' title="bbox 2046 4806 3631 4881">
    <p class='ocr_par' dir='ltr' id='par_1_79' title="bbox 2046 4806 3631 4881">
     <span class='ocr_line' id='line_1_79' title="bbox 2046 4806 3631 4881; baseline -0.006 -14"><span class='ocrx_word' id='word_1_584' title='bbox 2046 4814 2341 4878; x_wconf 85' lang='lat' dir='ltr'><strong>conditam,</strong></span> <span class='ocrx_word' id='word_1_585' title='bbox 2377 4825 2499 4881; x_wconf 72' lang='lat' dir='ltr'><strong>quae</strong></span> <span class='ocrx_word' id='word_1_586' title='bbox 2540 4808 2666 4862; x_wconf 80' lang='lat' dir='ltr'><strong>dolo</strong></span> <span class='ocrx_word' id='word_1_587' title='bbox 2715 4806 2984 4876; x_wconf 89' lang='lat' dir='ltr'><strong>serpentis</strong></span> <span class='ocrx_word' id='word_1_588' title='bbox 3022 4814 3109 4861; x_wconf 85' lang='lat' dir='ltr'><strong>est</strong></span> <span class='ocrx_word' id='word_1_589' title='bbox 3158 4806 3354 4863; x_wconf 85' lang='lat' dir='ltr'><strong>vitiata</strong></span> <span class='ocrx_word' id='word_1_590' title='bbox 3396 4824 3493 4878; x_wconf 90' lang='lat' dir='ltr'><strong>per</strong></span> <span class='ocrx_word' id='word_1_591' title='bbox 3527 4806 3631 4862; x_wconf 85' lang='lat' dir='ltr'><strong>cul-</strong></span> 
     </span>
    </p>
   </div>
   <div class='ocr_carea' id='block_1_80' title="bbox 2043 4899 3322 4975">
    <p class='ocr_par' dir='ltr' id='par_1_80' title="bbox 2043 4899 3322 4975">
     <span class='ocr_line' id='line_1_80' title="bbox 2043 4899 3322 4975; baseline -0.006 -15"><span class='ocrx_word' id='word_1_592' title='bbox 2043 4921 2190 4975; x_wconf 90' lang='lat' dir='ltr'><strong>pam,</strong></span> <span class='ocrx_word' id='word_1_593' title='bbox 2219 4913 2272 4959; x_wconf 89' lang='lat' dir='ltr'><strong>et</strong></span> <span class='ocrx_word' id='word_1_594' title='bbox 2307 4903 2512 4958; x_wconf 87' lang='lat' dir='ltr'><strong>Christi</strong></span> <span class='ocrx_word' id='word_1_595' title='bbox 2541 4909 2625 4956; x_wconf 90' lang='lat' dir='ltr'><strong>est</strong></span> <span class='ocrx_word' id='word_1_596' title='bbox 2656 4908 2904 4967; x_wconf 87' lang='lat' dir='ltr'><strong>reparata</strong></span> <span class='ocrx_word' id='word_1_597' title='bbox 2937 4912 3030 4967; x_wconf 88' lang='lat' dir='ltr'><strong>per</strong></span> <span class='ocrx_word' id='word_1_598' title='bbox 3063 4899 3322 4968; x_wconf 81' lang='lat' dir='ltr'><strong>gratiam.</strong></span> 
     </span>
    </p>
   </div>
   <div class='ocr_carea' id='block_1_81' title="bbox 2675 5033 2996 5094">
    <p class='ocr_par' dir='ltr' id='par_1_81' title="bbox 2675 5033 2996 5094">
     <span class='ocr_line' id='line_1_81' title="bbox 2675 5033 2996 5094; baseline -0.022 -1"><span class='ocrx_word' id='word_1_599' title='bbox 2675 5035 2902 5094; x_wconf 80' lang='lat' dir='ltr'><strong>CAPUT</strong></span> <span class='ocrx_word' id='word_1_600' title='bbox 2934 5033 2996 5087; x_wconf 90' lang='lat' dir='ltr'><strong>II.</strong></span> 
     </span>
    </p>
   </div>
   <div class='ocr_carea' id='block_1_82' title="bbox 2115 5118 3628 5201">
    <p class='ocr_par' dir='ltr' id='par_1_82' title="bbox 2115 5118 3628 5201">
     <span class='ocr_line' id='line_1_82' title="bbox 2115 5118 3628 5201; baseline -0.011 -17"><span class='ocrx_word' id='word_1_601' title='bbox 2115 5131 2283 5201; x_wconf 91' lang='lat' dir='ltr'><strong>Igitur</strong></span> <span class='ocrx_word' id='word_1_602' title='bbox 2332 5145 2456 5184; x_wconf 91' lang='lat' dir='ltr'><strong>eum</strong></span> <span class='ocrx_word' id='word_1_603' title='bbox 2510 5127 2776 5183; x_wconf 91' lang='lat' dir='ltr'><strong>Dominus</strong></span> <span class='ocrx_word' id='word_1_604' title='bbox 2827 5136 3014 5182; x_wconf 89' lang='lat' dir='ltr'><strong>noster</strong></span> <span class='ocrx_word' id='word_1_605' title='bbox 3060 5133 3116 5180; x_wconf 89' lang='lat' dir='ltr'><strong>et</strong></span> <span class='ocrx_word' id='word_1_606' title='bbox 3174 5121 3433 5177; x_wconf 89' lang='lat' dir='ltr'><strong>Salvator</strong></span> <span class='ocrx_word' id='word_1_607' title='bbox 3479 5118 3628 5174; x_wconf 67' lang='lat' dir='ltr'><strong>Iesus</strong></span> 
     </span>
    </p>
   </div>
   <div class='ocr_carea' id='block_1_83' title="bbox 2041 5209 3621 5290">
    <p class='ocr_par' dir='ltr' id='par_1_83' title="bbox 2041 5209 3621 5290">
     <span class='ocr_line' id='line_1_83' title="bbox 2041 5209 3621 5290; baseline -0.006 -13"><span class='ocrx_word' id='word_1_608' title='bbox 2041 5223 2294 5277; x_wconf 87' lang='lat' dir='ltr'><strong>Christus</strong></span> <span class='ocrx_word' id='word_1_609' title='bbox 2328 5234 2426 5290; x_wconf 93' lang='lat' dir='ltr'><strong>pro</strong></span> <span class='ocrx_word' id='word_1_610' title='bbox 2473 5219 2642 5274; x_wconf 91' lang='lat' dir='ltr'><strong>totius</strong></span> <span class='ocrx_word' id='word_1_611' title='bbox 2691 5218 2877 5276; x_wconf 72' lang='lat' dir='ltr'><strong>sazeuli</strong></span> <span class='ocrx_word' id='word_1_612' title='bbox 2933 5218 3045 5272; x_wconf 87' lang='lat' dir='ltr'><strong>vita</strong></span> <span class='ocrx_word' id='word_1_613' title='bbox 3102 5215 3364 5270; x_wconf 78' lang='lat' dir='ltr'><strong>eonlixus</strong></span> <span class='ocrx_word' id='word_1_614' title='bbox 3427 5209 3621 5268; x_wconf 77' lang='lat' dir='ltr'><strong>clavis.</strong></span> 
     </span>
    </p>
   </div>
   <div class='ocr_carea' id='block_1_84' title="bbox 2041 5302 3621 5382">
    <p class='ocr_par' dir='ltr' id='par_1_84' title="bbox 2041 5302 3621 5382">
     <span class='ocr_line' id='line_1_84' title="bbox 2041 5302 3621 5382; baseline -0.012 -14"><span class='ocrx_word' id='word_1_615' title='bbox 2041 5313 2222 5369; x_wconf 89' lang='lat' dir='ltr'><strong>erucis</strong></span> <span class='ocrx_word' id='word_1_616' title='bbox 2254 5311 2513 5382; x_wconf 88' lang='lat' dir='ltr'><strong>penderet</strong></span> <span class='ocrx_word' id='word_1_617' title='bbox 2536 5310 2590 5363; x_wconf 93' lang='lat' dir='ltr'><strong>in</strong></span> <span class='ocrx_word' id='word_1_618' title='bbox 2621 5309 2798 5382; x_wconf 84' lang='lat' dir='ltr'><strong>ligno;</strong></span> <span class='ocrx_word' id='word_1_619' title='bbox 2832 5309 2962 5364; x_wconf 83' lang='lat' dir='ltr'><strong>vidit</strong></span> <span class='ocrx_word' id='word_1_620' title='bbox 2992 5309 3134 5363; x_wconf 88' lang='lat' dir='ltr'><strong>circa</strong></span> <span class='ocrx_word' id='word_1_621' title='bbox 3157 5321 3382 5362; x_wconf 89' lang='lat' dir='ltr'><strong>erucem</strong></span> <span class='ocrx_word' id='word_1_622' title='bbox 3412 5302 3621 5356; x_wconf 78' lang='lat' dir='ltr'><strong>Matrem</strong></span> 
     </span>
    </p>
   </div>
   <div class='ocr_carea' id='block_1_85' title="bbox 2041 5395 3621 5466">
    <p class='ocr_par' dir='ltr' id='par_1_85' title="bbox 2041 5395 3621 5466">
     <span class='ocr_line' id='line_1_85' title="bbox 2041 5395 3621 5466; baseline -0.009 -7"><span class='ocrx_word' id='word_1_623' title='bbox 2041 5419 2198 5459; x_wconf 88' lang='lat' dir='ltr'><strong>suam</strong></span> <span class='ocrx_word' id='word_1_624' title='bbox 2247 5412 2478 5458; x_wconf 88' lang='lat' dir='ltr'><strong>stantem</strong></span> <span class='ocrx_word' id='word_1_625' title='bbox 2506 5441 2520 5465; x_wconf 92' lang='lat'><strong>,</strong></span> <span class='ocrx_word' id='word_1_626' title='bbox 2570 5409 2627 5453; x_wconf 88' lang='lat' dir='ltr'><strong>et</strong></span> <span class='ocrx_word' id='word_1_627' title='bbox 2674 5399 2940 5454; x_wconf 79' lang='lat' dir='ltr'><strong>Joannem</strong></span> <span class='ocrx_word' id='word_1_628' title='bbox 2995 5395 3428 5466; x_wconf 84' lang='lat' dir='ltr'><strong>Evangelistam,</strong></span> <span class='ocrx_word' id='word_1_629' title='bbox 3472 5402 3621 5461; x_wconf 81' lang='lat' dir='ltr'><strong>quem</strong></span> 
     </span>
    </p>
   </div>
   <div class='ocr_carea' id='block_1_86' title="bbox 2040 5477 3621 5564">
    <p class='ocr_par' dir='ltr' id='par_1_86' title="bbox 2040 5477 3621 5564">
     <span class='ocr_line' id='line_1_86' title="bbox 2040 5477 3621 5564; baseline -0.011 -15"><span class='ocrx_word' id='word_1_630' title='bbox 2040 5511 2152 5564; x_wconf 67' lang='lat' dir='ltr'><strong>prae</strong></span> <span class='ocrx_word' id='word_1_631' title='bbox 2177 5493 2387 5549; x_wconf 81' lang='lat' dir='ltr'><strong>caeteris</strong></span> <span class='ocrx_word' id='word_1_632' title='bbox 2415 5491 2680 5561; x_wconf 89' lang='lat' dir='ltr'><strong>apostolis</strong></span> <span class='ocrx_word' id='word_1_633' title='bbox 2709 5489 3042 5561; x_wconf 90' lang='lat' dir='ltr'><strong>peeuliarius</strong></span> <span class='ocrx_word' id='word_1_634' title='bbox 3075 5486 3366 5558; x_wconf 87' lang='lat' dir='ltr'><strong>diligebat,</strong></span> <span class='ocrx_word' id='word_1_635' title='bbox 3397 5499 3464 5539; x_wconf 86' lang='lat' dir='ltr'><strong>eo</strong></span> <span class='ocrx_word' id='word_1_636' title='bbox 3491 5477 3621 5551; x_wconf 84' lang='lat' dir='ltr'><strong>quod</strong></span> 
     </span>
    </p>
   </div>
   <div class='ocr_carea' id='block_1_87' title="bbox 2041 5569 3620 5656">
    <p class='ocr_par' dir='ltr' id='par_1_87' title="bbox 2041 5569 3620 5656">
     <span class='ocr_line' id='line_1_87' title="bbox 2041 5569 3620 5656; baseline -0.013 -16"><span class='ocrx_word' id='word_1_637' title='bbox 2041 5587 2156 5656; x_wconf 89' lang='lat' dir='ltr'><strong>ipse</strong></span> <span class='ocrx_word' id='word_1_638' title='bbox 2175 5587 2326 5641; x_wconf 89' lang='lat' dir='ltr'><strong>solus</strong></span> <span class='ocrx_word' id='word_1_639' title='bbox 2350 5601 2418 5640; x_wconf 76' lang='lat' dir='ltr'><strong>ex</strong></span> <span class='ocrx_word' id='word_1_640' title='bbox 2451 5583 2583 5654; x_wconf 88' lang='lat' dir='ltr'><strong>ipsis</strong></span> <span class='ocrx_word' id='word_1_641' title='bbox 2612 5586 2766 5654; x_wconf 86' lang='lat' dir='ltr'><strong>virgo</strong></span> <span class='ocrx_word' id='word_1_642' title='bbox 2793 5582 3012 5652; x_wconf 81' lang='lat' dir='ltr'><strong>degeret</strong></span> <span class='ocrx_word' id='word_1_643' title='bbox 3034 5579 3088 5634; x_wconf 92' lang='lat' dir='ltr'><strong>in</strong></span> <span class='ocrx_word' id='word_1_644' title='bbox 3113 5592 3367 5648; x_wconf 86' lang='lat' dir='ltr'><strong>corpore.</strong></span> <span class='ocrx_word' id='word_1_645' title='bbox 3394 5569 3620 5631; x_wconf 82' lang='lat' dir='ltr'><strong>Tradidit</strong></span> 
     </span>
    </p>
   </div>
   <div class='ocr_carea' id='block_1_88' title="bbox 2041 5657 3619 5745">
    <p class='ocr_par' dir='ltr' id='par_1_88' title="bbox 2041 5657 3619 5745">
     <span class='ocr_line' id='line_1_88' title="bbox 2041 5657 3619 5745; baseline -0.011 -16"><span class='ocrx_word' id='word_1_646' title='bbox 2041 5676 2205 5745; x_wconf 86' lang='lat' dir='ltr'><strong>igitur</strong></span> <span class='ocrx_word' id='word_1_647' title='bbox 2231 5678 2279 5729; x_wconf 91' lang='lat' dir='ltr'><strong>ei</strong></span> <span class='ocrx_word' id='word_1_648' title='bbox 2321 5690 2507 5728; x_wconf 88' lang='lat' dir='ltr'><strong>curam</strong></span> <span class='ocrx_word' id='word_1_649' title='bbox 2548 5683 2755 5728; x_wconf 66' lang='lat' dir='ltr'><strong>sancta:</strong></span> <span class='ocrx_word' id='word_1_650' title='bbox 2792 5670 3019 5741; x_wconf 87' lang='lat' dir='ltr'><strong>virginis</strong></span> <span class='ocrx_word' id='word_1_651' title='bbox 3053 5669 3248 5725; x_wconf 88' lang='lat' dir='ltr'><strong>matris</strong></span> <span class='ocrx_word' id='word_1_652' title='bbox 3295 5665 3500 5727; x_wconf 70' lang='lat' dir='ltr'><strong>Mariae,</strong></span> <span class='ocrx_word' id='word_1_653' title='bbox 3547 5657 3619 5713; x_wconf 82' lang='lat' dir='ltr'><strong>di—</strong></span> 
     </span>
    </p>
   </div>
   <div class='ocr_carea' id='block_1_89' title="bbox 2041 5750 3613 5827">
    <p class='ocr_par' dir='ltr' id='par_1_89' title="bbox 2041 5750 3613 5827">
     <span class='ocr_line' id='line_1_89' title="bbox 2041 5750 3613 5827; baseline -0.01 -6"><span class='ocrx_word' id='word_1_654' title='bbox 2041 5782 2171 5821; x_wconf 82' lang='lat' dir='ltr'><strong>cens</strong></span> <span class='ocrx_word' id='word_1_655' title='bbox 2201 5765 2265 5820; x_wconf 86' lang='lat' dir='ltr'><strong>ad</strong></span> <span class='ocrx_word' id='word_1_656' title='bbox 2291 5780 2414 5819; x_wconf 91' lang='lat' dir='ltr'><strong>cum</strong></span> <span class='ocrx_word' id='word_1_657' title='bbox 2445 5784 2455 5816; x_wconf 90' lang='lat'>:</span> <span class='ocrx_word' id='word_1_658' title='bbox 2485 5763 2617 5817; x_wconf 78' lang='lat' dir='ltr'><strong>Ecrc</strong></span> <span class='ocrx_word' id='word_1_659' title='bbox 2668 5776 2836 5818; x_wconf 77' lang='lat' dir='ltr'><strong>niater</strong></span> <span class='ocrx_word' id='word_1_660' title='bbox 2869 5772 2997 5827; x_wconf 82' lang='lat' dir='ltr'><strong>tua;</strong></span> <span class='ocrx_word' id='word_1_661' title='bbox 3032 5769 3086 5815; x_wconf 91' lang='lat' dir='ltr'><strong>et</strong></span> <span class='ocrx_word' id='word_1_662' title='bbox 3110 5759 3179 5814; x_wconf 91' lang='lat' dir='ltr'><strong>ad</strong></span> <span class='ocrx_word' id='word_1_663' title='bbox 3217 5759 3369 5815; x_wconf 87' lang='lat' dir='ltr'><strong>illam</strong></span> <span class='ocrx_word' id='word_1_664' title='bbox 3411 5750 3613 5825; x_wconf 81' lang='lat' dir='ltr'><strong>inquit:</strong></span> 
     </span>
    </p>
   </div>
  </div>
