3732 6358
91 337 119 390 1
131 337 244 393 255

1608 337 1734 394 SPU
1746 336 1885 392 RIA.

3242 298 3383 392 {est
3441 352 3454 372 ι

87 453 239 512 Ecce
267 456 412 526 ﬁlius
439 465 580 511 ιιιιε.
616 455 683 511 Et
709 472 776 513 ex
803 457 894 511 illa
926 456 1059 511 hora
1101 465 1292 512 sancta
1322 456 1412 510 Dei
1443 455 1690 511 Cenitrix
1722 464 1765 516 Α
1795 454 1948 508 deret
1973 462 2157 508 autem
2175 470 2299 509 eum
2315 451 2663 509 sanctissima
2681 453 2838 524 virgo
2861 451 3054 520 Maria,
3083 453 3382 509 exsultavit

89 548 151 601 in
191 546 420 604 Joannis
447 564 579 602 cura
608 549 898 620 specialius
936 549 1260 619 permansit,
1291 550 1534 619 quandiu
1565 549 1690 602 vita:

89 640 264 696 istius
287 642 583 697 incolatum
617 642 900 712 transegit;
932 641 995 696 Et
1021 641 1148 696 dum
1169 643 1402 711 apostoli
1425 641 1688 697 mundum

88 734 218 789 suis
239 734 478 789 sortibus
501 735 554 788 in
575 735 956 804 praedicatione
973 736 1360 804 sumpsissent,
1391 735 1506 804 ipsa
1528 734 1690 800 domo

89 833 388 894 parentum
426 825 594 892 illius,
623 826 777 895 juxta
804 836 1041 881 montem
1071 825 1266 881 Oliveti
1303 825 1570 880 consedit.

716 982 948 1038 CAPUT
984 984 1073 1038 ιιι.

173 1096 431 1153 Secundo
457 1098 640 1169 itaque
662 1109 717 1153 et
739 1099 1000 1154 vicesimo
1028 1114 1172 1154 anno
1209 1107 1498 1169 postquam
1531 1097 1691 1152 Chri-

93 1200 253 1256 stus,
302 1191 513 1246 devicta
573 1200 768 1256 morte,
828 1191 1026 1246 ctelum
1079 1192 1504 1258 conscenderat,
1559 1190 1688 1244 dum

93 1284 189 1338 die
249 1285 484 1354 quadam
541 1284 812 1340 desiderio
872 1283 1076 1339 Christi
1154 1299 1419 1340 succensa
1472 1283 1688 1348 Maria,

95 1376 220 1430 sola
245 1376 387 1430 intra
421 1377 620 1432 domus
647 1378 805 1432 istius
837 1377 1238 1446 receptaculum
1265 1378 1688 1448 lacrymaretur:

93 1482 231 1521 ecce
266 1467 528 1538 angelus,
581 1468 763 1538 magni
801 1468 1029 1524 luminis
1079 1469 1268 1524 habitu
1315 1469 1688 1538 resplendens,

94 1566 230 1611 ante
276 1574 396 1611 eam
445 1541 656 1625 astitit,
702 1567 757 1613 et
792 1560 1140 1614 salutationis
1179 1561 1345 1615 verba
1395 1562 1688 1630 persolvit,

94 1650 476 1714 dicenszAve,
510 1652 794 1706 benedicta
818 1651 1084 1720 Domino;
1119 1655 1338 1724 suscipe
1365 1654 1510 1709 illius
1539 1655 1691 1710 salu-

91 1749 236 1805 tem,
288 1743 381 1810 qui
414 1744 694 1798 mandavit
748 1745 976 1799 salutem
1027 1744 1218 1811 Jacob,
1273 1762 1369 1816 per
1399 1748 1691 1816 prophetas

93 1851 253 1890 suos.
281 1835 461 1904 Ecce,
489 1837 688 1906 inquit,
719 1853 934 1892 ramum
967 1839 1180 1907 palmae,
1207 1840 1276 1894 de
1307 1840 1564 1908 paradiso
1592 1838 1687 1895 Dei
1723 1813 1764 1868 Β

91 1929 259 1982 attuli
281 1929 406 1993 tibi,
439 1946 603 1999 quem
629 1942 844 2000 portare
874 1930 1044 1987 facies
1073 1942 1199 1988 ante
1231 1931 1490 1988 feretrum
1517 1944 1689 1999 tuum,

93 2037 226 2075 cum
260 2021 315 2076 in
345 2022 433 2078 die
457 2024 623 2078 tertia
653 2035 936 2094 assumpta
965 2025 1139 2082 fueris
1171 2029 1238 2082 de
1268 2042 1520 2097 corpore.
1555 2026 1695 2083 Ecoe

95 2113 253 2168 enim
278 2123 558 2185 exspectat
589 2124 642 2170 te
669 2116 856 2172 Filius
883 2126 1030 2186 tuus,
1077 2136 1200 2173 eum
1247 2120 1460 2174 thronis
1499 2135 1554 2174 et
1589 2137 1690 2174 aus

97 2207 264 2276 gelis,
291 2215 346 2262 et
375 2210 648 2264 universis
671 2211 795 2265 coeli
815 2212 1146 2268 virtutibus.
1179 2211 1335 2268 Tunc
1367 2213 1539 2268 Maria
1557 2214 1700 2268 dixit

97 2303 167 2356 ad
195 2300 451 2371 angelum
489 2321 502 2356 :
555 2301 685 2357 P-eto
719 2287 820 2359 abs
842 2312 896 2358 te
921 2320 1072 2377 ergo,
1117 2315 1173 2360 ut
1200 2319 1601 2379 congregemur
1629 2309 1695 2363 ad

100 2408 191 2446 me
220 2407 418 2449 omnes
449 2395 682 2464 apostoli
730 2395 947 2452 Domini
1003 2399 1108 2452 mei
1148 2398 1280 2454 Jesu
1327 2399 1559 2455 Christi.
1591 2400 1694 2455 Cui

98 2484 333 2554 angelus
366 2486 536 2541 dixit:
570 2485 732 2553 Ecce,
763 2489 958 2559 inquit,
993 2491 1155 2546 hodie
1184 2508 1280 2562 per
1304 2493 1560 2549 virtutem
1596 2493 1699 2548 Do-
1764 2485 1770 2494 ’

103 2578 240 2632 mini
289 2579 397 2633 mei
441 2578 571 2634 Jesu
612 2579 856 2646 Christi,
903 2599 1097 2639 omnes
1135 2586 1368 2653 apostoli
1425 2588 1696 2657 assumpti

102 2670 215 2725 huc
243 2670 315 2725 ad
347 2680 398 2725 te
425 2671 668 2727 venient.
699 2671 766 2725 Et
785 2674 862 2728 ait
887 2674 966 2727 illi
991 2673 1197 2730 Maria:
1235 2675 1390 2747 R030
1417 2685 1476 2731 ut
1509 2678 1696 2732 mittas

105 2777 276 2832 super
308 2778 396 2818 me
433 2764 886 2822 benedictionem
913 2776 1062 2823 tuam
1090 2810 1106 2836 ,
1160 2778 1220 2823 ut
1260 2771 1411 2824 nulla
1455 2779 1698 2841 potestas

105 2854 309 2909 inferni
340 2860 754 2913 occurrat-mihi
786 2849 977 2916 in‘illa
1012 2862 1169 2926 hora,
1202 2879 1310 2932 qua
1343 2865 1524 2918 anima
1575 2880 1697 2920 mea

107 2947 275 3004 fuerit
307 2965 528 3022 egressa
560 2955 629 3009 de
665 2970 916 3025 corpore,
961 2967 1015 3011 et
1046 2974 1114 3012 ne
1149 2959 1359 3013 videam
1394 2962 1694 3031 principem

104 3042 482 3100 tenebrarum.
531 3046 623 3099 Ait
664 3057 847 3106 autem
891 3051 1117 3120 angelus
1154 3053 1220 3106 ad
1253 3068 1413 3108 eam:
1449 3054 1696 3112 Potestas

1791 547 1844 600 in
1874 546 2095 616 gaudio,
2144 554 2199 600 et
2237 546 2401 600 dixit:
2442 545 2595 616 Rogo
2625 556 2698 611 te,
2740 545 2812 598 ﬁli
2863 543 3126 609 Joannes,
3168 559 3382 599 memor

1791 646 1910 690 esto
1936 637 2226 690 verborum
2267 636 2481 690 Domini
2518 635 2648 691 Jesu
2696 636 2936 702 Christi,
2978 635 3227 706 magistri
3277 635 3380 700 tui,

1791 731 1994 802 quibus
2023 745 2109 784 me
2137 730 2541 784 commendavit
2568 731 2686 783 tibi.
2739 729 2878 788 Ecce
2917 730 3060 784 enim
3097 731 3184 783 die
3220 729 3381 784 tertio

1791 824 2101 880 discessura
2132 839 2252 878 sum
2287 825 2353 878 de
2376 838 2638 893 corpore;
2669 823 2851 883 audivi
2879 831 3060 878 autem
3086 822 3380 878 consilium

1791 914 2104 970 Judaeorum
2149 915 2445 972 dicentium
2480 933 2493 969 :
2527 914 2921 984 Exspectemus
2961 915 3126 977 diem,
3162 915 3382 983 quando

1793 987 2062 1062 moriatur
2095 1024 2216 1076 quae
2247 1009 2482 1077 portavit
2512 1007 2664 1061 illum
2709 1008 3073 1072 seductorem,
3102 1015 3157 1060 et
3181 1019 3382 1074 corpus

1792 1098 1913 1168 ejus
1942 1098 2052 1169 igni
2075 1097 2487 1153 comburamus.
2535 1098 2758 1153 Vocavit
2797 1113 2928 1167 ergo
2965 1107 3216 1152 sanetum
3252 1112 3383 1166 apo-

1794 1188 1992 1244 stolum
2014 1186 2304 1254 Joannem,
2334 1197 2389 1244 et
2427 1189 2731 1246 introduxit
2756 1205 2883 1244 eum
2926 1189 2980 1243 in
3022 1189 3380 1244 secretarium

1793 1281 2014 1348 domus,
2046 1291 2100 1336 et
2134 1283 2374 1338 ostendit
2409 1284 2457 1337 ei
2496 1285 2882 1338 vestimentum
2913 1286 3207 1352 sepulturae
3245 1297 3380 1349 suae,

1793 1381 1845 1425 et
1875 1374 2112 1442 palmam
2151 1375 2300 1428 illam
2356 1376 2615 1440 luminis,
2653 1392 2819 1446 quam
2861 1386 3147 1446 acceperat
3186 1377 3254 1431 ab
3285 1393 3383 1443 an-

1793 1463 1933 1533 gelo,
1964 1479 2310 1533 praemonens
2355 1482 2482 1520 eum
2537 1479 2597 1524 ut
2650 1468 2801 1520 illam
2851 1466 3054 1522 faceret
3096 1467 3222 1521 ferri
3257 1476 3384 1522 ante

1793 1555 1990 1609 lectum
2027 1572 2210 1623 suum,
2234 1574 2359 1612 eum
2389 1559 2681 1614 duceretur
2704 1560 2770 1613 ad
2799 1560 3160 1628 sepulturam,
3192 1568 3247 1612 et
3281 1559 3385 1614 iret

1792 1647 1860 1702 ad
1891 1659 2328 1704 monumentum.
3303 1633 3307 1639 ⁴

2415 1763 2647 1819 CAPUT
2688 1764 2752 1821 V.

1865 1855 1967 1910 Cui
2016 1855 2218 1910 beatus
2261 1867 2316 1912 et
2357 1857 2590 1913 dilectus
2637 1860 2919 1929 apostolus
2980 1858 3220 1914 Joannes
3267 1860 3382 1914 ait:

1796 1946 2088 2013 Quomodo
2127 1965 2229 2020 ego
2276 1950 2427 2005 solus
2474 1952 2680 2019 parabo
2722 1951 2856 2018 tibi,
2914 1951 3174 2014 Domina,
3225 1966 3385 2007 exse—

1797 2039 1992 2109 quias;
2024 2041 2131 2096 nisi
2161 2041 2411 2096 venerint
2439 2040 2636 2097 fratres
2668 2043 2796 2108 mei,
2827 2043 3084 2112 discipuli
3108 2052 3163 2097 et
3187 2057 3388 2112 coapo-

1798 2132 1922 2185 stoli
1973 2131 2186 2186 Domini
2243 2133 2416 2188 nostri
2457 2131 2587 2188 Jesu
2636 2133 2876 2198 Christi,
2931 2135 2999 2188 ad
3049 2135 3385 2189 reddendum

1797 2224 2064 2280 honorem
2100 2226 2426 2296 corpusculo
2459 2227 2595 2281 tuo?
2643 2225 2710 2280 Et
2752 2226 2953 2282 factum
2984 2235 3068 2282 est
3110 2245 3122 2280 :
3165 2236 3219 2282 et
3261 2242 3388 2282 ecce

1799 2318 2004 2385 subito,
2041 2333 2139 2387 per
2165 2319 2457 2389 imperium
2489 2319 2607 2384 Dei,
2648 2336 2840 2376 omnes
2870 2320 3102 2390 apostoli
3131 2321 3200 2375 de
3229 2321 3385 2381 locis,

1801 2408 1853 2462 in
1879 2410 2080 2479 quibus
2120 2411 2490 2479 praedicabant
2517 2410 2742 2465 verbum
2777 2411 2891 2477 Dei,
2931 2412 3126 2466 elevati
3157 2413 3210 2465 in
3241 2425 3389 2466 nunc

1798 2505 1938 2571 rapti
1983 2515 2131 2570 sunt,
2163 2516 2214 2560 et
2251 2507 2484 2576 depositi
2527 2515 2655 2560 ante
2684 2508 2884 2561 ostium
2915 2508 3136 2571 domus,
3189 2507 3243 2561 in
3281 2524 3387 2577 qua

1800 2599 2085 2654 habitabat
2130 2598 2300 2653 Maria
2340 2599 2559 2654 Domini
2606 2599 2818 2666 Mater,
2884 2608 2939 2654 et
2983 2601 3284 2655 salutantes
3332 2614 3391 2654 se

1799 2687 2057 2756 invicem,
2087 2693 2453 2754 mirabantur,
2479 2691 2728 2745 dicentes
2757 2709 2770 2744 :
2803 2689 2937 2757 Qua:
2965 2706 3129 2746 causa
3164 2699 3277 2756 est,
3320 2689 3390 2742 ob

1799 2799 1964 2852 quam
2045 2782 2313 2838 Dominus
2368 2798 2469 2838 nos
2521 2783 2611 2837 hic
2669 2783 2722 2835 in
2778 2799 2948 2837 unum
3006 2782 3394 2854 congregavit?

1798 2877 2032 2931 Advenit
2073 2886 2255 2931 autem
2297 2891 2423 2930 cum
2461 2875 2541 2929 eis
2576 2874 2816 2942 Paulus,
2867 2891 2932 2930 ex
2971 2876 3394 2932 circumcisione

1801 2985 2124 3031 conversus,
2174 2969 2270 3039 qui
2306 2976 2626 3038 assumptus
2675 2969 2855 3021 fuerat
2893 2985 3017 3022 eum
3060 2969 3306 3023 Barnaba
3339 2970 3394 3023 in

1803 3062 2168 3118 ministerium
2211 3061 2476 3131 gentium.
2525 3060 2777 3129 Cumque
2812 3060 2954 3114 inter
2993 3076 3088 3114 eos
3123 3071 3270 3114 esset
3307 3063 3396 3130 pia

105 3136 326 3205 quidem
358 3138 555 3194 inferni
588 3158 697 3196 non
731 3145 948 3198 nocebit
974 3145 1105 3212 tibi;
1140 3147 1570 3203 benedictionem
1604 3166 1699 3204 au-
1727 3153 1770 3210 C
1804 3156 2100 3221 contentio,
2132 3155 2258 3224 quis
2281 3171 2346 3207 ex
2380 3155 2461 3207 eis
2501 3152 2650 3220 prior
2681 3163 2860 3206 oraret
2891 3154 2956 3207 ad
2989 3152 3303 3216 Dominum,
3333 3165 3396 3208 ut

109 3237 214 3282 tem
256 3241 519 3286 aeternam
552 3235 700 3289 dedit
747 3236 842 3290 tibi
873 3237 1138 3293 Dominus
1172 3238 1315 3294 Deus
1348 3250 1496 3306 tuus,
1540 3242 1698 3311 cujus

108 3336 208 3390 ego
252 3338 448 3379 servus
495 3341 641 3393 sum,
686 3337 742 3382 et
781 3331 1041 3396 nuntius;
1093 3349 1204 3386 non
1256 3334 1474 3388 videndi
1517 3343 1698 3390 autem

109 3412 416 3482 principem
467 3418 816 3473 tenebrarum
848 3461 864 3483 ,
916 3421 1169 3476 effectum
1221 3439 1330 3477 non
1391 3439 1422 3477 a
1466 3440 1553 3478 me
1602 3426 1699 3480 tibi

108 3502 356 3559 dandum
387 3509 693 3578 existimes,
732 3514 825 3567 sed
857 3514 925 3568 ab
961 3515 1074 3580 illo,
1126 3531 1287 3585 quem
1319 3527 1374 3570 tu
1415 3519 1469 3569 in
1512 3527 1703 3572 sancto

111 3605 204 3651 tuo
251 3610 411 3654 utero
440 3601 734 3671 bajulasti;
770 3605 945 3676 ipsius
979 3609 1124 3662 enim
1169 3619 1253 3662 est
1301 3619 1542 3678 potestas
1587 3626 1704 3665 om-

113 3693 262 3748 nium
293 3694 346 3748 in
381 3697 578 3750 saecula
608 3699 960 3754 smculorum.
987 3700 1054 3755 Et
1084 3701 1199 3756 haec
1227 3703 1416 3758 dicens
1451 3703 1699 3772 angelus,

115 3802 236 3840 eum
270 3803 474 3858 magno
498 3791 815 3860 .splendore
847 3795 1119 3850 discessit.
1152 3794 1340 3850 Palma
1389 3806 1571 3851 autem
1612 3797 1702 3852 illa

117 3877 357 3950 fulgebat
385 3882 550 3938 nimia
597 3884 738 3939 luce.
793 3884 951 3940 Tunc
977 3885 1146 3941 Maria
1173 3903 1381 3942 exuens
1418 3904 1477 3943 se
1510 3888 1705 3959 priori-

116 3970 216 4026 bus
248 3972 608 4040 iudumentis,
656 3976 834 4031 induit
879 3980 1127 4033 meliora.
1165 3979 1232 4034 Et
1267 3981 1543 4051 accipiens
1583 3981 1705 4050 pala

119 4078 287 4126 mam,
310 4081 473 4134 quam
507 4079 824 4136 susceperat
850 4070 918 4124 de
953 4087 1118 4126 manu
1144 4072 1343 4140 angeli,
1374 4087 1594 4142 egressa
1621 4083 1701 4128 est

121 4155 170 4208 in
203 4167 445 4213 montem
478 4159 696 4228 Oliveti,
738 4171 792 4215 et
830 4163 995 4233 coepit
1023 4180 1201 4231 orare,
1248 4173 1302 4219 et
1332 4167 1544 4221 dicere:
1581 4166 1698 4222 Non

118 4264 218 4320 ego
246 4250 459 4305 fueram
502 4255 704 4323 digna,
743 4254 993 4324 Domi-ne,
1046 4258 1328 4328 suscipere
1368 4270 1442 4326 te,
1491 4261 1595 4315 nisi
1647 4270 1703 4314 tu

121 4342 378 4399 misertus
407 4344 609 4401 fuisses
642 4348 776 4415 mei;
804 4349 898 4404 sed
931 4359 1114 4405 tamen
1146 4367 1248 4420 ego
1281 4353 1549 4406 custodivi
1583 4353 1703 4407 the-

121 4449 346 4491 saurum
390 4446 578 4505 tuum,
622 4457 783 4510 quem
826 4447 1221 4500 commendasti
1272 4447 1424 4500 mibi.
1472 4446 1706 4516 Ideoque

1802 3245 2114 3300 ostenderet
2144 3245 2251 3299 illis
2281 3259 2505 3299 causam
2550 3245 2815 3312 ipsorum,
2844 3253 2894 3297 et
2931 3243 3127 3298 Petrus
3163 3241 3395 3297 Paulum

1804 3339 2138 3404 hortaretur,
2178 3349 2238 3391 ut
2284 3338 2434 3406 prior
2463 3345 2664 3402 oraret,
2717 3335 2922 3389 Paulus
2969 3335 3270 3405 rcspomlit,
3306 3335 3390 3388 di-

1801 3446 1965 3485 cens:
2005 3429 2183 3484 Tuum
2222 3440 2308 3484 est
2342 3429 2487 3484 istud
2527 3429 2797 3492 ofﬁcium,
2835 3429 3072 3498 primum
3113 3429 3396 3494 inchoare,

1804 3523 2042 3576 maxime
2068 3537 2194 3577 cum
2235 3523 2314 3577 sis
2363 3522 2570 3576 electus
2610 3537 2639 3574 a
2671 3519 2782 3574 Deo
2827 3521 3084 3575 columna
3115 3519 3394 3585 Ecclesia‘,

1802 3627 1856 3671 et
1891 3626 1948 3671 tu
1981 3615 2244 3686 prtecedis
2282 3631 2475 3669 omnes
2512 3615 2566 3668 iu
2605 3615 2948 3684 apostolatu;
2987 3629 3167 3668 meum
3211 3622 3398 3667 autem

1804 3710 2062 3774 minime;
2107 3724 2232 3763 nam
2277 3723 2378 3777 ego
2411 3707 2671 3760 minimus
2697 3723 2814 3760 sum
2852 3706 3098 3759 omnium
3130 3713 3395 3768 vestrum,

1804 3809 1858 3854 et
1897 3809 2155 3869 tanquam
2187 3799 2434 3852 abortivo
2465 3797 2617 3850 visus
2663 3805 2746 3848 est
2797 3794 2931 3848 mihi
2968 3793 3253 3856 Christus,
3297 3808 3398 3845 nec

1805 3909 1893 3945 me
1917 3891 2076 3946 vobis
2103 3907 2322 3961 requare
2369 3902 2665 3960 przesumo,
2713 3895 2893 3940 tamen
2937 3886 3108 3954 gratia
3141 3885 3234 3940 Dei
3274 3901 3408 3940 sunt

1805 3985 1858 4038 id
1889 3985 2036 4054 quod
2068 4000 2213 4039 sum.

2416 4120 2647 4177 CAPUT
2690 4119 2776 4174 Vl.

1878 4236 2032 4292 Tunc
2065 4252 2260 4292 oumes
2292 4235 2526 4306 apostoli
2574 4234 2874 4304 gaudentes
2900 4245 3065 4298 super
3095 4226 3401 4282 humilitate

1807 4329 1980 4395 Pauli,
2003 4329 2336 4383 unanimiter
2353 4333 2875 4382 consummaverunt
2894 4324 3197 4378 orationem
3222 4338 3398 4377 suam.

1811 4421 2022 4476 Etcum
2050 4422 2213 4474 finitam
2237 4420 2504 4473 orationis
2522 4418 2800 4482 fecissent,
2821 4425 2876 4470 et
2901 4416 3187 4479 dixissent,
3207 4415 3400 4475 Amen,

121 4536 240 4594 peto
271 4543 303 4582 a
336 4538 408 4596 te,
449 4528 560 4584 Rex
593 4505 799 4601 gloria,
827 4545 885 4589 ιιι
915 4551 1022 4590 non
1063 4548 1258 4591 uocem
1298 4538 1429 4591 mihi
1465 4505 1708 4607 ροιθέωε
1740 4509 1784 4562 D
1812 4530 1939 4569 eeee
1963 4515 2146 4568 subito
2170 4514 2319 4566 venit
2349 4513 2414 4565 ad
2445 4528 2539 4565 eos
2568 4509 2679 4563 Deo
2705 4510 2904 4577 dignus
2931 4507 3210 4576 apostolus
3232 4505 3399 4559 Joan-

122 4621 402 4687 gcbennze.
442 4622 499 4677 Si
549 4626 694 4679 enim
745 4630 868 4682 emli
907 4639 960 4682 et
995 4631 1170 4699 angeli
1210 4641 1339 4684 ante
1375 4643 1427 4686 te
1470 4643 1708 4688 tremunt

123 4715 388 4781 quotidie,
419 4728 626 4787 quanto
652 4721 826 4790 magis
855 4723 1020 4775 homo
1049 4722 1116 4776 de
1141 4733 1282 4778 terra
1312 4727 1586 4790 conditus,
1619 4730 1707 4782 cui

126 4806 255 4861 nihil
300 4811 497 4865 residet
545 4813 705 4880 boni;
753 4817 860 4870 nisi
904 4826 1170 4886 quantum
1217 4818 1491 4885 acceperit
1535 4833 1564 4871 a
1616 4828 1706 4874 tua

127 4896 386 4955 bonitate.
438 4901 518 4957 Tu
549 4920 609 4958 es
638 4907 784 4959 enim
820 4906 1087 4962 Dominus
1115 4908 1258 4964 Deus
1288 4925 1504 4978 semper
1539 4911 1707 4966 bene-

125 4990 302 5047 dictus
333 4995 386 5048 iu
418 4998 645 5051 szecula!
695 4997 758 5052 Et
792 5015 916 5054 eum
949 5002 1063 5056 lucc
1090 5003 1337 5069 dixisset,
1375 5019 1593 5060 reversa
1627 5015 1711 5061 est

129 5081 180 5137 in
208 5086 505 5155 hospitium
535 5105 718 5144 suum.

741 5224 970 5279 CAPUT
1017 5224 1108 5281 IV.

194 5333 261 5389 Et
283 5352 412 5392 ecce
443 5339 648 5404 subito,
692 5339 822 5394 dum
869 5341 1190 5410 prmdiearet
1243 5343 1438 5398 beatus
1471 5347 1711 5401 Joannes

133 5427 181 5481 in
218 5429 458 5498 Epheso,
499 5432 587 5486 die
632 5432 936 5497 Dominica,
983 5434 1118 5488 liora
1168 5435 1274 5489 diei
1330 5435 1509 5500 tertia,
1553 5446 1712 5492 terrm

135 5531 308 5577 motus
345 5523 524 5579 factus
545 5536 628 5579 est
651 5541 914 5593 magnus;
950 5535 1002 5580 et
1029 5527 1202 5582 nubes
1228 5528 1458 5582 elevavit
1477 5545 1626 5592 eum,
1659 5539 1715 5583 et

133 5617 366 5685 suscepit
410 5632 538 5672 eum
583 5618 654 5672 ab
682 5618 858 5673 oculis
903 5620 1172 5685 omnium,
1211 5629 1266 5674 et
1314 5620 1544 5674 adduxit
1587 5637 1712 5675 eum

133 5716 255 5761 ante
289 5709 492 5765 ostium
518 5709 739 5776 domus,
773 5711 865 5765 tibi
907 5720 1028 5766 erat
1069 5712 1222 5782 virgo
1255 5712 1486 5783 Deipara
1517 5714 1708 5770 Maria.

136 5796 193 5854 Et
221 5801 443 5870 pulsans
485 5802 708 5871 ostium,
758 5803 940 5859 statim
978 5803 1260 5875 ingressus
1308 5815 1409 5861 est.
1445 5806 1578 5862 Cum
1635 5807 1711 5862 vi~

1814 4622 1932 4669 nes,
1966 4614 2020 4658 et
2047 4605 2311 4657 indicavit
2350 4603 2430 4656 eis
2476 4601 2659 4654 omnia
2691 4601 2824 4653 haec.
2862 4597 3094 4667 lngressi
3119 4613 3251 4667 ergo
3273 4613 3402 4664 apo-

1812 4699 1936 4752 stoli
1982 4699 2245 4762 domum,
2294 4697 2620 4750 invenerunt
2676 4692 2901 4746 Matrem
2949 4691 3167 4744 Domini
3224 4691 3399 4744 nostri

1813 4790 2038 4844 Mariam
2066 4831 2080 4848 ,
2115 4798 2169 4842 et
2201 4771 2589 4842 isalutaverunt
2637 4801 2756 4840 cam
2795 4785 3076 4838 dicentes:
3114 4782 3401 4837 Benedicta

1811 4892 1866 4935 tu
1905 4897 1936 4935 a
1985 4881 2218 4933 Domino
2244 4917 2259 4942 ,
2295 4879 2386 4947 qui
2426 4877 2550 4930 fecit
2594 4876 2796 4930 etelum
2831 4884 2886 4927 et
2934 4883 3156 4927 terram.
3191 4871 3403 4934 Quibus

1811 4975 1901 5028 illa
1937 4973 2046 5028 ait:
2080 4971 2193 5025 Pax
2225 4972 2510 5024 vobiscum
2545 4970 2651 5034 sit,
2699 4969 2898 5023 fratres
2941 4965 3096 5020 electi
3139 4980 3168 5017 a
3216 4961 3402 5015 Domi-

1812 5084 1914 5135 no;
1959 5077 2012 5120 et
2052 5065 2408 5134 interrogavit
2450 5080 2546 5118 eos
2587 5063 2812 5116 dicens:
2857 5058 3148 5126 Quomodo
3176 5056 3282 5110 huc
3313 5071 3404 5110 ve-

1814 5162 2006 5216 nistis?
2039 5159 2142 5224 Qui
2178 5160 2324 5212 illieo
2355 5164 2723 5211 narravcruut
2773 5155 2820 5208 ei
2847 5195 2860 5218 ,
2917 5150 3197 5220 quomodo
3231 5165 3403 5203 unus-

1813 5255 2046 5324 quisque
2078 5270 2142 5308 cx
2180 5252 2314 5321 ipsis
2348 5268 2379 5305 a
2417 5249 2621 5319 Spiritu
2659 5248 2752 5300 Dei
2787 5246 3030 5300 elevatus
3058 5243 3111 5296 in
3153 5241 3320 5308 nube,
3351 5253 3406 5296 et

1815 5347 2097 5418 depositus
2141 5344 2352 5406 ibidem
2395 5341 2763 5397 advenissent.
2808 5336 3020 5402 Quibus
3066 5336 3180 5404 ipsa
3225 5334 3403 5388 dixit:

1818 5437 2086 5492 Dominus
2135 5452 2231 5490 vos
2286 5437 2392 5487 line
2443 5431 2674 5486 adduxit
2721 5429 2773 5482 in
2823 5426 3082 5481 solatium
3120 5424 3404 5478 ferendum

1815 5529 2115 5598 angustiis,
2157 5543 2280 5595 quae
2313 5534 2557 5578 ventum
2585 5529 2716 5576 sunt
2750 5520 2906 5574 mihi.
2964 5517 3120 5572 Nunc
3144 5531 3275 5585 ergo
3307 5515 3402 5569 de-

1817 5637 2010 5692 precor
2047 5636 2162 5683 vos,
2195 5630 2250 5673 ut
2275 5620 2395 5672 sine
2418 5617 2827 5672 intermissione
2847 5629 3040 5668 omnes
3073 5611 3404 5665 unanimiter

1816 5713 2102 5785 vigilemus
2129 5754 2143 5778 ,
2195 5726 2369 5780 usque
2411 5711 2465 5764 in
2514 5709 2662 5762 illam
2707 5709 2939 5770 horam,
2987 5720 3094 5776 qua
3140 5701 3406 5775 Dominus

1821 5815 2079 5862 venturus
2111 5817 2214 5874 cst,
2248 5817 2296 5861 et
2330 5820 2427 5877 ego
2461 5803 2524 5859 de
2563 5817 2789 5872 corpore
2812 5801 2913 5858 hoc
2943 5816 3064 5856 sum
3099 5812 3403 5853 recessura.
