  <div class='ocr_page' id='page_1' title='image "/cluster/home/n/w/nwhite01/storage/ocr_20150623/5/hvd.32044019206598/625.png"; bbox 0 0 3732 6322; ppageno 0'>
   <div class='ocr_carea' id='block_1_1' title="bbox 398 292 539 349">
    <p class='ocr_par' dir='ltr' id='par_1_1' title="bbox 398 292 539 349">
     <span class='ocr_line' id='line_1_1' title="bbox 398 292 539 349; baseline 0.007 -1"><span class='ocrx_word' id='word_1_1' title='bbox 398 292 539 349; x_wconf 74' lang='grc'><strong>1255</strong></span> 
     </span>
    </p>
   </div>
   <div class='ocr_carea' id='block_1_2' title="bbox 998 412 1373 477">
    <p class='ocr_par' dir='ltr' id='par_1_2' title="bbox 998 412 1373 477">
     <span class='ocr_line' id='line_1_2' title="bbox 998 412 1373 477; baseline 0.016 -8"><span class='ocrx_word' id='word_1_2' title='bbox 998 412 1227 477; x_wconf 78' lang='lat' dir='ltr'><strong>CAPUT</strong></span> <span class='ocrx_word' id='word_1_3' title='bbox 1270 417 1373 475; x_wconf 84' lang='lat' dir='ltr'><strong>VII.</strong></span> 
     </span>
    </p>
   </div>
   <div class='ocr_carea' id='block_1_3' title="bbox 468 494 1977 581">
    <p class='ocr_par' dir='ltr' id='par_1_3' title="bbox 468 494 1977 581">
     <span class='ocr_line' id='line_1_3' title="bbox 468 494 1977 581; baseline 0.008 -22"><span class='ocrx_word' id='word_1_4' title='bbox 468 494 720 574; x_wconf 88' lang='lat' dir='ltr'><strong>Cumque</strong></span> <span class='ocrx_word' id='word_1_5' title='bbox 749 506 1147 575; x_wconf 89' lang='lat' dir='ltr'><strong>consedissent,</strong></span> <span class='ocrx_word' id='word_1_6' title='bbox 1177 519 1231 564; x_wconf 92' lang='lat' dir='ltr'><strong>et</strong></span> <span class='ocrx_word' id='word_1_7' title='bbox 1255 511 1602 567; x_wconf 79' lang='lat' dir='ltr'><strong>consolantes</strong></span> <span class='ocrx_word' id='word_1_8' title='bbox 1622 529 1766 581; x_wconf 89' lang='lat' dir='ltr'><strong>eam,</strong></span> <span class='ocrx_word' id='word_1_9' title='bbox 1799 516 1977 571; x_wconf 88' lang='lat' dir='ltr'><strong>triduo</strong></span> 
     </span>
    </p>
   </div>
   <div class='ocr_carea' id='block_1_4' title="bbox 400 594 1977 668">
    <p class='ocr_par' dir='ltr' id='par_1_4' title="bbox 400 594 1977 668">
     <span class='ocr_line' id='line_1_4' title="bbox 400 594 1977 668; baseline 0.009 -19"><span class='ocrx_word' id='word_1_10' title='bbox 400 594 458 650; x_wconf 87' lang='lat' dir='ltr'><strong>iu</strong></span> <span class='ocrx_word' id='word_1_11' title='bbox 489 594 582 650; x_wconf 86' lang='lat' dir='ltr'><strong>Dei</strong></span> <span class='ocrx_word' id='word_1_12' title='bbox 622 597 874 652; x_wconf 76' lang='lat' dir='ltr'><strong>laudibus</strong></span> <span class='ocrx_word' id='word_1_13' title='bbox 915 600 1303 668; x_wconf 73' lang='lat' dir='ltr'><strong>perstitissent,</strong></span> <span class='ocrx_word' id='word_1_14' title='bbox 1343 619 1470 659; x_wconf 91' lang='lat' dir='ltr'><strong>ecce</strong></span> <span class='ocrx_word' id='word_1_15' title='bbox 1501 605 1588 660; x_wconf 90' lang='lat' dir='ltr'><strong>die</strong></span> <span class='ocrx_word' id='word_1_16' title='bbox 1636 606 1797 662; x_wconf 90' lang='lat' dir='ltr'><strong>tertia</strong></span> <span class='ocrx_word' id='word_1_17' title='bbox 1831 608 1977 664; x_wconf 89' lang='lat' dir='ltr'><strong>circa</strong></span> 
     </span>
    </p>
   </div>
   <div class='ocr_carea' id='block_1_5' title="bbox 401 686 1976 771">
    <p class='ocr_par' dir='ltr' id='par_1_5' title="bbox 401 686 1976 771">
     <span class='ocr_line' id='line_1_5' title="bbox 401 686 1976 771; baseline 0.009 -31"><span class='ocrx_word' id='word_1_18' title='bbox 401 686 592 742; x_wconf 78' lang='lat' dir='ltr'><strong>horam</strong></span> <span class='ocrx_word' id='word_1_19' title='bbox 620 690 830 743; x_wconf 83' lang='lat' dir='ltr'><strong>tertiam</strong></span> <span class='ocrx_word' id='word_1_20' title='bbox 856 691 984 757; x_wconf 92' lang='lat' dir='ltr'><strong>diei,</strong></span> <span class='ocrx_word' id='word_1_21' title='bbox 1013 708 1178 763; x_wconf 83' lang='lat' dir='ltr'><strong>super</strong></span> <span class='ocrx_word' id='word_1_22' title='bbox 1204 710 1416 759; x_wconf 88' lang='lat' dir='ltr'><strong>omnes,</strong></span> <span class='ocrx_word' id='word_1_23' title='bbox 1446 697 1539 771; x_wconf 91' lang='lat' dir='ltr'><strong>qui</strong></span> <span class='ocrx_word' id='word_1_24' title='bbox 1563 707 1718 752; x_wconf 91' lang='lat' dir='ltr'><strong>erant</strong></span> <span class='ocrx_word' id='word_1_25' title='bbox 1736 699 1789 753; x_wconf 90' lang='lat' dir='ltr'><strong>itt</strong></span> <span class='ocrx_word' id='word_1_26' title='bbox 1812 699 1976 755; x_wconf 92' lang='lat' dir='ltr'><strong>domo</strong></span> 
     </span>
    </p>
   </div>
   <div class='ocr_carea' id='block_1_6' title="bbox 399 779 1977 861">
    <p class='ocr_par' dir='ltr' id='par_1_6' title="bbox 399 779 1977 861">
     <span class='ocr_line' id='line_1_6' title="bbox 399 779 1977 861; baseline 0.01 -29"><span class='ocrx_word' id='word_1_27' title='bbox 399 779 490 834; x_wconf 89' lang='lat' dir='ltr'><strong>illa</strong></span> <span class='ocrx_word' id='word_1_28' title='bbox 523 790 745 850; x_wconf 85' lang='lat' dir='ltr'><strong>repente</strong></span> <span class='ocrx_word' id='word_1_29' title='bbox 770 797 937 853; x_wconf 91' lang='lat' dir='ltr'><strong>sopor</strong></span> <span class='ocrx_word' id='word_1_30' title='bbox 967 785 1150 852; x_wconf 83' lang='lat' dir='ltr'><strong>irruit,</strong></span> <span class='ocrx_word' id='word_1_31' title='bbox 1183 796 1238 842; x_wconf 91' lang='lat' dir='ltr'><strong>et</strong></span> <span class='ocrx_word' id='word_1_32' title='bbox 1274 788 1461 843; x_wconf 89' lang='lat' dir='ltr'><strong>nullus</strong></span> <span class='ocrx_word' id='word_1_33' title='bbox 1493 790 1723 844; x_wconf 89' lang='lat' dir='ltr'><strong>omnino</strong></span> <span class='ocrx_word' id='word_1_34' title='bbox 1749 790 1977 861; x_wconf 82' lang='lat' dir='ltr'><strong>vigilare</strong></span> 
     </span>
    </p>
   </div>
   <div class='ocr_carea' id='block_1_7' title="bbox 388 874 1976 948">
    <p class='ocr_par' dir='ltr' id='par_1_7' title="bbox 388 874 1976 948">
     <span class='ocr_line' id='line_1_7' title="bbox 388 874 1976 948; baseline 0.008 -21"><span class='ocrx_word' id='word_1_35' title='bbox 388 874 592 942; x_wconf 82' lang='lat' dir='ltr'><strong>potuit,</strong></span> <span class='ocrx_word' id='word_1_36' title='bbox 629 876 735 931; x_wconf 87' lang='lat' dir='ltr'><strong>nisi</strong></span> <span class='ocrx_word' id='word_1_37' title='bbox 777 877 877 932; x_wconf 94' lang='lat' dir='ltr'><strong>soli</strong></span> <span class='ocrx_word' id='word_1_38' title='bbox 906 879 1161 948; x_wconf 86' lang='lat' dir='ltr'><strong>apostoli,</strong></span> <span class='ocrx_word' id='word_1_39' title='bbox 1203 888 1258 935; x_wconf 89' lang='lat' dir='ltr'><strong>et</strong></span> <span class='ocrx_word' id='word_1_40' title='bbox 1301 888 1411 937; x_wconf 91' lang='lat' dir='ltr'><strong>tres</strong></span> <span class='ocrx_word' id='word_1_41' title='bbox 1450 884 1827 939; x_wconf 84' lang='lat' dir='ltr'><strong>tantummodo</strong></span> <span class='ocrx_word' id='word_1_42' title='bbox 1864 884 1976 939; x_wconf 88' lang='lat' dir='ltr'><strong>vir-</strong></span> 
     </span>
    </p>
   </div>
   <div class='ocr_carea' id='block_1_8' title="bbox 395 963 1976 1050">
    <p class='ocr_par' dir='ltr' id='par_1_8' title="bbox 395 963 1976 1050">
     <span class='ocr_line' id='line_1_8' title="bbox 395 963 1976 1050; baseline 0.009 -33"><span class='ocrx_word' id='word_1_43' title='bbox 395 963 579 1035; x_wconf 84' lang='lat' dir='ltr'><strong>gines,</strong></span> <span class='ocrx_word' id='word_1_44' title='bbox 634 972 757 1037; x_wconf 74' lang='lat' dir='ltr'><strong>qna:</strong></span> <span class='ocrx_word' id='word_1_45' title='bbox 799 983 971 1023; x_wconf 66' lang='lat' dir='ltr'><strong>sacrae</strong></span> <span class='ocrx_word' id='word_1_46' title='bbox 1002 969 1212 1050; x_wconf 83' lang='lat' dir='ltr'><strong>Virgini</strong></span> <span class='ocrx_word' id='word_1_47' title='bbox 1242 972 1473 1028; x_wconf 88' lang='lat' dir='ltr'><strong>comites</strong></span> <span class='ocrx_word' id='word_1_48' title='bbox 1527 982 1703 1031; x_wconf 87' lang='lat' dir='ltr'><strong>erant.</strong></span> <span class='ocrx_word' id='word_1_49' title='bbox 1732 964 1820 1029; x_wconf 28' lang='lat' dir='ltr'><strong>\Et</strong></span> <span class='ocrx_word' id='word_1_50' title='bbox 1848 990 1976 1032; x_wconf 89' lang='lat' dir='ltr'><strong>ecce</strong></span> 
     </span>
    </p>
   </div>
   <div class='ocr_carea' id='block_1_9' title="bbox 395 1058 1975 1139">
    <p class='ocr_par' dir='ltr' id='par_1_9' title="bbox 395 1058 1975 1139">
     <span class='ocr_line' id='line_1_9' title="bbox 395 1058 1975 1139; baseline 0.007 -27"><span class='ocrx_word' id='word_1_51' title='bbox 395 1058 577 1113; x_wconf 91' lang='lat' dir='ltr'><strong>subito</strong></span> <span class='ocrx_word' id='word_1_52' title='bbox 600 1061 819 1116; x_wconf 83' lang='lat' dir='ltr'><strong>advenit</strong></span> <span class='ocrx_word' id='word_1_53' title='bbox 845 1060 1109 1131; x_wconf 88' lang='lat' dir='ltr'><strong>Dominus</strong></span> <span class='ocrx_word' id='word_1_54' title='bbox 1146 1063 1302 1122; x_wconf 87' lang='lat' dir='ltr'><strong>Jesus</strong></span> <span class='ocrx_word' id='word_1_55' title='bbox 1332 1072 1456 1139; x_wconf 82' lang='lat' dir='ltr'><strong>cum</strong></span> <span class='ocrx_word' id='word_1_56' title='bbox 1491 1083 1687 1136; x_wconf 81' lang='lat' dir='ltr'><strong>magna</strong></span> <span class='ocrx_word' id='word_1_57' title='bbox 1723 1069 1975 1123; x_wconf 86' lang='lat' dir='ltr'><strong>multitu-</strong></span> 
     </span>
    </p>
   </div>
   <div class='ocr_carea' id='block_1_10' title="bbox 342 1148 1973 1229">
    <p class='ocr_par' dir='ltr' id='par_1_10' title="bbox 342 1148 1973 1229">
     <span class='ocr_line' id='line_1_10' title="bbox 342 1148 1973 1229; baseline 0.01 -28"><span class='ocrx_word' id='word_1_58' title='bbox 342 1176 345 1181; x_wconf 85' lang='lat'><strong>~</strong></span> <span class='ocrx_word' id='word_1_59' title='bbox 393 1148 525 1203; x_wconf 84' lang='lat' dir='ltr'><strong>dine</strong></span> <span class='ocrx_word' id='word_1_60' title='bbox 543 1152 885 1221; x_wconf 82' lang='lat' dir='ltr'><strong>angelorum,</strong></span> <span class='ocrx_word' id='word_1_61' title='bbox 912 1165 966 1208; x_wconf 83' lang='lat' dir='ltr'><strong>et</strong></span> <span class='ocrx_word' id='word_1_62' title='bbox 988 1155 1246 1225; x_wconf 89' lang='lat' dir='ltr'><strong>splendor</strong></span> <span class='ocrx_word' id='word_1_63' title='bbox 1266 1173 1499 1229; x_wconf 87' lang='lat' dir='ltr'><strong>magnus</strong></span> <span class='ocrx_word' id='word_1_64' title='bbox 1518 1161 1573 1214; x_wconf 90' lang='lat' dir='ltr'><strong>in</strong></span> <span class='ocrx_word' id='word_1_65' title='bbox 1600 1160 1782 1216; x_wconf 93' lang='lat' dir='ltr'><strong>locum</strong></span> <span class='ocrx_word' id='word_1_66' title='bbox 1818 1162 1973 1218; x_wconf 90' lang='lat' dir='ltr'><strong>illum</strong></span> 
     </span>
    </p>
   </div>
   <div class='ocr_carea' id='block_1_11' title="bbox 392 1242 1975 1323">
    <p class='ocr_par' dir='ltr' id='par_1_11' title="bbox 392 1242 1975 1323">
     <span class='ocr_line' id='line_1_11' title="bbox 392 1242 1975 1323; baseline 0.009 -26"><span class='ocrx_word' id='word_1_67' title='bbox 392 1242 706 1311; x_wconf 89' lang='lat' dir='ltr'><strong>descendit,</strong></span> <span class='ocrx_word' id='word_1_68' title='bbox 756 1258 811 1303; x_wconf 92' lang='lat' dir='ltr'><strong>ct</strong></span> <span class='ocrx_word' id='word_1_69' title='bbox 850 1256 1006 1302; x_wconf 89' lang='lat' dir='ltr'><strong>erant</strong></span> <span class='ocrx_word' id='word_1_70' title='bbox 1039 1249 1216 1319; x_wconf 79' lang='lat' dir='ltr'><strong>angeli</strong></span> <span class='ocrx_word' id='word_1_71' title='bbox 1267 1250 1532 1323; x_wconf 82' lang='lat' dir='ltr'><strong>hymnum</strong></span> <span class='ocrx_word' id='word_1_72' title='bbox 1589 1252 1869 1322; x_wconf 84' lang='lat' dir='ltr'><strong>dicentes,</strong></span> <span class='ocrx_word' id='word_1_73' title='bbox 1920 1265 1975 1312; x_wconf 86' lang='lat' dir='ltr'><strong>et</strong></span> 
     </span>
    </p>
   </div>
   <div class='ocr_carea' id='block_1_12' title="bbox 391 1335 1975 1419">
    <p class='ocr_par' dir='ltr' id='par_1_12' title="bbox 391 1335 1975 1419">
     <span class='ocr_line' id='line_1_12' title="bbox 391 1335 1975 1419; baseline 0.009 -30"><span class='ocrx_word' id='word_1_74' title='bbox 391 1335 768 1397; x_wconf 88' lang='lat' dir='ltr'><strong>collaudantes</strong></span> <span class='ocrx_word' id='word_1_75' title='bbox 801 1337 1117 1395; x_wconf 86' lang='lat' dir='ltr'><strong>Dominum.</strong></span> <span class='ocrx_word' id='word_1_76' title='bbox 1169 1340 1325 1399; x_wconf 85' lang='lat' dir='ltr'><strong>Tunc</strong></span> <span class='ocrx_word' id='word_1_77' title='bbox 1360 1342 1611 1419; x_wconf 87' lang='lat' dir='ltr'><strong>Salvator</strong></span> <span class='ocrx_word' id='word_1_78' title='bbox 1644 1345 1859 1403; x_wconf 89' lang='lat' dir='ltr'><strong>locutus</strong></span> <span class='ocrx_word' id='word_1_79' title='bbox 1890 1359 1975 1404; x_wconf 87' lang='lat' dir='ltr'><strong>est</strong></span> 
     </span>
    </p>
   </div>
   <div class='ocr_carea' id='block_1_13' title="bbox 390 1422 1970 1510">
    <p class='ocr_par' dir='ltr' id='par_1_13' title="bbox 390 1422 1970 1510">
     <span class='ocr_line' id='line_1_13' title="bbox 390 1422 1970 1510; baseline 0.009 -28"><span class='ocrx_word' id='word_1_80' title='bbox 390 1422 580 1484; x_wconf 84' lang='lat' dir='ltr'><strong>dicens</strong></span> <span class='ocrx_word' id='word_1_81' title='bbox 610 1448 624 1484; x_wconf 93' lang='lat'><strong>:</strong></span> <span class='ocrx_word' id='word_1_82' title='bbox 652 1428 809 1496; x_wconf 78' lang='lat' dir='ltr'><strong>Veni,</strong></span> <span class='ocrx_word' id='word_1_83' title='bbox 840 1432 1009 1487; x_wconf 89' lang='lat' dir='ltr'><strong>electa</strong></span> <span class='ocrx_word' id='word_1_84' title='bbox 1046 1448 1189 1498; x_wconf 87' lang='lat' dir='ltr'><strong>mea,</strong></span> <span class='ocrx_word' id='word_1_85' title='bbox 1223 1436 1622 1505; x_wconf 85' lang='lat' dir='ltr'><strong>pretiosissima</strong></span> <span class='ocrx_word' id='word_1_86' title='bbox 1656 1440 1970 1510; x_wconf 77' lang='lat' dir='ltr'><strong>margarita,</strong></span> 
     </span>
    </p>
   </div>
   <div class='ocr_carea' id='block_1_14' title="bbox 391 1521 1491 1604">
    <p class='ocr_par' dir='ltr' id='par_1_14' title="bbox 391 1521 1491 1604">
     <span class='ocr_line' id='line_1_14' title="bbox 391 1521 1491 1604; baseline 0.01 -29"><span class='ocrx_word' id='word_1_87' title='bbox 391 1521 535 1577; x_wconf 90' lang='lat' dir='ltr'><strong>intra</strong></span> <span class='ocrx_word' id='word_1_88' title='bbox 568 1522 623 1576; x_wconf 93' lang='lat' dir='ltr'><strong>in</strong></span> <span class='ocrx_word' id='word_1_89' title='bbox 659 1525 1064 1604; x_wconf 86' lang='lat' dir='ltr'><strong>receptaculum</strong></span> <span class='ocrx_word' id='word_1_90' title='bbox 1098 1527 1224 1583; x_wconf 83' lang='lat' dir='ltr'><strong>vitae</strong></span> <span class='ocrx_word' id='word_1_91' title='bbox 1256 1537 1491 1585; x_wconf 72' lang='lat' dir='ltr'><strong>aeternae.</strong></span> 
     </span>
    </p>
   </div>
   <div class='ocr_carea' id='block_1_15' title="bbox 974 1660 1378 1721">
    <p class='ocr_par' dir='ltr' id='par_1_15' title="bbox 974 1660 1378 1721">
     <span class='ocr_line' id='line_1_15' title="bbox 974 1660 1378 1721; baseline 0.002 -5"><span class='ocrx_word' id='word_1_92' title='bbox 974 1660 1207 1719; x_wconf 80' lang='lat' dir='ltr'><strong>CAPUT</strong></span> <span class='ocrx_word' id='word_1_93' title='bbox 1241 1662 1378 1721; x_wconf 76' lang='lat' dir='ltr'><strong>VIII.</strong></span> 
     </span>
    </p>
   </div>
   <div class='ocr_carea' id='block_1_16' title="bbox 1456 297 2582 357">
    <p class='ocr_par' dir='ltr' id='par_1_16' title="bbox 1456 297 2582 357">
     <span class='ocr_line' id='line_1_16' title="bbox 1456 297 2582 357; baseline 0.002 -3"><span class='ocrx_word' id='word_1_94' title='bbox 1456 300 1511 354; x_wconf 90' lang='lat' dir='ltr'><strong>S.</strong></span> <span class='ocrx_word' id='word_1_95' title='bbox 1556 300 1815 357; x_wconf 85' lang='lat' dir='ltr'><strong>MELITO</strong></span> <span class='ocrx_word' id='word_1_96' title='bbox 1848 300 2157 357; x_wconf 82' lang='lat' dir='ltr'><strong>SARDIUM</strong></span> <span class='ocrx_word' id='word_1_97' title='bbox 2188 297 2582 356; x_wconf 84' lang='lat' dir='ltr'><strong>EPISCOPUS.</strong></span> 
     </span>
    </p>
   </div>
   <div class='ocr_carea' id='block_1_17' title="bbox 2003 412 3645 486">
    <p class='ocr_par' dir='ltr' id='par_1_17' title="bbox 2003 412 3645 486">
     <span class='ocr_line' id='line_1_17' title="bbox 2003 412 3645 486; baseline -0.005 -11"><span class='ocrx_word' id='word_1_98' title='bbox 2003 429 2050 485; x_wconf 71' lang='grc' dir='ltr'><strong>Α</strong></span> <span class='ocrx_word' id='word_1_99' title='bbox 2079 422 2296 486; x_wconf 68' lang='lat' dir='ltr'><strong>Mariat,</strong></span> <span class='ocrx_word' id='word_1_100' title='bbox 2338 431 2393 477; x_wconf 91' lang='lat' dir='ltr'><strong>et</strong></span> <span class='ocrx_word' id='word_1_101' title='bbox 2437 421 2687 475; x_wconf 76' lang='lat' dir='ltr'><strong>laverunt</strong></span> <span class='ocrx_word' id='word_1_102' title='bbox 2730 417 2861 473; x_wconf 88' lang='lat' dir='ltr'><strong>illud</strong></span> <span class='ocrx_word' id='word_1_103' title='bbox 2913 416 3165 472; x_wconf 79' lang='lat' dir='ltr'><strong>funerum</strong></span> <span class='ocrx_word' id='word_1_104' title='bbox 3208 430 3389 469; x_wconf 86' lang='lat' dir='ltr'><strong>more.</strong></span> <span class='ocrx_word' id='word_1_105' title='bbox 3430 412 3645 481; x_wconf 66' lang='lat' dir='ltr'><strong>Cumque</strong></span> 
     </span>
    </p>
   </div>
   <div class='ocr_carea' id='block_1_18' title="bbox 3538 291 3645 345">
    <p class='ocr_par' dir='ltr' id='par_1_18' title="bbox 3538 291 3645 345">
     <span class='ocr_line' id='line_1_18' title="bbox 3538 291 3645 345; baseline 0.019 -2"><span class='ocrx_word' id='word_1_106' title='bbox 3538 291 3645 345; x_wconf 56' lang='lat' dir='ltr'><strong>li};</strong></span> 
     </span>
    </p>
   </div>
   <div class='ocr_carea' id='block_1_19' title="bbox 2081 506 3643 575">
    <p class='ocr_par' dir='ltr' id='par_1_19' title="bbox 2081 506 3643 575">
     <span class='ocr_line' id='line_1_19' title="bbox 2081 506 3643 575; baseline -0.009 -2"><span class='ocrx_word' id='word_1_107' title='bbox 2081 514 2363 573; x_wconf 85' lang='lat' dir='ltr'><strong>exuissent</strong></span> <span class='ocrx_word' id='word_1_108' title='bbox 2390 512 2537 566; x_wconf 89' lang='lat' dir='ltr'><strong>illam</strong></span> <span class='ocrx_word' id='word_1_109' title='bbox 2569 511 2811 565; x_wconf 79' lang='lat' dir='ltr'><strong>veStibus</strong></span> <span class='ocrx_word' id='word_1_110' title='bbox 2841 509 2988 571; x_wconf 87' lang='lat' dir='ltr'><strong>suis;</strong></span> <span class='ocrx_word' id='word_1_111' title='bbox 3038 524 3261 563; x_wconf 88' lang='lat' dir='ltr'><strong>sacrum</strong></span> <span class='ocrx_word' id='word_1_112' title='bbox 3296 522 3509 575; x_wconf 85' lang='lat' dir='ltr'><strong>corpus</strong></span> <span class='ocrx_word' id='word_1_113' title='bbox 3544 506 3643 559; x_wconf 63' lang='lat' dir='ltr'><strong>illul</strong></span> 
     </span>
    </p>
   </div>
   <div class='ocr_carea' id='block_1_20' title="bbox 2081 599 3647 671">
    <p class='ocr_par' dir='ltr' id='par_1_20' title="bbox 2081 599 3647 671">
     <span class='ocr_line' id='line_1_20' title="bbox 2081 599 3647 671; baseline -0.007 -11"><span class='ocrx_word' id='word_1_114' title='bbox 2081 614 2230 660; x_wconf 88' lang='lat' dir='ltr'><strong>tanta</strong></span> <span class='ocrx_word' id='word_1_115' title='bbox 2260 604 2507 660; x_wconf 87' lang='lat' dir='ltr'><strong>claritate</strong></span> <span class='ocrx_word' id='word_1_116' title='bbox 2541 602 2901 671; x_wconf 81' lang='lat' dir='ltr'><strong>resplenduit,</strong></span> <span class='ocrx_word' id='word_1_117' title='bbox 2947 610 3006 656; x_wconf 93' lang='lat' dir='ltr'><strong>ut</strong></span> <span class='ocrx_word' id='word_1_118' title='bbox 3041 602 3189 669; x_wconf 83' lang='lat' dir='ltr'><strong>tangi</strong></span> <span class='ocrx_word' id='word_1_119' title='bbox 3220 599 3458 669; x_wconf 88' lang='lat' dir='ltr'><strong>quidem</strong></span> <span class='ocrx_word' id='word_1_120' title='bbox 3498 610 3647 666; x_wconf 64' lang='lat' dir='ltr'><strong>posset</strong></span> 
     </span>
    </p>
   </div>
   <div class='ocr_carea' id='block_1_21' title="bbox 2078 689 3646 769">
    <p class='ocr_par' dir='ltr' id='par_1_21' title="bbox 2078 689 3646 769">
     <span class='ocr_line' id='line_1_21' title="bbox 2078 689 3646 769; baseline -0.007 -17"><span class='ocrx_word' id='word_1_121' title='bbox 2078 712 2180 769; x_wconf 87' lang='lat' dir='ltr'><strong>pro</strong></span> <span class='ocrx_word' id='word_1_122' title='bbox 2211 696 2500 767; x_wconf 91' lang='lat' dir='ltr'><strong>obsequio,</strong></span> <span class='ocrx_word' id='word_1_123' title='bbox 2544 694 2714 748; x_wconf 86' lang='lat' dir='ltr'><strong>videri</strong></span> <span class='ocrx_word' id='word_1_124' title='bbox 2743 701 2923 748; x_wconf 91' lang='lat' dir='ltr'><strong>autem</strong></span> <span class='ocrx_word' id='word_1_125' title='bbox 2953 694 3166 763; x_wconf 87' lang='lat' dir='ltr'><strong>species</strong></span> <span class='ocrx_word' id='word_1_126' title='bbox 3200 702 3321 761; x_wconf 75' lang='lat' dir='ltr'><strong>pra:</strong></span> <span class='ocrx_word' id='word_1_127' title='bbox 3352 689 3534 742; x_wconf 85' lang='lat' dir='ltr'><strong>nimia</strong></span> <span class='ocrx_word' id='word_1_128' title='bbox 3560 689 3646 742; x_wconf 65' lang='lat' dir='ltr'><strong>Ima</strong></span> 
     </span>
    </p>
   </div>
   <div class='ocr_carea' id='block_1_22' title="bbox 2078 781 3649 857">
    <p class='ocr_par' dir='ltr' id='par_1_22' title="bbox 2078 781 3649 857">
     <span class='ocr_line' id='line_1_22' title="bbox 2078 781 3649 857; baseline -0.007 -13"><span class='ocrx_word' id='word_1_129' title='bbox 2078 795 2432 856; x_wconf 89' lang='lat' dir='ltr'><strong>coruscattte,</strong></span> <span class='ocrx_word' id='word_1_130' title='bbox 2470 802 2578 842; x_wconf 92' lang='lat' dir='ltr'><strong>non</strong></span> <span class='ocrx_word' id='word_1_131' title='bbox 2611 795 2825 857; x_wconf 88' lang='lat' dir='ltr'><strong>posset;</strong></span> <span class='ocrx_word' id='word_1_132' title='bbox 2874 793 2930 840; x_wconf 91' lang='lat' dir='ltr'><strong>et</strong></span> <span class='ocrx_word' id='word_1_133' title='bbox 2960 784 3219 854; x_wconf 90' lang='lat' dir='ltr'><strong>splendor</strong></span> <span class='ocrx_word' id='word_1_134' title='bbox 3255 781 3529 850; x_wconf 84' lang='lat' dir='ltr'><strong>apparuit</strong></span> <span class='ocrx_word' id='word_1_135' title='bbox 3562 797 3649 833; x_wconf 74' lang='lat' dir='ltr'><strong>tm-</strong></span> 
     </span>
    </p>
   </div>
   <div class='ocr_carea' id='block_1_23' title="bbox 2078 870 3651 952">
    <p class='ocr_par' dir='ltr' id='par_1_23' title="bbox 2078 870 3651 952">
     <span class='ocr_line' id='line_1_23' title="bbox 2078 870 3651 952; baseline -0.008 -16"><span class='ocrx_word' id='word_1_136' title='bbox 2078 897 2254 952; x_wconf 87' lang='lat' dir='ltr'><strong>gnus,</strong></span> <span class='ocrx_word' id='word_1_137' title='bbox 2303 890 2356 935; x_wconf 90' lang='lat' dir='ltr'><strong>et</strong></span> <span class='ocrx_word' id='word_1_138' title='bbox 2409 878 2547 933; x_wconf 86' lang='lat' dir='ltr'><strong>nihil</strong></span> <span class='ocrx_word' id='word_1_139' title='bbox 2582 870 2951 941; x_wconf 75' lang='lat' dir='ltr'><strong>sentiebatur,</strong></span> <span class='ocrx_word' id='word_1_140' title='bbox 2982 876 3111 931; x_wconf 91' lang='lat' dir='ltr'><strong>dum</strong></span> <span class='ocrx_word' id='word_1_141' title='bbox 3146 875 3443 928; x_wconf 72' lang='lat' dir='ltr'><strong>lavaretur</strong></span> <span class='ocrx_word' id='word_1_142' title='bbox 3480 887 3651 940; x_wconf 63' lang='lat' dir='ltr'><strong>corpu</strong></span> 
     </span>
    </p>
   </div>
   <div class='ocr_carea' id='block_1_24' title="bbox 2078 961 3647 1037">
    <p class='ocr_par' dir='ltr' id='par_1_24' title="bbox 2078 961 3647 1037">
     <span class='ocr_line' id='line_1_24' title="bbox 2078 961 3647 1037; baseline -0.009 -11"><span class='ocrx_word' id='word_1_143' title='bbox 2078 969 2532 1037; x_wconf 90' lang='lat' dir='ltr'><strong>mundissimum,</strong></span> <span class='ocrx_word' id='word_1_144' title='bbox 2582 976 2636 1023; x_wconf 90' lang='lat' dir='ltr'><strong>et</strong></span> <span class='ocrx_word' id='word_1_145' title='bbox 2679 966 2830 1022; x_wconf 92' lang='lat' dir='ltr'><strong>nullo</strong></span> <span class='ocrx_word' id='word_1_146' title='bbox 2864 967 3095 1021; x_wconf 89' lang='lat' dir='ltr'><strong>horrore</strong></span> <span class='ocrx_word' id='word_1_147' title='bbox 3148 964 3342 1031; x_wconf 77' lang='lat' dir='ltr'><strong>sordis</strong></span> <span class='ocrx_word' id='word_1_148' title='bbox 3383 961 3647 1016; x_wconf 57' lang='lat' dir='ltr'><strong>infectus.</strong></span> 
     </span>
    </p>
   </div>
   <div class='ocr_carea' id='block_1_25' title="bbox 2076 1037 3732 1131">
    <p class='ocr_par' dir='ltr' id='par_1_25' title="bbox 2076 1037 3732 1131">
     <span class='ocr_line' id='line_1_25' title="bbox 2076 1037 3732 1131; baseline -0.007 -15"><span class='ocrx_word' id='word_1_149' title='bbox 2076 1059 2326 1131; x_wconf 89' lang='lat' dir='ltr'><strong>Cumque</strong></span> <span class='ocrx_word' id='word_1_150' title='bbox 2356 1060 2649 1115; x_wconf 88' lang='lat' dir='ltr'><strong>vestissent</strong></span> <span class='ocrx_word' id='word_1_151' title='bbox 2678 1074 2799 1112; x_wconf 91' lang='lat' dir='ltr'><strong>eam</strong></span> <span class='ocrx_word' id='word_1_152' title='bbox 2833 1056 3016 1112; x_wconf 89' lang='lat' dir='ltr'><strong>linteis</strong></span> <span class='ocrx_word' id='word_1_153' title='bbox 3045 1037 3100 1110; x_wconf 81' lang='lat' dir='ltr'><strong>et</strong></span> <span class='ocrx_word' id='word_1_154' title='bbox 3138 1054 3499 1108; x_wconf 80' lang='lat' dir='ltr'><strong>indumentis</strong></span> <span class='ocrx_word' id='word_1_155' title='bbox 3536 1070 3651 1105; x_wconf 71' lang='lat' dir='ltr'><strong>mur-</strong></span> <span class='ocrx_word' id='word_1_156' title='bbox 3730 1052 3732 1063; x_wconf 94' lang='lat'>&#39;</span> 
     </span>
    </p>
   </div>
   <div class='ocr_carea' id='block_1_26' title="bbox 2076 1144 3732 1222">
    <p class='ocr_par' dir='ltr' id='par_1_26' title="bbox 2076 1144 3732 1222">
     <span class='ocr_line' id='line_1_26' title="bbox 2076 1144 3732 1222; baseline -0.005 -15"><span class='ocrx_word' id='word_1_157' title='bbox 2076 1153 2317 1217; x_wconf 86' lang='lat' dir='ltr'><strong>talibus,</strong></span> <span class='ocrx_word' id='word_1_158' title='bbox 2350 1152 2614 1222; x_wconf 89' lang='lat' dir='ltr'><strong>paulatim</strong></span> <span class='ocrx_word' id='word_1_159' title='bbox 2655 1150 2751 1205; x_wconf 85' lang='lat' dir='ltr'><strong>lux</strong></span> <span class='ocrx_word' id='word_1_160' title='bbox 2794 1149 2885 1203; x_wconf 90' lang='lat' dir='ltr'><strong>illa</strong></span> <span class='ocrx_word' id='word_1_161' title='bbox 2935 1146 3177 1204; x_wconf 83' lang='lat' dir='ltr'><strong>evanuit.</strong></span> <span class='ocrx_word' id='word_1_162' title='bbox 3231 1144 3306 1199; x_wconf 83' lang='lat' dir='ltr'><strong>Et</strong></span> <span class='ocrx_word' id='word_1_163' title='bbox 3353 1154 3482 1215; x_wconf 85' lang='lat' dir='ltr'><strong>erat</strong></span> <span class='ocrx_word' id='word_1_164' title='bbox 3514 1144 3651 1199; x_wconf 59' lang='lat' dir='ltr'><strong>{acia</strong></span> <span class='ocrx_word' id='word_1_165' title='bbox 3730 1144 3732 1209; x_wconf 64' lang='grc' dir='ltr'><em>ἦ</em></span> 
     </span>
    </p>
   </div>
   <div class='ocr_carea' id='block_1_27' title="bbox 2074 1228 3732 1301">
    <p class='ocr_par' dir='ltr' id='par_1_27' title="bbox 2074 1228 3732 1301">
     <span class='ocr_line' id='line_1_27' title="bbox 2074 1228 3732 1301; baseline -0.007 0"><span class='ocrx_word' id='word_1_166' title='bbox 2074 1246 2246 1301; x_wconf 70' lang='lat' dir='ltr'><strong>beata:</strong></span> <span class='ocrx_word' id='word_1_167' title='bbox 2280 1244 2570 1301; x_wconf 88' lang='lat' dir='ltr'><strong>Gcnitricis</strong></span> <span class='ocrx_word' id='word_1_168' title='bbox 2597 1243 2689 1298; x_wconf 90' lang='lat' dir='ltr'><strong>Dei</strong></span> <span class='ocrx_word' id='word_1_169' title='bbox 2725 1242 2910 1297; x_wconf 66' lang='lat' dir='ltr'><strong>Mariae</strong></span> <span class='ocrx_word' id='word_1_170' title='bbox 2940 1240 3136 1296; x_wconf 88' lang='lat' dir='ltr'><strong>similis</strong></span> <span class='ocrx_word' id='word_1_171' title='bbox 3175 1238 3428 1293; x_wconf 76' lang='lat' dir='ltr'><strong>ﬂoribus</strong></span> <span class='ocrx_word' id='word_1_172' title='bbox 3466 1239 3589 1300; x_wconf 86' lang='lat' dir='ltr'><strong>lilii,</strong></span> <span class='ocrx_word' id='word_1_173' title='bbox 3614 1251 3651 1291; x_wconf 68' lang='grc' dir='ltr'><em>ἃ</em></span> <span class='ocrx_word' id='word_1_174' title='bbox 3730 1228 3732 1239; x_wconf 83' lang='grc'><em>’</em></span> 
     </span>
    </p>
   </div>
   <div class='ocr_carea' id='block_1_28' title="bbox 2075 1329 3650 1403">
    <p class='ocr_par' dir='ltr' id='par_1_28' title="bbox 2075 1329 3650 1403">
     <span class='ocr_line' id='line_1_28' title="bbox 2075 1329 3650 1403; baseline -0.004 -14"><span class='ocrx_word' id='word_1_175' title='bbox 2075 1334 2209 1389; x_wconf 82' lang='lat' dir='ltr'><strong>odor</strong></span> <span class='ocrx_word' id='word_1_176' title='bbox 2238 1332 2527 1389; x_wconf 83' lang='lat' dir='ltr'><strong>suavitatis</strong></span> <span class='ocrx_word' id='word_1_177' title='bbox 2552 1348 2762 1403; x_wconf 71' lang='lat' dir='ltr'><strong>magna:</strong></span> <span class='ocrx_word' id='word_1_178' title='bbox 2789 1331 3169 1401; x_wconf 81' lang='lat' dir='ltr'><strong>egrediebatur</strong></span> <span class='ocrx_word' id='word_1_179' title='bbox 3198 1344 3269 1384; x_wconf 76' lang='lat' dir='ltr'><strong>ex</strong></span> <span class='ocrx_word' id='word_1_180' title='bbox 3297 1344 3392 1394; x_wconf 87' lang='lat' dir='ltr'><strong>ea,</strong></span> <span class='ocrx_word' id='word_1_181' title='bbox 3436 1329 3516 1382; x_wconf 82' lang='lat' dir='ltr'><strong>ita</strong></span> <span class='ocrx_word' id='word_1_182' title='bbox 3548 1341 3598 1382; x_wconf 88' lang='lat' dir='ltr'><strong>ut</strong></span> <span class='ocrx_word' id='word_1_183' title='bbox 3616 1329 3650 1383; x_wconf 63' lang='grc' dir='ltr'><em>ὁ</em></span> 
     </span>
    </p>
   </div>
   <div class='ocr_carea' id='block_1_29' title="bbox 2074 1423 3229 1493">
    <p class='ocr_par' dir='ltr' id='par_1_29' title="bbox 2074 1423 3229 1493">
     <span class='ocr_line' id='line_1_29' title="bbox 2074 1423 3229 1493; baseline -0.003 -13"><span class='ocrx_word' id='word_1_184' title='bbox 2074 1425 2270 1481; x_wconf 89' lang='lat' dir='ltr'><strong>similis</strong></span> <span class='ocrx_word' id='word_1_185' title='bbox 2297 1424 2540 1480; x_wconf 84' lang='lat' dir='ltr'><strong>suavitas</strong></span> <span class='ocrx_word' id='word_1_186' title='bbox 2573 1424 2805 1479; x_wconf 92' lang='lat' dir='ltr'><strong>inveniri</strong></span> <span class='ocrx_word' id='word_1_187' title='bbox 2840 1423 2988 1477; x_wconf 91' lang='lat' dir='ltr'><strong>nulla</strong></span> <span class='ocrx_word' id='word_1_188' title='bbox 3019 1432 3229 1493; x_wconf 88' lang='lat' dir='ltr'><strong>posset.</strong></span> 
     </span>
    </p>
   </div>
   <div class='ocr_carea' id='block_1_30' title="bbox 2645 1534 3044 1613">
    <p class='ocr_par' dir='ltr' id='par_1_30' title="bbox 2645 1534 3044 1613">
     <span class='ocr_line' id='line_1_30' title="bbox 2645 1534 3044 1613; baseline -0.008 0"><span class='ocrx_word' id='word_1_189' title='bbox 2645 1534 2912 1613; x_wconf 75' lang='lat' dir='ltr'><strong>.CAPUT</strong></span> <span class='ocrx_word' id='word_1_190' title='bbox 2952 1554 3044 1613; x_wconf 78' lang='lat' dir='ltr'><strong>x1.</strong></span> 
     </span>
    </p>
   </div>
   <div class='ocr_carea' id='block_1_31' title="bbox 2146 1666 3653 1738">
    <p class='ocr_par' dir='ltr' id='par_1_31' title="bbox 2146 1666 3653 1738">
     <span class='ocr_line' id='line_1_31' title="bbox 2146 1666 3653 1738; baseline 0.001 -17"><span class='ocrx_word' id='word_1_191' title='bbox 2146 1666 2303 1723; x_wconf 81' lang='lat' dir='ltr'><strong>Tune</strong></span> <span class='ocrx_word' id='word_1_192' title='bbox 2333 1666 2499 1738; x_wconf 79' lang='lat' dir='ltr'><strong>igitur</strong></span> <span class='ocrx_word' id='word_1_193' title='bbox 2530 1677 2779 1723; x_wconf 89' lang='lat' dir='ltr'><strong>sanctum</strong></span> <span class='ocrx_word' id='word_1_194' title='bbox 2804 1682 3002 1737; x_wconf 91' lang='lat' dir='ltr'><strong>corpus</strong></span> <span class='ocrx_word' id='word_1_195' title='bbox 3031 1668 3440 1737; x_wconf 88' lang='lat' dir='ltr'><strong>imposuerunt</strong></span> <span class='ocrx_word' id='word_1_196' title='bbox 3465 1666 3653 1733; x_wconf 74' lang='lat' dir='ltr'><strong>feram,</strong></span> 
     </span>
    </p>
   </div>
   <div class='ocr_carea' id='block_1_32' title="bbox 461 1757 1977 1857">
    <p class='ocr_par' dir='ltr' id='par_1_32' title="bbox 461 1771 1973 1857">
     <span class='ocr_line' id='line_1_32' title="bbox 461 1771 1973 1857; baseline 0.005 -29"><span class='ocrx_word' id='word_1_197' title='bbox 461 1771 619 1830; x_wconf 81' lang='lat' dir='ltr'><strong>Tunc</strong></span> <span class='ocrx_word' id='word_1_198' title='bbox 646 1773 816 1831; x_wconf 85' lang='lat' dir='ltr'><strong>Maria</strong></span> <span class='ocrx_word' id='word_1_199' title='bbox 850 1777 1150 1845; x_wconf 85' lang='lat' dir='ltr'><strong>prostravit</strong></span> <span class='ocrx_word' id='word_1_200' title='bbox 1182 1792 1241 1855; x_wconf 81' lang='lat' dir='ltr'><strong>se</strong></span> <span class='ocrx_word' id='word_1_201' title='bbox 1270 1778 1325 1832; x_wconf 91' lang='lat' dir='ltr'><strong>in</strong></span> <span class='ocrx_word' id='word_1_202' title='bbox 1354 1778 1688 1857; x_wconf 82' lang='lat' dir='ltr'><strong>pavimento,</strong></span> <span class='ocrx_word' id='word_1_203' title='bbox 1736 1779 1973 1837; x_wconf 91' lang='lat' dir='ltr'><strong>adorans</strong></span> 
     </span>
    </p>
   </div>
   <div class='ocr_carea' id='block_1_33' title="bbox 2141 1757 3653 1857">
    <p class='ocr_par' dir='ltr' id='par_1_33' title="bbox 2141 1757 3653 1830">
     <span class='ocr_line' id='line_1_33' title="bbox 2141 1757 3653 1830; baseline 0 -16"><span class='ocrx_word' id='word_1_204' title='bbox 2141 1770 2440 1830; x_wconf 80' lang='lat' dir='ltr'><strong>xeruntque</strong></span> <span class='ocrx_word' id='word_1_205' title='bbox 2490 1759 2557 1814; x_wconf 88' lang='lat' dir='ltr'><strong>ad</strong></span> <span class='ocrx_word' id='word_1_206' title='bbox 2613 1759 2845 1816; x_wconf 85' lang='lat' dir='ltr'><strong>invicem</strong></span> <span class='ocrx_word' id='word_1_207' title='bbox 2915 1760 3148 1829; x_wconf 89' lang='lat' dir='ltr'><strong>apostoli</strong></span> <span class='ocrx_word' id='word_1_208' title='bbox 3186 1777 3202 1812; x_wconf 90' lang='lat'><strong>:</strong></span> <span class='ocrx_word' id='word_1_209' title='bbox 3237 1757 3396 1825; x_wconf 85' lang='lat' dir='ltr'><strong>Quis</strong></span> <span class='ocrx_word' id='word_1_210' title='bbox 3447 1759 3653 1830; x_wconf 72' lang='lat' dir='ltr'><strong>palm</strong></span> 
     </span>
    </p>
   </div>
   <div class='ocr_carea' id='block_1_34' title="bbox 390 1850 3653 1943">
    <p class='ocr_par' dir='ltr' id='par_1_34' title="bbox 390 1850 3653 1943">
     <span class='ocr_line' id='line_1_34' title="bbox 390 1850 3653 1943; baseline 0.001 -23"><span class='ocrx_word' id='word_1_211' title='bbox 390 1866 717 1933; x_wconf 88' lang='lat' dir='ltr'><strong>Dominum,</strong></span> <span class='ocrx_word' id='word_1_212' title='bbox 766 1883 887 1937; x_wconf 85' lang='lat' dir='ltr'><strong>quae</strong></span> <span class='ocrx_word' id='word_1_213' title='bbox 926 1868 1064 1923; x_wconf 90' lang='lat' dir='ltr'><strong>dixit</strong></span> <span class='ocrx_word' id='word_1_214' title='bbox 1101 1887 1115 1923; x_wconf 91' lang='lat'><strong>:</strong></span> <span class='ocrx_word' id='word_1_215' title='bbox 1154 1850 1510 1926; x_wconf 77' lang='lat' dir='ltr'><strong>BenedictUm</strong></span> <span class='ocrx_word' id='word_1_216' title='bbox 1552 1850 1753 1926; x_wconf 78' lang='lat' dir='ltr'><strong>nonten</strong></span> <span class='ocrx_word' id='word_1_217' title='bbox 1787 1872 1973 1943; x_wconf 69' lang='lat' dir='ltr'><strong>gloriae</strong></span> <span class='ocrx_word' id='word_1_218' title='bbox 2002 1850 2038 1854; x_wconf 33' lang='lat' dir='ltr'><strong>W</strong></span> <span class='ocrx_word' id='word_1_219' title='bbox 2075 1852 2217 1907; x_wconf 73' lang='lat' dir='ltr'><strong>hanc</strong></span> <span class='ocrx_word' id='word_1_220' title='bbox 2255 1861 2383 1907; x_wconf 56' lang='lat' dir='ltr'><strong>ante</strong></span> <span class='ocrx_word' id='word_1_221' title='bbox 2425 1850 2686 1907; x_wconf 69' lang='grc' dir='ltr'><strong>ῖθτθῑτυω</strong></span> <span class='ocrx_word' id='word_1_222' title='bbox 2735 1851 2857 1921; x_wconf 68' lang='lat' dir='ltr'><strong>eius</strong></span> <span class='ocrx_word' id='word_1_223' title='bbox 2903 1851 3181 1922; x_wconf 61' lang='lat' dir='ltr'><strong>Pomm“?</strong></span> <span class='ocrx_word' id='word_1_224' title='bbox 3224 1850 3404 1907; x_wconf 73' lang='lat' dir='ltr'><strong>Tunc</strong></span> <span class='ocrx_word' id='word_1_225' title='bbox 3450 1851 3653 1907; x_wconf 66' lang='grc'><strong>³0³³³³⁵</strong></span> 
     </span>
    </p>
   </div>
   <div class='ocr_carea' id='block_1_35' title="bbox 387 1961 1971 2038">
    <p class='ocr_par' dir='ltr' id='par_1_35' title="bbox 387 1961 1971 2038">
     <span class='ocr_line' id='line_1_35' title="bbox 387 1961 1971 2038; baseline 0.003 -22"><span class='ocrx_word' id='word_1_226' title='bbox 387 1971 516 2030; x_wconf 68' lang='lat' dir='ltr'><strong>tute,</strong></span> <span class='ocrx_word' id='word_1_227' title='bbox 551 1961 787 2024; x_wconf 86' lang='lat' dir='ltr'><strong>Domine</strong></span> <span class='ocrx_word' id='word_1_228' title='bbox 816 1962 962 2019; x_wconf 90' lang='lat' dir='ltr'><strong>Deus</strong></span> <span class='ocrx_word' id='word_1_229' title='bbox 1006 1979 1185 2029; x_wconf 89' lang='lat' dir='ltr'><strong>meus,</strong></span> <span class='ocrx_word' id='word_1_230' title='bbox 1238 1965 1333 2035; x_wconf 90' lang='lat' dir='ltr'><strong>qui</strong></span> <span class='ocrx_word' id='word_1_231' title='bbox 1358 1966 1633 2038; x_wconf 83' lang='lat' dir='ltr'><strong>dignatus</strong></span> <span class='ocrx_word' id='word_1_232' title='bbox 1661 1982 1723 2023; x_wconf 90' lang='lat' dir='ltr'><strong>es</strong></span> <span class='ocrx_word' id='word_1_233' title='bbox 1752 1982 1841 2022; x_wconf 89' lang='lat' dir='ltr'><strong>me</strong></span> <span class='ocrx_word' id='word_1_234' title='bbox 1868 1967 1971 2021; x_wconf 90' lang='lat' dir='ltr'><strong>hu-</strong></span> 
     </span>
    </p>
   </div>
   <div class='ocr_carea' id='block_1_36' title="bbox 384 2053 1971 2128">
    <p class='ocr_par' dir='ltr' id='par_1_36' title="bbox 384 2053 1971 2128">
     <span class='ocr_line' id='line_1_36' title="bbox 384 2053 1971 2128; baseline 0.003 -19"><span class='ocrx_word' id='word_1_235' title='bbox 384 2053 673 2111; x_wconf 84' lang='lat' dir='ltr'><strong>millimam</strong></span> <span class='ocrx_word' id='word_1_236' title='bbox 722 2055 978 2111; x_wconf 84' lang='lat' dir='ltr'><strong>ancillam</strong></span> <span class='ocrx_word' id='word_1_237' title='bbox 1022 2064 1174 2111; x_wconf 87' lang='lat' dir='ltr'><strong>tuam</strong></span> <span class='ocrx_word' id='word_1_238' title='bbox 1204 2057 1424 2128; x_wconf 83' lang='lat' dir='ltr'><strong>eligere,</strong></span> <span class='ocrx_word' id='word_1_239' title='bbox 1471 2068 1525 2114; x_wconf 88' lang='lat' dir='ltr'><strong>et</strong></span> <span class='ocrx_word' id='word_1_240' title='bbox 1574 2074 1840 2115; x_wconf 88' lang='lat' dir='ltr'><strong>arcanum</strong></span> <span class='ocrx_word' id='word_1_241' title='bbox 1890 2059 1971 2113; x_wconf 88' lang='lat' dir='ltr'><strong>tui</strong></span> 
     </span>
    </p>
   </div>
   <div class='ocr_carea' id='block_1_37' title="bbox 384 2148 1970 2228">
    <p class='ocr_par' dir='ltr' id='par_1_37' title="bbox 384 2148 1970 2228">
     <span class='ocr_line' id='line_1_37' title="bbox 384 2148 1970 2228; baseline 0.003 -27"><span class='ocrx_word' id='word_1_242' title='bbox 384 2148 645 2219; x_wconf 84' lang='lat' dir='ltr'><strong>mysterii</strong></span> <span class='ocrx_word' id='word_1_243' title='bbox 689 2148 824 2203; x_wconf 90' lang='lat' dir='ltr'><strong>mihi</strong></span> <span class='ocrx_word' id='word_1_244' title='bbox 870 2149 1276 2205; x_wconf 87' lang='lat' dir='ltr'><strong>commendare.</strong></span> <span class='ocrx_word' id='word_1_245' title='bbox 1346 2149 1555 2228; x_wconf 83' lang='lat' dir='ltr'><strong>Memor</strong></span> <span class='ocrx_word' id='word_1_246' title='bbox 1617 2151 1783 2222; x_wconf 80' lang='lat' dir='ltr'><strong>igitur</strong></span> <span class='ocrx_word' id='word_1_247' title='bbox 1847 2160 1970 2207; x_wconf 88' lang='lat' dir='ltr'><strong>esto</strong></span> 
     </span>
    </p>
   </div>
   <div class='ocr_carea' id='block_1_38' title="bbox 383 2229 1972 2313">
    <p class='ocr_par' dir='ltr' id='par_1_38' title="bbox 383 2229 1972 2313">
     <span class='ocr_line' id='line_1_38' title="bbox 383 2229 1972 2313; baseline 0.003 -19"><span class='ocrx_word' id='word_1_248' title='bbox 383 2241 513 2309; x_wconf 88' lang='lat' dir='ltr'><strong>mei,</strong></span> <span class='ocrx_word' id='word_1_249' title='bbox 566 2237 678 2297; x_wconf 83' lang='lat' dir='ltr'><strong>Rex</strong></span> <span class='ocrx_word' id='word_1_250' title='bbox 719 2240 926 2312; x_wconf 59' lang='lat' dir='ltr'><strong>gloriae.</strong></span> <span class='ocrx_word' id='word_1_251' title='bbox 987 2239 1070 2295; x_wconf 85' lang='lat' dir='ltr'><strong>Tu</strong></span> <span class='ocrx_word' id='word_1_252' title='bbox 1100 2241 1245 2296; x_wconf 89' lang='lat' dir='ltr'><strong>enim</strong></span> <span class='ocrx_word' id='word_1_253' title='bbox 1277 2242 1386 2298; x_wconf 81' lang='lat' dir='ltr'><strong>scis</strong></span> <span class='ocrx_word' id='word_1_254' title='bbox 1415 2242 1629 2313; x_wconf 78' lang='lat' dir='ltr'><strong>quiain</strong></span> <span class='ocrx_word' id='word_1_255' title='bbox 1662 2251 1777 2301; x_wconf 90' lang='lat' dir='ltr'><strong>toto</strong></span> <span class='ocrx_word' id='word_1_256' title='bbox 1806 2229 1972 2299; x_wconf 90' lang='lat' dir='ltr'><strong>corde</strong></span> 
     </span>
    </p>
   </div>
   <div class='ocr_carea' id='block_1_39' title="bbox 384 2332 1969 2397">
    <p class='ocr_par' dir='ltr' id='par_1_39' title="bbox 384 2332 1969 2397">
     <span class='ocr_line' id='line_1_39' title="bbox 384 2332 1969 2397; baseline -0.001 -6"><span class='ocrx_word' id='word_1_257' title='bbox 384 2347 509 2396; x_wconf 85' lang='lat' dir='ltr'><strong>tneo</strong></span> <span class='ocrx_word' id='word_1_258' title='bbox 543 2332 706 2388; x_wconf 83' lang='lat' dir='ltr'><strong>dilexi</strong></span> <span class='ocrx_word' id='word_1_259' title='bbox 748 2340 823 2397; x_wconf 87' lang='lat' dir='ltr'><strong>te,</strong></span> <span class='ocrx_word' id='word_1_260' title='bbox 873 2342 927 2388; x_wconf 93' lang='lat' dir='ltr'><strong>et</strong></span> <span class='ocrx_word' id='word_1_261' title='bbox 968 2332 1238 2389; x_wconf 91' lang='lat' dir='ltr'><strong>custodivi</strong></span> <span class='ocrx_word' id='word_1_262' title='bbox 1286 2334 1606 2390; x_wconf 88' lang='lat' dir='ltr'><strong>thesaurum</strong></span> <span class='ocrx_word' id='word_1_263' title='bbox 1652 2350 1685 2390; x_wconf 88' lang='lat' dir='ltr'><strong>a</strong></span> <span class='ocrx_word' id='word_1_264' title='bbox 1734 2344 1789 2390; x_wconf 91' lang='lat' dir='ltr'><strong>te</strong></span> <span class='ocrx_word' id='word_1_265' title='bbox 1830 2336 1969 2391; x_wconf 90' lang='lat' dir='ltr'><strong>mihi</strong></span> 
     </span>
    </p>
   </div>
   <div class='ocr_carea' id='block_1_40' title="bbox 383 2421 1967 2493">
    <p class='ocr_par' dir='ltr' id='par_1_40' title="bbox 383 2421 1967 2493">
     <span class='ocr_line' id='line_1_40' title="bbox 383 2421 1967 2493; baseline 0.001 -15"><span class='ocrx_word' id='word_1_266' title='bbox 383 2422 671 2478; x_wconf 84' lang='lat' dir='ltr'><strong>creditum.</strong></span> <span class='ocrx_word' id='word_1_267' title='bbox 726 2421 954 2493; x_wconf 83' lang='lat' dir='ltr'><strong>Suscipe</strong></span> <span class='ocrx_word' id='word_1_268' title='bbox 1000 2422 1183 2493; x_wconf 88' lang='lat' dir='ltr'><strong>itaque</strong></span> <span class='ocrx_word' id='word_1_269' title='bbox 1230 2439 1350 2492; x_wconf 91' lang='lat' dir='ltr'><strong>me,</strong></span> <span class='ocrx_word' id='word_1_270' title='bbox 1398 2425 1660 2492; x_wconf 89' lang='lat' dir='ltr'><strong>Domine,</strong></span> <span class='ocrx_word' id='word_1_271' title='bbox 1711 2425 1967 2481; x_wconf 89' lang='lat' dir='ltr'><strong>ancillam</strong></span> 
     </span>
    </p>
   </div>
   <div class='ocr_carea' id='block_1_41' title="bbox 386 2514 1971 2591">
    <p class='ocr_par' dir='ltr' id='par_1_41' title="bbox 386 2514 1971 2591">
     <span class='ocr_line' id='line_1_41' title="bbox 386 2514 1971 2591; baseline 0.003 -22"><span class='ocrx_word' id='word_1_272' title='bbox 386 2526 557 2581; x_wconf 87' lang='lat' dir='ltr'><strong>tuam,</strong></span> <span class='ocrx_word' id='word_1_273' title='bbox 590 2523 645 2568; x_wconf 91' lang='lat' dir='ltr'><strong>et</strong></span> <span class='ocrx_word' id='word_1_274' title='bbox 670 2514 841 2569; x_wconf 89' lang='lat' dir='ltr'><strong>libera</strong></span> <span class='ocrx_word' id='word_1_275' title='bbox 876 2528 963 2570; x_wconf 89' lang='lat' dir='ltr'><strong>me</strong></span> <span class='ocrx_word' id='word_1_276' title='bbox 992 2518 1023 2568; x_wconf 91' lang='lat' dir='ltr'><strong>a</strong></span> <span class='ocrx_word' id='word_1_277' title='bbox 1048 2523 1316 2584; x_wconf 86' lang='lat' dir='ltr'><strong>potestate</strong></span> <span class='ocrx_word' id='word_1_278' title='bbox 1352 2516 1724 2591; x_wconf 84' lang='lat' dir='ltr'><strong>tenebrarum,</strong></span> <span class='ocrx_word' id='word_1_279' title='bbox 1755 2527 1817 2574; x_wconf 90' lang='lat' dir='ltr'><strong>ut</strong></span> <span class='ocrx_word' id='word_1_280' title='bbox 1847 2519 1971 2573; x_wconf 87' lang='lat' dir='ltr'><strong>nul-</strong></span> 
     </span>
    </p>
   </div>
   <div class='ocr_carea' id='block_1_42' title="bbox 386 2604 1969 2677">
    <p class='ocr_par' dir='ltr' id='par_1_42' title="bbox 386 2604 1969 2677">
     <span class='ocr_line' id='line_1_42' title="bbox 386 2604 1969 2677; baseline 0.003 -15"><span class='ocrx_word' id='word_1_281' title='bbox 386 2608 475 2662; x_wconf 89' lang='lat' dir='ltr'><strong>lus</strong></span> <span class='ocrx_word' id='word_1_282' title='bbox 504 2606 719 2662; x_wconf 74' lang='lat' dir='ltr'><strong>Satante</strong></span> <span class='ocrx_word' id='word_1_283' title='bbox 755 2604 990 2677; x_wconf 84' lang='lat' dir='ltr'><strong>impetus</strong></span> <span class='ocrx_word' id='word_1_284' title='bbox 1032 2616 1286 2675; x_wconf 79' lang='lat' dir='ltr'><strong>occurrat</strong></span> <span class='ocrx_word' id='word_1_285' title='bbox 1313 2607 1471 2674; x_wconf 90' lang='lat' dir='ltr'><strong>mihi,</strong></span> <span class='ocrx_word' id='word_1_286' title='bbox 1504 2624 1604 2666; x_wconf 90' lang='lat' dir='ltr'><strong>nec</strong></span> <span class='ocrx_word' id='word_1_287' title='bbox 1640 2610 1854 2666; x_wconf 86' lang='lat' dir='ltr'><strong>videam</strong></span> <span class='ocrx_word' id='word_1_288' title='bbox 1884 2608 1969 2666; x_wconf 83' lang='lat' dir='ltr'><strong>te-</strong></span> 
     </span>
    </p>
   </div>
   <div class='ocr_carea' id='block_1_43' title="bbox 388 2690 1965 2773">
    <p class='ocr_par' dir='ltr' id='par_1_43' title="bbox 388 2690 1965 2773">
     <span class='ocr_line' id='line_1_43' title="bbox 388 2690 1965 2773; baseline 0.001 -19"><span class='ocrx_word' id='word_1_289' title='bbox 388 2708 506 2773; x_wconf 85' lang='lat' dir='ltr'><strong>tros</strong></span> <span class='ocrx_word' id='word_1_290' title='bbox 542 2700 768 2769; x_wconf 86' lang='lat' dir='ltr'><strong>spiritus</strong></span> <span class='ocrx_word' id='word_1_291' title='bbox 807 2690 1181 2758; x_wconf 86' lang='lat' dir='ltr'><strong>occursantes.</strong></span> <span class='ocrx_word' id='word_1_292' title='bbox 1222 2701 1322 2756; x_wconf 87' lang='lat' dir='ltr'><strong>Cui</strong></span> <span class='ocrx_word' id='word_1_293' title='bbox 1358 2701 1613 2757; x_wconf 85' lang='lat' dir='ltr'><strong>Salvator</strong></span> <span class='ocrx_word' id='word_1_294' title='bbox 1652 2702 1965 2772; x_wconf 90' lang='lat' dir='ltr'><strong>respondit:</strong></span> 
     </span>
    </p>
   </div>
   <div class='ocr_carea' id='block_1_44' title="bbox 385 2791 1967 2865">
    <p class='ocr_par' dir='ltr' id='par_1_44' title="bbox 385 2791 1967 2865">
     <span class='ocr_line' id='line_1_44' title="bbox 385 2791 1967 2865; baseline 0.001 -16"><span class='ocrx_word' id='word_1_295' title='bbox 385 2792 527 2849; x_wconf 89' lang='lat' dir='ltr'><strong>Cum</strong></span> <span class='ocrx_word' id='word_1_296' title='bbox 555 2808 656 2864; x_wconf 90' lang='lat' dir='ltr'><strong>ego</strong></span> <span class='ocrx_word' id='word_1_297' title='bbox 683 2793 889 2849; x_wconf 91' lang='lat' dir='ltr'><strong>missus</strong></span> <span class='ocrx_word' id='word_1_298' title='bbox 916 2808 947 2847; x_wconf 90' lang='lat' dir='ltr'><strong>a</strong></span> <span class='ocrx_word' id='word_1_299' title='bbox 975 2791 1136 2849; x_wconf 88' lang='lat' dir='ltr'><strong>Patre</strong></span> <span class='ocrx_word' id='word_1_300' title='bbox 1166 2809 1267 2865; x_wconf 91' lang='lat' dir='ltr'><strong>pro</strong></span> <span class='ocrx_word' id='word_1_301' title='bbox 1296 2794 1471 2850; x_wconf 90' lang='lat' dir='ltr'><strong>salute</strong></span> <span class='ocrx_word' id='word_1_302' title='bbox 1509 2792 1701 2848; x_wconf 91' lang='lat' dir='ltr'><strong>mundi</strong></span> <span class='ocrx_word' id='word_1_303' title='bbox 1739 2792 1967 2850; x_wconf 78' lang='lat' dir='ltr'><strong>fuissem</strong></span> 
     </span>
    </p>
   </div>
   <div class='ocr_carea' id='block_1_45' title="bbox 386 2889 1966 2962">
    <p class='ocr_par' dir='ltr' id='par_1_45' title="bbox 386 2889 1966 2962">
     <span class='ocr_line' id='line_1_45' title="bbox 386 2889 1966 2962; baseline 0.001 -17"><span class='ocrx_word' id='word_1_304' title='bbox 386 2904 691 2959; x_wconf 88' lang='lat' dir='ltr'><strong>suspensus</strong></span> <span class='ocrx_word' id='word_1_305' title='bbox 735 2890 793 2944; x_wconf 91' lang='lat' dir='ltr'><strong>in</strong></span> <span class='ocrx_word' id='word_1_306' title='bbox 842 2889 1143 2956; x_wconf 86' lang='lat' dir='ltr'><strong>cruce,ad</strong></span> <span class='ocrx_word' id='word_1_307' title='bbox 1182 2905 1270 2946; x_wconf 90' lang='lat' dir='ltr'><strong>me</strong></span> <span class='ocrx_word' id='word_1_308' title='bbox 1310 2890 1567 2962; x_wconf 90' lang='lat' dir='ltr'><strong>princeps</strong></span> <span class='ocrx_word' id='word_1_309' title='bbox 1614 2892 1966 2947; x_wconf 89' lang='lat' dir='ltr'><strong>tenebrarum</strong></span> 
     </span>
    </p>
   </div>
   <div class='ocr_carea' id='block_1_46' title="bbox 382 2979 1967 3053">
    <p class='ocr_par' dir='ltr' id='par_1_46' title="bbox 382 2979 1967 3053">
     <span class='ocr_line' id='line_1_46' title="bbox 382 2979 1967 3053; baseline 0.004 -20"><span class='ocrx_word' id='word_1_310' title='bbox 382 2980 553 3047; x_wconf 84' lang='lat' dir='ltr'><strong>venit,</strong></span> <span class='ocrx_word' id='word_1_311' title='bbox 596 2979 688 3035; x_wconf 92' lang='lat' dir='ltr'><strong>sed</strong></span> <span class='ocrx_word' id='word_1_312' title='bbox 734 2979 862 3034; x_wconf 92' lang='lat' dir='ltr'><strong>dum</strong></span> <span class='ocrx_word' id='word_1_313' title='bbox 902 2980 1112 3035; x_wconf 90' lang='lat' dir='ltr'><strong>nullum</strong></span> <span class='ocrx_word' id='word_1_314' title='bbox 1145 2980 1232 3036; x_wconf 92' lang='lat' dir='ltr'><strong>sui</strong></span> <span class='ocrx_word' id='word_1_315' title='bbox 1259 2981 1314 3036; x_wconf 93' lang='lat' dir='ltr'><strong>in</strong></span> <span class='ocrx_word' id='word_1_316' title='bbox 1347 2996 1436 3037; x_wconf 90' lang='lat' dir='ltr'><strong>me</strong></span> <span class='ocrx_word' id='word_1_317' title='bbox 1467 2983 1651 3052; x_wconf 91' lang='lat' dir='ltr'><strong>operis</strong></span> <span class='ocrx_word' id='word_1_318' title='bbox 1678 2983 1967 3053; x_wconf 89' lang='lat' dir='ltr'><strong>vestigium</strong></span> 
     </span>
    </p>
   </div>
   <div class='ocr_carea' id='block_1_47' title="bbox 381 3070 1963 3140">
    <p class='ocr_par' dir='ltr' id='par_1_47' title="bbox 381 3070 1963 3140">
     <span class='ocr_line' id='line_1_47' title="bbox 381 3070 1963 3140; baseline 0.001 -13"><span class='ocrx_word' id='word_1_319' title='bbox 381 3070 629 3127; x_wconf 87' lang='lat' dir='ltr'><strong>invenire</strong></span> <span class='ocrx_word' id='word_1_320' title='bbox 672 3071 977 3140; x_wconf 72' lang='lat' dir='ltr'><strong>praevaluit,</strong></span> <span class='ocrx_word' id='word_1_321' title='bbox 1005 3070 1186 3127; x_wconf 87' lang='lat' dir='ltr'><strong>victus</strong></span> <span class='ocrx_word' id='word_1_322' title='bbox 1217 3080 1273 3127; x_wconf 90' lang='lat' dir='ltr'><strong>et</strong></span> <span class='ocrx_word' id='word_1_323' title='bbox 1299 3073 1656 3128; x_wconf 85' lang='lat' dir='ltr'><strong>conculcatus</strong></span> <span class='ocrx_word' id='word_1_324' title='bbox 1677 3073 1963 3129; x_wconf 89' lang='lat' dir='ltr'><strong>abscessit.</strong></span> 
     </span>
    </p>
   </div>
   <div class='ocr_carea' id='block_1_48' title="bbox 2070 1943 3651 2014">
    <p class='ocr_par' dir='ltr' id='par_1_48' title="bbox 2070 1943 3651 2014">
     <span class='ocr_line' id='line_1_48' title="bbox 2070 1943 3651 2014; baseline -0.001 -15"><span class='ocrx_word' id='word_1_325' title='bbox 2070 1943 2147 2004; x_wconf 85' lang='lat' dir='ltr'><strong>ait</strong></span> <span class='ocrx_word' id='word_1_326' title='bbox 2172 1944 2240 2000; x_wconf 89' lang='lat' dir='ltr'><strong>ad</strong></span> <span class='ocrx_word' id='word_1_327' title='bbox 2266 1944 2524 1999; x_wconf 87' lang='lat' dir='ltr'><strong>Petrum:</strong></span> <span class='ocrx_word' id='word_1_328' title='bbox 2566 1943 2645 1999; x_wconf 86' lang='lat' dir='ltr'><strong>Tu</strong></span> <span class='ocrx_word' id='word_1_329' title='bbox 2684 1944 2778 2014; x_wconf 90' lang='lat' dir='ltr'><strong>qui</strong></span> <span class='ocrx_word' id='word_1_330' title='bbox 2810 1944 3072 2013; x_wconf 60' lang='lat' dir='ltr'><strong>praecedis</strong></span> <span class='ocrx_word' id='word_1_331' title='bbox 3104 1959 3215 1999; x_wconf 92' lang='lat' dir='ltr'><strong>nos</strong></span> <span class='ocrx_word' id='word_1_332' title='bbox 3246 1945 3309 1997; x_wconf 88' lang='lat' dir='ltr'><strong>in</strong></span> <span class='ocrx_word' id='word_1_333' title='bbox 3347 1947 3651 2014; x_wconf 70' lang='lat' dir='ltr'><strong>apostolate,</strong></span> 
     </span>
    </p>
   </div>
   <div class='ocr_carea' id='block_1_49' title="bbox 2068 2036 3653 2107">
    <p class='ocr_par' dir='ltr' id='par_1_49' title="bbox 2068 2036 3653 2107">
     <span class='ocr_line' id='line_1_49' title="bbox 2068 2036 3653 2107; baseline 0 -15"><span class='ocrx_word' id='word_1_334' title='bbox 2068 2038 2233 2093; x_wconf 89' lang='lat' dir='ltr'><strong>debes</strong></span> <span class='ocrx_word' id='word_1_335' title='bbox 2257 2038 2493 2107; x_wconf 89' lang='lat' dir='ltr'><strong>palmam</strong></span> <span class='ocrx_word' id='word_1_336' title='bbox 2525 2037 2668 2091; x_wconf 90' lang='lat' dir='ltr'><strong>hanc</strong></span> <span class='ocrx_word' id='word_1_337' title='bbox 2692 2045 2819 2091; x_wconf 90' lang='lat' dir='ltr'><strong>ante</strong></span> <span class='ocrx_word' id='word_1_338' title='bbox 2843 2036 3104 2091; x_wconf 77' lang='lat' dir='ltr'><strong>feretrum</strong></span> <span class='ocrx_word' id='word_1_339' title='bbox 3134 2038 3356 2097; x_wconf 87' lang='lat' dir='ltr'><strong>merito</strong></span> <span class='ocrx_word' id='word_1_340' title='bbox 3390 2036 3554 2093; x_wconf 84' lang='lat' dir='ltr'><strong>ferre.</strong></span> 
     </span>
    </p>
   </div>
   <div class='ocr_carea' id='block_1_50' title="bbox 2068 2126 3657 2198">
    <p class='ocr_par' dir='ltr' id='par_1_50' title="bbox 2068 2126 3657 2198">
     <span class='ocr_line' id='line_1_50' title="bbox 2068 2126 3657 2198; baseline 0.003 -19"><span class='ocrx_word' id='word_1_341' title='bbox 2068 2126 2263 2185; x_wconf 87' lang='lat' dir='ltr'><strong>Petrus</strong></span> <span class='ocrx_word' id='word_1_342' title='bbox 2295 2126 2579 2197; x_wconf 88' lang='lat' dir='ltr'><strong>respondit</strong></span> <span class='ocrx_word' id='word_1_343' title='bbox 2606 2145 2620 2181; x_wconf 93' lang='lat'><strong>:</strong></span> <span class='ocrx_word' id='word_1_344' title='bbox 2646 2126 2728 2181; x_wconf 91' lang='lat' dir='ltr'><strong>Tu</strong></span> <span class='ocrx_word' id='word_1_345' title='bbox 2776 2127 2927 2183; x_wconf 92' lang='lat' dir='ltr'><strong>solus</strong></span> <span class='ocrx_word' id='word_1_346' title='bbox 2976 2142 3043 2182; x_wconf 77' lang='lat' dir='ltr'><strong>ex</strong></span> <span class='ocrx_word' id='word_1_347' title='bbox 3084 2128 3250 2182; x_wconf 90' lang='lat' dir='ltr'><strong>nobis</strong></span> <span class='ocrx_word' id='word_1_348' title='bbox 3280 2129 3456 2198; x_wconf 80' lang='lat' dir='ltr'><strong>virgo</strong></span> <span class='ocrx_word' id='word_1_349' title='bbox 3486 2145 3543 2183; x_wconf 88' lang='lat' dir='ltr'><strong>es</strong></span> <span class='ocrx_word' id='word_1_350' title='bbox 3572 2130 3657 2184; x_wconf 75' lang='lat' dir='ltr'><strong>ele-</strong></span> 
     </span>
    </p>
   </div>
   <div class='ocr_carea' id='block_1_51' title="bbox 2069 2218 3657 2290">
    <p class='ocr_par' dir='ltr' id='par_1_51' title="bbox 2069 2218 3657 2290">
     <span class='ocr_line' id='line_1_51' title="bbox 2069 2218 3657 2290; baseline -0.002 -14"><span class='ocrx_word' id='word_1_351' title='bbox 2069 2229 2192 2277; x_wconf 91' lang='lat' dir='ltr'><strong>ctus</strong></span> <span class='ocrx_word' id='word_1_352' title='bbox 2237 2238 2268 2275; x_wconf 92' lang='lat' dir='ltr'><strong>a</strong></span> <span class='ocrx_word' id='word_1_353' title='bbox 2300 2219 2567 2277; x_wconf 89' lang='lat' dir='ltr'><strong>Domino:</strong></span> <span class='ocrx_word' id='word_1_354' title='bbox 2627 2228 2682 2274; x_wconf 91' lang='lat' dir='ltr'><strong>et</strong></span> <span class='ocrx_word' id='word_1_355' title='bbox 2721 2226 2932 2273; x_wconf 83' lang='lat' dir='ltr'><strong>tantam</strong></span> <span class='ocrx_word' id='word_1_356' title='bbox 2980 2218 3217 2290; x_wconf 87' lang='lat' dir='ltr'><strong>gratiam</strong></span> <span class='ocrx_word' id='word_1_357' title='bbox 3266 2218 3574 2285; x_wconf 82' lang='lat' dir='ltr'><strong>invenisti,</strong></span> <span class='ocrx_word' id='word_1_358' title='bbox 3612 2228 3657 2274; x_wconf 78' lang='lat' dir='ltr'><strong>ut</strong></span> 
     </span>
    </p>
   </div>
   <div class='ocr_carea' id='block_1_52' title="bbox 2070 2310 3658 2383">
    <p class='ocr_par' dir='ltr' id='par_1_52' title="bbox 2070 2310 3658 2383">
     <span class='ocr_line' id='line_1_52' title="bbox 2070 2310 3658 2383; baseline -0.001 -14"><span class='ocrx_word' id='word_1_359' title='bbox 2070 2329 2236 2383; x_wconf 87' lang='lat' dir='ltr'><strong>super</strong></span> <span class='ocrx_word' id='word_1_360' title='bbox 2272 2322 2463 2383; x_wconf 91' lang='lat' dir='ltr'><strong>pectus</strong></span> <span class='ocrx_word' id='word_1_361' title='bbox 2504 2312 2625 2383; x_wconf 89' lang='lat' dir='ltr'><strong>ejus</strong></span> <span class='ocrx_word' id='word_1_362' title='bbox 2672 2311 3040 2367; x_wconf 88' lang='lat' dir='ltr'><strong>recumberes.</strong></span> <span class='ocrx_word' id='word_1_363' title='bbox 3101 2310 3354 2382; x_wconf 90' lang='lat' dir='ltr'><strong>Insuper</strong></span> <span class='ocrx_word' id='word_1_364' title='bbox 3400 2314 3536 2367; x_wconf 88' lang='lat' dir='ltr'><strong>dum</strong></span> <span class='ocrx_word' id='word_1_365' title='bbox 3567 2315 3658 2382; x_wconf 78' lang='lat' dir='ltr'><strong>ipse</strong></span> 
     </span>
    </p>
   </div>
   <div class='ocr_carea' id='block_1_53' title="bbox 2069 2402 3655 2475">
    <p class='ocr_par' dir='ltr' id='par_1_53' title="bbox 2069 2402 3655 2475">
     <span class='ocr_line' id='line_1_53' title="bbox 2069 2402 3655 2475; baseline 0.001 -18"><span class='ocrx_word' id='word_1_366' title='bbox 2069 2421 2170 2475; x_wconf 88' lang='lat' dir='ltr'><strong>pro</strong></span> <span class='ocrx_word' id='word_1_367' title='bbox 2206 2405 2381 2459; x_wconf 86' lang='lat' dir='ltr'><strong>salute</strong></span> <span class='ocrx_word' id='word_1_368' title='bbox 2412 2411 2601 2459; x_wconf 85' lang='lat' dir='ltr'><strong>nostra</strong></span> <span class='ocrx_word' id='word_1_369' title='bbox 2644 2404 2701 2458; x_wconf 92' lang='lat' dir='ltr'><strong>in</strong></span> <span class='ocrx_word' id='word_1_370' title='bbox 2745 2402 2927 2459; x_wconf 90' lang='lat' dir='ltr'><strong>crucis</strong></span> <span class='ocrx_word' id='word_1_371' title='bbox 2964 2402 3149 2472; x_wconf 89' lang='lat' dir='ltr'><strong>stipite</strong></span> <span class='ocrx_word' id='word_1_372' title='bbox 3199 2405 3512 2473; x_wconf 82' lang='lat' dir='ltr'><strong>penderet,</strong></span> <span class='ocrx_word' id='word_1_373' title='bbox 3546 2405 3655 2458; x_wconf 67' lang='lat' dir='ltr'><strong>haee</strong></span> 
     </span>
    </p>
   </div>
   <div class='ocr_carea' id='block_1_54' title="bbox 2072 2494 3657 2568">
    <p class='ocr_par' dir='ltr' id='par_1_54' title="bbox 2072 2494 3657 2568">
     <span class='ocr_line' id='line_1_54' title="bbox 2072 2494 3657 2568; baseline 0.001 -17"><span class='ocrx_word' id='word_1_374' title='bbox 2072 2498 2168 2553; x_wconf 89' lang='lat' dir='ltr'><strong>tibi</strong></span> <span class='ocrx_word' id='word_1_375' title='bbox 2218 2512 2313 2553; x_wconf 91' lang='lat' dir='ltr'><strong>ore</strong></span> <span class='ocrx_word' id='word_1_376' title='bbox 2358 2497 2582 2568; x_wconf 90' lang='lat' dir='ltr'><strong>proprio</strong></span> <span class='ocrx_word' id='word_1_377' title='bbox 2618 2496 3047 2553; x_wconf 86' lang='lat' dir='ltr'><strong>cOmmendavit.</strong></span> <span class='ocrx_word' id='word_1_378' title='bbox 3102 2494 3428 2567; x_wconf 10' lang='lat' dir='ltr'><strong>Turigitur</strong></span> <span class='ocrx_word' id='word_1_379' title='bbox 3474 2509 3657 2568; x_wconf 73' lang='lat' dir='ltr'><strong>portare</strong></span> 
     </span>
    </p>
   </div>
   <div class='ocr_carea' id='block_1_55' title="bbox 2070 2589 3656 2661">
    <p class='ocr_par' dir='ltr' id='par_1_55' title="bbox 2070 2589 3656 2661">
     <span class='ocr_line' id='line_1_55' title="bbox 2070 2589 3656 2661; baseline -0.001 -14"><span class='ocrx_word' id='word_1_380' title='bbox 2070 2591 2236 2647; x_wconf 86' lang='lat' dir='ltr'><strong>debes</strong></span> <span class='ocrx_word' id='word_1_381' title='bbox 2262 2591 2404 2655; x_wconf 85' lang='lat' dir='ltr'><strong>hanc</strong></span> <span class='ocrx_word' id='word_1_382' title='bbox 2431 2590 2694 2661; x_wconf 90' lang='lat' dir='ltr'><strong>palmam,</strong></span> <span class='ocrx_word' id='word_1_383' title='bbox 2726 2600 2782 2646; x_wconf 91' lang='lat' dir='ltr'><strong>et</strong></span> <span class='ocrx_word' id='word_1_384' title='bbox 2813 2605 2917 2661; x_wconf 86' lang='lat' dir='ltr'><strong>ego</strong></span> <span class='ocrx_word' id='word_1_385' title='bbox 2945 2589 3260 2660; x_wconf 85' lang='lat' dir='ltr'><strong>suscipiam</strong></span> <span class='ocrx_word' id='word_1_386' title='bbox 3296 2591 3378 2645; x_wconf 87' lang='lat' dir='ltr'><strong>ad</strong></span> <span class='ocrx_word' id='word_1_387' title='bbox 3404 2593 3656 2646; x_wconf 67' lang='lat' dir='ltr'><strong>sustinea-</strong></span> 
     </span>
    </p>
   </div>
   <div class='ocr_carea' id='block_1_56' title="bbox 2068 2681 3657 2753">
    <p class='ocr_par' dir='ltr' id='par_1_56' title="bbox 2068 2681 3657 2753">
     <span class='ocr_line' id='line_1_56' title="bbox 2068 2681 3657 2753; baseline -0.001 -15"><span class='ocrx_word' id='word_1_388' title='bbox 2068 2683 2199 2738; x_wconf 93' lang='lat' dir='ltr'><strong>dum</strong></span> <span class='ocrx_word' id='word_1_389' title='bbox 2236 2689 2645 2737; x_wconf 86' lang='lat' dir='ltr'><strong>sacrosanctum</strong></span> <span class='ocrx_word' id='word_1_390' title='bbox 2681 2681 2787 2736; x_wconf 88' lang='lat' dir='ltr'><strong>hoc</strong></span> <span class='ocrx_word' id='word_1_391' title='bbox 2815 2691 2870 2737; x_wconf 92' lang='lat' dir='ltr'><strong>et</strong></span> <span class='ocrx_word' id='word_1_392' title='bbox 2895 2681 3219 2736; x_wconf 88' lang='lat' dir='ltr'><strong>venerabile</strong></span> <span class='ocrx_word' id='word_1_393' title='bbox 3249 2698 3477 2752; x_wconf 87' lang='lat' dir='ltr'><strong>corpus</strong></span> <span class='ocrx_word' id='word_1_394' title='bbox 3516 2698 3657 2753; x_wconf 72' lang='lat' dir='ltr'><strong>usque</strong></span> 
     </span>
    </p>
   </div>
   <div class='ocr_carea' id='block_1_57' title="bbox 2069 2772 3657 2846">
    <p class='ocr_par' dir='ltr' id='par_1_57' title="bbox 2069 2772 3657 2846">
     <span class='ocr_line' id='line_1_57' title="bbox 2069 2772 3657 2846; baseline -0.002 -14"><span class='ocrx_word' id='word_1_395' title='bbox 2069 2776 2137 2833; x_wconf 87' lang='lat' dir='ltr'><strong>ad</strong></span> <span class='ocrx_word' id='word_1_396' title='bbox 2178 2775 2359 2829; x_wconf 89' lang='lat' dir='ltr'><strong>locum</strong></span> <span class='ocrx_word' id='word_1_397' title='bbox 2401 2774 2767 2830; x_wconf 85' lang='lat' dir='ltr'><strong>monumenti.</strong></span> <span class='ocrx_word' id='word_1_398' title='bbox 2799 2773 2899 2830; x_wconf 88' lang='lat' dir='ltr'><strong>Cui</strong></span> <span class='ocrx_word' id='word_1_399' title='bbox 2930 2772 3136 2830; x_wconf 89' lang='lat' dir='ltr'><strong>Paulus</strong></span> <span class='ocrx_word' id='word_1_400' title='bbox 3174 2774 3299 2829; x_wconf 89' lang='lat' dir='ltr'><strong>ait:</strong></span> <span class='ocrx_word' id='word_1_401' title='bbox 3354 2774 3431 2828; x_wconf 82' lang='lat' dir='ltr'><strong>Et</strong></span> <span class='ocrx_word' id='word_1_402' title='bbox 3465 2790 3563 2846; x_wconf 78' lang='lat' dir='ltr'><strong>ego</strong></span> <span class='ocrx_word' id='word_1_403' title='bbox 3586 2775 3657 2845; x_wconf 76' lang='lat' dir='ltr'><strong>qui</strong></span> 
     </span>
    </p>
   </div>
   <div class='ocr_carea' id='block_1_58' title="bbox 2064 2865 3654 2938">
    <p class='ocr_par' dir='ltr' id='par_1_58' title="bbox 2064 2865 3654 2938">
     <span class='ocr_line' id='line_1_58' title="bbox 2064 2865 3654 2938; baseline 0.001 -17"><span class='ocrx_word' id='word_1_404' title='bbox 2064 2867 2252 2938; x_wconf 88' lang='lat' dir='ltr'><strong>junior</strong></span> <span class='ocrx_word' id='word_1_405' title='bbox 2311 2882 2433 2922; x_wconf 92' lang='lat' dir='ltr'><strong>sum</strong></span> <span class='ocrx_word' id='word_1_406' title='bbox 2484 2865 2729 2921; x_wconf 89' lang='lat' dir='ltr'><strong>omnium</strong></span> <span class='ocrx_word' id='word_1_407' title='bbox 2799 2877 3086 2933; x_wconf 89' lang='lat' dir='ltr'><strong>vestrum,</strong></span> <span class='ocrx_word' id='word_1_408' title='bbox 3160 2868 3427 2936; x_wconf 76' lang='lat' dir='ltr'><strong>portabo</strong></span> <span class='ocrx_word' id='word_1_409' title='bbox 3485 2879 3654 2923; x_wconf 77' lang='lat' dir='ltr'><strong>tecum.</strong></span> 
     </span>
    </p>
   </div>
   <div class='ocr_carea' id='block_1_59' title="bbox 2068 2960 3656 3034">
    <p class='ocr_par' dir='ltr' id='par_1_59' title="bbox 2068 2960 3656 3034">
     <span class='ocr_line' id='line_1_59' title="bbox 2068 2960 3656 3034; baseline -0.001 -17"><span class='ocrx_word' id='word_1_410' title='bbox 2068 2960 2319 3034; x_wconf 87' lang='lat' dir='ltr'><strong>Cumque</strong></span> <span class='ocrx_word' id='word_1_411' title='bbox 2360 2963 2771 3017; x_wconf 89' lang='lat' dir='ltr'><strong>consensissent</strong></span> <span class='ocrx_word' id='word_1_412' title='bbox 2816 2976 3051 3027; x_wconf 91' lang='lat' dir='ltr'><strong>omnes,</strong></span> <span class='ocrx_word' id='word_1_413' title='bbox 3106 2960 3326 3017; x_wconf 83' lang='lat' dir='ltr'><strong>Petrus</strong></span> <span class='ocrx_word' id='word_1_414' title='bbox 3378 2963 3600 3018; x_wconf 79' lang='lat' dir='ltr'><strong>elevans</strong></span> <span class='ocrx_word' id='word_1_415' title='bbox 3634 2979 3656 3015; x_wconf 78' lang='grc' dir='ltr'><strong><em>ι</em></strong></span> 
     </span>
    </p>
   </div>
   <div class='ocr_carea' id='block_1_60' title="bbox 2068 3054 3659 3125">
    <p class='ocr_par' dir='ltr' id='par_1_60' title="bbox 2068 3054 3659 3125">
     <span class='ocr_line' id='line_1_60' title="bbox 2068 3054 3659 3125; baseline -0.001 -17"><span class='ocrx_word' id='word_1_416' title='bbox 2068 3055 2245 3123; x_wconf 90' lang='lat' dir='ltr'><strong>capite</strong></span> <span class='ocrx_word' id='word_1_417' title='bbox 2291 3054 2762 3125; x_wconf 75' lang='lat' dir='ltr'><strong>feretrumcmpit</strong></span> <span class='ocrx_word' id='word_1_418' title='bbox 2803 3054 3066 3124; x_wconf 84' lang='lat' dir='ltr'><strong>psallere,</strong></span> <span class='ocrx_word' id='word_1_419' title='bbox 3124 3062 3182 3109; x_wconf 89' lang='lat' dir='ltr'><strong>et</strong></span> <span class='ocrx_word' id='word_1_420' title='bbox 3243 3055 3489 3111; x_wconf 87' lang='lat' dir='ltr'><strong>dicere:</strong></span> <span class='ocrx_word' id='word_1_421' title='bbox 3534 3055 3659 3109; x_wconf 69' lang='lat' dir='ltr'><strong>linit</strong></span> 
     </span>
    </p>
   </div>
   <div class='ocr_carea' id='block_1_61' title="bbox 382 3138 1977 3238">
    <p class='ocr_par' dir='ltr' id='par_1_61' title="bbox 382 3138 1967 3238">
     <span class='ocr_line' id='line_1_61' title="bbox 382 3138 1967 3238; baseline 0.003 -22"><span class='ocrx_word' id='word_1_422' title='bbox 382 3162 530 3229; x_wconf 78' lang='lat' dir='ltr'><strong>Vidi,</strong></span> <span class='ocrx_word' id='word_1_423' title='bbox 562 3138 696 3218; x_wconf 91' lang='lat' dir='ltr'><strong>et</strong></span> <span class='ocrx_word' id='word_1_424' title='bbox 727 3178 859 3234; x_wconf 86' lang='lat' dir='ltr'><strong>ergo</strong></span> <span class='ocrx_word' id='word_1_425' title='bbox 887 3163 1100 3233; x_wconf 87' lang='lat' dir='ltr'><strong>videbis</strong></span> <span class='ocrx_word' id='word_1_426' title='bbox 1125 3174 1251 3218; x_wconf 90' lang='lat' dir='ltr'><strong>eum</strong></span> <span class='ocrx_word' id='word_1_427' title='bbox 1281 3163 1503 3234; x_wconf 91' lang='lat' dir='ltr'><strong>quidem</strong></span> <span class='ocrx_word' id='word_1_428' title='bbox 1534 3166 1815 3220; x_wconf 90' lang='lat' dir='ltr'><strong>communi</strong></span> <span class='ocrx_word' id='word_1_429' title='bbox 1848 3166 1967 3238; x_wconf 87' lang='lat' dir='ltr'><strong>lege</strong></span> 
     </span>
    </p>
   </div>
   <div class='ocr_carea' id='block_1_62' title="bbox 2141 3138 3657 3238">
    <p class='ocr_par' dir='ltr' id='par_1_62' title="bbox 2141 3145 3657 3217">
     <span class='ocr_line' id='line_1_62' title="bbox 2141 3145 3657 3217; baseline 0.004 -22"><span class='ocrx_word' id='word_1_430' title='bbox 2141 3146 2241 3199; x_wconf 78' lang='lat' dir='ltr'><strong>rael</strong></span> <span class='ocrx_word' id='word_1_431' title='bbox 2273 3146 2339 3207; x_wconf 84' lang='lat' dir='ltr'><strong>de</strong></span> <span class='ocrx_word' id='word_1_432' title='bbox 2365 3145 2625 3217; x_wconf 74' lang='lat' dir='ltr'><strong>A&#39;Igypto,</strong></span> <span class='ocrx_word' id='word_1_433' title='bbox 2675 3146 2929 3202; x_wconf 83' lang='lat' dir='ltr'><strong>Alleluia.</strong></span> <span class='ocrx_word' id='word_1_434' title='bbox 2966 3145 3303 3202; x_wconf 84' lang='lat' dir='ltr'><strong>Sustinebat</strong></span> <span class='ocrx_word' id='word_1_435' title='bbox 3336 3158 3530 3203; x_wconf 78' lang='lat' dir='ltr'><strong>autem</strong></span> <span class='ocrx_word' id='word_1_436' title='bbox 3557 3165 3657 3202; x_wconf 76' lang='lat' dir='ltr'><strong>eum</strong></span> 
     </span>
    </p>
   </div>
   <div class='ocr_carea' id='block_1_63' title="bbox 381 3256 1965 3328">
    <p class='ocr_par' dir='ltr' id='par_1_63' title="bbox 381 3256 1965 3328">
     <span class='ocr_line' id='line_1_63' title="bbox 381 3256 1965 3328; baseline 0.004 -19"><span class='ocrx_word' id='word_1_437' title='bbox 381 3256 604 3311; x_wconf 85' lang='lat' dir='ltr'><strong>humani</strong></span> <span class='ocrx_word' id='word_1_438' title='bbox 638 3256 876 3327; x_wconf 86' lang='lat' dir='ltr'><strong>generis,</strong></span> <span class='ocrx_word' id='word_1_439' title='bbox 931 3271 1030 3326; x_wconf 91' lang='lat' dir='ltr'><strong>per</strong></span> <span class='ocrx_word' id='word_1_440' title='bbox 1075 3273 1241 3327; x_wconf 85' lang='lat' dir='ltr'><strong>quam</strong></span> <span class='ocrx_word' id='word_1_441' title='bbox 1278 3258 1496 3314; x_wconf 90' lang='lat' dir='ltr'><strong>sortiris</strong></span> <span class='ocrx_word' id='word_1_442' title='bbox 1542 3261 1709 3317; x_wconf 85' lang='lat' dir='ltr'><strong>linem</strong></span> <span class='ocrx_word' id='word_1_443' title='bbox 1747 3261 1965 3328; x_wconf 87' lang='lat' dir='ltr'><strong>mortis,</strong></span> 
     </span>
    </p>
   </div>
   <div class='ocr_carea' id='block_1_64' title="bbox 382 3349 1969 3420">
    <p class='ocr_par' dir='ltr' id='par_1_64' title="bbox 382 3349 1969 3420">
     <span class='ocr_line' id='line_1_64' title="bbox 382 3349 1969 3420; baseline 0.003 -18"><span class='ocrx_word' id='word_1_444' title='bbox 382 3363 579 3403; x_wconf 87' lang='lat' dir='ltr'><strong>nocere</strong></span> <span class='ocrx_word' id='word_1_445' title='bbox 608 3349 932 3402; x_wconf 84' lang='lat' dir='ltr'><strong>autemnon</strong></span> <span class='ocrx_word' id='word_1_446' title='bbox 963 3351 1163 3419; x_wconf 85' lang='lat' dir='ltr'><strong>poterit</strong></span> <span class='ocrx_word' id='word_1_447' title='bbox 1198 3350 1321 3415; x_wconf 84' lang='lat' dir='ltr'><strong>tibi,</strong></span> <span class='ocrx_word' id='word_1_448' title='bbox 1362 3349 1494 3420; x_wconf 90' lang='lat' dir='ltr'><strong>quia</strong></span> <span class='ocrx_word' id='word_1_449' title='bbox 1533 3351 1674 3406; x_wconf 89' lang='lat' dir='ltr'><strong>nihil</strong></span> <span class='ocrx_word' id='word_1_450' title='bbox 1702 3352 1758 3406; x_wconf 91' lang='lat' dir='ltr'><strong>in</strong></span> <span class='ocrx_word' id='word_1_451' title='bbox 1789 3360 1842 3407; x_wconf 91' lang='lat' dir='ltr'><strong>te</strong></span> <span class='ocrx_word' id='word_1_452' title='bbox 1870 3353 1969 3407; x_wconf 88' lang='lat' dir='ltr'><strong>ha-</strong></span> 
     </span>
    </p>
   </div>
   <div class='ocr_carea' id='block_1_65' title="bbox 380 3438 1969 3515">
    <p class='ocr_par' dir='ltr' id='par_1_65' title="bbox 380 3438 1969 3515">
     <span class='ocr_line' id='line_1_65' title="bbox 380 3438 1969 3515; baseline 0.003 -20"><span class='ocrx_word' id='word_1_453' title='bbox 380 3438 492 3505; x_wconf 84' lang='lat' dir='ltr'><strong>bet,</strong></span> <span class='ocrx_word' id='word_1_454' title='bbox 526 3448 581 3495; x_wconf 92' lang='lat' dir='ltr'><strong>et</strong></span> <span class='ocrx_word' id='word_1_455' title='bbox 606 3440 734 3510; x_wconf 89' lang='lat' dir='ltr'><strong>quia</strong></span> <span class='ocrx_word' id='word_1_456' title='bbox 763 3449 943 3495; x_wconf 91' lang='lat' dir='ltr'><strong>tecum</strong></span> <span class='ocrx_word' id='word_1_457' title='bbox 968 3457 1125 3510; x_wconf 81' lang='lat' dir='ltr'><strong>sum,</strong></span> <span class='ocrx_word' id='word_1_458' title='bbox 1176 3451 1239 3499; x_wconf 91' lang='lat' dir='ltr'><strong>ut</strong></span> <span class='ocrx_word' id='word_1_459' title='bbox 1282 3457 1472 3512; x_wconf 87' lang='lat' dir='ltr'><strong>eruam</strong></span> <span class='ocrx_word' id='word_1_460' title='bbox 1502 3450 1577 3498; x_wconf 89' lang='lat' dir='ltr'><strong>te.</strong></span> <span class='ocrx_word' id='word_1_461' title='bbox 1621 3442 1753 3498; x_wconf 86' lang='lat' dir='ltr'><strong>Veni</strong></span> <span class='ocrx_word' id='word_1_462' title='bbox 1802 3444 1969 3515; x_wconf 90' lang='lat' dir='ltr'><strong>igitur</strong></span> 
     </span>
    </p>
   </div>
   <div class='ocr_carea' id='block_1_66' title="bbox 374 3531 1965 3605">
    <p class='ocr_par' dir='ltr' id='par_1_66' title="bbox 374 3531 1965 3605">
     <span class='ocr_line' id='line_1_66' title="bbox 374 3531 1965 3605; baseline 0.003 -19"><span class='ocrx_word' id='word_1_463' title='bbox 374 3531 492 3602; x_wconf 82' lang='lat' dir='ltr'><strong>jatu</strong></span> <span class='ocrx_word' id='word_1_464' title='bbox 524 3546 739 3598; x_wconf 89' lang='lat' dir='ltr'><strong>secura,</strong></span> <span class='ocrx_word' id='word_1_465' title='bbox 758 3534 898 3603; x_wconf 90' lang='lat' dir='ltr'><strong>.quia</strong></span> <span class='ocrx_word' id='word_1_466' title='bbox 924 3544 1204 3603; x_wconf 82' lang='lat' dir='ltr'><strong>exspectat</strong></span> <span class='ocrx_word' id='word_1_467' title='bbox 1240 3544 1293 3590; x_wconf 93' lang='lat' dir='ltr'><strong>te</strong></span> <span class='ocrx_word' id='word_1_468' title='bbox 1324 3535 1565 3591; x_wconf 68' lang='lat' dir='ltr'><strong>caelestis</strong></span> <span class='ocrx_word' id='word_1_469' title='bbox 1600 3536 1723 3591; x_wconf 73' lang='lat' dir='ltr'><strong>vita:</strong></span> <span class='ocrx_word' id='word_1_470' title='bbox 1751 3536 1965 3605; x_wconf 90' lang='lat' dir='ltr'><strong>militia,</strong></span> 
     </span>
    </p>
   </div>
   <div class='ocr_carea' id='block_1_67' title="bbox 380 3623 1967 3697">
    <p class='ocr_par' dir='ltr' id='par_1_67' title="bbox 380 3623 1967 3697">
     <span class='ocr_line' id='line_1_67' title="bbox 380 3623 1967 3697; baseline 0.004 -20"><span class='ocrx_word' id='word_1_471' title='bbox 380 3633 441 3677; x_wconf 91' lang='lat' dir='ltr'><strong>ut</strong></span> <span class='ocrx_word' id='word_1_472' title='bbox 469 3633 522 3678; x_wconf 90' lang='lat' dir='ltr'><strong>te</strong></span> <span class='ocrx_word' id='word_1_473' title='bbox 550 3623 895 3681; x_wconf 84' lang='lat' dir='ltr'><strong>introducam</strong></span> <span class='ocrx_word' id='word_1_474' title='bbox 918 3624 974 3689; x_wconf 83' lang='lat' dir='ltr'><strong>in</strong></span> <span class='ocrx_word' id='word_1_475' title='bbox 999 3626 1239 3694; x_wconf 91' lang='lat' dir='ltr'><strong>paradisi</strong></span> <span class='ocrx_word' id='word_1_476' title='bbox 1271 3627 1493 3697; x_wconf 86' lang='lat' dir='ltr'><strong>gaudia.</strong></span> <span class='ocrx_word' id='word_1_477' title='bbox 1526 3626 1593 3682; x_wconf 87' lang='lat' dir='ltr'><strong>Et</strong></span> <span class='ocrx_word' id='word_1_478' title='bbox 1615 3627 1731 3683; x_wconf 70' lang='lat' dir='ltr'><strong>haec</strong></span> <span class='ocrx_word' id='word_1_479' title='bbox 1752 3628 1967 3684; x_wconf 88' lang='lat' dir='ltr'><strong>dicente</strong></span> 
     </span>
    </p>
   </div>
   <div class='ocr_carea' id='block_1_68' title="bbox 380 3709 1963 3788">
    <p class='ocr_par' dir='ltr' id='par_1_68' title="bbox 380 3709 1963 3788">
     <span class='ocr_line' id='line_1_68' title="bbox 380 3709 1963 3788; baseline 0.006 -24"><span class='ocrx_word' id='word_1_480' title='bbox 380 3709 956 3781; x_wconf 86' lang='lat' dir='ltr'><strong>Domino,exsurgens</strong></span> <span class='ocrx_word' id='word_1_481' title='bbox 985 3712 1303 3772; x_wconf 89' lang='lat' dir='ltr'><strong>beatissima</strong></span> <span class='ocrx_word' id='word_1_482' title='bbox 1334 3713 1503 3786; x_wconf 82' lang='lat' dir='ltr'><strong>Virgo</strong></span> <span class='ocrx_word' id='word_1_483' title='bbox 1533 3716 1602 3772; x_wconf 92' lang='lat' dir='ltr'><strong>de</strong></span> <span class='ocrx_word' id='word_1_484' title='bbox 1629 3717 1963 3788; x_wconf 87' lang='lat' dir='ltr'><strong>pavimento,</strong></span> 
     </span>
    </p>
   </div>
   <div class='ocr_carea' id='block_1_69' title="bbox 332 3805 1964 3881">
    <p class='ocr_par' dir='ltr' id='par_1_69' title="bbox 332 3805 1964 3881">
     <span class='ocr_line' id='line_1_69' title="bbox 332 3805 1964 3881; baseline 0.003 -20"><span class='ocrx_word' id='word_1_485' title='bbox 332 3858 337 3867; x_wconf 85' lang='grc'><em>,</em></span> <span class='ocrx_word' id='word_1_486' title='bbox 378 3805 639 3865; x_wconf 82' lang='lat' dir='ltr'><strong>accubuit</strong></span> <span class='ocrx_word' id='word_1_487' title='bbox 670 3821 835 3876; x_wconf 87' lang='lat' dir='ltr'><strong>super</strong></span> <span class='ocrx_word' id='word_1_488' title='bbox 873 3807 1075 3863; x_wconf 90' lang='lat' dir='ltr'><strong>lectum</strong></span> <span class='ocrx_word' id='word_1_489' title='bbox 1104 3809 1291 3875; x_wconf 87' lang='lat' dir='ltr'><strong>suum,</strong></span> <span class='ocrx_word' id='word_1_490' title='bbox 1334 3816 1390 3863; x_wconf 90' lang='lat' dir='ltr'><strong>et</strong></span> <span class='ocrx_word' id='word_1_491' title='bbox 1418 3810 1626 3881; x_wconf 89' lang='lat' dir='ltr'><strong>gratias</strong></span> <span class='ocrx_word' id='word_1_492' title='bbox 1657 3825 1824 3881; x_wconf 78' lang='lat' dir='ltr'><strong>agens</strong></span> <span class='ocrx_word' id='word_1_493' title='bbox 1854 3809 1964 3866; x_wconf 90' lang='lat' dir='ltr'><strong>Do-</strong></span> 
     </span>
    </p>
   </div>
   <div class='ocr_carea' id='block_1_70' title="bbox 378 3895 1966 3972">
    <p class='ocr_par' dir='ltr' id='par_1_70' title="bbox 378 3895 1966 3972">
     <span class='ocr_line' id='line_1_70' title="bbox 378 3895 1966 3972; baseline 0.005 -23"><span class='ocrx_word' id='word_1_494' title='bbox 378 3896 531 3951; x_wconf 88' lang='lat' dir='ltr'><strong>mino</strong></span> <span class='ocrx_word' id='word_1_495' title='bbox 573 3895 720 3965; x_wconf 90' lang='lat' dir='ltr'><strong>Deo,</strong></span> <span class='ocrx_word' id='word_1_496' title='bbox 762 3900 950 3955; x_wconf 90' lang='lat' dir='ltr'><strong>emisit</strong></span> <span class='ocrx_word' id='word_1_497' title='bbox 994 3900 1269 3971; x_wconf 81' lang='lat' dir='ltr'><strong>Spiritum.</strong></span> <span class='ocrx_word' id='word_1_498' title='bbox 1312 3899 1578 3957; x_wconf 74' lang='lat' dir='ltr'><strong>Viderunt</strong></span> <span class='ocrx_word' id='word_1_499' title='bbox 1610 3910 1793 3957; x_wconf 83' lang='lat' dir='ltr'><strong>autem</strong></span> <span class='ocrx_word' id='word_1_500' title='bbox 1833 3917 1966 3972; x_wconf 91' lang='lat' dir='ltr'><strong>apo-</strong></span> 
     </span>
    </p>
   </div>
   <div class='ocr_carea' id='block_1_71' title="bbox 378 3988 1961 4068">
    <p class='ocr_par' dir='ltr' id='par_1_71' title="bbox 378 3988 1961 4068">
     <span class='ocr_line' id='line_1_71' title="bbox 378 3988 1961 4068; baseline 0.005 -27"><span class='ocrx_word' id='word_1_501' title='bbox 378 3988 507 4042; x_wconf 83' lang='lat' dir='ltr'><strong>stoli</strong></span> <span class='ocrx_word' id='word_1_502' title='bbox 553 3997 777 4068; x_wconf 26' lang='lat' dir='ltr'><strong>tantum.</strong></span> <span class='ocrx_word' id='word_1_503' title='bbox 798 3991 939 4056; x_wconf 87' lang='lat' dir='ltr'><strong>lucis</strong></span> <span class='ocrx_word' id='word_1_504' title='bbox 970 3991 1289 4058; x_wconf 89' lang='lat' dir='ltr'><strong>candorem,</strong></span> <span class='ocrx_word' id='word_1_505' title='bbox 1338 4000 1400 4047; x_wconf 93' lang='lat' dir='ltr'><strong>ut</strong></span> <span class='ocrx_word' id='word_1_506' title='bbox 1447 3993 1597 4048; x_wconf 90' lang='lat' dir='ltr'><strong>nulla</strong></span> <span class='ocrx_word' id='word_1_507' title='bbox 1647 3994 1961 4049; x_wconf 91' lang='lat' dir='ltr'><strong>mortalium</strong></span> 
     </span>
    </p>
   </div>
   <div class='ocr_carea' id='block_1_72' title="bbox 378 4077 1960 4149">
    <p class='ocr_par' dir='ltr' id='par_1_72' title="bbox 378 4077 1960 4149">
     <span class='ocr_line' id='line_1_72' title="bbox 378 4077 1960 4149; baseline 0.005 -18"><span class='ocrx_word' id='word_1_508' title='bbox 378 4077 563 4146; x_wconf 85' lang='lat' dir='ltr'><strong>lingua</strong></span> <span class='ocrx_word' id='word_1_509' title='bbox 593 4078 755 4148; x_wconf 90' lang='lat' dir='ltr'><strong>digne</strong></span> <span class='ocrx_word' id='word_1_510' title='bbox 802 4081 976 4149; x_wconf 89' lang='lat' dir='ltr'><strong>possit</strong></span> <span class='ocrx_word' id='word_1_511' title='bbox 1020 4081 1194 4136; x_wconf 81' lang='lat' dir='ltr'><strong>ell’ari.</strong></span> <span class='ocrx_word' id='word_1_512' title='bbox 1239 4080 1500 4138; x_wconf 87' lang='lat' dir='ltr'><strong>Vincebat</strong></span> <span class='ocrx_word' id='word_1_513' title='bbox 1549 4082 1695 4137; x_wconf 89' lang='lat' dir='ltr'><strong>enim</strong></span> <span class='ocrx_word' id='word_1_514' title='bbox 1742 4099 1960 4139; x_wconf 87' lang='lat' dir='ltr'><strong>omnem</strong></span> 
     </span>
    </p>
   </div>
   <div class='ocr_carea' id='block_1_73' title="bbox 377 4168 1964 4245">
    <p class='ocr_par' dir='ltr' id='par_1_73' title="bbox 377 4168 1964 4245">
     <span class='ocr_line' id='line_1_73' title="bbox 377 4168 1964 4245; baseline 0.004 -21"><span class='ocrx_word' id='word_1_515' title='bbox 377 4168 674 4225; x_wconf 84' lang='lat' dir='ltr'><strong>candorem</strong></span> <span class='ocrx_word' id='word_1_516' title='bbox 709 4170 871 4233; x_wconf 86' lang='lat' dir='ltr'><strong>nivis,</strong></span> <span class='ocrx_word' id='word_1_517' title='bbox 900 4179 956 4226; x_wconf 89' lang='lat' dir='ltr'><strong>et</strong></span> <span class='ocrx_word' id='word_1_518' title='bbox 981 4171 1226 4229; x_wconf 84' lang='lat' dir='ltr'><strong>universi</strong></span> <span class='ocrx_word' id='word_1_519' title='bbox 1259 4173 1497 4240; x_wconf 87' lang='lat' dir='ltr'><strong>metalli,</strong></span> <span class='ocrx_word' id='word_1_520' title='bbox 1539 4181 1595 4229; x_wconf 90' lang='lat' dir='ltr'><strong>et</strong></span> <span class='ocrx_word' id='word_1_521' title='bbox 1617 4174 1830 4245; x_wconf 82' lang='lat' dir='ltr'><strong>argenti</strong></span> <span class='ocrx_word' id='word_1_522' title='bbox 1874 4191 1964 4230; x_wconf 89' lang='lat' dir='ltr'><strong>ra-</strong></span> 
     </span>
    </p>
   </div>
   <div class='ocr_carea' id='block_1_74' title="bbox 375 4258 1119 4331">
    <p class='ocr_par' dir='ltr' id='par_1_74' title="bbox 375 4258 1119 4331">
     <span class='ocr_line' id='line_1_74' title="bbox 375 4258 1119 4331; baseline 0.005 -18"><span class='ocrx_word' id='word_1_523' title='bbox 375 4258 580 4317; x_wconf 82' lang='lat' dir='ltr'><strong>diantis</strong></span> <span class='ocrx_word' id='word_1_524' title='bbox 621 4276 816 4331; x_wconf 90' lang='lat' dir='ltr'><strong>magna</strong></span> <span class='ocrx_word' id='word_1_525' title='bbox 850 4261 1119 4317; x_wconf 88' lang='lat' dir='ltr'><strong>claritate.</strong></span> 
     </span>
    </p>
   </div>
   <div class='ocr_carea' id='block_1_75' title="bbox 985 4390 1342 4455">
    <p class='ocr_par' dir='ltr' id='par_1_75' title="bbox 985 4390 1342 4455">
     <span class='ocr_line' id='line_1_75' title="bbox 985 4390 1342 4455; baseline 0 0"><span class='ocrx_word' id='word_1_526' title='bbox 985 4398 1215 4455; x_wconf 86' lang='lat' dir='ltr'><strong>CAPUT</strong></span> <span class='ocrx_word' id='word_1_527' title='bbox 1251 4390 1342 4455; x_wconf 74' lang='lat' dir='ltr'><strong>1X.</strong></span> 
     </span>
    </p>
   </div>
   <div class='ocr_carea' id='block_1_76' title="bbox 446 4483 2035 4595">
    <p class='ocr_par' dir='ltr' id='par_1_76' title="bbox 446 4483 2035 4595">
     <span class='ocr_line' id='line_1_76' title="bbox 446 4483 2035 4595; baseline 0.002 -30"><span class='ocrx_word' id='word_1_528' title='bbox 446 4511 600 4568; x_wconf 90' lang='lat' dir='ltr'><strong>Tunc</strong></span> <span class='ocrx_word' id='word_1_529' title='bbox 631 4510 883 4585; x_wconf 82' lang='lat' dir='ltr'><strong>Salvator</strong></span> <span class='ocrx_word' id='word_1_530' title='bbox 912 4514 1129 4571; x_wconf 90' lang='lat' dir='ltr'><strong>locutus</strong></span> <span class='ocrx_word' id='word_1_531' title='bbox 1160 4520 1264 4580; x_wconf 90' lang='lat' dir='ltr'><strong>est,</strong></span> <span class='ocrx_word' id='word_1_532' title='bbox 1294 4512 1516 4569; x_wconf 91' lang='lat' dir='ltr'><strong>dicens:</strong></span> <span class='ocrx_word' id='word_1_533' title='bbox 1549 4483 1743 4595; x_wconf 78' lang='lat' dir='ltr'><strong>Surge,</strong></span> <span class='ocrx_word' id='word_1_534' title='bbox 1773 4511 1953 4578; x_wconf 87' lang='lat' dir='ltr'><strong>Petre,</strong></span> <span class='ocrx_word' id='word_1_535' title='bbox 1990 4488 2035 4543; x_wconf 64' lang='grc' dir='ltr'><strong>Β</strong></span> 
     </span>
    </p>
   </div>
   <div class='ocr_carea' id='block_1_77' title="bbox 373 4605 1959 4677">
    <p class='ocr_par' dir='ltr' id='par_1_77' title="bbox 373 4605 1959 4677">
     <span class='ocr_line' id='line_1_77' title="bbox 373 4605 1959 4677; baseline 0.003 -19"><span class='ocrx_word' id='word_1_536' title='bbox 373 4612 431 4658; x_wconf 91' lang='lat' dir='ltr'><strong>tu</strong></span> <span class='ocrx_word' id='word_1_537' title='bbox 456 4615 510 4660; x_wconf 91' lang='lat' dir='ltr'><strong>ct</strong></span> <span class='ocrx_word' id='word_1_538' title='bbox 532 4605 729 4675; x_wconf 90' lang='lat' dir='ltr'><strong>reliqui</strong></span> <span class='ocrx_word' id='word_1_539' title='bbox 756 4606 1016 4675; x_wconf 88' lang='lat' dir='ltr'><strong>apostoli,</strong></span> <span class='ocrx_word' id='word_1_540' title='bbox 1051 4617 1106 4662; x_wconf 93' lang='lat' dir='ltr'><strong>et</strong></span> <span class='ocrx_word' id='word_1_541' title='bbox 1135 4622 1339 4677; x_wconf 92' lang='lat' dir='ltr'><strong>corpus</strong></span> <span class='ocrx_word' id='word_1_542' title='bbox 1370 4606 1557 4661; x_wconf 65' lang='lat' dir='ltr'><strong>Mariae</strong></span> <span class='ocrx_word' id='word_1_543' title='bbox 1583 4606 1795 4662; x_wconf 70' lang='lat' dir='ltr'><strong>dilectae</strong></span> <span class='ocrx_word' id='word_1_544' title='bbox 1824 4620 1959 4662; x_wconf 84' lang='lat' dir='ltr'><strong>meae</strong></span> 
     </span>
    </p>
   </div>
   <div class='ocr_carea' id='block_1_78' title="bbox 372 4697 2000 4783">
    <p class='ocr_par' dir='ltr' id='par_1_78' title="bbox 372 4697 2000 4783">
     <span class='ocr_line' id='line_1_78' title="bbox 372 4697 2000 4783; baseline 0.003 -34"><span class='ocrx_word' id='word_1_545' title='bbox 372 4697 625 4766; x_wconf 87' lang='lat' dir='ltr'><strong>accipite,</strong></span> <span class='ocrx_word' id='word_1_546' title='bbox 670 4706 725 4753; x_wconf 82' lang='lat' dir='ltr'><strong>et</strong></span> <span class='ocrx_word' id='word_1_547' title='bbox 761 4697 967 4754; x_wconf 84' lang='lat' dir='ltr'><strong>deferte</strong></span> <span class='ocrx_word' id='word_1_548' title='bbox 997 4699 1132 4757; x_wconf 92' lang='lat' dir='ltr'><strong>illud</strong></span> <span class='ocrx_word' id='word_1_549' title='bbox 1165 4699 1219 4754; x_wconf 91' lang='lat' dir='ltr'><strong>in</strong></span> <span class='ocrx_word' id='word_1_550' title='bbox 1266 4700 1552 4757; x_wconf 85' lang='lat' dir='ltr'><strong>dexteram</strong></span> <span class='ocrx_word' id='word_1_551' title='bbox 1586 4708 1794 4783; x_wconf 79' lang='lat' dir='ltr'><strong>partem</strong></span> <span class='ocrx_word' id='word_1_552' title='bbox 1823 4699 1959 4755; x_wconf 84' lang='lat' dir='ltr'><strong>civi-</strong></span> <span class='ocrx_word' id='word_1_553' title='bbox 1995 4754 2000 4760; x_wconf 79' lang='grc'><em>,</em></span> 
     </span>
    </p>
   </div>
   <div class='ocr_carea' id='block_1_79' title="bbox 369 4791 1959 4859">
    <p class='ocr_par' dir='ltr' id='par_1_79' title="bbox 369 4791 1959 4859">
     <span class='ocr_line' id='line_1_79' title="bbox 369 4791 1959 4859; baseline 0.001 -15"><span class='ocrx_word' id='word_1_554' title='bbox 369 4791 499 4846; x_wconf 87' lang='lat' dir='ltr'><strong>tatis</strong></span> <span class='ocrx_word' id='word_1_555' title='bbox 529 4791 598 4849; x_wconf 90' lang='lat' dir='ltr'><strong>ad</strong></span> <span class='ocrx_word' id='word_1_556' title='bbox 627 4791 890 4846; x_wconf 88' lang='lat' dir='ltr'><strong>orientem</strong></span> <span class='ocrx_word' id='word_1_557' title='bbox 912 4835 928 4859; x_wconf 94' lang='lat'><strong>,</strong></span> <span class='ocrx_word' id='word_1_558' title='bbox 960 4801 1021 4847; x_wconf 85' lang='lat' dir='ltr'><strong>et</strong></span> <span class='ocrx_word' id='word_1_559' title='bbox 1069 4792 1360 4848; x_wconf 81' lang='lat' dir='ltr'><strong>invenietis</strong></span> <span class='ocrx_word' id='word_1_560' title='bbox 1399 4798 1817 4847; x_wconf 89' lang='lat' dir='ltr'><strong>monumentum</strong></span> <span class='ocrx_word' id='word_1_561' title='bbox 1859 4806 1959 4846; x_wconf 89' lang='lat' dir='ltr'><strong>no-</strong></span> 
     </span>
    </p>
   </div>
   <div class='ocr_carea' id='block_1_80' title="bbox 370 4876 1953 4947">
    <p class='ocr_par' dir='ltr' id='par_1_80' title="bbox 370 4876 1953 4947">
     <span class='ocr_line' id='line_1_80' title="bbox 370 4876 1953 4947; baseline -0.001 -17"><span class='ocrx_word' id='word_1_562' title='bbox 370 4894 524 4944; x_wconf 91' lang='lat' dir='ltr'><strong>vum,</strong></span> <span class='ocrx_word' id='word_1_563' title='bbox 547 4877 601 4934; x_wconf 92' lang='lat' dir='ltr'><strong>in</strong></span> <span class='ocrx_word' id='word_1_564' title='bbox 624 4892 735 4947; x_wconf 89' lang='lat' dir='ltr'><strong>quo</strong></span> <span class='ocrx_word' id='word_1_565' title='bbox 756 4886 1021 4947; x_wconf 86' lang='lat' dir='ltr'><strong>ponentes</strong></span> <span class='ocrx_word' id='word_1_566' title='bbox 1039 4893 1181 4943; x_wconf 90' lang='lat' dir='ltr'><strong>eam,</strong></span> <span class='ocrx_word' id='word_1_567' title='bbox 1205 4886 1516 4947; x_wconf 88' lang='lat' dir='ltr'><strong>exspectate</strong></span> <span class='ocrx_word' id='word_1_568' title='bbox 1539 4878 1716 4933; x_wconf 89' lang='lat' dir='ltr'><strong>donec</strong></span> <span class='ocrx_word' id='word_1_569' title='bbox 1740 4876 1953 4932; x_wconf 89' lang='lat' dir='ltr'><strong>veniam</strong></span> 
     </span>
    </p>
   </div>
   <div class='ocr_carea' id='block_1_81' title="bbox 369 4968 1955 5027">
    <p class='ocr_par' dir='ltr' id='par_1_81' title="bbox 369 4968 1955 5027">
     <span class='ocr_line' id='line_1_81' title="bbox 369 4968 1955 5027; baseline -0.004 0"><span class='ocrx_word' id='word_1_570' title='bbox 369 4970 436 5027; x_wconf 83' lang='lat' dir='ltr'><strong>ad</strong></span> <span class='ocrx_word' id='word_1_571' title='bbox 471 4985 590 5026; x_wconf 90' lang='lat' dir='ltr'><strong>vos.</strong></span> <span class='ocrx_word' id='word_1_572' title='bbox 642 4968 711 5024; x_wconf 90' lang='lat' dir='ltr'><strong>Et</strong></span> <span class='ocrx_word' id='word_1_573' title='bbox 752 4969 869 5025; x_wconf 64' lang='lat' dir='ltr'><strong>haec</strong></span> <span class='ocrx_word' id='word_1_574' title='bbox 909 4969 1098 5025; x_wconf 90' lang='lat' dir='ltr'><strong>dicens</strong></span> <span class='ocrx_word' id='word_1_575' title='bbox 1140 4969 1404 5026; x_wconf 90' lang='lat' dir='ltr'><strong>Dominus</strong></span> <span class='ocrx_word' id='word_1_576' title='bbox 1450 4969 1673 5027; x_wconf 89' lang='lat' dir='ltr'><strong>tradidit</strong></span> <span class='ocrx_word' id='word_1_577' title='bbox 1713 4968 1955 5023; x_wconf 90' lang='lat' dir='ltr'><strong>animam</strong></span> 
     </span>
    </p>
   </div>
   <div class='ocr_carea' id='block_1_82' title="bbox 367 5060 1955 5135">
    <p class='ocr_par' dir='ltr' id='par_1_82' title="bbox 367 5060 1955 5135">
     <span class='ocr_line' id='line_1_82' title="bbox 367 5060 1955 5135; baseline -0.002 -17"><span class='ocrx_word' id='word_1_578' title='bbox 367 5071 576 5119; x_wconf 77' lang='lat' dir='ltr'><strong>sanctae</strong></span> <span class='ocrx_word' id='word_1_579' title='bbox 605 5063 801 5121; x_wconf 90' lang='lat' dir='ltr'><strong>matris</strong></span> <span class='ocrx_word' id='word_1_580' title='bbox 853 5071 1053 5117; x_wconf 77' lang='lat' dir='ltr'><strong>nostra:</strong></span> <span class='ocrx_word' id='word_1_581' title='bbox 1093 5060 1308 5135; x_wconf 80' lang='lat' dir='ltr'><strong>Mariae,</strong></span> <span class='ocrx_word' id='word_1_582' title='bbox 1338 5060 1590 5132; x_wconf 81' lang='lat' dir='ltr'><strong>Michaeli</strong></span> <span class='ocrx_word' id='word_1_583' title='bbox 1625 5060 1955 5135; x_wconf 87' lang='lat' dir='ltr'><strong>archangelo</strong></span> 
     </span>
    </p>
   </div>
   <div class='ocr_carea' id='block_1_83' title="bbox 368 5148 1955 5227">
    <p class='ocr_par' dir='ltr' id='par_1_83' title="bbox 368 5148 1955 5227">
     <span class='ocr_line' id='line_1_83' title="bbox 368 5148 1955 5227; baseline -0.001 -19"><span class='ocrx_word' id='word_1_584' title='bbox 368 5171 493 5222; x_wconf 87' lang='lat' dir='ltr'><strong>stto,</strong></span> <span class='ocrx_word' id='word_1_585' title='bbox 521 5172 617 5227; x_wconf 85' lang='lat' dir='ltr'><strong>qut</strong></span> <span class='ocrx_word' id='word_1_586' title='bbox 644 5166 729 5213; x_wconf 91' lang='lat' dir='ltr'><strong>est</strong></span> <span class='ocrx_word' id='word_1_587' title='bbox 760 5148 1087 5226; x_wconf 80' lang='lat' dir='ltr'><strong>praepositus</strong></span> <span class='ocrx_word' id='word_1_588' title='bbox 1119 5153 1382 5224; x_wconf 84' lang='lat' dir='ltr'><strong>paradisi,</strong></span> <span class='ocrx_word' id='word_1_589' title='bbox 1412 5159 1467 5208; x_wconf 90' lang='lat' dir='ltr'><strong>et</strong></span> <span class='ocrx_word' id='word_1_590' title='bbox 1491 5154 1744 5223; x_wconf 83' lang='lat' dir='ltr'><strong>princeps</strong></span> <span class='ocrx_word' id='word_1_591' title='bbox 1775 5151 1955 5223; x_wconf 89' lang='lat' dir='ltr'><strong>gentis</strong></span> 
     </span>
    </p>
   </div>
   <div class='ocr_carea' id='block_1_84' title="bbox 369 5232 1951 5333">
    <p class='ocr_par' dir='ltr' id='par_1_84' title="bbox 369 5232 1951 5333">
     <span class='ocr_line' id='line_1_84' title="bbox 369 5232 1951 5333; baseline -0.002 -32"><span class='ocrx_word' id='word_1_592' title='bbox 369 5247 755 5303; x_wconf 77' lang='lat' dir='ltr'><strong>llebrzeorum:</strong></span> <span class='ocrx_word' id='word_1_593' title='bbox 787 5257 842 5304; x_wconf 90' lang='lat' dir='ltr'><strong>et</strong></span> <span class='ocrx_word' id='word_1_594' title='bbox 889 5246 1109 5303; x_wconf 89' lang='lat' dir='ltr'><strong>Gabriel</strong></span> <span class='ocrx_word' id='word_1_595' title='bbox 1140 5246 1660 5333; x_wconf 73' lang='lat' dir='ltr'><strong>archangelusibat</strong></span> <span class='ocrx_word' id='word_1_596' title='bbox 1700 5260 1824 5300; x_wconf 90' lang='lat' dir='ltr'><strong>cum</strong></span> <span class='ocrx_word' id='word_1_597' title='bbox 1864 5259 1951 5299; x_wconf 91' lang='lat' dir='ltr'><strong>ea.</strong></span> 
     </span>
    </p>
   </div>
   <div class='ocr_carea' id='block_1_85' title="bbox 368 5339 1951 5411">
    <p class='ocr_par' dir='ltr' id='par_1_85' title="bbox 368 5339 1951 5411">
     <span class='ocr_line' id='line_1_85' title="bbox 368 5339 1951 5411; baseline -0.001 -16"><span class='ocrx_word' id='word_1_598' title='bbox 368 5341 638 5399; x_wconf 87' lang='lat' dir='ltr'><strong>Dominus</strong></span> <span class='ocrx_word' id='word_1_599' title='bbox 673 5351 856 5397; x_wconf 90' lang='lat' dir='ltr'><strong>autem</strong></span> <span class='ocrx_word' id='word_1_600' title='bbox 893 5340 1146 5398; x_wconf 89' lang='lat' dir='ltr'><strong>Salvator</strong></span> <span class='ocrx_word' id='word_1_601' title='bbox 1184 5350 1373 5396; x_wconf 90' lang='lat' dir='ltr'><strong>noster</strong></span> <span class='ocrx_word' id='word_1_602' title='bbox 1416 5339 1610 5411; x_wconf 89' lang='lat' dir='ltr'><strong>statim</strong></span> <span class='ocrx_word' id='word_1_603' title='bbox 1654 5340 1710 5395; x_wconf 91' lang='lat' dir='ltr'><strong>in</strong></span> <span class='ocrx_word' id='word_1_604' title='bbox 1750 5341 1951 5399; x_wconf 71' lang='lat' dir='ltr'><strong>crelutn</strong></span> 
     </span>
    </p>
   </div>
   <div class='ocr_carea' id='block_1_86' title="bbox 365 5434 1133 5506">
    <p class='ocr_par' dir='ltr' id='par_1_86' title="bbox 365 5434 1133 5506">
     <span class='ocr_line' id='line_1_86' title="bbox 365 5434 1133 5506; baseline -0.004 -16"><span class='ocrx_word' id='word_1_605' title='bbox 365 5451 489 5490; x_wconf 87' lang='lat' dir='ltr'><strong>cum</strong></span> <span class='ocrx_word' id='word_1_606' title='bbox 517 5434 726 5506; x_wconf 84' lang='lat' dir='ltr'><strong>angelis</strong></span> <span class='ocrx_word' id='word_1_607' title='bbox 752 5444 1000 5505; x_wconf 91' lang='lat' dir='ltr'><strong>receptus</strong></span> <span class='ocrx_word' id='word_1_608' title='bbox 1031 5441 1133 5490; x_wconf 92' lang='lat' dir='ltr'><strong>est.</strong></span> 
     </span>
    </p>
   </div>
   <div class='ocr_carea' id='block_1_87' title="bbox 990 5556 1327 5623">
    <p class='ocr_par' dir='ltr' id='par_1_87' title="bbox 990 5556 1327 5623">
     <span class='ocr_line' id='line_1_87' title="bbox 990 5556 1327 5623; baseline -0.009 0"><span class='ocrx_word' id='word_1_609' title='bbox 990 5556 1221 5623; x_wconf 79' lang='lat' dir='ltr'><strong>CAPUT</strong></span> <span class='ocrx_word' id='word_1_610' title='bbox 1260 5566 1327 5620; x_wconf 78' lang='grc' dir='ltr'><strong>Χ.</strong></span> 
     </span>
    </p>
   </div>
   <div class='ocr_carea' id='block_1_88' title="bbox 435 5656 1989 5732">
    <p class='ocr_par' dir='ltr' id='par_1_88' title="bbox 435 5656 1989 5732">
     <span class='ocr_line' id='line_1_88' title="bbox 435 5656 1989 5732; baseline 0.005 -19"><span class='ocrx_word' id='word_1_611' title='bbox 435 5658 570 5713; x_wconf 83' lang='lat' dir='ltr'><strong>Tres</strong></span> <span class='ocrx_word' id='word_1_612' title='bbox 601 5669 783 5717; x_wconf 90' lang='lat' dir='ltr'><strong>autem</strong></span> <span class='ocrx_word' id='word_1_613' title='bbox 808 5656 1056 5732; x_wconf 21' lang='lat' dir='ltr'><strong>‘virgines</strong></span> <span class='ocrx_word' id='word_1_614' title='bbox 1093 5676 1216 5731; x_wconf 78' lang='lat' dir='ltr'><strong>qua:</strong></span> <span class='ocrx_word' id='word_1_615' title='bbox 1249 5661 1447 5716; x_wconf 90' lang='lat' dir='ltr'><strong>ibidem</strong></span> <span class='ocrx_word' id='word_1_616' title='bbox 1481 5672 1668 5729; x_wconf 88' lang='lat' dir='ltr'><strong>crant,</strong></span> <span class='ocrx_word' id='word_1_617' title='bbox 1714 5670 1769 5717; x_wconf 90' lang='lat' dir='ltr'><strong>et</strong></span> <span class='ocrx_word' id='word_1_618' title='bbox 1807 5660 1947 5731; x_wconf 86' lang='lat' dir='ltr'><strong>vigi-</strong></span> <span class='ocrx_word' id='word_1_619' title='bbox 1986 5718 1989 5721; x_wconf 89' lang='lat'><strong>.</strong></span> 
     </span>
    </p>
   </div>
   <div class='ocr_carea' id='block_1_89' title="bbox 366 5751 1946 5825">
    <p class='ocr_par' dir='ltr' id='par_1_89' title="bbox 366 5751 1946 5825">
     <span class='ocr_line' id='line_1_89' title="bbox 366 5751 1946 5825; baseline -0.001 -16"><span class='ocrx_word' id='word_1_620' title='bbox 366 5752 588 5818; x_wconf 84' lang='lat' dir='ltr'><strong>labant;</strong></span> <span class='ocrx_word' id='word_1_621' title='bbox 651 5762 1009 5825; x_wconf 87' lang='lat' dir='ltr'><strong>susceperunt</strong></span> <span class='ocrx_word' id='word_1_622' title='bbox 1058 5767 1259 5822; x_wconf 86' lang='lat' dir='ltr'><strong>corpus</strong></span> <span class='ocrx_word' id='word_1_623' title='bbox 1307 5751 1646 5810; x_wconf 79' lang='lat' dir='ltr'><strong>beatissima:</strong></span> <span class='ocrx_word' id='word_1_624' title='bbox 1708 5753 1946 5824; x_wconf 85' lang='lat' dir='ltr'><strong>parentis</strong></span> 
     </span>
    </p>
   </div>
   <div class='ocr_carea' id='block_1_90' title="bbox 2069 3238 3659 3311">
    <p class='ocr_par' dir='ltr' id='par_1_90' title="bbox 2069 3238 3659 3311">
     <span class='ocr_line' id='line_1_90' title="bbox 2069 3238 3659 3311; baseline -0.001 -17"><span class='ocrx_word' id='word_1_625' title='bbox 2069 3254 2136 3294; x_wconf 87' lang='lat' dir='ltr'><strong>eo</strong></span> <span class='ocrx_word' id='word_1_626' title='bbox 2176 3238 2398 3307; x_wconf 86' lang='lat' dir='ltr'><strong>Paulus,</strong></span> <span class='ocrx_word' id='word_1_627' title='bbox 2443 3254 2662 3294; x_wconf 88' lang='lat' dir='ltr'><strong>sacrum</strong></span> <span class='ocrx_word' id='word_1_628' title='bbox 2710 3240 2881 3295; x_wconf 73' lang='lat' dir='ltr'><strong>beata:</strong></span> <span class='ocrx_word' id='word_1_629' title='bbox 2934 3253 3153 3308; x_wconf 88' lang='lat' dir='ltr'><strong>semper</strong></span> <span class='ocrx_word' id='word_1_630' title='bbox 3184 3241 3445 3311; x_wconf 88' lang='lat' dir='ltr'><strong>virginis</strong></span> <span class='ocrx_word' id='word_1_631' title='bbox 3500 3240 3659 3294; x_wconf 69' lang='lat' dir='ltr'><strong>Mariae</strong></span> 
     </span>
    </p>
   </div>
   <div class='ocr_carea' id='block_1_91' title="bbox 2069 3327 3659 3401">
    <p class='ocr_par' dir='ltr' id='par_1_91' title="bbox 2069 3327 3659 3401">
     <span class='ocr_line' id='line_1_91' title="bbox 2069 3327 3659 3401; baseline 0.001 -17"><span class='ocrx_word' id='word_1_632' title='bbox 2069 3344 2296 3399; x_wconf 78' lang='lat' dir='ltr'><strong>corpus,</strong></span> <span class='ocrx_word' id='word_1_633' title='bbox 2343 3338 2398 3384; x_wconf 89' lang='lat' dir='ltr'><strong>et</strong></span> <span class='ocrx_word' id='word_1_634' title='bbox 2442 3328 2684 3385; x_wconf 81' lang='lat' dir='ltr'><strong>Joannes</strong></span> <span class='ocrx_word' id='word_1_635' title='bbox 2713 3337 2839 3384; x_wconf 88' lang='lat' dir='ltr'><strong>ante</strong></span> <span class='ocrx_word' id='word_1_636' title='bbox 2868 3327 3130 3401; x_wconf 77' lang='lat' dir='ltr'><strong>feretrum</strong></span> <span class='ocrx_word' id='word_1_637' title='bbox 3163 3328 3515 3398; x_wconf 59' lang='lat' dir='ltr'><strong>praeferebat</strong></span> <span class='ocrx_word' id='word_1_638' title='bbox 3560 3334 3659 3399; x_wconf 75' lang='lat' dir='ltr'><strong>pal-</strong></span> 
     </span>
    </p>
   </div>
   <div class='ocr_carea' id='block_1_92' title="bbox 2069 3420 3661 3490">
    <p class='ocr_par' dir='ltr' id='par_1_92' title="bbox 2069 3420 3661 3490">
     <span class='ocr_line' id='line_1_92' title="bbox 2069 3420 3661 3490; baseline -0.001 -13"><span class='ocrx_word' id='word_1_639' title='bbox 2069 3436 2216 3481; x_wconf 84' lang='lat' dir='ltr'><strong>tnatu</strong></span> <span class='ocrx_word' id='word_1_640' title='bbox 2255 3420 2504 3478; x_wconf 88' lang='lat' dir='ltr'><strong>luminis.</strong></span> <span class='ocrx_word' id='word_1_641' title='bbox 2540 3420 2738 3477; x_wconf 74' lang='lat' dir='ltr'><strong>Caiteri</strong></span> <span class='ocrx_word' id='word_1_642' title='bbox 2766 3436 2896 3475; x_wconf 91' lang='lat' dir='ltr'><strong>vero</strong></span> <span class='ocrx_word' id='word_1_643' title='bbox 2922 3421 3161 3490; x_wconf 89' lang='lat' dir='ltr'><strong>apostoli</strong></span> <span class='ocrx_word' id='word_1_644' title='bbox 3187 3422 3519 3490; x_wconf 86' lang='lat' dir='ltr'><strong>psallebant</strong></span> <span class='ocrx_word' id='word_1_645' title='bbox 3547 3437 3661 3477; x_wconf 67' lang='lat' dir='ltr'><strong>voce</strong></span> 
     </span>
    </p>
   </div>
   <div class='ocr_carea' id='block_1_93' title="bbox 2070 3514 2418 3571">
    <p class='ocr_par' dir='ltr' id='par_1_93' title="bbox 2070 3514 2418 3571">
     <span class='ocr_line' id='line_1_93' title="bbox 2070 3514 2418 3571; baseline -0.006 -2"><span class='ocrx_word' id='word_1_646' title='bbox 2070 3514 2418 3571; x_wconf 82' lang='lat' dir='ltr'><strong>suavissima.</strong></span> 
     </span>
    </p>
   </div>
   <div class='ocr_carea' id='block_1_94' title="bbox 2654 3621 3044 3679">
    <p class='ocr_par' dir='ltr' id='par_1_94' title="bbox 2654 3621 3044 3679">
     <span class='ocr_line' id='line_1_94' title="bbox 2654 3621 3044 3679; baseline 0 0"><span class='ocrx_word' id='word_1_647' title='bbox 2654 3622 2889 3679; x_wconf 78' lang='lat' dir='ltr'><strong>CAPUT</strong></span> <span class='ocrx_word' id='word_1_648' title='bbox 2927 3621 3044 3679; x_wconf 80' lang='lat' dir='ltr'><strong>Xll.</strong></span> 
     </span>
    </p>
   </div>
   <div class='ocr_carea' id='block_1_95' title="bbox 2137 3712 3661 3784">
    <p class='ocr_par' dir='ltr' id='par_1_95' title="bbox 2137 3712 3661 3784">
     <span class='ocr_line' id='line_1_95' title="bbox 2137 3712 3661 3784; baseline -0.002 -17"><span class='ocrx_word' id='word_1_649' title='bbox 2137 3714 2204 3769; x_wconf 87' lang='lat' dir='ltr'><strong>Et</strong></span> <span class='ocrx_word' id='word_1_650' title='bbox 2239 3728 2367 3770; x_wconf 88' lang='lat' dir='ltr'><strong>ecce</strong></span> <span class='ocrx_word' id='word_1_651' title='bbox 2397 3728 2599 3768; x_wconf 92' lang='lat' dir='ltr'><strong>novum</strong></span> <span class='ocrx_word' id='word_1_652' title='bbox 2637 3713 2841 3769; x_wconf 89' lang='lat' dir='ltr'><strong>factum</strong></span> <span class='ocrx_word' id='word_1_653' title='bbox 2876 3722 2960 3769; x_wconf 91' lang='lat' dir='ltr'><strong>est</strong></span> <span class='ocrx_word' id='word_1_654' title='bbox 2991 3714 3356 3769; x_wconf 85' lang='lat' dir='ltr'><strong>miraculum.</strong></span> <span class='ocrx_word' id='word_1_655' title='bbox 3402 3712 3661 3784; x_wconf 73' lang='lat' dir='ltr'><strong>Apparuit</strong></span> 
     </span>
    </p>
   </div>
   <div class='ocr_carea' id='block_1_96' title="bbox 2067 3805 3660 3877">
    <p class='ocr_par' dir='ltr' id='par_1_96' title="bbox 2067 3805 3660 3877">
     <span class='ocr_line' id='line_1_96' title="bbox 2067 3805 3660 3877; baseline -0.003 -14"><span class='ocrx_word' id='word_1_656' title='bbox 2067 3809 2215 3863; x_wconf 89' lang='lat' dir='ltr'><strong>enim</strong></span> <span class='ocrx_word' id='word_1_657' title='bbox 2257 3822 2463 3863; x_wconf 85' lang='lat' dir='ltr'><strong>corona</strong></span> <span class='ocrx_word' id='word_1_658' title='bbox 2506 3807 2670 3863; x_wconf 90' lang='lat' dir='ltr'><strong>nubis</strong></span> <span class='ocrx_word' id='word_1_659' title='bbox 2709 3822 2873 3877; x_wconf 86' lang='lat' dir='ltr'><strong>super</strong></span> <span class='ocrx_word' id='word_1_660' title='bbox 2920 3805 3184 3861; x_wconf 85' lang='lat' dir='ltr'><strong>feretrum</strong></span> <span class='ocrx_word' id='word_1_661' title='bbox 3227 3822 3442 3876; x_wconf 81' lang='lat' dir='ltr'><strong>magna</strong></span> <span class='ocrx_word' id='word_1_662' title='bbox 3487 3806 3660 3867; x_wconf 73' lang='lat' dir='ltr'><strong>valde,</strong></span> 
     </span>
    </p>
   </div>
   <div class='ocr_carea' id='block_1_97' title="bbox 2066 3895 3661 3971">
    <p class='ocr_par' dir='ltr' id='par_1_97' title="bbox 2066 3895 3661 3971">
     <span class='ocr_line' id='line_1_97' title="bbox 2066 3895 3661 3971; baseline -0.006 -14"><span class='ocrx_word' id='word_1_663' title='bbox 2066 3902 2208 3957; x_wconf 88' lang='lat' dir='ltr'><strong>sicut</strong></span> <span class='ocrx_word' id='word_1_664' title='bbox 2235 3916 2499 3971; x_wconf 86' lang='lat' dir='ltr'><strong>apparere</strong></span> <span class='ocrx_word' id='word_1_665' title='bbox 2542 3901 2683 3957; x_wconf 90' lang='lat' dir='ltr'><strong>solet</strong></span> <span class='ocrx_word' id='word_1_666' title='bbox 2727 3914 2958 3970; x_wconf 90' lang='lat' dir='ltr'><strong>magnus</strong></span> <span class='ocrx_word' id='word_1_667' title='bbox 2995 3895 3242 3954; x_wconf 89' lang='lat' dir='ltr'><strong>circulus</strong></span> <span class='ocrx_word' id='word_1_668' title='bbox 3284 3899 3455 3968; x_wconf 76' lang='lat' dir='ltr'><strong>juxta</strong></span> <span class='ocrx_word' id='word_1_669' title='bbox 3492 3898 3661 3967; x_wconf 74' lang='lat' dir='ltr'><strong>Splen-</strong></span> 
     </span>
    </p>
   </div>
   <div class='ocr_carea' id='block_1_98' title="bbox 2064 3990 3659 4063">
    <p class='ocr_par' dir='ltr' id='par_1_98' title="bbox 2064 3990 3659 4063">
     <span class='ocr_line' id='line_1_98' title="bbox 2064 3990 3659 4063; baseline -0.004 -15"><span class='ocrx_word' id='word_1_670' title='bbox 2064 3994 2255 4048; x_wconf 90' lang='lat' dir='ltr'><strong>dorem</strong></span> <span class='ocrx_word' id='word_1_671' title='bbox 2285 3992 2449 4047; x_wconf 68' lang='lat' dir='ltr'><strong>lunaa.</strong></span> <span class='ocrx_word' id='word_1_672' title='bbox 2489 3992 2557 4047; x_wconf 85' lang='lat' dir='ltr'><strong>Et</strong></span> <span class='ocrx_word' id='word_1_673' title='bbox 2591 3993 2910 4063; x_wconf 88' lang='lat' dir='ltr'><strong>angelorum</strong></span> <span class='ocrx_word' id='word_1_674' title='bbox 2950 3991 3229 4046; x_wconf 84' lang='lat' dir='ltr'><strong>exercitus</strong></span> <span class='ocrx_word' id='word_1_675' title='bbox 3258 3999 3385 4044; x_wconf 88' lang='lat' dir='ltr'><strong>erat</strong></span> <span class='ocrx_word' id='word_1_676' title='bbox 3422 3990 3481 4044; x_wconf 89' lang='lat' dir='ltr'><strong>in</strong></span> <span class='ocrx_word' id='word_1_677' title='bbox 3512 3990 3659 4043; x_wconf 72' lang='lat' dir='ltr'><strong>nubi-</strong></span> 
     </span>
    </p>
   </div>
   <div class='ocr_carea' id='block_1_99' title="bbox 2064 4082 3661 4150">
    <p class='ocr_par' dir='ltr' id='par_1_99' title="bbox 2064 4082 3661 4150">
     <span class='ocr_line' id='line_1_99' title="bbox 2064 4082 3661 4150; baseline -0.004 -10"><span class='ocrx_word' id='word_1_678' title='bbox 2064 4085 2191 4150; x_wconf 91' lang='lat' dir='ltr'><strong>bus,</strong></span> <span class='ocrx_word' id='word_1_679' title='bbox 2223 4085 2497 4141; x_wconf 86' lang='lat' dir='ltr'><strong>canticum</strong></span> <span class='ocrx_word' id='word_1_680' title='bbox 2532 4085 2818 4140; x_wconf 89' lang='lat' dir='ltr'><strong>suavitatis</strong></span> <span class='ocrx_word' id='word_1_681' title='bbox 2845 4084 3230 4148; x_wconf 89' lang='lat' dir='ltr'><strong>etnittentium,</strong></span> <span class='ocrx_word' id='word_1_682' title='bbox 3272 4093 3325 4136; x_wconf 90' lang='lat' dir='ltr'><strong>et</strong></span> <span class='ocrx_word' id='word_1_683' title='bbox 3369 4082 3661 4137; x_wconf 76' lang='lat' dir='ltr'><strong>resonabat</strong></span> 
     </span>
    </p>
   </div>
   <div class='ocr_carea' id='block_1_100' title="bbox 2065 4174 3659 4245">
    <p class='ocr_par' dir='ltr' id='par_1_100' title="bbox 2065 4174 3659 4245">
     <span class='ocr_line' id='line_1_100' title="bbox 2065 4174 3659 4245; baseline -0.003 -14"><span class='ocrx_word' id='word_1_684' title='bbox 2065 4188 2209 4232; x_wconf 89' lang='lat' dir='ltr'><strong>terra</strong></span> <span class='ocrx_word' id='word_1_685' title='bbox 2237 4178 2420 4233; x_wconf 86' lang='lat' dir='ltr'><strong>sonitu</strong></span> <span class='ocrx_word' id='word_1_686' title='bbox 2465 4176 2774 4233; x_wconf 89' lang='lat' dir='ltr'><strong>dulcedinis</strong></span> <span class='ocrx_word' id='word_1_687' title='bbox 2816 4191 3044 4245; x_wconf 68' lang='lat' dir='ltr'><strong>magnae.</strong></span> <span class='ocrx_word' id='word_1_688' title='bbox 3094 4174 3251 4228; x_wconf 90' lang='lat' dir='ltr'><strong>Tunc</strong></span> <span class='ocrx_word' id='word_1_689' title='bbox 3293 4189 3567 4243; x_wconf 82' lang='lat' dir='ltr'><strong>egressus</strong></span> <span class='ocrx_word' id='word_1_690' title='bbox 3602 4175 3659 4226; x_wconf 78' lang='lat' dir='ltr'><strong>de</strong></span> 
     </span>
    </p>
   </div>
   <div class='ocr_carea' id='block_1_101' title="bbox 2064 4266 3657 4340">
    <p class='ocr_par' dir='ltr' id='par_1_101' title="bbox 2064 4266 3657 4340">
     <span class='ocr_line' id='line_1_101' title="bbox 2064 4266 3657 4340; baseline -0.003 -14"><span class='ocrx_word' id='word_1_691' title='bbox 2064 4271 2284 4328; x_wconf 87' lang='lat' dir='ltr'><strong>civitate</strong></span> <span class='ocrx_word' id='word_1_692' title='bbox 2320 4269 2557 4340; x_wconf 92' lang='lat' dir='ltr'><strong>populus</strong></span> <span class='ocrx_word' id='word_1_693' title='bbox 2603 4269 2717 4324; x_wconf 84' lang='lat' dir='ltr'><strong>fere</strong></span> <span class='ocrx_word' id='word_1_694' title='bbox 2750 4267 3061 4338; x_wconf 87' lang='lat' dir='ltr'><strong>quindecim</strong></span> <span class='ocrx_word' id='word_1_695' title='bbox 3100 4266 3270 4321; x_wconf 81' lang='lat' dir='ltr'><strong>millia</strong></span> <span class='ocrx_word' id='word_1_696' title='bbox 3326 4266 3657 4321; x_wconf 71' lang='lat' dir='ltr'><strong>heminutn.</strong></span> 
     </span>
    </p>
   </div>
   <div class='ocr_carea' id='block_1_102' title="bbox 2063 4358 3657 4427">
    <p class='ocr_par' dir='ltr' id='par_1_102' title="bbox 2063 4358 3657 4427">
     <span class='ocr_line' id='line_1_102' title="bbox 2063 4358 3657 4427; baseline -0.004 -11"><span class='ocrx_word' id='word_1_697' title='bbox 2063 4362 2429 4427; x_wconf 87' lang='lat' dir='ltr'><strong>mirabantur,</strong></span> <span class='ocrx_word' id='word_1_698' title='bbox 2460 4360 2736 4419; x_wconf 90' lang='lat' dir='ltr'><strong>dicentes:</strong></span> <span class='ocrx_word' id='word_1_699' title='bbox 2782 4358 2917 4427; x_wconf 84' lang='lat' dir='ltr'><strong>Quis</strong></span> <span class='ocrx_word' id='word_1_700' title='bbox 2958 4368 3045 4415; x_wconf 90' lang='lat' dir='ltr'><strong>est</strong></span> <span class='ocrx_word' id='word_1_701' title='bbox 3084 4358 3300 4414; x_wconf 86' lang='lat' dir='ltr'><strong>sonitus</strong></span> <span class='ocrx_word' id='word_1_702' title='bbox 3327 4368 3511 4411; x_wconf 75' lang='lat' dir='ltr'><strong>tantae</strong></span> <span class='ocrx_word' id='word_1_703' title='bbox 3540 4372 3657 4409; x_wconf 75' lang='lat' dir='ltr'><strong>sua-</strong></span> 
     </span>
    </p>
   </div>
   <div class='ocr_carea' id='block_1_103' title="bbox 2063 4447 3657 4519">
    <p class='ocr_par' dir='ltr' id='par_1_103' title="bbox 2063 4447 3657 4519">
     <span class='ocr_line' id='line_1_103' title="bbox 2063 4447 3657 4519; baseline -0.004 -13"><span class='ocrx_word' id='word_1_704' title='bbox 2063 4450 2286 4507; x_wconf 84' lang='lat' dir='ltr'><strong>vitatis?</strong></span> <span class='ocrx_word' id='word_1_705' title='bbox 2315 4450 2471 4508; x_wconf 91' lang='lat' dir='ltr'><strong>Tunc</strong></span> <span class='ocrx_word' id='word_1_706' title='bbox 2507 4452 2657 4506; x_wconf 89' lang='lat' dir='ltr'><strong>stetit</strong></span> <span class='ocrx_word' id='word_1_707' title='bbox 2696 4457 2877 4514; x_wconf 86' lang='lat' dir='ltr'><strong>unus,</strong></span> <span class='ocrx_word' id='word_1_708' title='bbox 2913 4450 3007 4519; x_wconf 85' lang='lat' dir='ltr'><strong>qui</strong></span> <span class='ocrx_word' id='word_1_709' title='bbox 3049 4450 3251 4504; x_wconf 88' lang='lat' dir='ltr'><strong>diceret</strong></span> <span class='ocrx_word' id='word_1_710' title='bbox 3287 4448 3405 4502; x_wconf 88' lang='lat' dir='ltr'><strong>illis</strong></span> <span class='ocrx_word' id='word_1_711' title='bbox 3432 4468 3449 4502; x_wconf 90' lang='lat'><strong>:</strong></span> <span class='ocrx_word' id='word_1_712' title='bbox 3494 4447 3657 4501; x_wconf 68' lang='lat' dir='ltr'><strong>Maria</strong></span> 
     </span>
    </p>
   </div>
   <div class='ocr_carea' id='block_1_104' title="bbox 2063 4540 3653 4612">
    <p class='ocr_par' dir='ltr' id='par_1_104' title="bbox 2063 4540 3653 4612">
     <span class='ocr_line' id='line_1_104' title="bbox 2063 4540 3653 4612; baseline -0.002 -16"><span class='ocrx_word' id='word_1_713' title='bbox 2063 4542 2238 4599; x_wconf 84' lang='lat' dir='ltr'><strong>Mater</strong></span> <span class='ocrx_word' id='word_1_714' title='bbox 2255 4542 2387 4599; x_wconf 81' lang='lat' dir='ltr'><strong>Jesu</strong></span> <span class='ocrx_word' id='word_1_715' title='bbox 2417 4544 2551 4599; x_wconf 85' lang='lat' dir='ltr'><strong>exiit</strong></span> <span class='ocrx_word' id='word_1_716' title='bbox 2577 4545 2740 4598; x_wconf 91' lang='lat' dir='ltr'><strong>modo</strong></span> <span class='ocrx_word' id='word_1_717' title='bbox 2758 4544 2830 4598; x_wconf 92' lang='lat' dir='ltr'><strong>de</strong></span> <span class='ocrx_word' id='word_1_718' title='bbox 2864 4558 3112 4612; x_wconf 86' lang='lat' dir='ltr'><strong>corpore,</strong></span> <span class='ocrx_word' id='word_1_719' title='bbox 3148 4551 3201 4595; x_wconf 88' lang='lat' dir='ltr'><strong>et</strong></span> <span class='ocrx_word' id='word_1_720' title='bbox 3230 4541 3505 4609; x_wconf 82' lang='lat' dir='ltr'><strong>discipuli</strong></span> <span class='ocrx_word' id='word_1_721' title='bbox 3533 4540 3653 4595; x_wconf 76' lang='lat' dir='ltr'><strong>Iesu</strong></span> 
     </span>
    </p>
   </div>
   <div class='ocr_carea' id='block_1_105' title="bbox 2061 4628 3655 4703">
    <p class='ocr_par' dir='ltr' id='par_1_105' title="bbox 2061 4628 3655 4703">
     <span class='ocr_line' id='line_1_105' title="bbox 2061 4628 3655 4703; baseline -0.003 -13"><span class='ocrx_word' id='word_1_722' title='bbox 2061 4635 2208 4691; x_wconf 91' lang='lat' dir='ltr'><strong>circa</strong></span> <span class='ocrx_word' id='word_1_723' title='bbox 2246 4650 2368 4689; x_wconf 91' lang='lat' dir='ltr'><strong>eam</strong></span> <span class='ocrx_word' id='word_1_724' title='bbox 2417 4635 2606 4690; x_wconf 91' lang='lat' dir='ltr'><strong>laudes</strong></span> <span class='ocrx_word' id='word_1_725' title='bbox 2646 4628 2857 4701; x_wconf 87' lang='lat' dir='ltr'><strong>dicunt.</strong></span> <span class='ocrx_word' id='word_1_726' title='bbox 2888 4632 2956 4688; x_wconf 88' lang='lat' dir='ltr'><strong>Et</strong></span> <span class='ocrx_word' id='word_1_727' title='bbox 2995 4634 3347 4703; x_wconf 89' lang='lat' dir='ltr'><strong>respicientes</strong></span> <span class='ocrx_word' id='word_1_728' title='bbox 3401 4634 3655 4687; x_wconf 75' lang='lat' dir='ltr'><strong>viderunt</strong></span> 
     </span>
    </p>
   </div>
   <div class='ocr_carea' id='block_1_106' title="bbox 2060 4722 3653 4794">
    <p class='ocr_par' dir='ltr' id='par_1_106' title="bbox 2060 4722 3653 4794">
     <span class='ocr_line' id='line_1_106' title="bbox 2060 4722 3653 4794; baseline -0.004 -10"><span class='ocrx_word' id='word_1_729' title='bbox 2060 4738 2382 4785; x_wconf 86' lang='lat' dir='ltr'><strong>coronatum</strong></span> <span class='ocrx_word' id='word_1_730' title='bbox 2427 4726 2610 4780; x_wconf 88' lang='lat' dir='ltr'><strong>feretri</strong></span> <span class='ocrx_word' id='word_1_731' title='bbox 2652 4725 2909 4781; x_wconf 84' lang='lat' dir='ltr'><strong>lectulum</strong></span> <span class='ocrx_word' id='word_1_732' title='bbox 2946 4738 3146 4794; x_wconf 84' lang='lat' dir='ltr'><strong>magna</strong></span> <span class='ocrx_word' id='word_1_733' title='bbox 3189 4722 3389 4792; x_wconf 86' lang='lat' dir='ltr'><strong>gloria,</strong></span> <span class='ocrx_word' id='word_1_734' title='bbox 3436 4732 3494 4777; x_wconf 87' lang='lat' dir='ltr'><strong>et</strong></span> <span class='ocrx_word' id='word_1_735' title='bbox 3526 4739 3653 4792; x_wconf 66' lang='lat' dir='ltr'><strong>atu-</strong></span> 
     </span>
    </p>
   </div>
   <div class='ocr_carea' id='block_1_107' title="bbox 2060 4805 3651 4886">
    <p class='ocr_par' dir='ltr' id='par_1_107' title="bbox 2060 4805 3651 4886">
     <span class='ocr_line' id='line_1_107' title="bbox 2060 4805 3651 4886; baseline -0.008 -9"><span class='ocrx_word' id='word_1_736' title='bbox 2060 4822 2234 4877; x_wconf 88' lang='lat' dir='ltr'><strong>stolos</strong></span> <span class='ocrx_word' id='word_1_737' title='bbox 2265 4829 2558 4877; x_wconf 83' lang='lat' dir='ltr'><strong>cantantes</strong></span> <span class='ocrx_word' id='word_1_738' title='bbox 2591 4834 2722 4873; x_wconf 89' lang='lat' dir='ltr'><strong>voce</strong></span> <span class='ocrx_word' id='word_1_739' title='bbox 2751 4805 2966 4886; x_wconf 83' lang='lat' dir='ltr'><strong>magna.</strong></span> <span class='ocrx_word' id='word_1_740' title='bbox 3008 4815 3074 4869; x_wconf 89' lang='lat' dir='ltr'><strong>Et</strong></span> <span class='ocrx_word' id='word_1_741' title='bbox 3099 4831 3225 4877; x_wconf 88' lang='lat' dir='ltr'><strong>ecce</strong></span> <span class='ocrx_word' id='word_1_742' title='bbox 3256 4830 3404 4869; x_wconf 90' lang='lat' dir='ltr'><strong>unus</strong></span> <span class='ocrx_word' id='word_1_743' title='bbox 3430 4831 3503 4869; x_wconf 79' lang='lat' dir='ltr'><strong>ex</strong></span> <span class='ocrx_word' id='word_1_744' title='bbox 3532 4817 3651 4878; x_wconf 74' lang='lat' dir='ltr'><strong>illis,</strong></span> 
     </span>
    </p>
   </div>
   <div class='ocr_carea' id='block_1_108' title="bbox 2058 4906 3651 4984">
    <p class='ocr_par' dir='ltr' id='par_1_108' title="bbox 2058 4906 3651 4984">
     <span class='ocr_line' id='line_1_108' title="bbox 2058 4906 3651 4984; baseline -0.008 -14"><span class='ocrx_word' id='word_1_745' title='bbox 2058 4913 2153 4984; x_wconf 92' lang='lat' dir='ltr'><strong>qui</strong></span> <span class='ocrx_word' id='word_1_746' title='bbox 2183 4921 2302 4969; x_wconf 89' lang='lat' dir='ltr'><strong>erat</strong></span> <span class='ocrx_word' id='word_1_747' title='bbox 2336 4912 2591 4982; x_wconf 90' lang='lat' dir='ltr'><strong>princeps</strong></span> <span class='ocrx_word' id='word_1_748' title='bbox 2631 4910 2977 4967; x_wconf 86' lang='lat' dir='ltr'><strong>sacerdotum</strong></span> <span class='ocrx_word' id='word_1_749' title='bbox 3008 4906 3322 4962; x_wconf 70' lang='lat' dir='ltr'><strong>Iudaeorum</strong></span> <span class='ocrx_word' id='word_1_750' title='bbox 3354 4906 3417 4959; x_wconf 88' lang='lat' dir='ltr'><strong>in</strong></span> <span class='ocrx_word' id='word_1_751' title='bbox 3462 4908 3651 4960; x_wconf 76' lang='lat' dir='ltr'><strong>ordine</strong></span> 
     </span>
    </p>
   </div>
   <div class='ocr_carea' id='block_1_109' title="bbox 2059 4998 3646 5075">
    <p class='ocr_par' dir='ltr' id='par_1_109' title="bbox 2059 4998 3646 5075">
     <span class='ocr_line' id='line_1_109' title="bbox 2059 4998 3646 5075; baseline -0.008 -12"><span class='ocrx_word' id='word_1_752' title='bbox 2059 5022 2161 5063; x_wconf 92' lang='lat' dir='ltr'><strong>suo</strong></span> <span class='ocrx_word' id='word_1_753' title='bbox 2192 5006 2433 5075; x_wconf 89' lang='lat' dir='ltr'><strong>repletus</strong></span> <span class='ocrx_word' id='word_1_754' title='bbox 2462 5013 2545 5059; x_wconf 85' lang='lat' dir='ltr'><strong>est</strong></span> <span class='ocrx_word' id='word_1_755' title='bbox 2573 5001 2760 5057; x_wconf 89' lang='lat' dir='ltr'><strong>furore</strong></span> <span class='ocrx_word' id='word_1_756' title='bbox 2787 5010 2841 5056; x_wconf 92' lang='lat' dir='ltr'><strong>et</strong></span> <span class='ocrx_word' id='word_1_757' title='bbox 2875 5002 2978 5067; x_wconf 87' lang='lat' dir='ltr'><strong>ira,</strong></span> <span class='ocrx_word' id='word_1_758' title='bbox 3013 5010 3069 5054; x_wconf 90' lang='lat' dir='ltr'><strong>et</strong></span> <span class='ocrx_word' id='word_1_759' title='bbox 3098 5000 3235 5055; x_wconf 83' lang='lat' dir='ltr'><strong>dixit</strong></span> <span class='ocrx_word' id='word_1_760' title='bbox 3262 4998 3329 5052; x_wconf 90' lang='lat' dir='ltr'><strong>ad</strong></span> <span class='ocrx_word' id='word_1_761' title='bbox 3363 5000 3646 5070; x_wconf 84' lang='lat' dir='ltr'><strong>reliquos:</strong></span> 
     </span>
    </p>
   </div>
   <div class='ocr_carea' id='block_1_110' title="bbox 2056 5091 3647 5164">
    <p class='ocr_par' dir='ltr' id='par_1_110' title="bbox 2056 5091 3647 5164">
     <span class='ocr_line' id='line_1_110' title="bbox 2056 5091 3647 5164; baseline -0.005 -12"><span class='ocrx_word' id='word_1_762' title='bbox 2056 5098 2196 5154; x_wconf 84' lang='lat' dir='ltr'><strong>Ecce</strong></span> <span class='ocrx_word' id='word_1_763' title='bbox 2226 5096 2639 5153; x_wconf 89' lang='lat' dir='ltr'><strong>tabernaculum</strong></span> <span class='ocrx_word' id='word_1_764' title='bbox 2680 5092 2829 5149; x_wconf 90' lang='lat' dir='ltr'><strong>illius</strong></span> <span class='ocrx_word' id='word_1_765' title='bbox 2857 5094 2950 5164; x_wconf 90' lang='lat' dir='ltr'><strong>qui</strong></span> <span class='ocrx_word' id='word_1_766' title='bbox 2990 5107 3094 5147; x_wconf 93' lang='lat' dir='ltr'><strong>nos</strong></span> <span class='ocrx_word' id='word_1_767' title='bbox 3121 5091 3361 5146; x_wconf 88' lang='lat' dir='ltr'><strong>turbavit</strong></span> <span class='ocrx_word' id='word_1_768' title='bbox 3396 5099 3458 5144; x_wconf 85' lang='lat' dir='ltr'><strong>et</strong></span> <span class='ocrx_word' id='word_1_769' title='bbox 3491 5106 3647 5146; x_wconf 86' lang='lat' dir='ltr'><strong>omne</strong></span> 
     </span>
    </p>
   </div>
   <div class='ocr_carea' id='block_1_111' title="bbox 2057 5174 3647 5263">
    <p class='ocr_par' dir='ltr' id='par_1_111' title="bbox 2057 5174 3647 5263">
     <span class='ocr_line' id='line_1_111' title="bbox 2057 5174 3647 5263; baseline -0.008 -17"><span class='ocrx_word' id='word_1_770' title='bbox 2057 5207 2230 5263; x_wconf 88' lang='lat' dir='ltr'><strong>genus</strong></span> <span class='ocrx_word' id='word_1_771' title='bbox 2271 5198 2556 5255; x_wconf 90' lang='lat' dir='ltr'><strong>nostrum,</strong></span> <span class='ocrx_word' id='word_1_772' title='bbox 2599 5174 2815 5258; x_wconf 84' lang='lat' dir='ltr'><strong>qualem</strong></span> <span class='ocrx_word' id='word_1_773' title='bbox 2855 5185 3084 5257; x_wconf 82' lang='lat' dir='ltr'><strong>gloriam</strong></span> <span class='ocrx_word' id='word_1_774' title='bbox 3128 5199 3275 5238; x_wconf 91' lang='lat' dir='ltr'><strong>nunc</strong></span> <span class='ocrx_word' id='word_1_775' title='bbox 3303 5184 3550 5251; x_wconf 79' lang='lat' dir='ltr'><strong>accipit?</strong></span> <span class='ocrx_word' id='word_1_776' title='bbox 3590 5180 3647 5233; x_wconf 84' lang='lat' dir='ltr'><strong>Et</strong></span> 
     </span>
    </p>
   </div>
   <div class='ocr_carea' id='block_1_112' title="bbox 2055 5276 3645 5345">
    <p class='ocr_par' dir='ltr' id='par_1_112' title="bbox 2055 5276 3645 5345">
     <span class='ocr_line' id='line_1_112' title="bbox 2055 5276 3645 5345; baseline -0.008 -6"><span class='ocrx_word' id='word_1_777' title='bbox 2055 5287 2323 5341; x_wconf 87' lang='lat' dir='ltr'><strong>accedens</strong></span> <span class='ocrx_word' id='word_1_778' title='bbox 2366 5286 2539 5339; x_wconf 91' lang='lat' dir='ltr'><strong>voluit</strong></span> <span class='ocrx_word' id='word_1_779' title='bbox 2581 5291 2827 5339; x_wconf 88' lang='lat' dir='ltr'><strong>evertere</strong></span> <span class='ocrx_word' id='word_1_780' title='bbox 2880 5281 3137 5336; x_wconf 80' lang='lat' dir='ltr'><strong>feretrum</strong></span> <span class='ocrx_word' id='word_1_781' title='bbox 3163 5320 3181 5345; x_wconf 91' lang='lat'><strong>,</strong></span> <span class='ocrx_word' id='word_1_782' title='bbox 3225 5288 3281 5333; x_wconf 91' lang='lat' dir='ltr'><strong>et</strong></span> <span class='ocrx_word' id='word_1_783' title='bbox 3322 5293 3535 5345; x_wconf 86' lang='lat' dir='ltr'><strong>corpus</strong></span> <span class='ocrx_word' id='word_1_784' title='bbox 3583 5276 3645 5327; x_wconf 83' lang='lat' dir='ltr'><strong>al</strong></span> 
     </span>
    </p>
   </div>
   <div class='ocr_carea' id='block_1_113' title="bbox 2055 5368 3644 5447">
    <p class='ocr_par' dir='ltr' id='par_1_113' title="bbox 2055 5368 3644 5447">
     <span class='ocr_line' id='line_1_113' title="bbox 2055 5368 3644 5447; baseline -0.008 -16"><span class='ocrx_word' id='word_1_785' title='bbox 2055 5387 2259 5434; x_wconf 87' lang='lat' dir='ltr'><strong>terram</strong></span> <span class='ocrx_word' id='word_1_786' title='bbox 2299 5378 2554 5447; x_wconf 84' lang='lat' dir='ltr'><strong>dejicere.</strong></span> <span class='ocrx_word' id='word_1_787' title='bbox 2590 5375 2658 5430; x_wconf 88' lang='lat' dir='ltr'><strong>Et</strong></span> <span class='ocrx_word' id='word_1_788' title='bbox 2685 5375 2869 5429; x_wconf 90' lang='lat' dir='ltr'><strong>statim</strong></span> <span class='ocrx_word' id='word_1_789' title='bbox 2899 5380 3167 5427; x_wconf 84' lang='lat' dir='ltr'><strong>aruerunt</strong></span> <span class='ocrx_word' id='word_1_790' title='bbox 3213 5384 3416 5424; x_wconf 88' lang='lat' dir='ltr'><strong>manus</strong></span> <span class='ocrx_word' id='word_1_791' title='bbox 3455 5368 3579 5437; x_wconf 85' lang='lat' dir='ltr'><strong>ejus</strong></span> <span class='ocrx_word' id='word_1_792' title='bbox 3614 5380 3644 5419; x_wconf 74' lang='grc' dir='ltr'><strong><em>ι</em></strong></span> 
     </span>
    </p>
   </div>
   <div class='ocr_carea' id='block_1_114' title="bbox 2054 5460 3643 5535">
    <p class='ocr_par' dir='ltr' id='par_1_114' title="bbox 2054 5460 3643 5535">
     <span class='ocr_line' id='line_1_114' title="bbox 2054 5460 3643 5535; baseline -0.01 -9"><span class='ocrx_word' id='word_1_793' title='bbox 2054 5471 2275 5535; x_wconf 91' lang='lat' dir='ltr'><strong>cubitis,</strong></span> <span class='ocrx_word' id='word_1_794' title='bbox 2308 5479 2372 5525; x_wconf 76' lang='lat' dir='ltr'><strong>et</strong></span> <span class='ocrx_word' id='word_1_795' title='bbox 2394 5470 2747 5524; x_wconf 61' lang='lat' dir='ltr'><strong>adhaeserunt</strong></span> <span class='ocrx_word' id='word_1_796' title='bbox 2775 5466 2998 5523; x_wconf 89' lang='lat' dir='ltr'><strong>lectulo.</strong></span> <span class='ocrx_word' id='word_1_797' title='bbox 3040 5463 3109 5518; x_wconf 88' lang='lat' dir='ltr'><strong>Et</strong></span> <span class='ocrx_word' id='word_1_798' title='bbox 3132 5460 3486 5517; x_wconf 86' lang='lat' dir='ltr'><strong>elevantihus</strong></span> <span class='ocrx_word' id='word_1_799' title='bbox 3517 5471 3643 5527; x_wconf 80' lang='lat' dir='ltr'><strong>apo-</strong></span> 
     </span>
    </p>
   </div>
   <div class='ocr_carea' id='block_1_115' title="bbox 2054 5552 3639 5631">
    <p class='ocr_par' dir='ltr' id='par_1_115' title="bbox 2054 5552 3639 5631">
     <span class='ocr_line' id='line_1_115' title="bbox 2054 5552 3639 5631; baseline -0.009 -13"><span class='ocrx_word' id='word_1_800' title='bbox 2054 5564 2211 5624; x_wconf 84' lang='lat' dir='ltr'><strong>stolis</strong></span> <span class='ocrx_word' id='word_1_801' title='bbox 2240 5562 2520 5628; x_wconf 82' lang='lat' dir='ltr'><strong>feretrum,</strong></span> <span class='ocrx_word' id='word_1_802' title='bbox 2562 5577 2689 5631; x_wconf 90' lang='lat' dir='ltr'><strong>pars</strong></span> <span class='ocrx_word' id='word_1_803' title='bbox 2725 5560 2846 5631; x_wconf 87' lang='lat' dir='ltr'><strong>ejus</strong></span> <span class='ocrx_word' id='word_1_804' title='bbox 2888 5557 3179 5629; x_wconf 88' lang='lat' dir='ltr'><strong>pendebat,</strong></span> <span class='ocrx_word' id='word_1_805' title='bbox 3215 5562 3270 5609; x_wconf 90' lang='lat' dir='ltr'><strong>et</strong></span> <span class='ocrx_word' id='word_1_806' title='bbox 3301 5568 3433 5623; x_wconf 84' lang='lat' dir='ltr'><strong>pars</strong></span> <span class='ocrx_word' id='word_1_807' title='bbox 3472 5552 3639 5605; x_wconf 62' lang='lat' dir='ltr'><strong>hrne-</strong></span> 
     </span>
    </p>
   </div>
   <div class='ocr_carea' id='block_1_116' title="bbox 2054 5642 3637 5721">
    <p class='ocr_par' dir='ltr' id='par_1_116' title="bbox 2054 5642 3637 5721">
     <span class='ocr_line' id='line_1_116' title="bbox 2054 5642 3637 5721; baseline -0.01 -9"><span class='ocrx_word' id='word_1_808' title='bbox 2054 5658 2147 5712; x_wconf 89' lang='lat' dir='ltr'><strong>bat</strong></span> <span class='ocrx_word' id='word_1_809' title='bbox 2182 5656 2249 5710; x_wconf 89' lang='lat' dir='ltr'><strong>ad</strong></span> <span class='ocrx_word' id='word_1_810' title='bbox 2287 5656 2470 5711; x_wconf 90' lang='lat' dir='ltr'><strong>fcretri</strong></span> <span class='ocrx_word' id='word_1_811' title='bbox 2517 5654 2777 5709; x_wconf 78' lang='lat' dir='ltr'><strong>lectulum</strong></span> <span class='ocrx_word' id='word_1_812' title='bbox 2803 5695 2819 5720; x_wconf 91' lang='lat'><strong>,</strong></span> <span class='ocrx_word' id='word_1_813' title='bbox 2860 5660 2916 5707; x_wconf 89' lang='lat' dir='ltr'><strong>et</strong></span> <span class='ocrx_word' id='word_1_814' title='bbox 2963 5648 3329 5721; x_wconf 82' lang='lat' dir='ltr'><strong>torquebatur</strong></span> <span class='ocrx_word' id='word_1_815' title='bbox 3370 5642 3637 5714; x_wconf 74' lang='lat' dir='ltr'><strong>supplicio</strong></span> 
     </span>
    </p>
   </div>
   <div class='ocr_carea' id='block_1_117' title="bbox 2052 5735 3633 5816">
    <p class='ocr_par' dir='ltr' id='par_1_117' title="bbox 2052 5735 3633 5816">
     <span class='ocr_line' id='line_1_117' title="bbox 2052 5735 3633 5816; baseline -0.007 -13"><span class='ocrx_word' id='word_1_816' title='bbox 2052 5750 2379 5816; x_wconf 80' lang='lat' dir='ltr'><strong>vehementi,</strong></span> <span class='ocrx_word' id='word_1_817' title='bbox 2416 5746 2823 5805; x_wconf 80' lang='lat' dir='ltr'><strong>ambulantibus</strong></span> <span class='ocrx_word' id='word_1_818' title='bbox 2859 5743 3145 5816; x_wconf 86' lang='lat' dir='ltr'><strong>apostolis,</strong></span> <span class='ocrx_word' id='word_1_819' title='bbox 3187 5752 3240 5799; x_wconf 85' lang='lat' dir='ltr'><strong>ct</strong></span> <span class='ocrx_word' id='word_1_820' title='bbox 3280 5735 3633 5811; x_wconf 71' lang='lat' dir='ltr'><strong>psallentihus</strong></span> 
     </span>
    </p>
   </div>
  </div>
