3732 6322
81 260 128 313 1
139 257 251 312 Ξδτ

1577 249 1850 311 SPURIA.

3247 246 3388 303 1258

83 351 353 404 Domino
378 369 392 404 :
416 350 602 421 Angeli
630 365 747 406 uero
779 350 872 421 qui
901 358 1052 404 erant
1082 350 1139 404 in
1165 350 1299 404 nube
1333 358 1702 417 percusserunt
1732 353 1778 409 Α
1805 359 1951 399 mam
1988 358 2152 412 super
2180 341 2370 397 oculos
2401 353 2616 403 eorum,
2651 347 2973 409 receperunt
3007 328 3221 394 visum.
3257 337 3388 405 Qui-

68 461 100 514 )
117 443 364 512 '0pulum
397 444 653 497 cwcitate.

703 574 935 632 CAPUT
973 573 1114 632 XIII.

173 689 337 744 Tunc
365 691 617 760 princeps
646 689 733 745 ille
766 690 1037 746 clamabat
1076 690 1265 746 dicens
1292 708 1303 744 :
1330 689 1598 759 Deprecor
1625 699 1698 752 te,

63 782 303 837 dilecte
332 781 442 836 Deo
473 781 650 848 Petrc,
696 797 765 837 ne
806 797 892 837 me
921 782 1190 852 despicias
1229 782 1284 836 in
1320 791 1470 836 tanta
1513 797 1700 838 ncces-

49 889 54 894 '
87 873 295 938 sitate,
327 873 455 942 quia
487 873 774 928 tormentis
801 873 1013 944 magnis
1036 871 1252 928 crucior
1282 872 1460 926 valde.
1487 871 1698 926 Memor

83 971 228 1017 esto
251 961 396 1032 quod
430 963 652 1032 quando
680 964 734 1016 in
761 962 1012 1032 prmtorio
1043 961 1242 1017 ancilla
1270 963 1494 1016 ostiaria
1529 971 1579 1016 te
1609 978 1697 1016 re-

79 1056 386 1122 cognovit,
430 1067 483 1110 et
516 1055 652 1110 dixit
685 1055 928 1120 caeteris,
962 1064 1021 1110 ut
1060 1055 1530 1110 calumniarentur
1572 1055 1690 1121 tibi,

59 1141 246 1203 “tunc
273 1163 374 1219 ego
399 1149 613 1202 locutus
636 1164 756 1202 sum
784 1135 883 1218 pro
913 1157 962 1202 te
987 1147 1150 1201 bona.
1177 1147 1333 1200 Tunc
1353 1145 1694 1216 respondens

81 1235 302 1296 Petrus
332 1236 407 1290 ait
441 1255 453 1290 :
489 1235 606 1290 Non
638 1244 722 1292 est
759 1251 940 1312 meum
972 1236 1224 1290 auxiliari
1255 1235 1388 1302 tibi;
1434 1235 1479 1290 si
1509 1246 1693 1290 autem

83 1325 406 1382 credideris
437 1335 553 1382 toto
582 1327 749 1382 corde
773 1327 828 1380 in
863 1326 1153 1382 Dominum
1175 1325 1362 1381 Jesum
1385 1325 1688 1392 Christum,

81 1434 268 1488 quem
304 1419 358 1473 in
396 1434 498 1474 suo
534 1429 725 1475 sancto
749 1429 906 1476 utero
939 1419 1056 1474 haec
1089 1419 1177 1474 cui
1208 1419 1577 1477 calumniatus
1608 1434 1689 1484 es,

84 1509 274 1580 Virgo
304 1511 572 1582 portavit,
619 1520 674 1566 et
713 1520 841 1584 post.
891 1521 1106 1581 partum
1155 1511 1308 1581 virgo
1355 1511 1688 1580 permansit,

83 1603 396 1658 clementia
441 1603 658 1658 Domini
688 1613 743 1658 et
769 1605 920 1674 larga
958 1603 1078 1673 ejus
1106 1604 1317 1673 pietas,
1359 1617 1481 1673 quae
1512 1603 1690 1659 salvat

1805 451 2024 506 cunque
2056 444 2264 490 tantum
2294 450 2359 488 ex
2396 433 2477 488 eis
2515 443 2894 507 permanentes
2932 433 2986 486 in
3019 431 3225 487 duritia
3265 448 3386 486 cor—

1803 533 1910 596 dis,
1955 530 2082 585 (ιωοί
2126 529 2326 584 mortui
2356 537 2502 582 sunt.
2540 525 2606 579 Et
2634 541 2887 594 egressus
2920 525 3172 594 princeps
3203 539 3388 579 sacer-

1801 625 1990 679 dotum
2016 623 2081 676 ad
2108 622 2405 692 apostolos,
2437 621 2617 674 retulit
2644 620 2904 689 palmam,
2934 617 3176 672 referens
3202 617 3389 672 omnia

1801 731 1924 786 qua:
1955 715 2168 769 fuerant
2199 712 2358 767 facta.

2386 867 2614 924 CAPUT
2655 867 2794 921 XVI.

1872 983 2098 1037 Mariam
2125 994 2306 1036 autem
2342 989 2622 1052 portantes
2655 981 2885 1051 apostoli
2917 990 3280 1050 pervenerunt
3319 979 3386 1033 ad

1798 1077 1984 1130 locum
2010 1075 2170 1129 vallis
2197 1073 2478 1143 .losaphat,
2521 1088 2682 1142 quem
2726 1073 3036 1126 ostenderat
3063 1073 3168 1126 illis
3199 1071 3387 1125 Domi-

1797 1185 1922 1224 nus.
1974 1167 2040 1220 Et
2090 1175 2392 1234 posuerunt
2430 1180 2549 1219 eam
2601 1165 2654 1217 in
2698 1172 3054 1218 monumento
3099 1178 3278 1225 novo,
3333 1171 3387 1216 et

1797 1263 2115 1318 clauserunt
2137 1259 2472 1328 sepulcrum.
2507 1257 2612 1326 Ipsi
2647 1272 2775 1310 vero
2809 1256 3064 1311 sederunt
3085 1256 3151 1308 ad
3180 1254 3384 1308 ostium

1796 1349 2184 1410 monumenti,
2253 1351 2393 1403 sicut
2444 1349 2798 1402 mandaverat
2844 1348 2926 1420 eis
2974 1347 3261 1402 Dominus.
3319 1344 3386 1400 Et

1792 1453 1919 1492 ecce
1957 1437 2140 1495 subito
2171 1435 2385 1490 advenit
2427 1435 2690 1494 Dominus
2726 1435 2884 1491 Jesus
2915 1453 3036 1491 cum
3069 1437 3385 1490 innumera-

1794 1529 1888 1584 bili
1929 1531 2171 1585 cxercitu
2204 1530 2520 1599 angelorum
2566 1543 2774 1598 magna:
2803 1528 3067 1583 claritatis
3097 1527 3250 1582 radio
3291 1543 3385 1581 co-

1796 1631 2074 1686 ruscanm,
2109 1631 2163 1675 et
2200 1620 2340 1675 dixit
2373 1620 2636 1690 apostolis
2681 1639 2695 1674 :
2733 1618 2842 1674 Pax
2873 1620 3172 1674 vobiscum.
3210 1620 3279 1673 At
3307 1619 3383 1672 illi

85 1693 380 1784 Ῐῖιδίὲηοεν
409 1695 560 1750 dab“
591 1695 684 1750 tibi
709 1697 960 1751 εθὶυιθηιο
997 1695 1080 1750 Ad
1108 1698 1224 1750 hac
1261 1695 1347 1749 me
1373 1694 1688 1764 respondi“
1727 1716 1768 1774 Β
1799 1716 2191 1784 respondentes
2228 1713 2515 1768 dixerunt:
2552 1711 2674 1766 Fiat
2713 1712 3086 1767 misericordia
3119 1722 3239 1778 tua,
3284 1711 3386 1765 Do-

85 1782 359 1853 Nunquid
397 1801 507 1838 non
547 1785 862 1841 credimus?
908 1785 1001 1840 sed
1046 1787 1178 1856 quid
1214 1786 1512 1852 faciemus,
1559 1787 1686 1858 quia

85 1875 361 1930 inimicus
397 1876 621 1930 humani
650 1879 861 1946 generis
887 1879 1178 1932 excaacavit
1197 1880 1359 1934 corda
1391 1889 1596 1946 nostra,
1634 1888 1689 1935 et

82 1966 354 2021 confusio
382 1967 596 2036 operuit
626 1969 834 2023 vultum
879 1980 1160 2037 nostrum,
1212 1986 1280 2024 ne
1324 1971 1686 2028 conﬁteamur

81 2059 376 2130 magnalia
398 2057 512 2124 Dei,
545 2059 781 2112 maxime
808 2074 931 2114 cum
958 2059 1059 2128 ipsi
1087 2060 1468 2116 malediximus
1493 2072 1683 2116 contra

83 2149 381 2205 Christum
435 2151 613 2220 palam
681 2149 1030 2206 clamantes:
1069 2149 1298 2222 Sanguis
1349 2153 1464 2222 ejus
1529 2170 1686 2224 super

84 2259 219 2308 nos,
255 2251 304 2296 et
331 2258 490 2310 super
516 2241 658 2310 ﬁlios
685 2251 934 2295 nostros“
963 2245 990 2298 .9
1022 2239 1176 2296 Tunc
1212 2240 1403 2296 Petrus
1439 2241 1686 2298 aitzﬂaec

85 2333 416 2388 maledictio
450 2334 520 2389 iis
550 2334 680 2389 solis
727 2333 974 2400 nocebit,
1019 2336 1116 2404 qui
1150 2334 1396 2390 infideles
1431 2351 1685 2406 perman-

81 2424 289 2478 serint.
332 2423 789 2480 Convertentibus
819 2434 1001 2480 autem
1043 2441 1102 2480 se
1132 2427 1200 2479 ad
1240 2424 1432 2492 Deum,
1469 2426 1684 2481 miscri-

81 2518 285 2573 cordia
315 2532 426 2571 non
472 2527 722 2586 negatur.
757 2516 823 2570 Et
858 2517 947 2572 ille
994 2517 1107 2572 ait:
1143 2514 1340 2572 Omnia
1369 2518 1534 2573 credo
1560 2533 1682 2588 qure

80 2610 256 2676 dicis,
293 2618 503 2664 tantum
529 2625 727 2680 precor
751 2609 950 2664 misere
982 2625 1053 2664 ne
1086 2610 1311 2664 moriar.

679 2743 908 2799 CAPUT
944 2743 1084 2800 XIV.

167 2855 325 2910 Tunc
363 2855 557 2911 Petrus
602 2855 732 2912 fecit
754 2866 899 2913 stare
929 2858 1189 2914 lectulum
1210 2901 1224 2924 ,
1258 2870 1311 2915 et
1340 2860 1418 2914 ait
1450 2860 1526 2914 illi
1566 2879 1581 2915 :
1621 2859 1678 2915 Si

83 2949 393 3005 credideris
423 2959 536 3005 toto
563 2950 727 3004 corde
763 2949 816 3004 in
849 2949 1146 3006 Dominum
1185 2951 1372 3007 Jesum
1397 2952 1677 3008 Christum

83 3041 381 3095 solventur
415 3058 446 3096 a
477 3041 678 3097 feretro
725 3057 922 3097 manus
967 3049 1092 3097 tuae.
1125 3042 1188 3098 Et
1233 3060 1357 3098 cum
1406 3045 1632 3100 dixisset
1661 3063 1674 3098 :
1706 3069 1747 3126 ε

84 3132 215 3188 Hoc
238 3135 398 3189 credo
414 3175 428 3200 ,
457 3128 639 3202 statim
665 3133 859 3189 solutas
883 3144 1012 3189 sunt
1040 3151 1236 3190 manus
1259 3137 1378 3207 ejus
1401 3153 1431 3191 a
1457 3137 1679 3204 feretro,

81 3239 141 3281 et
178 3228 346 3297 erepit
372 3236 519 3281 stare
545 3227 776 3296 pedibus
805 3228 941 3295 suis,
984 3229 1080 3283 sed
1116 3237 1269 3283 erant
1306 3229 1530 3284 brachia
1555 3230 1677 3300 ejus

87 3319 247 3374 arida
275 3360 290 3385 ,
329 3329 383 3374 et
431 3334 542 3374 non
592 3317 846 3372 discessit
889 3319 960 3373 ab
1007 3334 1074 3374 eo
1119 3319 1473 3389 supplicium.
1527 3317 1683 3375 Tunc

83 3410 290 3465 Petrus
333 3411 411 3465 ait
454 3410 531 3464 illi
586 3428 599 3464 :
653 3409 867 3464 Accede
910 3410 980 3466 ad
1023 3427 1262 3481 corpus,
1325 3421 1379 3467 et
1430 3413 1682 3466 osculare

85 3503 353 3557 lectulum
379 3517 618 3572 quoque,
655 3511 710 3558 et
731 3503 820 3558 die
846 3521 860 3557 :
892 3503 1068 3558 Credo
1101 3503 1155 3557 in
1192 3502 1384 3570 Deum,
1415 3513 1467 3558 et
1497 3503 1549 3557 in
1587 3503 1684 3558 Dei

85 3593 316 3660 Filium,
339 3609 501 3663 quem
527 3595 630 3650 ista
654 3596 890 3664 portavit
911 3594 1096 3649 Jesum
1116 3594 1416 3660 Christum,
1441 3605 1496 3650 et
1517 3595 1682 3649 credo

85 3687 280 3740 ornnia
307 3701 646 3756 quaecunque
672 3688 888 3741 locutus
912 3696 996 3743 est
1026 3687 1160 3740 mihi
1184 3685 1377 3741 Petrus
1401 3687 1682 3757 apostolus

87 3777 210 3833 Dei.
244 3778 621 3845 Iit-accedens,
667 3780 947 3834 osculatus
977 3788 1060 3834 est
1091 3780 1373 3844 lectulum,
1411 3786 1464 3834 ct
1497 3780 1680 3834 statim

87 3868 276 3922 omnis
304 3867 460 3922 dolor
484 3870 752 3925 abscessit
781 3869 849 3923 ab
888 3883 974 3934 eo,
1003 3878 1055 3922 et
1093 3878 1297 3923 sanata:
1327 3880 1454 3923 sunt
1487 3885 1683 3924 manus

86 3961 234 4031 ejus.
280 3960 433 4016 Tunc
461 3961 626 4031 erepit
659 3961 881 4017 laudare
909 3971 963 4016 et
1004 3961 1324 4016 benedicere
1366 3960 1533 4016 Deum
1575 3962 1684 4016 Iar-

86 4056 266 4122 piter;
304 4062 358 4107 et
392 4055 458 4109 de
491 4054 648 4109 libris
678 4053 847 4126 Moysi
886 4053 1260 4109 testimonium
1299 4055 1524 4108 reddere
1561 4055 1677 4109 lau-

84 4145 257 4201 dibus
282 4145 516 4200 Christi:
548 4147 621 4200 ita
656 4156 717 4201 ut
742 4148 905 4201 etiam
931 4146 1035 4216 ipsi
1066 4146 1298 4215 apostoli
1322 4146 1678 4212 mirarentur,

83 4237 346 4292 etilerent
357 4253 467 4305 pra:
480 4237 678 4307 gaudio
695 4237 980 4292 laudantes
1000 4238 1103 4292 sub
1118 4238 1207 4292 illa
1223 4253 1422 4292 nomen
1443 4236 1681 4291 Domini.

683 4375 913 4432 CAPUT
955 4376 1071 4431 XV.

153 4491 354 4546 Petrus
389 4508 517 4547 vero
550 4491 688 4546 dixit
722 4493 788 4545 ad
818 4509 942 4546 eum
979 4511 992 4546 :
1021 4493 1221 4563 Accipe
1260 4492 1497 4560 palmam
1532 4493 1674 4547 hanc

81 4577 151 4632 de
179 4593 351 4632 manu
389 4576 574 4632 fratris
604 4581 779 4633 nostri
809 4578 1066 4634 Joannis:
1107 4590 1159 4634 et
1198 4581 1506 4648 ingrediens
1535 4581 1672 4636 civi-

87 4676 262 4723 tatem
307 4668 556 4724 invenies
597 4669 861 4739 populum
899 4669 1130 4723 multutn
1165 4681 1454 4735 caacatum,
1487 4681 1540 4726 et
1585 4685 1676 4726 an-

85 4760 286 4814 nuntia
320 4761 398 4815 eis
431 4764 699 4832 magnalia
740 4761 857 4826 Dei,
902 4772 956 4816 et
992 4766 1304 4834 quicunque
1344 4764 1676 4820 crediderint

85 4851 138 4904 in
193 4851 489 4906 Dominum
541 4852 727 4908 Jcsum
775 4853 1093 4918 Christum,
1146 4855 1394 4927 irnpones
1438 4857 1675 4926 palmam

85 4943 235 4997 hanc
271 4961 432 5014 super
475 4947 666 4999 oculos
714 4961 926 5012 eorum,
974 4956 1026 5000 et
1066 4947 1329 5001 videbunt
1362 4949 1492 5003 eieci
1531 4967 1544 5002 :
1581 4950 1676 5018 qui

81 5044 272 5088 autem
304 5052 412 5089 non
445 5038 792 5104 crediderint,
814 5039 1212 5108 permanebunt
1240 5041 1388 5094 czeci.
1417 5039 1516 5106 Qui
1549 5056 1675 5094 cum

82 5123 309 5181 fecisset
342 5129 444 5195 ita,
490 5131 696 5182 invenit
733 5131 994 5200 populum
1029 5132 1259 5185 multum
1309 5133 1673 5202 plangentem,

83 5226 138 5271 et
179 5219 492 5275 dicentem:
534 5220 624 5276 Va:
661 5222 838 5288 nobis,
886 5223 1014 5292 quia
1059 5224 1268 5278 similes
1307 5222 1436 5278 facti
1483 5242 1676 5280 sumus

84 5307 390 5368 Sodomitis
412 5315 653 5369 caecitate
685 5319 980 5383 percussis!
1006 5315 1092 5370 Nil
1117 5329 1364 5386 superest
1384 5318 1495 5387 jam
1519 5321 1676 5375 nobis

82 5401 191 5456 nisi
223 5411 284 5456 ut
308 5419 611 5472 pereamus.
650 5408 787 5463 Cum
814 5418 995 5464 autem
1031 5410 1312 5465 audissent
1335 5411 1496 5466 verba
1527 5413 1677 5482 prin-

85 5495 227 5565 cipis
269 5496 568 5567 loquentis,
617 5503 710 5571 qui
755 5517 924 5558 sanus
968 5502 1178 5570 fuerat,
1226 5503 1576 5559 crediderunt
1621 5507 1674 5559 in

85 5583 384 5644 Dominum
417 5588 604 5646 Jesum
636 5594 954 5662 Christum;
992 5604 1042 5651 et
1094 5595 1406 5665 irnponente
1449 5611 1513 5652 eo
1558 5598 1673 5667 pal-

162 5739 193 5772 II
227 5727 421 5786 Matth.
458 5749 629 5798 xxvii,
662 5734 750 5790 25.

1780 1808 1960 1873 'm‘me,
1999 1821 2164 1875 super
2198 1819 2320 1868 nos,
2353 1804 2816 1874 quemadmodum
2853 1804 3194 1874 speravimus
3212 1790 3276 1856 in
3310 1812 3379 1856 te.

1794 1896 1948 1951 Tunc
1996 1894 2251 1950 Salvator
2286 1895 2501 1949 locutus
2547 1903 2631 1948 est
2664 1894 2765 1957 eis,
2802 1893 2990 1948 dicens
3029 1912 3040 1946 :
3074 1893 3380 1962 Antequam

1789 1987 2142 2044 ascenderem
2177 1985 2244 2040 ad
2273 1984 2488 2039 Patrem
2523 2000 2727 2050 meum,
2763 1984 3042 2054 pollicitus
3067 2000 3186 2037 sum
3224 1983 3380 2059 vobis

1789 2083 1998 2148 dicens,
2035 2081 2182 2152 quod
2217 2095 2316 2134 vos
2345 2080 2440 2149 qui
2489 2080 2657 2135 secuti
2686 2079 2818 2134 estis
2851 2096 2956 2144 me,
2993 2083 3045 2133 in
3083 2094 3378 2149 regenera-

1791 2175 1938 2228 tione
1966 2188 2093 2228 cum
2125 2172 2327 2227 sederit
2355 2170 2526 2226 Filius
2560 2170 2800 2225 hominis
2836 2171 2887 2224 in
2921 2171 3048 2225 sede
3073 2172 3378 2240 majestatis

1789 2282 1922 2330 sure,
1963 2265 2225 2325 sedebitis
2253 2275 2307 2319 et
2336 2279 2436 2319 vos
2476 2278 2642 2332 super
2671 2263 2902 2318 thronos
2947 2264 3258 2329 duodecim,
3287 2263 3379 2334 ju-

1786 2357 2032 2412 dicantes
2062 2357 2353 2411 duodecim
2384 2355 2560 2410 tribus
2588 2343 2773 2408 Israel.
2828 2353 2980 2408 lianc
3021 2370 3151 2424 ergo
3179 2370 3244 2408 ex
3279 2355 3377 2408 tri-

1785 2451 1966 2505 bubus
1993 2449 2160 2505 Israel
2188 2450 2347 2520 elegit
2379 2449 2560 2518 jussio
2593 2447 2772 2501 Patris
2811 2449 2937 2510 mei,
2978 2457 3035 2500 ut
3072 2447 3372 2500 habitarem

1785 2542 1840 2595 itt
1872 2557 1956 2608 ea,
1982 2542 2114 2611 quid
2153 2557 2283 2612 ergo
2313 2541 2478 2594 vultis
2515 2550 2573 2593 ut
2603 2539 2798 2594 faciam
2844 2540 2928 2594 ei?
2975 2537 3129 2593 Tunc
3155 2537 3368 2600 Petrus,

1783 2641 1837 2687 et
1868 2633 1960 2686 alii
1989 2634 2222 2703 apostoli
2254 2633 2546 2687 dixerunt:
2581 2630 2831 2698 Domine,
2867 2630 3186 2701 praeelegisti
3231 2629 3372 2682 hanc

1783 2724 2035 2779 ancillam
2080 2735 2228 2778 tuam
2267 2724 2381 2779 fieri
2429 2726 2843 2779 immaculatum
2893 2723 2990 2776 tibi
3045 2722 3371 2786 thalamum,

1781 2827 1835 2872 et
1876 2833 1980 2874 nos
2017 2819 2263 2874 servulos
2301 2828 2424 2873 tuos
2465 2820 2519 2872 in
2555 2818 2922 2872 ministerium
2955 2828 3132 2869 tuum.
3178 2814 3374 2869 Omnia
3414 2880 3417 2884 ι

1780 2919 1906 2963 ante
1929 2909 2128 2963 saecula
2156 2911 2477 2978 praescivisti
2500 2926 2625 2964 cum
2645 2909 2824 2972 Patre,
2849 2917 2902 2962 et
2926 2906 3130 2976 Spiritu
3155 2916 3373 2970 sancto,

1782 3017 1905 3055 cum
1941 3002 2139 3070 quibus
2172 3003 2264 3056 tibi
2309 3011 2395 3057 est
2439 3019 2548 3057 una
2573 3003 2770 3067 deitas,
2821 3002 3048 3072 aequalis
3075 3011 3128 3056 et
3159 2987 3372 3054 infinita

1784 3101 2040 3162 potestas.
2075 3093 2167 3147 Sic
2201 3109 2332 3164 ergo
2359 3095 2538 3148 visum
2579 3095 2740 3149 nobis
2786 3093 2963 3148 fuerat
3003 3093 3222 3147 famulis
3263 3091 3376 3147 tuis

1785 3187 1949 3240 etiam
1994 3196 2204 3241 rectum
2233 3202 2387 3252 esse;
2425 3196 2482 3240 ut
2519 3187 2661 3240 sicut
2702 3196 2780 3253 tu,
2808 3186 3017 3240 devicta
3055 3195 3250 3248 morte,
3288 3200 3377 3238 rea

1785 3293 1919 3347 gnas
1949 3278 2002 3331 in
2037 3279 2233 3348 gloria,
2266 3280 2339 3332 ita
2372 3279 2707 3333 resuscitans
2739 3278 2932 3332 matris
2957 3277 3370 3347 corpusculum,

1785 3380 1842 3425 tu
1871 3380 2048 3426 tecum
2076 3371 2304 3426 duceres
2334 3387 2454 3425 eam
2480 3372 2657 3425 laetam
2691 3372 2742 3424 in
2772 3371 2994 3425 ctelum.

2365 3505 2598 3560 CAPUT
2636 3503 2802 3558 XVII.

1857 3617 2012 3672 Tunc
2047 3617 2299 3673 Salvator
2339 3618 2450 3674 ait:
2497 3617 2619 3672 Fiat
2668 3618 2969 3672 secundum
3016 3617 3245 3672 verbum
3278 3633 3372 3672 vc-

1786 3717 1982 3774 strum,
2023 3718 2078 3763 et
2106 3709 2358 3778 przecepit
2390 3709 2618 3763 Michael
2650 3709 2998 3777 archangelo,
3045 3718 3110 3762 ut
3129 3709 3376 3762 animam

1788 3811 1995 3856 sanctae
2022 3801 2206 3856 Maria:
2230 3801 2484 3856 deferret.
2517 3799 2583 3854 Et
2621 3815 2748 3855 ecce
2778 3810 3000 3869 repente
3029 3800 3250 3854 Gabriel
3282 3816 3373 3854 ar-

1787 3895 2085 3964 changelus
2118 3892 2346 3947 revolvit
2377 3892 2610 3961 lapidem
2639 3892 2708 3946 ab
2741 3893 2883 3946 ostio
2916 3892 3280 3957 monumenti,
3314 3899 3370 3945 et

1787 3986 1864 4040 ait
1901 3985 2163 4041 Dominus
2202 4003 2214 4038 :
2255 3983 2448 4054 Surge,
2469 3985 2644 4038 amica
2675 4000 2816 4047 mea,
2851 3993 2904 4038 et
2933 3985 3184 4054 proxima
3215 3999 3367 4048 mea;

1786 4093 1909 4149 qua:
1941 4091 2049 4131 non
2079 4077 2299 4132 Sensisti
2333 4078 2741 4146 corruptionem
2776 4093 2868 4145 per
2906 4066 3368 4148 viricoutactum,

1787 4185 1894 4224 non
1931 4169 2155 4240 patieris
2188 4169 2578 4224 resolutionem
2609 4169 2862 4238 corporis
2895 4168 2948 4221 in
2989 4168 3264 4237 sepulcro.
3303 4167 3374 4220 Et

1788 4261 1976 4315 statim
2016 4259 2256 4314 surrexit
2309 4259 2478 4313 Maria
2526 4259 2592 4313 de
2632 4259 2879 4324 tumulo,
2929 4267 2981 4312 et
3017 4256 3373 4311 benedicebat

1788 4352 2102 4420 Dominum,
2142 4362 2196 4406 et
2228 4352 2513 4422 provoluta
2535 4351 2601 4404 ad
2637 4351 2802 4420 pedes
2835 4351 3073 4412 Domini,
3112 4350 3372 4403 adorabat

1707 4437 1752 4491 D
1781 4459 1927 4508 eum,
1963 4443 2153 4498 dicens
2197 4461 2210 4496 :
2248 4440 2366 4495 Non
2400 4456 2501 4510 ego
2545 4442 2642 4495 tibi
2673 4443 2972 4512 condignas
3006 4443 3207 4510 gratias
3239 4455 3370 4508 pos-

1781 4552 1902 4590 sum
1943 4537 2269 4604 rependere,
2316 4533 2580 4600 Domine,
2636 4550 2735 4604 pro
2778 4535 3044 4603 impensis
3088 4535 3368 4588 beneficiis

1780 4629 1891 4684 tuis
1915 4669 1930 4692 ,
1971 4643 2093 4696 qua:
2127 4628 2260 4680 mihi
2313 4626 2524 4679 ancilla:
2558 4635 2664 4680 tuze
2694 4627 2944 4680 conferre
2983 4626 3239 4695 dignatus
3284 4643 3364 4682 es.

1783 4719 1866 4774 Sit
1903 4735 2100 4772 nomen
2138 4729 2326 4785 tuum,
2369 4719 2698 4790 Redemptor
2733 4721 2957 4785 mundi,
2996 4718 3138 4773 Deus
3168 4717 3365 4783 Israel,

1781 4812 2124 4866 benedictum
2152 4813 2204 4866 in
2235 4814 2456 4867 saecula.

2343 4947 2576 5004 CAPUT
2611 4947 2796 5005 XVIII.

1852 5059 1918 5116 Et
1950 5061 2243 5116 osculatus
2273 5079 2392 5116 eam
2444 5063 2710 5119 Dominus
2742 5065 3001 5129 recessit,
3051 5074 3104 5117 et
3144 5065 3366 5119 tradidit

1780 5167 1899 5210 eam
1941 5154 2186 5223 angelis,
2234 5163 2292 5208 ut
2336 5153 2611 5209 deferrent
2659 5173 2777 5209 eam
2830 5157 2880 5208 iu
2932 5157 3267 5224 paradisum.
3300 5156 3368 5210 Et

1781 5246 1856 5299 ait
1889 5247 2183 5315 apostolis:
2214 5247 2469 5302 Accedite
2500 5249 2562 5301 ad
2591 5265 2695 5301 me.
2736 5248 2795 5300 Iit
2823 5263 2946 5302 cum
2980 5248 3363 5316 accessissent,

1780 5338 2064 5392 osculatus
2097 5347 2182 5392 est
2213 5341 2329 5405 eos,
2376 5349 2427 5393 et
2457 5340 2562 5391 ait:
2607 5339 2713 5392 Pax
2741 5339 2932 5402 vobis;
2964 5339 3224 5407 quoniam
3264 5354 3366 5407 ego

1781 5443 1995 5498 semper
2042 5431 2323 5485 vobiscum
2362 5447 2483 5486 sum
2524 5447 2696 5499 usque
2736 5430 2802 5484 ad
2830 5430 3364 5486 consummationem

1781 5520 1986 5574 szeculi.
2020 5519 2084 5573 Et
2128 5521 2311 5575 statim
2353 5537 2477 5574 cum
2514 5522 2626 5574 haec
2652 5521 2878 5575 dixisset
2918 5519 3203 5585 Dominus,
3247 5520 3363 5574 eie-

1782 5619 1937 5664 vatus
1989 5610 2042 5663 in
2095 5611 2271 5675 nube,
2313 5620 2562 5680 receptus
2599 5622 2680 5668 est
2729 5612 2780 5666 in
2818 5611 3053 5678 uelum,
3092 5619 3146 5666 ct
3186 5612 3362 5682 angeli
