3792 6218
118 277 237 333 12M

1516 262 1806 330 "SPURIA.

3233 279 3374 334 ηιξ

113 400 283 472 pietas
332 390 600 462 Domini;
649 402 705 450 et
748 393 841 464 qui
873 408 971 464 per
1007 392 1279 465 justitiam
1311 392 1685 464 judicisjusti
1718 400 1762 456 Α
1790 402 1915 464 test,
1948 397 2020 453 ita
2051 408 2105 454 et
2137 400 2232 471 qui
2263 415 2375 457 non
2410 396 2736 466 fornicatur,
2756 409 2850 455 aut
2878 400 2971 471 qui
3000 415 3109 455 non
3130 401 3373 465 invidet,

114 489 425 559 puniendus
457 488 742 544 exstiterat
783 501 880 556 per
926 472 1365 541 misericordiam
1410 487 1477 540 ad
1509 486 1695 539 indul-

116 581 353 650 gentiam
409 579 780 635 rev‘oCabitur.
814 577 957 647 Ergo
1006 586 1066 631 ut
1092 592 1218 631 vere
1261 584 1315 631 te
1351 586 1694 647 pcccatorem

110 683 388 740 ostendas,
419 668 590 726 Deum
616 677 920 725 creatorem
949 668 1160 723 honora
1187 666 1220 736 ᾖ
1241 668 1480 723 honoras
1508 674 1690 722 autem

107 763 449 831 Creatorem,
485 762 529 816 si
559 770 616 816 te
642 761 821 815 solum
838 760 881 791 ¹³
903 759 1211 830 culpaveris
1229 774 1353 814 cum
1377 758 1692 829 deliqueris,

114 872 169 910 et
216 866 326 909 nou
375 853 627 910 ascribas
664 852 912 908 Creatori
941 852 1085 922 quod
1111 867 1328 921 peccas,
1365 859 1425 905 ut
1443 866 1509 906 ex
1544 851 1694 905 omni

96 954 268 1016 parte
293 953 450 999 tuam
478 943 963 1014 praesumptionem
988 957 1187 1014 arguas
1210 984 1225 1008 ,
1252 956 1362 997 non
1392 942 1471 997 tui
1497 956 1694 1012 quera—

115 1040 192 1094 ris
217 1052 384 1108 opera
415 1030 809 1093 conditoris'“.
846 1033 973 1090 Haec
1002 1034 1180 1090 Leutii
1213 1036 1255 1066 ¹⁸
1285 1050 1453 1089 causa
1487 1046 1695 1088 memo-

114 1129 509 1196 raverimus“,
540 1128 632 1200 qui
670 1127 1016 1185 mendacium
1039 1128 1080 1159 "
1116 1128 1397 1197 apostolos
1416 1126 1510 1181 Dei
1542 1141 1691 1183 asse-

114 1225 187 1279 rit
230 1222 537 1287 docuisse,
583 1221 995 1290 duorumque"
1036 1218 1441 1276 contrariorum
1490 1218 1697 1287 princi-

113 1318 331 1385 piorum
354 1316 398 1349 ¹⁹
433 1315 675 1394 hominis
715 1314 994 1371 exstitisse
1035 1313 1328 1378 facturam,
1364 1319 1419 1366 et
1451 1312 1693 1365 animam

113 1420 143 1458 a
181 1405 326 1459 bono
356 1402 471 1458 Deo
501 1403 805 1467 conditam,
832 1416 1052 1457 carnem
1080 1416 1212 1456 vero
1249 1416 1281 1453 a
1310 1399 1457 1454 maio
1512 1406 1565 1452 et
1594 1412 1696 1452 ne-

113 1499 372 1553 cessitate
406 1497 593 1553 carnis
640 1497 884 1551 animam
918 1495 1125 1550 involvi
1165 1493 1426 1564 peccatis.
1448 1491 1615 1575 Quod
1648 1491 1695 1547 si

114 1588 192 1643 ita
239 1599 413 1653 esset,
454 1588 552 1658 qui
606 1602 719 1642 non
767 1594 981 1656 peccat,
1021 1584 1246 1640 omnino
1294 1600 1404 1638 non
1446 1582 1692 1637 viveret.

115 1676 268 1732 Sicut
289 1678 438 1732 enim
456 1676 552 1747 qui
578 1691 686 1730 non
711 1676 1027 1740 manducat,
1044 1683 1140 1729 aut
1159 1686 1266 1728 non
1293 1668 1693 1738 bibit,aut‘non

110 1767 334 1843 digerit,
356 1779 452 1826 aut
484 1784 596 1826 non
636 1768 871 1834 dormit,
896 1762 1015 1825 sine
1038 1760 1426 1823 ‘dubio'vivere
1454 1779 1577 1821 non
1597 1779 1696 1835 po—
1728 1764 1769 1816 Β

1800 500 1894 545 aut
1920 493 2029 550 non
2061 492 2297 559 furatur,
2320 505 2418 549 aut
2446 494 2539 564 qui
2566 496 2673 548 non
2704 494 3140 564 aliqdid‘crimen
3176 494 3377 548 admit-

1797 584 2009 649 tit,‘non
2034 602 2196 656 posse
2215 586 2397 641 vivere
2429 594 2843 641 monstraretur.
2868 586 2938 640 At
2966 601 3097 640 vero
3127 602 3249 641 cum
3274 586 3375 641 do-

1796 662 2181 731 ceaturhomo
2214 677 2333 732 sine
2358 676 2724 732 fornicatione
2750 676 2935 731 vivere
2958 677 3050 745 qui
3086 676 3205 731 sine
3224 676 3373 730 victu

1796 772 1851 818 et
1882 767 2079 823 vestitu
2111 767 2295 823 vivere
2319 784 2427 821 non
2465 779 2674 837 potest,
2700 777 2920 823 constat
2948 784 3075 822 eum
3116 768 3188 822 ita
3233 781 3371 822 con-

1796 853 1971 908 ditum
2003 871 2032 909 a
2082 857 2229 911 bono
2269 857 2572 925 conditore,
2594 865 2658 910 ut
2689 858 2808 912 sine
2836 858 3169 912 criminibus
3192 854 3373 926 ‘queat

1797 947 2117 1013 subsiStere,
2167 965 2288 1003 cum
2319 950 2524 1019 absque
2572 949 2849 1004 alimoniis
2890 964 3001 1003 non
3034 950 3209 1018 possit
3250 964 3372 1003 om-

1771 1036 1928 1089 ‘nino
1952 1045 2204 1091 constare
2233 1028 2300 1091 ὀ.
2337 1037 2583 1108 Denique
2605 1039 2851 1093 clausum
2885 1052 3125 1103 carcere,
3156 1048 3368 1095 tentum

1795 1126 1851 1180 in
1889 1127 2144 1193 vinculis,
2179 1129 2522 1199 deportatum
2566 1130 2760 1185 exsilio
2795 1131 3001 1199 absque
3046 1130 3371 1186 criminibus

1796 1218 1979 1273 vivere
2005 1234 2167 1288 posse
2209 1221 2591 1290 Cognoscimus
2621 1224 2744 1276 cu'm
2762 1222 2967 1291 absque
2992 1221 3116 1276 cibo
3136 1232 3190 1276 et
3213 1231 3369 1292 potu,

1795 1316 1850 1361 et
1888 1308 2207 1379 digestione,
2241 1319 2295 1364 et
2327 1312 2541 1377 semno,
2580 1312 2796 1381 penitus
2825 1311 3011 1366 vivere
3046 1326 3156 1365 non
3206 1316 3371 1381 posse

1794 1400 2238 1469 comprobemus.
2293 1399 2449 1455 Nunc
2495 1403 2608 1470 jam
2664 1402 2729 1455 ad
2793 1410 3043 1456 sanctum
3098 1402 3368 1457 Joannem

1794 1492 2102 1561 apostolum
2151 1500 2207 1548 et
2235 1493 2627 1562 evangelistam
2661 1492 2947 1550 ﬂectamus
2971 1496 3289 1559 articulum,
3316 1506 3371 1551 et

1794 1585 1860 1638 ad
1890 1584 2179 1639 Dominum
2210 1584 2399 1640 dehac
2422 1586 2542 1639 luce
2576 1587 2810 1656 qualiter
2849 1588 3167 1657 migraverit
3194 1589 3369 1658 expli-

1795 1693 2005 1734 cemus.
2042 1676 2277 1748 Explicit
2304 1677 2583 1749 Prologus.

556 2072 887 2152 Incipiunt
914 2053 1241 2134 Actus‘vel
1270 2054 1592 2135 'Mir’aenla
1625 2070 1827 2133 sancti
1856 2070 2120 2133 Joannis
2142 2068 2416 2149 apostoli
2448 2076 2508 2133 et
2539 2070 2965 2150 evangelistae.

182 2236 501 2294 Secundam
556 2246 683 2306 post
742 2234 1015 2290 Neronem
1054 2235 1493 2290 Christianorum
1516 2249 1696 2304 perse-

105 2329 391 2383 cutionem
427 2326 775 2381 Domitianus
816 2326 1096 2393 exercuit,
1119 2326 1265 2380 unde
1294 2324 1497 2381 factum
1524 2334 1608 2380 est
1635 2331 1697 2379 ut

110 2428 339 2474 sanctus
393 2416 639 2474 Joannes
695 2422 1073 2489 aSportaretur
1124 2419 1191 2473 de
1256 2417 1470 2486 Epheso
1517 2425 1572 2471 et
1638 2416 1694 2471 in

106 2509 343 2565 Patmos
408 2509 591 2565 insula
630 2509 684 2563 in
717 2511 973 2566 exsilium
1011 2508 1439 2574 mitteretur,'in
1468 2522 1577 2577 qua
1612 2506 1697 2562 in-

108 2603 231 2657 sula
261 2603 657 2674 Apocalypsim
689 2618 853 2673 quam
880 2603 929 2657 ei
950 2601 1220 2657 Dominus
1239 2600 1504 2657 revelavit
1530 2615 1695 2655 manu

109 2713 210 2752 sua
245 2696 609 2765 conscripsit.
628 2693 975 2751 Domitianus
1005 2704 1187 2749 autem
1206 2693 1395 2749 eodem
1425 2708 1569 2747 anno
1587 2707 1696 2762 quo

102 2789 275 2858 jussit
306 2780 567 2843 sanctum
601 2787 866 2844 Joannem
895 2787 1142 2842 exsiliari
1166 2803 1195 2840 a
1221 2795 1413 2841 senatu
1444 2785 1696 2842 Romano

107 2880 435 2936 interfectus
487 2888 592 2935 est.
640 2878 857 2933 Etcum
899 2879 1008 2933 Deo
1044 2894 1174 2934 cura
1220 2878 1320 2932 fuit
1348 2879 1415 2933 de
1452 2880 1697 2948 apostolo

108 2988 236 3037 suo,
253 2989 319 3026 ex
334 2973 511 3026 totius
534 2971 1046 3037 senatusconsultu
1066 2970 1178 3023 hoc
1192 2969 1472 3024 deﬁnitum
1498 2979 1601 3036 est,
1639 2981 1699 3025 ut

106 3066 379 3137 quidquid
425 3063 776 3119 Domitianus
824 3062 942 3117 fieri
976 3062 1153 3118 voluit
1178 3073 1514 3118 cassaretur.
1558 3063 1699 3122 Hinc

106 3159 316 3214 factum
351 3169 438 3213 est
461 3165 522 3210 ut
544 3140 769 3210 sanctus
791 3152 1029 3209 Joannes
1066 3154 1161 3223 qui
1201 3153 1481 3209 voluntate
1513 3153 1698 3209 Domi-

107 3250 249 3305 tiani
288 3236 619 3317 deportatus
676 3252 800 3300 cum
838 3243 1042 3314 injuria
1097 3242 1296 3309 fuerat,
1328 3240 1451 3298 enm
1489 3245 1696 3299 honore

106 3345 181 3401 ad
216 3341 497 3413 Ephesum
541 3344 833 3393 remearet.
877 3335 1131 3393 Occurrit
1174 3346 1355 3391 autem
1394 3335 1472 3390 illi
1515 3337 1696 3392 omnis

105 3434 350 3506 populus
378 3432 632 3486 virorum
662 3442 725 3483 ac
745 3427 1053 3497 {mulierum
1074 3466 1089 3491 ,
1115 3441 1306 3481 omnes
1357 3425 1696 3480 exsultantes

1797 2249 1993 2290 somno
2049 2234 2348 2290 excitasset
2380 2248 2524 2290 eam.
2564 2233 2767 2290 Factus
2813 2244 2897 2291 est
2928 2243 3109 2289 autem
3161 2235 3371 2291 clamor

1796 2325 1980 2395 populi
2036 2342 2134 2396 per
2165 2336 2279 2382 tres
2328 2328 2496 2385 horas
2534 2326 2806 2383 dicentis:
2843 2325 2999 2381 Unus
3037 2326 3180 2383 Deus
3204 2343 3369 2397 quem

1768 2416 2056 2486 rprzedicat
2092 2416 2366 2486 Joannes,
2408 2434 2553 2475 unus
2599 2428 2653 2476 et
2684 2434 2849 2475 verus
2891 2419 3160 2475 Dominus
3205 2419 3370 2476 Jesus

1796 2505 2051 2563 Christus
2134 2508 2318 2564 Altera
2360 2524 2492 2565 vero
2534 2511 2621 2566 die
2671 2509 2874 2565 Craton
2918 2511 3279 2581 philosophus
3315 2510 3371 2564 in

1798 2598 1921 2656 foro
1964 2610 2329 2671 proposuerat
2362 2602 2429 2656 de
2478 2600 2793 2671 contemptu
2831 2602 3020 2656 mundi
3055 2601 3375 2671 hujusmodi

1768 2698 1771 2703 ’
1799 2698 2197 2764 spectaculum,
2234 2704 2293 2751 nt
2310 2697 2447 2751 duos
2472 2694 2673 2750 fratres
2698 2695 3001 2750 ditissimos
3024 2695 3372 2764 produceret,

1798 2800 1939 2854 quos
1979 2787 2186 2842 fecerat
2226 2788 2495 2843 distracto
2546 2788 2884 2857 patrimonio
2914 2803 3157 2857 gemmas
3193 2802 3377 2842 emere

1799 2878 2078 2947 singulas,
2113 2895 2252 2948 quas
2299 2880 2353 2933 in
2406 2881 3002 2949 conspectujomnium
3045 2879 3372 2949 populorum

1798 2968 2082 3037 fregerunt
2110 2972 2286 3039 pueri.
2316 2971 2472 3037 Quod
2496 2980 2619 3026 eum
2649 2972 2892 3026 facerent
2936 2971 3162 3039 contigit
3196 2979 3376 3024 trans-

1800 3060 1936 3113 itum
1979 3061 2181 3116 habere
2208 3060 2475 3115 Joannem
2509 3062 2841 3131 apostolum,
2868 3070 2922 3116 et
2957 3075 3271 3115 convocans
3304 3059 3374 3114 ad

1799 3164 1858 3203 se
1907 3148 2201 3205 Cratonem
2259 3151 2645 3220 philosophum
2694 3152 2809 3207 ait:
2855 3151 3068 3205 Stultus
3122 3158 3206 3205 est
3269 3148 3374 3202 iste

1798 3241 1988 3296 mundi
2020 3251 2387 3312 contemptus,
2417 3244 2509 3313 qui
2542 3243 2827 3298 hominum
2858 3260 2951 3299 ore
2975 3243 3248 3307 laudatur,
3277 3243 3370 3297 sed

1798 3334 2197 3388 condemnatur
2221 3334 2408 3389 divino
2438 3336 2649 3404 judicio
2674 3353 2688 3402 ;
2722 3335 2868 3390 sicut
2898 3335 3044 3389 enim
3081 3350 3218 3389 vana
3250 3348 3370 3387 me-

1797 3427 1979 3480 dicina
2007 3436 2111 3493 est,
2141 3442 2205 3482 ex
2240 3442 2347 3497 qua
2378 3444 2484 3483 non
2518 3430 2822 3484 absciditur
2848 3426 3096 3495 morbus,
3116 3430 3191 3482 ita
3232 3443 3371 3482 vana

104 3536 167 3583 et
190 3526 440 3581 dicentes
470 3520 816 3576 :Benedictus
836 3521 925 3590 qui
943 3520 1080 3573 venit
1109 3519 1164 3571 in
1190 3519 1397 3571 nomine
1412 3517 1691 3573 Dominia.
1722 3500 1762 3556 (ἶ
1798 3518 2047 3573 doctrina
2075 3528 2178 3583 est,
2214 3535 2280 3574 ex
2312 3537 2419 3590 qua
2458 3537 2569 3575 non
2597 3530 2860 3576 curantur
2899 3522 3030 3575 vitia
3061 3521 3370 3574 animarum

177 3618 314 3672 Cum
335 3625 528 3670 autem
551 3611 1248 3682 ingredereturpivitatem,
1280 3608 1545 3665 Drusiana
1571 3626 1694 3681 quae

105 3722 325 3777 semper
356 3720 487 3761 eum
541 3712 730 3758 secuta
768 3700 946 3756 fuerat
968 3709 1022 3754 et
1058 3700 1325 3754 adventus
1358 3699 1479 3768 ejus
1516 3702 1696 3756 fuerat

103 3798 381 3854 desiderio
404 3796 657 3863 fatigata,
682 3793 1009 3848 efferebatur
1031 3801 1264 3845 mortua.
1291 3791 1444 3845 Tunc
1471 3800 1694 3848 sanctus

102 3890 348 3946 Joannes
373 3890 576 3943 videns
603 3885 794 3941 ﬂentes
831 3899 1119 3955 pauperes,
1148 3891 1201 3937 et
1230 3892 1504 3953 parentes,
1529 3893 1693 3954 atque

98 3985 300 4039 viduas
335 3980 505 4037 simul
539 3993 663 4034 cum
692 3976 955 4047 orphanis
983 3975 1284 4030 clamantes
1308 3984 1363 4029 et
1400 3976 1643 4032 dicentes
1675 3996 1689 4033 :

102 4075 309 4131 Sancte
329 4073 577 4128 Joannes
613 4069 875 4140 apostole,
900 4082 1028 4123 ecce
1056 4066 1380 4121 Drusianam
1416 4066 1693 4124 efferimus

98 4185 231 4241 quae
278 4166 497 4224 sanctis
554 4163 662 4218 tuis
696 4162 920 4216 monitis
952 4160 1342 4229 obtemperans
1376 4175 1568 4215 omnes
1591 4175 1693 4217 nos

98 4266 308 4330 alebat,
328 4259 581 4317 serviens
608 4255 841 4309 Domino
858 4255 913 4307 in
933 4254 1181 4309 castitate
1193 4263 1246 4309 et
1266 4252 1608 4320 humilitate;
1638 4264 1693 4308 et

97 4355 354 4426 quotidie
379 4350 734 4407 desiderabat
766 4350 1000 4403 reditum
1036 4358 1213 4416 tuum,
1236 4349 1427 4404 dicens
1467 4367 1479 4402 :
1513 4348 1571 4402 Si
1608 4349 1689 4402 vi-

96 4451 264 4504 deam
321 4444 640 4517 apostolum
691 4441 785 4495 Dei
819 4441 997 4496 oculis
1040 4441 1212 4508 meis,
1248 4451 1540 4510 antequam
1568 4456 1688 4494 mo-

94 4542 254 4606 riar;
281 4553 415 4595 ecce
465 4544 527 4589 tu
553 4533 749 4589 venisti
777 4542 829 4589 et
862 4540 913 4587 te
948 4531 1133 4586 videre
1174 4547 1282 4586 non
1310 4533 1507 4601 potuit.
1535 4530 1689 4586 Tunc

93 4632 299 4686 beatus
342 4627 590 4696 Joannes
621 4624 787 4694 jussit
841 4622 1040 4693 deponi
1088 4621 1347 4677 feretrum
1390 4630 1446 4676 et
1488 4623 1685 4675 resolvi

91 4737 309 4792 corpus
358 4720 505 4789 ejus,
548 4726 603 4772 et
646 4730 781 4770 voce
817 4715 964 4770 clara
991 4714 1130 4769 dixit
1171 4728 1356 4767 coram
1387 4712 1687 4766 omnibus:

1797 3620 1852 3665 et
1880 3626 2118 3665 morum.
2150 3610 2407 3683 Magister
2449 3613 2634 3683 itaque
2676 3628 2831 3670 meus
2856 3614 3113 3684 juvenem
3146 3613 3372 3681 cupien-

1797 3708 1905 3754 tem
1942 3700 2009 3754 ad
2037 3701 2204 3755 vitam
2238 3712 2497 3756 aeternam
2531 3704 2816 3773 attingere,
2851 3703 2935 3758 his
2964 3703 3144 3758 verbis
3167 3703 3373 3757 instru-

1794 3794 1872 3847 xit
1899 3804 1958 3847 ut
1980 3793 2183 3848 diceret
2209 3802 2480 3863 quatenus
2509 3795 2554 3849 si
2582 3795 2742 3848 vellet
2778 3793 3057 3864 perfectus
3085 3808 3206 3849 esse
3238 3809 3369 3848 ven-

1793 3886 1946 3940 deret
1995 3887 2182 3940 omnia
2235 3902 2335 3940 sua
2375 3894 2430 3941 et
2467 3885 2622 3941 daret
2662 3887 3040 3956 pauperibus;
3076 3901 3188 3955 quo
3225 3884 3371 3940 facto

1794 3979 2115 4034 thesaurum
2146 3981 2199 4033 in
2225 3979 2379 4035 caelis
2412 3981 2742 4049 acquireret,
2773 3992 2828 4033 et
2855 3981 3023 4034 vitam
3053 3994 3175 4050 quae
3206 3979 3371 4033 tinem

1792 4088 1902 4126 non
1944 4072 2107 4127 habet
2166 4072 2455 4127 inveniret.
2504 4071 2605 4127 Cui
2655 4072 2860 4127 Craton
2900 4072 3078 4127 dixit:
3110 4070 3374 4126 Humana:

1792 4165 2109 4235 cupiditatis
2138 4162 2354 4220 fructus
2378 4165 2431 4219 in
2460 4164 2642 4220 medio
2676 4166 2964 4220 hominum
3002 4165 3218 4235 positus
3240 4178 3374 4217 con--

1791 4256 1999 4312 fractus
2026 4267 2147 4324 est;
2192 4257 2287 4312 sed
2335 4257 2381 4311 si
2411 4272 2540 4311 vere
2568 4256 2713 4311 Deus
2740 4266 2825 4311 est
2865 4258 3129 4326 magister
3160 4265 3287 4310 tuus
3320 4263 3375 4308 et

1791 4350 1911 4405 vult
1941 4350 2047 4405 hoc
2073 4350 2191 4404 ﬁeri
2233 4358 2294 4404 ut
2322 4350 2656 4419 pauperibus
2692 4359 2950 4419 erogetur
2981 4364 3180 4403 census
3208 4348 3372 4417 pretii

1790 4441 2265 4508 harum,duarum
2305 4454 2671 4509 gemmarum,
2728 4439 2814 4495 fac
2855 4439 3177 4509 reintcgrari
3210 4454 3371 4508 gem-

1790 4548 1932 4600 mas,
1966 4531 2202 4602 utquod
2241 4545 2342 4601 ego
2372 4530 2474 4586 feci
2502 4532 2568 4585 ad
2610 4530 2811 4584 famam
2842 4530 3151 4595 hominum,
3177 4540 3234 4582 tu
3282 4527 3368 4582 fa-

1790 4626 1907 4679 cias
1934 4624 2002 4678 ad
2034 4624 2265 4693 gloriam
2298 4624 2420 4693 ejus
2465 4623 2606 4687 ﬁeri,
2641 4638 2803 4693 quem
2846 4631 2997 4676 tuum
3041 4623 3371 4691 magistrum

1790 4732 1913 4772 esse
1947 4731 2369 4772 commemoras.
2409 4717 2565 4772 Tunc
2592 4716 2788 4771 beatus
2835 4714 3075 4770 Joannes
3107 4716 3375 4786 colligens.

91 4813 380 4868 Dominus
407 4823 567 4864 meus
595 4806 755 4863 Jesus
780 4805 1036 4863 Christus
1058 4807 1257 4861 excitet
1283 4816 1355 4873 te,
1384 4806 1682 4868 Drusiana,
1721 4842 1765 4896 Β
1795 4808 2099 4879 fragmenta
2154 4824 2496 4879 gemmarum
2518 4850 2533 4874 ,
2588 4818 2642 4862 et
2673 4822 2879 4877 ponens
2919 4820 2981 4859 ea
3018 4806 3070 4859 in
3116 4805 3375 4860 manibus

87 4920 271 4977 surge
302 4914 360 4959 et
399 4901 637 4973 pedibus
695 4900 807 4954 tuis
857 4908 1133 4954 revertere
1185 4900 1410 4954 domum
1451 4909 1599 4953 tuam
1639 4909 1693 4954 et

86 5010 352 5069 prepara
379 4992 516 5047 mihi
549 4989 924 5046 refectionem.
954 4990 1034 5043 Ad
1058 4990 1201 5045 hanc
1225 5005 1411 5045 vocem
1448 4992 1690 5047 surrexit

83 5098 149 5143 ct
208 5086 380 5157 coepit
418 5083 521 5145 ire,
573 5082 807 5137 sollicita
848 5082 916 5135 de
954 5081 1205 5150 jussione
1231 5081 1497 5151 apostoli,
1523 5082 1598 5137 ita
1631 5095 1691 5139 ut

83 5182 385 5235 videretur
411 5175 518 5258 ipsi
551 5173 838 5229 Drusiana:
871 5173 1001 5243 quia
1029 5187 1137 5226 non
1169 5173 1237 5228 de
1266 5185 1461 5239 morte,
1496 5176 1589 5230 sed
1626 5176 1694 5232 de

172 5343 199 5369 ι
234 5331 383 5387 Psal.
420 5345 594 5395 cxvii,
627 5328 717 5383 26.

1800 4901 1937 4963 suis,
1974 4899 2202 4954 elevavit
2235 4900 2427 4955 oculos
2450 4900 2517 4955 ad
2549 4900 2749 4955 cmlum
2787 4907 2841 4954 et
2872 4900 2949 4954 ait
2980 4918 2993 4955 :
3025 4899 3255 4953 Domine
3281 4896 3371 4951 Je-

1798 5008 1862 5046 su
1908 4990 2143 5059 Christe,
2174 4993 2263 5046 cui
2299 4993 2438 5046 nihil
2468 4993 2809 5062 impossibile
2856 5000 2960 5058 est,
3003 4992 3097 5061 qui
3135 4990 3366 5043 fraetum

1798 5083 2061 5137 mundum
2116 5098 2212 5152 per
2256 5083 2463 5154 lignum
2520 5083 2981 5153 concupiscentim
3022 5094 3118 5149 per
3161 5079 3377 5149 lignum

1799 5173 1981 5229 crucis
2028 5183 2134 5228 tuae
2159 5175 2391 5230 interius
2432 5174 2687 5230 ﬁdelibus
2716 5171 3077 5237 restaurasti;
3115 5169 3209 5240 qui
3242 5177 3375 5233 nato,

1424 5467 1656 5523 VARUE
1692 5465 2091 5524 LECTIONES.
2398 5548 2401 5551 ν

175 5564 221 5596 ⁸⁸
247 5561 579 5640 Τοιράκοηξ.
616 5561 838 5640 εοιιιιη.⁸
896 5563 939 5593 ιο
968 5560 1148 5640 Τοιρά.
1181 5560 1341 5640 9m.-
1369 5559 1425 5612 Si
1459 5562 1777 5640 enim-vere
1794 5563 2155 5640 negligentem
2193 5567 2242 5611 te
2277 5571 2624 5640 accusaver'tns
2651 5572 2727 5640 ac.
2751 5556 3156 5640 delinquentern
3184 5571 3239 5640 et
3267 5573 3365 5640 vo:

76 5651 218 5691 ram
256 5634 368 5686 Deo
402 5631 671 5685 obtulerts
698 5632 1095 5699 pmnitentiam,
1130 5632 1194 5683 ad
1227 5646 1410 5683 veram
1448 5633 1654 5699 poteris
1689 5628 2080 5700 indulgentiam
2110 5628 2411 5697 pervenire.

78 5702 554 5757 mommsverim.
636 5703 676 5732 ¹⁷
723 5700 901 5757 Toled.
942 5701 1464 5757 mendacioulcnus.
1545 5702 1585 5733 ¹⁸
1621 5700 1798 5756 Totrd.
1829 5705 2083 5757 duorum.
2165 5698 2206 5730 ¹⁹
2239 5696 2411 5753 Tolcd.

1664 5715 1798 5756 olea.
1829 5715 2083 5765 duorum.

78 5702 554 5771 memoraverim.
636 5703 676 5732 ¹⁷
723 5700 901 5761 Toled.
942 5702 1231 5763 mendacio
1254 5701 1464 5779 plenus.

2491 5629 2532 5658 ιθ
2567 5625 2747 5680 Tolcd.
2781 5626 2987 5682 Leucii.

3102 5630 3147 5661 ³⁸
3184 5627 3365 5699 Toled,

2165 5698 2206 5730 ¹⁹
2239 5696 2417 5753 Tolcd.
2458 5697 2749 5767 principio.
