  <div class='ocr_page' id='page_1' title='image "/cluster/home/n/w/nwhite01/storage/ocr_20150623/5/hvd.32044019206598/629.png"; bbox 0 0 3792 6218; ppageno 0'>
   <div class='ocr_carea' id='block_1_1' title="bbox 466 258 607 316">
    <p class='ocr_par' dir='ltr' id='par_1_1' title="bbox 466 258 607 316">
     <span class='ocr_line' id='line_1_1' title="bbox 466 258 607 316; baseline -0.014 0"><span class='ocrx_word' id='word_1_1' title='bbox 466 258 607 316; x_wconf 65' lang='grc' dir='ltr'><strong>12ιὸ</strong></span> 
     </span>
    </p>
   </div>
   <div class='ocr_carea' id='block_1_2' title="bbox 1521 239 2660 304">
    <p class='ocr_par' dir='ltr' id='par_1_2' title="bbox 1521 239 2660 304">
     <span class='ocr_line' id='line_1_2' title="bbox 1521 239 2660 304; baseline -0.007 0"><span class='ocrx_word' id='word_1_2' title='bbox 1521 247 1578 304; x_wconf 89' lang='lat' dir='ltr'><strong>S.</strong></span> <span class='ocrx_word' id='word_1_3' title='bbox 1619 246 1877 303; x_wconf 78' lang='lat' dir='ltr'><strong>MELITO</strong></span> <span class='ocrx_word' id='word_1_4' title='bbox 1915 243 2221 304; x_wconf 77' lang='lat' dir='ltr'><strong>SARDIUM</strong></span> <span class='ocrx_word' id='word_1_5' title='bbox 2261 239 2660 301; x_wconf 86' lang='lat' dir='ltr'><strong>EPISCOPUS.</strong></span> 
     </span>
    </p>
   </div>
   <div class='ocr_carea' id='block_1_3' title="bbox 3597 232 3719 289">
    <p class='ocr_par' dir='ltr' id='par_1_3' title="bbox 3597 232 3719 289">
     <span class='ocr_line' id='line_1_3' title="bbox 3597 232 3719 289; baseline 0.008 -1"><span class='ocrx_word' id='word_1_6' title='bbox 3597 232 3719 289; x_wconf 67' lang='grc' dir='ltr'>ιω</span> 
     </span>
    </p>
   </div>
   <div class='ocr_carea' id='block_1_4' title="bbox 467 354 3718 444">
    <p class='ocr_par' dir='ltr' id='par_1_4' title="bbox 467 354 3718 444">
     <span class='ocr_line' id='line_1_4' title="bbox 467 354 3718 444; baseline -0.007 -11"><span class='ocrx_word' id='word_1_7' title='bbox 467 391 613 432; x_wconf 83' lang='lat' dir='ltr'><strong>caeo</strong></span> <span class='ocrx_word' id='word_1_8' title='bbox 657 374 881 442; x_wconf 85' lang='lat' dir='ltr'><strong>oculos,</strong></span> <span class='ocrx_word' id='word_1_9' title='bbox 940 387 1081 444; x_wconf 93' lang='lat' dir='ltr'><strong>quos</strong></span> <span class='ocrx_word' id='word_1_10' title='bbox 1122 380 1320 426; x_wconf 87' lang='lat' dir='ltr'><strong>natura</strong></span> <span class='ocrx_word' id='word_1_11' title='bbox 1364 377 1690 440; x_wconf 75' lang='lat' dir='ltr'><strong>negaverat,</strong></span> <span class='ocrx_word' id='word_1_12' title='bbox 1724 366 2040 432; x_wconf 79' lang='lat' dir='ltr'><strong>reddidisti;</strong></span> <span class='ocrx_word' id='word_1_13' title='bbox 2072 370 2120 425; x_wconf 76' lang='grc' dir='ltr'>Α</span> <span class='ocrx_word' id='word_1_14' title='bbox 2145 365 2293 421; x_wconf 91' lang='lat' dir='ltr'><strong>enim</strong></span> <span class='ocrx_word' id='word_1_15' title='bbox 2323 365 2376 419; x_wconf 90' lang='lat' dir='ltr'><strong>in</strong></span> <span class='ocrx_word' id='word_1_16' title='bbox 2405 372 2708 419; x_wconf 87' lang='lat' dir='ltr'><strong>vestrorum</strong></span> <span class='ocrx_word' id='word_1_17' title='bbox 2745 371 3029 414; x_wconf 88' lang='lat' dir='ltr'><strong>servorum</strong></span> <span class='ocrx_word' id='word_1_18' title='bbox 3071 361 3333 425; x_wconf 86' lang='lat' dir='ltr'><strong>aspectus</strong></span> <span class='ocrx_word' id='word_1_19' title='bbox 3358 362 3417 409; x_wconf 90' lang='lat' dir='ltr'><strong>et</strong></span> <span class='ocrx_word' id='word_1_20' title='bbox 3453 368 3555 409; x_wconf 89' lang='lat' dir='ltr'><strong>vos</strong></span> <span class='ocrx_word' id='word_1_21' title='bbox 3598 354 3718 411; x_wconf 64' lang='lat' dir='ltr'><strong>ede-</strong></span> 
     </span>
    </p>
   </div>
   <div class='ocr_carea' id='block_1_5' title="bbox 469 466 2043 539">
    <p class='ocr_par' dir='ltr' id='par_1_5' title="bbox 469 466 2043 539">
     <span class='ocr_line' id='line_1_5' title="bbox 469 466 2043 539; baseline -0.004 -16"><span class='ocrx_word' id='word_1_22' title='bbox 469 470 564 539; x_wconf 88' lang='lat' dir='ltr'><strong>qui</strong></span> <span class='ocrx_word' id='word_1_23' title='bbox 600 480 881 525; x_wconf 90' lang='lat' dir='ltr'><strong>mortuum</strong></span> <span class='ocrx_word' id='word_1_24' title='bbox 939 468 1206 523; x_wconf 84' lang='lat' dir='ltr'><strong>Lazarum</strong></span> <span class='ocrx_word' id='word_1_25' title='bbox 1242 476 1298 521; x_wconf 91' lang='lat' dir='ltr'><strong>et</strong></span> <span class='ocrx_word' id='word_1_26' title='bbox 1327 466 1599 536; x_wconf 91' lang='lat' dir='ltr'><strong>sepultum</strong></span> <span class='ocrx_word' id='word_1_27' title='bbox 1633 474 1756 534; x_wconf 90' lang='lat' dir='ltr'><strong>post</strong></span> <span class='ocrx_word' id='word_1_28' title='bbox 1785 472 2043 534; x_wconf 88' lang='lat' dir='ltr'><strong>quartum</strong></span> 
     </span>
    </p>
   </div>
   <div class='ocr_carea' id='block_1_6' title="bbox 468 557 2047 631">
    <p class='ocr_par' dir='ltr' id='par_1_6' title="bbox 468 557 2047 631">
     <span class='ocr_line' id='line_1_6' title="bbox 468 557 2047 631; baseline -0.004 -13"><span class='ocrx_word' id='word_1_29' title='bbox 468 564 614 618; x_wconf 79' lang='lat' dir='ltr'><strong>diem</strong></span> <span class='ocrx_word' id='word_1_30' title='bbox 655 562 721 617; x_wconf 92' lang='lat' dir='ltr'><strong>ad</strong></span> <span class='ocrx_word' id='word_1_31' title='bbox 770 576 998 631; x_wconf 91' lang='lat' dir='ltr'><strong>superos</strong></span> <span class='ocrx_word' id='word_1_32' title='bbox 1042 559 1344 621; x_wconf 88' lang='lat' dir='ltr'><strong>revocasti,</strong></span> <span class='ocrx_word' id='word_1_33' title='bbox 1400 568 1454 613; x_wconf 92' lang='lat' dir='ltr'><strong>et</strong></span> <span class='ocrx_word' id='word_1_34' title='bbox 1498 573 1689 613; x_wconf 91' lang='lat' dir='ltr'><strong>omnes</strong></span> <span class='ocrx_word' id='word_1_35' title='bbox 1724 557 1948 611; x_wconf 88' lang='lat' dir='ltr'><strong>morbos</strong></span> <span class='ocrx_word' id='word_1_36' title='bbox 1992 568 2047 610; x_wconf 86' lang='lat' dir='ltr'><strong>et</strong></span> 
     </span>
    </p>
   </div>
   <div class='ocr_carea' id='block_1_7' title="bbox 470 649 2047 725">
    <p class='ocr_par' dir='ltr' id='par_1_7' title="bbox 470 649 2047 725">
     <span class='ocr_line' id='line_1_7' title="bbox 470 649 2047 725; baseline -0.005 -14"><span class='ocrx_word' id='word_1_37' title='bbox 470 672 665 712; x_wconf 90' lang='lat' dir='ltr'><strong>omnes</strong></span> <span class='ocrx_word' id='word_1_38' title='bbox 680 654 1031 725; x_wconf 74' lang='lat' dir='ltr'><strong>aegritudines</strong></span> <span class='ocrx_word' id='word_1_39' title='bbox 1055 653 1275 707; x_wconf 91' lang='lat' dir='ltr'><strong>virtutis</strong></span> <span class='ocrx_word' id='word_1_40' title='bbox 1298 662 1404 707; x_wconf 85' lang='lat' dir='ltr'><strong>tua</strong></span> <span class='ocrx_word' id='word_1_41' title='bbox 1422 651 1589 706; x_wconf 90' lang='lat' dir='ltr'><strong>verbo</strong></span> <span class='ocrx_word' id='word_1_42' title='bbox 1604 650 1831 715; x_wconf 75' lang='lat' dir='ltr'><strong>curasti,</strong></span> <span class='ocrx_word' id='word_1_43' title='bbox 1856 649 2047 705; x_wconf 91' lang='lat' dir='ltr'><strong>adesto</strong></span> 
     </span>
    </p>
   </div>
   <div class='ocr_carea' id='block_1_8' title="bbox 470 732 2047 819">
    <p class='ocr_par' dir='ltr' id='par_1_8' title="bbox 470 732 2047 819">
     <span class='ocr_line' id='line_1_8' title="bbox 470 732 2047 819; baseline -0.005 -16"><span class='ocrx_word' id='word_1_44' title='bbox 470 732 635 819; x_wconf 87' lang='lat' dir='ltr'><strong>super</strong></span> <span class='ocrx_word' id='word_1_45' title='bbox 686 748 891 816; x_wconf 83' lang='lat' dir='ltr'><strong>lapides</strong></span> <span class='ocrx_word' id='word_1_46' title='bbox 944 746 1077 799; x_wconf 89' lang='lat' dir='ltr'><strong>istos</strong></span> <span class='ocrx_word' id='word_1_47' title='bbox 1126 745 1400 814; x_wconf 91' lang='lat' dir='ltr'><strong>pretiosos</strong></span> <span class='ocrx_word' id='word_1_48' title='bbox 1433 753 1490 797; x_wconf 93' lang='lat' dir='ltr'><strong>ut</strong></span> <span class='ocrx_word' id='word_1_49' title='bbox 1538 758 1679 812; x_wconf 91' lang='lat' dir='ltr'><strong>quos</strong></span> <span class='ocrx_word' id='word_1_50' title='bbox 1730 741 2047 811; x_wconf 79' lang='lat' dir='ltr'><strong>ignorantes</strong></span> 
     </span>
    </p>
   </div>
   <div class='ocr_carea' id='block_1_9' title="bbox 470 828 2045 905">
    <p class='ocr_par' dir='ltr' id='par_1_9' title="bbox 470 828 2045 905">
     <span class='ocr_line' id='line_1_9' title="bbox 470 828 2045 905; baseline -0.007 -12"><span class='ocrx_word' id='word_1_51' title='bbox 470 838 710 893; x_wconf 90' lang='lat' dir='ltr'><strong>fructum</strong></span> <span class='ocrx_word' id='word_1_52' title='bbox 749 838 1108 905; x_wconf 83' lang='lat' dir='ltr'><strong>eleemosyna</strong></span> <span class='ocrx_word' id='word_1_53' title='bbox 1142 834 1209 889; x_wconf 89' lang='lat' dir='ltr'><strong>ad</strong></span> <span class='ocrx_word' id='word_1_54' title='bbox 1256 834 1481 903; x_wconf 84' lang='lat' dir='ltr'><strong>plausus</strong></span> <span class='ocrx_word' id='word_1_55' title='bbox 1506 831 1791 885; x_wconf 88' lang='lat' dir='ltr'><strong>hominum</strong></span> <span class='ocrx_word' id='word_1_56' title='bbox 1833 828 2045 884; x_wconf 89' lang='lat' dir='ltr'><strong>confre-</strong></span> 
     </span>
    </p>
   </div>
   <div class='ocr_carea' id='block_1_10' title="bbox 468 924 2047 1002">
    <p class='ocr_par' dir='ltr' id='par_1_10' title="bbox 468 924 2047 1002">
     <span class='ocr_line' id='line_1_10' title="bbox 468 924 2047 1002; baseline -0.006 -19"><span class='ocrx_word' id='word_1_57' title='bbox 468 938 689 1002; x_wconf 79' lang='lat' dir='ltr'><strong>gcrunt,</strong></span> <span class='ocrx_word' id='word_1_58' title='bbox 719 938 799 991; x_wconf 93' lang='lat' dir='ltr'><strong>tu,</strong></span> <span class='ocrx_word' id='word_1_59' title='bbox 840 926 1087 991; x_wconf 85' lang='lat' dir='ltr'><strong>Domine,</strong></span> <span class='ocrx_word' id='word_1_60' title='bbox 1122 942 1216 995; x_wconf 88' lang='lat' dir='ltr'><strong>per</strong></span> <span class='ocrx_word' id='word_1_61' title='bbox 1241 941 1435 979; x_wconf 90' lang='lat' dir='ltr'><strong>manus</strong></span> <span class='ocrx_word' id='word_1_62' title='bbox 1469 924 1787 993; x_wconf 87' lang='lat' dir='ltr'><strong>angelorum</strong></span> <span class='ocrx_word' id='word_1_63' title='bbox 1826 932 2047 977; x_wconf 89' lang='lat' dir='ltr'><strong>tuorum</strong></span> 
     </span>
    </p>
   </div>
   <div class='ocr_carea' id='block_1_11' title="bbox 472 1015 2049 1087">
    <p class='ocr_par' dir='ltr' id='par_1_11' title="bbox 472 1015 2049 1087">
     <span class='ocr_line' id='line_1_11' title="bbox 472 1015 2049 1087; baseline -0.003 -15"><span class='ocrx_word' id='word_1_64' title='bbox 472 1021 633 1075; x_wconf 89' lang='lat' dir='ltr'><strong>modo</strong></span> <span class='ocrx_word' id='word_1_65' title='bbox 662 1034 971 1083; x_wconf 88' lang='lat' dir='ltr'><strong>recupcres,</strong></span> <span class='ocrx_word' id='word_1_66' title='bbox 997 1026 1056 1072; x_wconf 93' lang='lat' dir='ltr'><strong>ut</strong></span> <span class='ocrx_word' id='word_1_67' title='bbox 1078 1018 1253 1087; x_wconf 90' lang='lat' dir='ltr'><strong>pretio</strong></span> <span class='ocrx_word' id='word_1_68' title='bbox 1286 1032 1477 1072; x_wconf 90' lang='lat' dir='ltr'><strong>eorum</strong></span> <span class='ocrx_word' id='word_1_69' title='bbox 1499 1015 1889 1070; x_wconf 92' lang='lat' dir='ltr'><strong>misericordia</strong></span> <span class='ocrx_word' id='word_1_70' title='bbox 1914 1028 2049 1068; x_wconf 89' lang='lat' dir='ltr'><strong>usus</strong></span> 
     </span>
    </p>
   </div>
   <div class='ocr_carea' id='block_1_12' title="bbox 470 1108 2046 1181">
    <p class='ocr_par' dir='ltr' id='par_1_12' title="bbox 470 1108 2046 1181">
     <span class='ocr_line' id='line_1_12' title="bbox 470 1108 2046 1181; baseline -0.002 -17"><span class='ocrx_word' id='word_1_71' title='bbox 470 1112 721 1181; x_wconf 81' lang='lat' dir='ltr'><strong>expletus</strong></span> <span class='ocrx_word' id='word_1_72' title='bbox 756 1111 921 1166; x_wconf 81' lang='lat' dir='ltr'><strong>faciat</strong></span> <span class='ocrx_word' id='word_1_73' title='bbox 942 1111 1227 1166; x_wconf 85' lang='lat' dir='ltr'><strong>credentes</strong></span> <span class='ocrx_word' id='word_1_74' title='bbox 1260 1111 1357 1165; x_wconf 88' lang='lat' dir='ltr'><strong>tibi</strong></span> <span class='ocrx_word' id='word_1_75' title='bbox 1384 1109 1689 1179; x_wconf 82' lang='lat' dir='ltr'><strong>pervenire,</strong></span> <span class='ocrx_word' id='word_1_76' title='bbox 1716 1108 1861 1178; x_wconf 87' lang='lat' dir='ltr'><strong>quod</strong></span> <span class='ocrx_word' id='word_1_77' title='bbox 1892 1117 2046 1161; x_wconf 90' lang='lat' dir='ltr'><strong>tuum</strong></span> 
     </span>
    </p>
   </div>
   <div class='ocr_carea' id='block_1_13' title="bbox 473 1201 2050 1273">
    <p class='ocr_par' dir='ltr' id='par_1_13' title="bbox 473 1201 2050 1273">
     <span class='ocr_line' id='line_1_13' title="bbox 473 1201 2050 1273; baseline 0 -16"><span class='ocrx_word' id='word_1_78' title='bbox 473 1203 787 1273; x_wconf 88' lang='lat' dir='ltr'><strong>imperium,</strong></span> <span class='ocrx_word' id='word_1_79' title='bbox 816 1205 1055 1273; x_wconf 90' lang='lat' dir='ltr'><strong>quicum</strong></span> <span class='ocrx_word' id='word_1_80' title='bbox 1091 1203 1333 1272; x_wconf 82' lang='lat' dir='ltr'><strong>ingenito</strong></span> <span class='ocrx_word' id='word_1_81' title='bbox 1364 1202 1523 1257; x_wconf 84' lang='lat' dir='ltr'><strong>Patre</strong></span> <span class='ocrx_word' id='word_1_82' title='bbox 1545 1211 1597 1256; x_wconf 87' lang='lat' dir='ltr'><strong>et</strong></span> <span class='ocrx_word' id='word_1_83' title='bbox 1626 1201 1831 1271; x_wconf 87' lang='lat' dir='ltr'><strong>Spiritu</strong></span> <span class='ocrx_word' id='word_1_84' title='bbox 1859 1210 2050 1257; x_wconf 90' lang='lat' dir='ltr'><strong>sancto</strong></span> 
     </span>
    </p>
   </div>
   <div class='ocr_carea' id='block_1_14' title="bbox 473 1294 2051 1350">
    <p class='ocr_par' dir='ltr' id='par_1_14' title="bbox 473 1294 2051 1350">
     <span class='ocr_line' id='line_1_14' title="bbox 473 1294 2051 1350; baseline 0 -1"><span class='ocrx_word' id='word_1_85' title='bbox 473 1296 841 1350; x_wconf 88' lang='lat' dir='ltr'><strong>illuminatore</strong></span> <span class='ocrx_word' id='word_1_86' title='bbox 869 1306 924 1350; x_wconf 87' lang='lat' dir='ltr'><strong>et</strong></span> <span class='ocrx_word' id='word_1_87' title='bbox 970 1296 1375 1350; x_wconf 74' lang='lat' dir='ltr'><strong>sanctiticatore</strong></span> <span class='ocrx_word' id='word_1_88' title='bbox 1416 1295 1583 1350; x_wconf 84' lang='lat' dir='ltr'><strong>totius</strong></span> <span class='ocrx_word' id='word_1_89' title='bbox 1622 1294 1880 1350; x_wconf 83' lang='lat' dir='ltr'><strong>Ecclesia</strong></span> <span class='ocrx_word' id='word_1_90' title='bbox 1911 1295 2051 1349; x_wconf 84' lang='lat' dir='ltr'><strong>vivis</strong></span> 
     </span>
    </p>
   </div>
   <div class='ocr_carea' id='block_1_15' title="bbox 471 1386 2053 1456">
    <p class='ocr_par' dir='ltr' id='par_1_15' title="bbox 471 1386 2053 1456">
     <span class='ocr_line' id='line_1_15' title="bbox 471 1386 2053 1456; baseline 0 -15"><span class='ocrx_word' id='word_1_91' title='bbox 471 1396 525 1441; x_wconf 86' lang='lat' dir='ltr'><strong>et</strong></span> <span class='ocrx_word' id='word_1_92' title='bbox 554 1402 770 1455; x_wconf 85' lang='lat' dir='ltr'><strong>regnas,</strong></span> <span class='ocrx_word' id='word_1_93' title='bbox 798 1386 942 1443; x_wconf 86' lang='lat' dir='ltr'><strong>Deus</strong></span> <span class='ocrx_word' id='word_1_94' title='bbox 980 1389 1033 1442; x_wconf 91' lang='lat' dir='ltr'><strong>in</strong></span> <span class='ocrx_word' id='word_1_95' title='bbox 1063 1388 1261 1443; x_wconf 88' lang='lat' dir='ltr'><strong>sacula</strong></span> <span class='ocrx_word' id='word_1_96' title='bbox 1287 1387 1632 1442; x_wconf 87' lang='lat' dir='ltr'><strong>saculorum.</strong></span> <span class='ocrx_word' id='word_1_97' title='bbox 1656 1388 1903 1456; x_wconf 81' lang='lat' dir='ltr'><strong>Cumque</strong></span> <span class='ocrx_word' id='word_1_98' title='bbox 1921 1386 2053 1441; x_wconf 90' lang='lat' dir='ltr'><strong>tide-</strong></span> 
     </span>
    </p>
   </div>
   <div class='ocr_carea' id='block_1_16' title="bbox 473 1479 2052 1551">
    <p class='ocr_par' dir='ltr' id='par_1_16' title="bbox 473 1479 2052 1551">
     <span class='ocr_line' id='line_1_16' title="bbox 473 1479 2052 1551; baseline -0.001 -17"><span class='ocrx_word' id='word_1_99' title='bbox 473 1481 553 1535; x_wconf 89' lang='lat' dir='ltr'><strong>les</strong></span> <span class='ocrx_word' id='word_1_100' title='bbox 581 1482 674 1550; x_wconf 89' lang='lat' dir='ltr'><strong>qui</strong></span> <span class='ocrx_word' id='word_1_101' title='bbox 702 1498 827 1537; x_wconf 90' lang='lat' dir='ltr'><strong>cum</strong></span> <span class='ocrx_word' id='word_1_102' title='bbox 863 1483 1113 1551; x_wconf 76' lang='lat' dir='ltr'><strong>apostolo</strong></span> <span class='ocrx_word' id='word_1_103' title='bbox 1139 1490 1298 1535; x_wconf 90' lang='lat' dir='ltr'><strong>erant</strong></span> <span class='ocrx_word' id='word_1_104' title='bbox 1319 1481 1733 1551; x_wconf 86' lang='lat' dir='ltr'><strong>respondissent</strong></span> <span class='ocrx_word' id='word_1_105' title='bbox 1756 1481 1952 1545; x_wconf 86' lang='lat' dir='ltr'><strong>Amen,</strong></span> <span class='ocrx_word' id='word_1_106' title='bbox 1978 1479 2052 1533; x_wconf 90' lang='lat' dir='ltr'><strong>ita</strong></span> 
     </span>
    </p>
   </div>
   <div class='ocr_carea' id='block_1_17' title="bbox 472 1572 2051 1643">
    <p class='ocr_par' dir='ltr' id='par_1_17' title="bbox 472 1572 2051 1643">
     <span class='ocr_line' id='line_1_17' title="bbox 472 1572 2051 1643; baseline 0 -18"><span class='ocrx_word' id='word_1_107' title='bbox 472 1572 705 1627; x_wconf 87' lang='lat' dir='ltr'><strong>solidata</strong></span> <span class='ocrx_word' id='word_1_108' title='bbox 736 1582 865 1627; x_wconf 91' lang='lat' dir='ltr'><strong>sunt</strong></span> <span class='ocrx_word' id='word_1_109' title='bbox 894 1574 1195 1643; x_wconf 86' lang='lat' dir='ltr'><strong>fragmenta</strong></span> <span class='ocrx_word' id='word_1_110' title='bbox 1234 1588 1595 1642; x_wconf 90' lang='lat' dir='ltr'><strong>gemmarum,</strong></span> <span class='ocrx_word' id='word_1_111' title='bbox 1630 1583 1689 1627; x_wconf 92' lang='lat' dir='ltr'><strong>nt</strong></span> <span class='ocrx_word' id='word_1_112' title='bbox 1711 1586 1811 1627; x_wconf 88' lang='lat' dir='ltr'><strong>nec</strong></span> <span class='ocrx_word' id='word_1_113' title='bbox 1835 1572 2051 1643; x_wconf 90' lang='lat' dir='ltr'><strong>signum</strong></span> 
     </span>
    </p>
   </div>
   <div class='ocr_carea' id='block_1_18' title="bbox 474 1662 2051 1734">
    <p class='ocr_par' dir='ltr' id='par_1_18' title="bbox 474 1662 2051 1734">
     <span class='ocr_line' id='line_1_18' title="bbox 474 1662 2051 1734; baseline 0.001 -17"><span class='ocrx_word' id='word_1_114' title='bbox 474 1664 711 1734; x_wconf 88' lang='lat' dir='ltr'><strong>alicujus</strong></span> <span class='ocrx_word' id='word_1_115' title='bbox 736 1663 989 1721; x_wconf 83' lang='lat' dir='ltr'><strong>fractura</strong></span> <span class='ocrx_word' id='word_1_116' title='bbox 1024 1666 1077 1718; x_wconf 91' lang='lat' dir='ltr'><strong>in</strong></span> <span class='ocrx_word' id='word_1_117' title='bbox 1128 1664 1209 1718; x_wconf 90' lang='lat' dir='ltr'><strong>eis</strong></span> <span class='ocrx_word' id='word_1_118' title='bbox 1240 1672 1565 1723; x_wconf 86' lang='lat' dir='ltr'><strong>remaneret.</strong></span> <span class='ocrx_word' id='word_1_119' title='bbox 1602 1662 1756 1718; x_wconf 89' lang='lat' dir='ltr'><strong>Tunc</strong></span> <span class='ocrx_word' id='word_1_120' title='bbox 1803 1665 2051 1734; x_wconf 88' lang='lat' dir='ltr'><strong>philoso-</strong></span> 
     </span>
    </p>
   </div>
   <div class='ocr_carea' id='block_1_19' title="bbox 476 1756 2053 1829">
    <p class='ocr_par' dir='ltr' id='par_1_19' title="bbox 476 1756 2053 1829">
     <span class='ocr_line' id='line_1_19' title="bbox 476 1756 2053 1829; baseline 0.001 -18"><span class='ocrx_word' id='word_1_121' title='bbox 476 1758 617 1826; x_wconf 92' lang='lat' dir='ltr'><strong>phus</strong></span> <span class='ocrx_word' id='word_1_122' title='bbox 647 1757 847 1811; x_wconf 89' lang='lat' dir='ltr'><strong>Craton</strong></span> <span class='ocrx_word' id='word_1_123' title='bbox 873 1757 1035 1811; x_wconf 88' lang='lat' dir='ltr'><strong>simul</strong></span> <span class='ocrx_word' id='word_1_124' title='bbox 1077 1772 1201 1810; x_wconf 91' lang='lat' dir='ltr'><strong>cum</strong></span> <span class='ocrx_word' id='word_1_125' title='bbox 1241 1756 1326 1811; x_wconf 87' lang='lat' dir='ltr'><strong>his</strong></span> <span class='ocrx_word' id='word_1_126' title='bbox 1354 1757 1647 1829; x_wconf 71' lang='lat' dir='ltr'><strong>juvenibus</strong></span> <span class='ocrx_word' id='word_1_127' title='bbox 1679 1766 1733 1811; x_wconf 91' lang='lat' dir='ltr'><strong>et</strong></span> <span class='ocrx_word' id='word_1_128' title='bbox 1774 1771 1898 1811; x_wconf 86' lang='lat' dir='ltr'><strong>cum</strong></span> <span class='ocrx_word' id='word_1_129' title='bbox 1930 1759 2053 1812; x_wconf 85' lang='lat' dir='ltr'><strong>uni-</strong></span> 
     </span>
    </p>
   </div>
   <div class='ocr_carea' id='block_1_20' title="bbox 476 1850 2053 1920">
    <p class='ocr_par' dir='ltr' id='par_1_20' title="bbox 476 1850 2053 1920">
     <span class='ocr_line' id='line_1_20' title="bbox 476 1850 2053 1920; baseline 0.002 -17"><span class='ocrx_word' id='word_1_130' title='bbox 476 1851 653 1904; x_wconf 84' lang='lat' dir='ltr'><strong>versis</strong></span> <span class='ocrx_word' id='word_1_131' title='bbox 683 1851 967 1919; x_wconf 84' lang='lat' dir='ltr'><strong>discipulis</strong></span> <span class='ocrx_word' id='word_1_132' title='bbox 988 1851 1101 1905; x_wconf 87' lang='lat' dir='ltr'><strong>suis</strong></span> <span class='ocrx_word' id='word_1_133' title='bbox 1121 1850 1350 1919; x_wconf 83' lang='lat' dir='ltr'><strong>pedibus</strong></span> <span class='ocrx_word' id='word_1_134' title='bbox 1373 1851 1494 1920; x_wconf 86' lang='lat' dir='ltr'><strong>ejus</strong></span> <span class='ocrx_word' id='word_1_135' title='bbox 1513 1851 1803 1907; x_wconf 82' lang='lat' dir='ltr'><strong>advolutus</strong></span> <span class='ocrx_word' id='word_1_136' title='bbox 1826 1852 2053 1906; x_wconf 82' lang='lat' dir='ltr'><strong>credidit</strong></span> 
     </span>
    </p>
   </div>
   <div class='ocr_carea' id='block_1_21' title="bbox 475 1941 2049 2013">
    <p class='ocr_par' dir='ltr' id='par_1_21' title="bbox 475 1941 2049 2013">
     <span class='ocr_line' id='line_1_21' title="bbox 475 1941 2049 2013; baseline -0.003 -15"><span class='ocrx_word' id='word_1_137' title='bbox 475 1953 531 1998; x_wconf 91' lang='lat' dir='ltr'><strong>et</strong></span> <span class='ocrx_word' id='word_1_138' title='bbox 564 1944 872 2013; x_wconf 87' lang='lat' dir='ltr'><strong>baptizatus</strong></span> <span class='ocrx_word' id='word_1_139' title='bbox 912 1952 995 1997; x_wconf 91' lang='lat' dir='ltr'><strong>est</strong></span> <span class='ocrx_word' id='word_1_140' title='bbox 1019 1959 1143 1997; x_wconf 89' lang='lat' dir='ltr'><strong>cum</strong></span> <span class='ocrx_word' id='word_1_141' title='bbox 1176 1943 1433 1997; x_wconf 84' lang='lat' dir='ltr'><strong>omnibus</strong></span> <span class='ocrx_word' id='word_1_142' title='bbox 1460 1951 1513 1995; x_wconf 88' lang='lat' dir='ltr'><strong>et</strong></span> <span class='ocrx_word' id='word_1_143' title='bbox 1544 1942 1707 2011; x_wconf 80' lang='lat' dir='ltr'><strong>capit</strong></span> <span class='ocrx_word' id='word_1_144' title='bbox 1742 1942 1899 1997; x_wconf 88' lang='lat' dir='ltr'><strong>tidem</strong></span> <span class='ocrx_word' id='word_1_145' title='bbox 1938 1941 2049 1996; x_wconf 84' lang='lat' dir='ltr'><strong>Do-</strong></span> 
     </span>
    </p>
   </div>
   <div class='ocr_carea' id='block_1_22' title="bbox 477 2030 2053 2101">
    <p class='ocr_par' dir='ltr' id='par_1_22' title="bbox 477 2030 2053 2101">
     <span class='ocr_line' id='line_1_22' title="bbox 477 2030 2053 2101; baseline -0.001 -13"><span class='ocrx_word' id='word_1_146' title='bbox 477 2036 612 2088; x_wconf 90' lang='lat' dir='ltr'><strong>mini</strong></span> <span class='ocrx_word' id='word_1_147' title='bbox 664 2036 839 2089; x_wconf 90' lang='lat' dir='ltr'><strong>nostri</strong></span> <span class='ocrx_word' id='word_1_148' title='bbox 886 2033 1011 2087; x_wconf 79' lang='lat' dir='ltr'><strong>Jesu</strong></span> <span class='ocrx_word' id='word_1_149' title='bbox 1044 2032 1248 2087; x_wconf 87' lang='lat' dir='ltr'><strong>Christi</strong></span> <span class='ocrx_word' id='word_1_150' title='bbox 1284 2032 1500 2101; x_wconf 91' lang='lat' dir='ltr'><strong>publice</strong></span> <span class='ocrx_word' id='word_1_151' title='bbox 1545 2032 1861 2100; x_wconf 87' lang='lat' dir='ltr'><strong>pradicare.</strong></span> <span class='ocrx_word' id='word_1_152' title='bbox 1899 2030 2053 2087; x_wconf 89' lang='lat' dir='ltr'><strong>Tunc</strong></span> 
     </span>
    </p>
   </div>
   <div class='ocr_carea' id='block_1_23' title="bbox 475 2124 2053 2193">
    <p class='ocr_par' dir='ltr' id='par_1_23' title="bbox 475 2124 2053 2193">
     <span class='ocr_line' id='line_1_23' title="bbox 475 2124 2053 2193; baseline -0.001 -12"><span class='ocrx_word' id='word_1_153' title='bbox 475 2128 586 2181; x_wconf 91' lang='lat' dir='ltr'><strong>duo</strong></span> <span class='ocrx_word' id='word_1_154' title='bbox 627 2127 704 2180; x_wconf 87' lang='lat' dir='ltr'><strong>illi</strong></span> <span class='ocrx_word' id='word_1_155' title='bbox 757 2125 953 2180; x_wconf 88' lang='lat' dir='ltr'><strong>fratres</strong></span> <span class='ocrx_word' id='word_1_156' title='bbox 994 2126 1369 2179; x_wconf 86' lang='lat' dir='ltr'><strong>venundantcs</strong></span> <span class='ocrx_word' id='word_1_157' title='bbox 1396 2138 1641 2193; x_wconf 88' lang='lat' dir='ltr'><strong>gemmas</strong></span> <span class='ocrx_word' id='word_1_158' title='bbox 1669 2138 1805 2191; x_wconf 84' lang='lat' dir='ltr'><strong>quas</strong></span> <span class='ocrx_word' id='word_1_159' title='bbox 1837 2124 2053 2179; x_wconf 88' lang='lat' dir='ltr'><strong>vendito</strong></span> 
     </span>
    </p>
   </div>
   <div class='ocr_carea' id='block_1_24' title="bbox 476 2216 2049 2290">
    <p class='ocr_par' dir='ltr' id='par_1_24' title="bbox 476 2216 2049 2290">
     <span class='ocr_line' id='line_1_24' title="bbox 476 2216 2049 2290; baseline -0.001 -17"><span class='ocrx_word' id='word_1_160' title='bbox 476 2220 809 2290; x_wconf 87' lang='lat' dir='ltr'><strong>patrimonio</strong></span> <span class='ocrx_word' id='word_1_161' title='bbox 842 2234 945 2273; x_wconf 91' lang='lat' dir='ltr'><strong>suo</strong></span> <span class='ocrx_word' id='word_1_162' title='bbox 988 2226 1234 2272; x_wconf 86' lang='lat' dir='ltr'><strong>emerant</strong></span> <span class='ocrx_word' id='word_1_163' title='bbox 1282 2216 1615 2285; x_wconf 88' lang='lat' dir='ltr'><strong>pauperibus</strong></span> <span class='ocrx_word' id='word_1_164' title='bbox 1664 2226 2049 2287; x_wconf 88' lang='lat' dir='ltr'><strong>erogaverunt.</strong></span> 
     </span>
    </p>
   </div>
   <div class='ocr_carea' id='block_1_25' title="bbox 477 2306 1767 2381">
    <p class='ocr_par' dir='ltr' id='par_1_25' title="bbox 477 2306 1767 2381">
     <span class='ocr_line' id='line_1_25' title="bbox 477 2306 1767 2381; baseline -0.004 -15"><span class='ocrx_word' id='word_1_165' title='bbox 477 2312 545 2366; x_wconf 83' lang='lat' dir='ltr'><strong>Et</strong></span> <span class='ocrx_word' id='word_1_166' title='bbox 575 2312 741 2381; x_wconf 79' lang='lat' dir='ltr'><strong>capit</strong></span> <span class='ocrx_word' id='word_1_167' title='bbox 769 2311 977 2364; x_wconf 88' lang='lat' dir='ltr'><strong>infinita</strong></span> <span class='ocrx_word' id='word_1_168' title='bbox 1008 2310 1164 2363; x_wconf 91' lang='lat' dir='ltr'><strong>turba</strong></span> <span class='ocrx_word' id='word_1_169' title='bbox 1193 2306 1471 2361; x_wconf 84' lang='lat' dir='ltr'><strong>adharerc</strong></span> <span class='ocrx_word' id='word_1_170' title='bbox 1502 2308 1767 2375; x_wconf 90' lang='lat' dir='ltr'><strong>apostolo.</strong></span> 
     </span>
    </p>
   </div>
   <div class='ocr_carea' id='block_1_26' title="bbox 550 2398 2053 2468">
    <p class='ocr_par' dir='ltr' id='par_1_26' title="bbox 550 2398 2053 2468">
     <span class='ocr_line' id='line_1_26' title="bbox 550 2398 2053 2468; baseline -0.003 -11"><span class='ocrx_word' id='word_1_171' title='bbox 550 2404 705 2459; x_wconf 84' lang='lat' dir='ltr'><strong>Tunc</strong></span> <span class='ocrx_word' id='word_1_172' title='bbox 734 2403 844 2457; x_wconf 91' lang='lat' dir='ltr'><strong>duo</strong></span> <span class='ocrx_word' id='word_1_173' title='bbox 875 2401 1128 2455; x_wconf 87' lang='lat' dir='ltr'><strong>honorati</strong></span> <span class='ocrx_word' id='word_1_174' title='bbox 1160 2400 1260 2453; x_wconf 90' lang='lat' dir='ltr'><strong>viri</strong></span> <span class='ocrx_word' id='word_1_175' title='bbox 1296 2400 1534 2454; x_wconf 90' lang='lat' dir='ltr'><strong>civitatis</strong></span> <span class='ocrx_word' id='word_1_176' title='bbox 1557 2398 1917 2468; x_wconf 83' lang='lat' dir='ltr'><strong>Ephesiorum</strong></span> <span class='ocrx_word' id='word_1_177' title='bbox 1950 2399 2053 2453; x_wconf 88' lang='lat' dir='ltr'><strong>ho-</strong></span> 
     </span>
    </p>
   </div>
   <div class='ocr_carea' id='block_1_27' title="bbox 480 2488 2055 2563">
    <p class='ocr_par' dir='ltr' id='par_1_27' title="bbox 480 2488 2055 2563">
     <span class='ocr_line' id='line_1_27' title="bbox 480 2488 2055 2563; baseline -0.004 -15"><span class='ocrx_word' id='word_1_178' title='bbox 480 2510 600 2548; x_wconf 89' lang='lat' dir='ltr'><strong>rnm</strong></span> <span class='ocrx_word' id='word_1_179' title='bbox 630 2502 921 2563; x_wconf 90' lang='lat' dir='ltr'><strong>sequentes</strong></span> <span class='ocrx_word' id='word_1_180' title='bbox 970 2491 1280 2560; x_wconf 76' lang='lat' dir='ltr'><strong>exemplum</strong></span> <span class='ocrx_word' id='word_1_181' title='bbox 1308 2531 1323 2556; x_wconf 93' lang='lat'><strong>,</strong></span> <span class='ocrx_word' id='word_1_182' title='bbox 1364 2489 1662 2544; x_wconf 91' lang='lat' dir='ltr'><strong>vendentes</strong></span> <span class='ocrx_word' id='word_1_183' title='bbox 1714 2488 1899 2542; x_wconf 88' lang='lat' dir='ltr'><strong>omnia</strong></span> <span class='ocrx_word' id='word_1_184' title='bbox 1954 2504 2055 2543; x_wconf 90' lang='lat' dir='ltr'><strong>sua</strong></span> 
     </span>
    </p>
   </div>
   <div class='ocr_carea' id='block_1_28' title="bbox 476 2582 2053 2655">
    <p class='ocr_par' dir='ltr' id='par_1_28' title="bbox 476 2582 2053 2655">
     <span class='ocr_line' id='line_1_28' title="bbox 476 2582 2053 2655; baseline -0.003 -16"><span class='ocrx_word' id='word_1_185' title='bbox 476 2602 603 2655; x_wconf 89' lang='lat' dir='ltr'><strong>qua</strong></span> <span class='ocrx_word' id='word_1_186' title='bbox 633 2586 833 2640; x_wconf 89' lang='lat' dir='ltr'><strong>habere</strong></span> <span class='ocrx_word' id='word_1_187' title='bbox 860 2593 1109 2653; x_wconf 90' lang='lat' dir='ltr'><strong>poterant</strong></span> <span class='ocrx_word' id='word_1_188' title='bbox 1137 2594 1191 2636; x_wconf 87' lang='lat' dir='ltr'><strong>et</strong></span> <span class='ocrx_word' id='word_1_189' title='bbox 1224 2583 1418 2636; x_wconf 90' lang='lat' dir='ltr'><strong>dantes</strong></span> <span class='ocrx_word' id='word_1_190' title='bbox 1448 2582 1700 2635; x_wconf 91' lang='lat' dir='ltr'><strong>universa</strong></span> <span class='ocrx_word' id='word_1_191' title='bbox 1746 2582 2053 2649; x_wconf 78' lang='lat' dir='ltr'><strong>egentibus,</strong></span> 
     </span>
    </p>
   </div>
   <div class='ocr_carea' id='block_1_29' title="bbox 480 2676 2057 2749">
    <p class='ocr_par' dir='ltr' id='par_1_29' title="bbox 480 2676 2057 2749">
     <span class='ocr_line' id='line_1_29' title="bbox 480 2676 2057 2749; baseline -0.004 -15"><span class='ocrx_word' id='word_1_192' title='bbox 480 2680 853 2749; x_wconf 80' lang='lat' dir='ltr'><strong>sequebantur</strong></span> <span class='ocrx_word' id='word_1_193' title='bbox 905 2676 1213 2746; x_wconf 89' lang='lat' dir='ltr'><strong>apostolum</strong></span> <span class='ocrx_word' id='word_1_194' title='bbox 1273 2691 1369 2745; x_wconf 90' lang='lat' dir='ltr'><strong>per</strong></span> <span class='ocrx_word' id='word_1_195' title='bbox 1426 2676 1672 2730; x_wconf 88' lang='lat' dir='ltr'><strong>civitates</strong></span> <span class='ocrx_word' id='word_1_196' title='bbox 1728 2684 1945 2728; x_wconf 90' lang='lat' dir='ltr'><strong>euntem</strong></span> <span class='ocrx_word' id='word_1_197' title='bbox 2004 2681 2057 2727; x_wconf 88' lang='lat' dir='ltr'><strong>et</strong></span> 
     </span>
    </p>
   </div>
   <div class='ocr_carea' id='block_1_30' title="bbox 480 2767 2058 2839">
    <p class='ocr_par' dir='ltr' id='par_1_30' title="bbox 480 2767 2058 2839">
     <span class='ocr_line' id='line_1_30' title="bbox 480 2767 2058 2839; baseline -0.004 -13"><span class='ocrx_word' id='word_1_198' title='bbox 480 2772 646 2827; x_wconf 86' lang='lat' dir='ltr'><strong>verba</strong></span> <span class='ocrx_word' id='word_1_199' title='bbox 675 2770 890 2825; x_wconf 88' lang='lat' dir='ltr'><strong>Domini</strong></span> <span class='ocrx_word' id='word_1_200' title='bbox 929 2770 1337 2839; x_wconf 88' lang='lat' dir='ltr'><strong>pradicantem.</strong></span> <span class='ocrx_word' id='word_1_201' title='bbox 1384 2768 1627 2838; x_wconf 76' lang='lat' dir='ltr'><strong>Contigit</strong></span> <span class='ocrx_word' id='word_1_202' title='bbox 1668 2779 1847 2823; x_wconf 92' lang='lat' dir='ltr'><strong>autem</strong></span> <span class='ocrx_word' id='word_1_203' title='bbox 1884 2777 1942 2822; x_wconf 92' lang='lat' dir='ltr'><strong>ut</strong></span> <span class='ocrx_word' id='word_1_204' title='bbox 1973 2767 2058 2821; x_wconf 91' lang='lat' dir='ltr'><strong>in-</strong></span> 
     </span>
    </p>
   </div>
   <div class='ocr_carea' id='block_1_31' title="bbox 481 2862 2059 2934">
    <p class='ocr_par' dir='ltr' id='par_1_31' title="bbox 481 2862 2059 2934">
     <span class='ocr_line' id='line_1_31' title="bbox 481 2862 2059 2934; baseline -0.003 -13"><span class='ocrx_word' id='word_1_205' title='bbox 481 2876 690 2921; x_wconf 89' lang='lat' dir='ltr'><strong>trantes</strong></span> <span class='ocrx_word' id='word_1_206' title='bbox 724 2865 913 2919; x_wconf 87' lang='lat' dir='ltr'><strong>urbem</strong></span> <span class='ocrx_word' id='word_1_207' title='bbox 947 2862 1271 2934; x_wconf 82' lang='lat' dir='ltr'><strong>Pergamum</strong></span> <span class='ocrx_word' id='word_1_208' title='bbox 1306 2862 1553 2917; x_wconf 89' lang='lat' dir='ltr'><strong>viderent</strong></span> <span class='ocrx_word' id='word_1_209' title='bbox 1579 2877 1769 2918; x_wconf 87' lang='lat' dir='ltr'><strong>servos</strong></span> <span class='ocrx_word' id='word_1_210' title='bbox 1797 2878 1929 2918; x_wconf 91' lang='lat' dir='ltr'><strong>suos</strong></span> <span class='ocrx_word' id='word_1_211' title='bbox 1971 2877 2059 2919; x_wconf 88' lang='lat' dir='ltr'><strong>se—</strong></span> 
     </span>
    </p>
   </div>
   <div class='ocr_carea' id='block_1_32' title="bbox 482 2952 2059 3023">
    <p class='ocr_par' dir='ltr' id='par_1_32' title="bbox 482 2952 2059 3023">
     <span class='ocr_line' id='line_1_32' title="bbox 482 2952 2059 3023; baseline -0.001 -12"><span class='ocrx_word' id='word_1_212' title='bbox 482 2956 613 3012; x_wconf 92' lang='lat' dir='ltr'><strong>ricis</strong></span> <span class='ocrx_word' id='word_1_213' title='bbox 644 2956 864 3010; x_wconf 91' lang='lat' dir='ltr'><strong>indutos</strong></span> <span class='ocrx_word' id='word_1_214' title='bbox 902 2954 1149 3009; x_wconf 74' lang='lat' dir='ltr'><strong>vestibus</strong></span> <span class='ocrx_word' id='word_1_215' title='bbox 1184 2952 1542 3023; x_wconf 86' lang='lat' dir='ltr'><strong>procedentes</strong></span> <span class='ocrx_word' id='word_1_216' title='bbox 1576 2963 1630 3007; x_wconf 92' lang='lat' dir='ltr'><strong>et</strong></span> <span class='ocrx_word' id='word_1_217' title='bbox 1660 2953 1713 3007; x_wconf 91' lang='lat' dir='ltr'><strong>in</strong></span> <span class='ocrx_word' id='word_1_218' title='bbox 1753 2953 1926 3022; x_wconf 85' lang='lat' dir='ltr'><strong>gloria</strong></span> <span class='ocrx_word' id='word_1_219' title='bbox 1958 2970 2059 3010; x_wconf 83' lang='lat' dir='ltr'><strong>sa-</strong></span> 
     </span>
    </p>
   </div>
   <div class='ocr_carea' id='block_1_33' title="bbox 481 3044 2127 3117">
    <p class='ocr_par' dir='ltr' id='par_1_33' title="bbox 481 3044 2127 3117">
     <span class='ocr_line' id='line_1_33' title="bbox 481 3044 2127 3117; baseline -0.002 -14"><span class='ocrx_word' id='word_1_220' title='bbox 481 3048 655 3104; x_wconf 83' lang='lat' dir='ltr'><strong>culari</strong></span> <span class='ocrx_word' id='word_1_221' title='bbox 678 3046 967 3117; x_wconf 84' lang='lat' dir='ltr'><strong>fulgentes.</strong></span> <span class='ocrx_word' id='word_1_222' title='bbox 1005 3044 1156 3099; x_wconf 86' lang='lat' dir='ltr'><strong>Unde</strong></span> <span class='ocrx_word' id='word_1_223' title='bbox 1188 3044 1393 3099; x_wconf 89' lang='lat' dir='ltr'><strong>factum</strong></span> <span class='ocrx_word' id='word_1_224' title='bbox 1426 3052 1511 3099; x_wconf 90' lang='lat' dir='ltr'><strong>est</strong></span> <span class='ocrx_word' id='word_1_225' title='bbox 1535 3054 1596 3097; x_wconf 93' lang='lat' dir='ltr'><strong>ut</strong></span> <span class='ocrx_word' id='word_1_226' title='bbox 1622 3044 1819 3113; x_wconf 88' lang='lat' dir='ltr'><strong>sagitta</strong></span> <span class='ocrx_word' id='word_1_227' title='bbox 1848 3044 2051 3100; x_wconf 89' lang='lat' dir='ltr'><strong>diaboli</strong></span> <span class='ocrx_word' id='word_1_228' title='bbox 2085 3055 2127 3112; x_wconf 74' lang='grc' dir='ltr'>ο</span> 
     </span>
    </p>
   </div>
   <div class='ocr_carea' id='block_1_34' title="bbox 482 3134 2061 3211">
    <p class='ocr_par' dir='ltr' id='par_1_34' title="bbox 482 3134 2061 3211">
     <span class='ocr_line' id='line_1_34' title="bbox 482 3134 2061 3211; baseline -0.001 -17"><span class='ocrx_word' id='word_1_229' title='bbox 482 3140 730 3211; x_wconf 91' lang='lat' dir='ltr'><strong>percussi</strong></span> <span class='ocrx_word' id='word_1_230' title='bbox 783 3138 969 3194; x_wconf 88' lang='lat' dir='ltr'><strong>tristes</strong></span> <span class='ocrx_word' id='word_1_231' title='bbox 1004 3136 1367 3200; x_wconf 75' lang='lat' dir='ltr'><strong>efficerentur,</strong></span> <span class='ocrx_word' id='word_1_232' title='bbox 1414 3134 1562 3204; x_wconf 90' lang='lat' dir='ltr'><strong>quod</strong></span> <span class='ocrx_word' id='word_1_233' title='bbox 1590 3150 1648 3189; x_wconf 90' lang='lat' dir='ltr'><strong>se</strong></span> <span class='ocrx_word' id='word_1_234' title='bbox 1673 3135 1725 3189; x_wconf 91' lang='lat' dir='ltr'><strong>in</strong></span> <span class='ocrx_word' id='word_1_235' title='bbox 1758 3152 1868 3190; x_wconf 93' lang='lat' dir='ltr'><strong>uno</strong></span> <span class='ocrx_word' id='word_1_236' title='bbox 1893 3138 2061 3207; x_wconf 84' lang='lat' dir='ltr'><strong>pallio</strong></span> 
     </span>
    </p>
   </div>
   <div class='ocr_carea' id='block_1_35' title="bbox 481 3229 2062 3301">
    <p class='ocr_par' dir='ltr' id='par_1_35' title="bbox 481 3229 2062 3301">
     <span class='ocr_line' id='line_1_35' title="bbox 481 3229 2062 3301; baseline 0.002 -16"><span class='ocrx_word' id='word_1_237' title='bbox 481 3233 734 3288; x_wconf 86' lang='lat' dir='ltr'><strong>viderent</strong></span> <span class='ocrx_word' id='word_1_238' title='bbox 784 3239 1028 3301; x_wconf 80' lang='lat' dir='ltr'><strong>egentes,</strong></span> <span class='ocrx_word' id='word_1_239' title='bbox 1075 3245 1206 3285; x_wconf 90' lang='lat' dir='ltr'><strong>suos</strong></span> <span class='ocrx_word' id='word_1_240' title='bbox 1234 3244 1364 3284; x_wconf 89' lang='lat' dir='ltr'><strong>vero</strong></span> <span class='ocrx_word' id='word_1_241' title='bbox 1409 3243 1598 3283; x_wconf 89' lang='lat' dir='ltr'><strong>servos</strong></span> <span class='ocrx_word' id='word_1_242' title='bbox 1652 3229 2062 3296; x_wconf 89' lang='lat' dir='ltr'><strong>potentissimos</strong></span> 
     </span>
    </p>
   </div>
   <div class='ocr_carea' id='block_1_36' title="bbox 482 3320 2063 3397">
    <p class='ocr_par' dir='ltr' id='par_1_36' title="bbox 482 3320 2063 3397">
     <span class='ocr_line' id='line_1_36' title="bbox 482 3320 2063 3397; baseline -0.003 -14"><span class='ocrx_word' id='word_1_243' title='bbox 482 3338 645 3397; x_wconf 85' lang='lat' dir='ltr'><strong>atque</strong></span> <span class='ocrx_word' id='word_1_244' title='bbox 693 3326 983 3397; x_wconf 78' lang='lat' dir='ltr'><strong>fulgentes.</strong></span> <span class='ocrx_word' id='word_1_245' title='bbox 1045 3322 1149 3377; x_wconf 86' lang='lat' dir='ltr'><strong>Sed</strong></span> <span class='ocrx_word' id='word_1_246' title='bbox 1182 3323 1283 3377; x_wconf 88' lang='lat' dir='ltr'><strong>hos</strong></span> <span class='ocrx_word' id='word_1_247' title='bbox 1307 3322 1466 3377; x_wconf 89' lang='lat' dir='ltr'><strong>dolos</strong></span> <span class='ocrx_word' id='word_1_248' title='bbox 1506 3320 1709 3375; x_wconf 87' lang='lat' dir='ltr'><strong>diaboli</strong></span> <span class='ocrx_word' id='word_1_249' title='bbox 1754 3321 2063 3394; x_wconf 87' lang='lat' dir='ltr'><strong>intelligens</strong></span> 
     </span>
    </p>
   </div>
   <div class='ocr_carea' id='block_1_37' title="bbox 482 3419 2063 3494">
    <p class='ocr_par' dir='ltr' id='par_1_37' title="bbox 482 3419 2063 3494">
     <span class='ocr_line' id='line_1_37' title="bbox 482 3419 2063 3494; baseline -0.004 -15"><span class='ocrx_word' id='word_1_250' title='bbox 482 3424 765 3494; x_wconf 87' lang='lat' dir='ltr'><strong>apostolus</strong></span> <span class='ocrx_word' id='word_1_251' title='bbox 795 3422 872 3476; x_wconf 86' lang='lat' dir='ltr'><strong>ait</strong></span> <span class='ocrx_word' id='word_1_252' title='bbox 902 3441 915 3476; x_wconf 90' lang='lat'>:</span> <span class='ocrx_word' id='word_1_253' title='bbox 940 3420 1113 3474; x_wconf 78' lang='lat' dir='ltr'><strong>Video</strong></span> <span class='ocrx_word' id='word_1_254' title='bbox 1148 3434 1242 3473; x_wconf 90' lang='lat' dir='ltr'><strong>vos</strong></span> <span class='ocrx_word' id='word_1_255' title='bbox 1269 3427 1554 3472; x_wconf 87' lang='lat' dir='ltr'><strong>etannnos</strong></span> <span class='ocrx_word' id='word_1_256' title='bbox 1582 3426 1829 3473; x_wconf 89' lang='lat' dir='ltr'><strong>mutasse</strong></span> <span class='ocrx_word' id='word_1_257' title='bbox 1860 3428 1915 3472; x_wconf 92' lang='lat' dir='ltr'><strong>et</strong></span> <span class='ocrx_word' id='word_1_258' title='bbox 1944 3419 2063 3472; x_wconf 90' lang='lat' dir='ltr'><strong>vul-</strong></span> 
     </span>
    </p>
   </div>
   <div class='ocr_carea' id='block_1_38' title="bbox 482 3508 2060 3586">
    <p class='ocr_par' dir='ltr' id='par_1_38' title="bbox 482 3508 2060 3586">
     <span class='ocr_line' id='line_1_38' title="bbox 482 3508 2060 3586; baseline -0.005 -15"><span class='ocrx_word' id='word_1_259' title='bbox 482 3524 573 3571; x_wconf 89' lang='lat' dir='ltr'><strong>tus</strong></span> <span class='ocrx_word' id='word_1_260' title='bbox 600 3525 821 3586; x_wconf 86' lang='lat' dir='ltr'><strong>propter</strong></span> <span class='ocrx_word' id='word_1_261' title='bbox 845 3514 947 3568; x_wconf 93' lang='lat' dir='ltr'><strong>hoc</strong></span> <span class='ocrx_word' id='word_1_262' title='bbox 976 3510 1124 3581; x_wconf 90' lang='lat' dir='ltr'><strong>quod</strong></span> <span class='ocrx_word' id='word_1_263' title='bbox 1166 3510 1476 3565; x_wconf 89' lang='lat' dir='ltr'><strong>doctrinam</strong></span> <span class='ocrx_word' id='word_1_264' title='bbox 1528 3508 1745 3563; x_wconf 89' lang='lat' dir='ltr'><strong>Domini</strong></span> <span class='ocrx_word' id='word_1_265' title='bbox 1785 3510 1891 3563; x_wconf 90' lang='lat' dir='ltr'><strong>mei</strong></span> <span class='ocrx_word' id='word_1_266' title='bbox 1930 3508 2060 3564; x_wconf 85' lang='lat' dir='ltr'><strong>Jesu</strong></span> 
     </span>
    </p>
   </div>
   <div class='ocr_carea' id='block_1_39' title="bbox 482 3598 2064 3669">
    <p class='ocr_par' dir='ltr' id='par_1_39' title="bbox 482 3598 2064 3669">
     <span class='ocr_line' id='line_1_39' title="bbox 482 3598 2064 3669; baseline -0.002 -11"><span class='ocrx_word' id='word_1_267' title='bbox 482 3602 688 3658; x_wconf 88' lang='lat' dir='ltr'><strong>Christi</strong></span> <span class='ocrx_word' id='word_1_268' title='bbox 713 3602 883 3657; x_wconf 87' lang='lat' dir='ltr'><strong>secuti</strong></span> <span class='ocrx_word' id='word_1_269' title='bbox 914 3602 1068 3664; x_wconf 89' lang='lat' dir='ltr'><strong>estis,</strong></span> <span class='ocrx_word' id='word_1_270' title='bbox 1096 3607 1148 3653; x_wconf 91' lang='lat' dir='ltr'><strong>et</strong></span> <span class='ocrx_word' id='word_1_271' title='bbox 1185 3598 1368 3652; x_wconf 83' lang='lat' dir='ltr'><strong>omnia</strong></span> <span class='ocrx_word' id='word_1_272' title='bbox 1404 3614 1526 3668; x_wconf 87' lang='lat' dir='ltr'><strong>qua</strong></span> <span class='ocrx_word' id='word_1_273' title='bbox 1560 3598 1763 3653; x_wconf 89' lang='lat' dir='ltr'><strong>habere</strong></span> <span class='ocrx_word' id='word_1_274' title='bbox 1807 3600 2064 3669; x_wconf 91' lang='lat' dir='ltr'><strong>potuistis</strong></span> 
     </span>
    </p>
   </div>
   <div class='ocr_carea' id='block_1_40' title="bbox 482 3690 2065 3768">
    <p class='ocr_par' dir='ltr' id='par_1_40' title="bbox 482 3690 2065 3768">
     <span class='ocr_line' id='line_1_40' title="bbox 482 3690 2065 3768; baseline -0.004 -17"><span class='ocrx_word' id='word_1_275' title='bbox 482 3696 817 3768; x_wconf 85' lang='lat' dir='ltr'><strong>pauperibus</strong></span> <span class='ocrx_word' id='word_1_276' title='bbox 850 3693 1182 3748; x_wconf 89' lang='lat' dir='ltr'><strong>contulistis.</strong></span> <span class='ocrx_word' id='word_1_277' title='bbox 1211 3690 1369 3746; x_wconf 90' lang='lat' dir='ltr'><strong>Unde</strong></span> <span class='ocrx_word' id='word_1_278' title='bbox 1403 3692 1448 3745; x_wconf 91' lang='lat' dir='ltr'><strong>si</strong></span> <span class='ocrx_word' id='word_1_279' title='bbox 1492 3691 1655 3747; x_wconf 80' lang='lat' dir='ltr'><strong>vultis</strong></span> <span class='ocrx_word' id='word_1_280' title='bbox 1695 3692 1879 3745; x_wconf 85' lang='lat' dir='ltr'><strong>omnia</strong></span> <span class='ocrx_word' id='word_1_281' title='bbox 1908 3706 2065 3745; x_wconf 90' lang='lat' dir='ltr'><strong>recu-</strong></span> 
     </span>
    </p>
   </div>
   <div class='ocr_carea' id='block_1_41' title="bbox 485 3782 2065 3856">
    <p class='ocr_par' dir='ltr' id='par_1_41' title="bbox 485 3782 2065 3856">
     <span class='ocr_line' id='line_1_41' title="bbox 485 3782 2065 3856; baseline -0.002 -15"><span class='ocrx_word' id='word_1_282' title='bbox 485 3804 677 3856; x_wconf 89' lang='lat' dir='ltr'><strong>perare</strong></span> <span class='ocrx_word' id='word_1_283' title='bbox 711 3802 833 3855; x_wconf 90' lang='lat' dir='ltr'><strong>qua</strong></span> <span class='ocrx_word' id='word_1_284' title='bbox 861 3786 914 3839; x_wconf 94' lang='lat' dir='ltr'><strong>in</strong></span> <span class='ocrx_word' id='word_1_285' title='bbox 947 3800 1104 3849; x_wconf 90' lang='lat' dir='ltr'><strong>auro,</strong></span> <span class='ocrx_word' id='word_1_286' title='bbox 1122 3792 1177 3837; x_wconf 91' lang='lat' dir='ltr'><strong>ct</strong></span> <span class='ocrx_word' id='word_1_287' title='bbox 1205 3784 1258 3836; x_wconf 93' lang='lat' dir='ltr'><strong>in</strong></span> <span class='ocrx_word' id='word_1_288' title='bbox 1284 3791 1529 3853; x_wconf 83' lang='lat' dir='ltr'><strong>argento,</strong></span> <span class='ocrx_word' id='word_1_289' title='bbox 1557 3791 1611 3837; x_wconf 89' lang='lat' dir='ltr'><strong>et</strong></span> <span class='ocrx_word' id='word_1_290' title='bbox 1640 3782 1914 3851; x_wconf 85' lang='lat' dir='ltr'><strong>lapidibus</strong></span> <span class='ocrx_word' id='word_1_291' title='bbox 1941 3799 2065 3853; x_wconf 91' lang='lat' dir='ltr'><strong>pre-</strong></span> 
     </span>
    </p>
   </div>
   <div class='ocr_carea' id='block_1_42' title="bbox 485 3875 2065 3944">
    <p class='ocr_par' dir='ltr' id='par_1_42' title="bbox 485 3875 2065 3944">
     <span class='ocr_line' id='line_1_42' title="bbox 485 3875 2065 3944; baseline -0.003 -11"><span class='ocrx_word' id='word_1_292' title='bbox 485 3880 641 3933; x_wconf 84' lang='lat' dir='ltr'><strong>tiosis</strong></span> <span class='ocrx_word' id='word_1_293' title='bbox 682 3878 970 3944; x_wconf 83' lang='lat' dir='ltr'><strong>habuistis,</strong></span> <span class='ocrx_word' id='word_1_294' title='bbox 1002 3876 1207 3930; x_wconf 91' lang='lat' dir='ltr'><strong>deferte</strong></span> <span class='ocrx_word' id='word_1_295' title='bbox 1250 3875 1384 3928; x_wconf 89' lang='lat' dir='ltr'><strong>mihi</strong></span> <span class='ocrx_word' id='word_1_296' title='bbox 1433 3875 1615 3943; x_wconf 83' lang='lat' dir='ltr'><strong>virgas</strong></span> <span class='ocrx_word' id='word_1_297' title='bbox 1654 3884 1832 3929; x_wconf 86' lang='lat' dir='ltr'><strong>rectas</strong></span> <span class='ocrx_word' id='word_1_298' title='bbox 1864 3876 1918 3928; x_wconf 92' lang='lat' dir='ltr'><strong>in</strong></span> <span class='ocrx_word' id='word_1_299' title='bbox 1950 3877 2065 3929; x_wconf 90' lang='lat' dir='ltr'><strong>sin—</strong></span> 
     </span>
    </p>
   </div>
   <div class='ocr_carea' id='block_1_43' title="bbox 486 3964 2067 4039">
    <p class='ocr_par' dir='ltr' id='par_1_43' title="bbox 486 3964 2067 4039">
     <span class='ocr_line' id='line_1_43' title="bbox 486 3964 2067 4039; baseline -0.001 -16"><span class='ocrx_word' id='word_1_300' title='bbox 486 3971 629 4039; x_wconf 88' lang='lat' dir='ltr'><strong>gulis</strong></span> <span class='ocrx_word' id='word_1_301' title='bbox 678 3969 939 4023; x_wconf 87' lang='lat' dir='ltr'><strong>fascibus.</strong></span> <span class='ocrx_word' id='word_1_302' title='bbox 995 3967 1153 4033; x_wconf 86' lang='lat' dir='ltr'><strong>Quod</strong></span> <span class='ocrx_word' id='word_1_303' title='bbox 1206 3981 1331 4020; x_wconf 92' lang='lat' dir='ltr'><strong>cum</strong></span> <span class='ocrx_word' id='word_1_304' title='bbox 1363 3964 1655 4030; x_wconf 82' lang='lat' dir='ltr'><strong>fecissent,</strong></span> <span class='ocrx_word' id='word_1_305' title='bbox 1684 3967 1937 4021; x_wconf 90' lang='lat' dir='ltr'><strong>invocato</strong></span> <span class='ocrx_word' id='word_1_306' title='bbox 1970 3982 2067 4021; x_wconf 94' lang='lat' dir='ltr'><strong>no-</strong></span> 
     </span>
    </p>
   </div>
   <div class='ocr_carea' id='block_1_44' title="bbox 488 4056 2069 4117">
    <p class='ocr_par' dir='ltr' id='par_1_44' title="bbox 488 4056 2069 4117">
     <span class='ocr_line' id='line_1_44' title="bbox 488 4056 2069 4117; baseline -0.002 0"><span class='ocrx_word' id='word_1_307' title='bbox 488 4064 635 4117; x_wconf 90' lang='lat' dir='ltr'><strong>mine</strong></span> <span class='ocrx_word' id='word_1_308' title='bbox 674 4061 890 4116; x_wconf 90' lang='lat' dir='ltr'><strong>Domini</strong></span> <span class='ocrx_word' id='word_1_309' title='bbox 931 4075 1210 4115; x_wconf 87' lang='lat' dir='ltr'><strong>convcrsa</strong></span> <span class='ocrx_word' id='word_1_310' title='bbox 1262 4066 1389 4113; x_wconf 92' lang='lat' dir='ltr'><strong>sunt</strong></span> <span class='ocrx_word' id='word_1_311' title='bbox 1417 4058 1472 4111; x_wconf 92' lang='lat' dir='ltr'><strong>in</strong></span> <span class='ocrx_word' id='word_1_312' title='bbox 1504 4074 1721 4111; x_wconf 87' lang='lat' dir='ltr'><strong>aurum.</strong></span> <span class='ocrx_word' id='word_1_313' title='bbox 1754 4056 1885 4112; x_wconf 84' lang='lat' dir='ltr'><strong>Item</strong></span> <span class='ocrx_word' id='word_1_314' title='bbox 1930 4059 2069 4114; x_wconf 82' lang='lat' dir='ltr'><strong>dixit</strong></span> 
     </span>
    </p>
   </div>
   <div class='ocr_carea' id='block_1_45' title="bbox 490 4150 2061 4220">
    <p class='ocr_par' dir='ltr' id='par_1_45' title="bbox 490 4150 2061 4220">
     <span class='ocr_line' id='line_1_45' title="bbox 490 4150 2061 4220; baseline -0.003 -12"><span class='ocrx_word' id='word_1_315' title='bbox 490 4160 571 4209; x_wconf 90' lang='lat' dir='ltr'><strong>eis</strong></span> <span class='ocrx_word' id='word_1_316' title='bbox 604 4172 617 4207; x_wconf 88' lang='lat'><strong>:</strong></span> <span class='ocrx_word' id='word_1_317' title='bbox 652 4154 867 4207; x_wconf 82' lang='lat' dir='ltr'><strong>Deferte</strong></span> <span class='ocrx_word' id='word_1_318' title='bbox 908 4152 1043 4206; x_wconf 91' lang='lat' dir='ltr'><strong>mihi</strong></span> <span class='ocrx_word' id='word_1_319' title='bbox 1094 4152 1301 4220; x_wconf 88' lang='lat' dir='ltr'><strong>lapides</strong></span> <span class='ocrx_word' id='word_1_320' title='bbox 1340 4152 1582 4206; x_wconf 91' lang='lat' dir='ltr'><strong>minutos</strong></span> <span class='ocrx_word' id='word_1_321' title='bbox 1612 4166 1642 4203; x_wconf 92' lang='lat' dir='ltr'><strong>a</strong></span> <span class='ocrx_word' id='word_1_322' title='bbox 1666 4150 1850 4203; x_wconf 90' lang='lat' dir='ltr'><strong>littore</strong></span> <span class='ocrx_word' id='word_1_323' title='bbox 1872 4150 2061 4204; x_wconf 87' lang='lat' dir='ltr'><strong>maris.</strong></span> 
     </span>
    </p>
   </div>
   <div class='ocr_carea' id='block_1_46' title="bbox 491 4241 2063 4314">
    <p class='ocr_par' dir='ltr' id='par_1_46' title="bbox 491 4241 2063 4314">
     <span class='ocr_line' id='line_1_46' title="bbox 491 4241 2063 4314; baseline -0.003 -14"><span class='ocrx_word' id='word_1_324' title='bbox 491 4246 648 4314; x_wconf 86' lang='lat' dir='ltr'><strong>Quod</strong></span> <span class='ocrx_word' id='word_1_325' title='bbox 695 4262 819 4301; x_wconf 87' lang='lat' dir='ltr'><strong>cum</strong></span> <span class='ocrx_word' id='word_1_326' title='bbox 874 4244 1172 4309; x_wconf 88' lang='lat' dir='ltr'><strong>fecissent,</strong></span> <span class='ocrx_word' id='word_1_327' title='bbox 1203 4244 1453 4296; x_wconf 87' lang='lat' dir='ltr'><strong>invocata</strong></span> <span class='ocrx_word' id='word_1_328' title='bbox 1483 4241 1698 4297; x_wconf 90' lang='lat' dir='ltr'><strong>Domini</strong></span> <span class='ocrx_word' id='word_1_329' title='bbox 1726 4242 2021 4312; x_wconf 83' lang='lat' dir='ltr'><strong>majestate</strong></span> <span class='ocrx_word' id='word_1_330' title='bbox 2049 4284 2063 4310; x_wconf 91' lang='lat'><strong>,</strong></span> 
     </span>
    </p>
   </div>
   <div class='ocr_carea' id='block_1_47' title="bbox 491 4335 2067 4407">
    <p class='ocr_par' dir='ltr' id='par_1_47' title="bbox 491 4335 2067 4407">
     <span class='ocr_line' id='line_1_47' title="bbox 491 4335 2067 4407; baseline -0.005 -10"><span class='ocrx_word' id='word_1_331' title='bbox 491 4341 741 4397; x_wconf 77' lang='lat' dir='ltr'><strong>conversi</strong></span> <span class='ocrx_word' id='word_1_332' title='bbox 797 4348 925 4394; x_wconf 88' lang='lat' dir='ltr'><strong>sunt</strong></span> <span class='ocrx_word' id='word_1_333' title='bbox 983 4337 1035 4390; x_wconf 93' lang='lat' dir='ltr'><strong>in</strong></span> <span class='ocrx_word' id='word_1_334' title='bbox 1070 4352 1335 4407; x_wconf 83' lang='lat' dir='ltr'><strong>gemmas.</strong></span> <span class='ocrx_word' id='word_1_335' title='bbox 1368 4335 1523 4391; x_wconf 84' lang='lat' dir='ltr'><strong>Tunc</strong></span> <span class='ocrx_word' id='word_1_336' title='bbox 1551 4336 1683 4391; x_wconf 91' lang='lat' dir='ltr'><strong>dicit</strong></span> <span class='ocrx_word' id='word_1_337' title='bbox 1712 4337 1793 4391; x_wconf 88' lang='lat' dir='ltr'><strong>eis</strong></span> <span class='ocrx_word' id='word_1_338' title='bbox 1842 4344 2067 4390; x_wconf 83' lang='lat' dir='ltr'><strong>sanctus</strong></span> 
     </span>
    </p>
   </div>
   <div class='ocr_carea' id='block_1_48' title="bbox 488 4395 2145 4503">
    <p class='ocr_par' dir='ltr' id='par_1_48' title="bbox 488 4395 2145 4503">
     <span class='ocr_line' id='line_1_48' title="bbox 488 4395 2145 4503; baseline -0.007 -12"><span class='ocrx_word' id='word_1_339' title='bbox 488 4434 726 4491; x_wconf 71' lang='lat' dir='ltr'><strong>Joannes</strong></span> <span class='ocrx_word' id='word_1_340' title='bbox 765 4395 1090 4503; x_wconf 56' lang='lat' dir='ltr'><strong>apostolus;</strong></span> <span class='ocrx_word' id='word_1_341' title='bbox 1117 4430 1216 4484; x_wconf 83' lang='lat' dir='ltr'><strong>Per</strong></span> <span class='ocrx_word' id='word_1_342' title='bbox 1251 4437 1457 4499; x_wconf 86' lang='lat' dir='ltr'><strong>septem</strong></span> <span class='ocrx_word' id='word_1_343' title='bbox 1496 4430 1613 4485; x_wconf 92' lang='lat' dir='ltr'><strong>dies</strong></span> <span class='ocrx_word' id='word_1_344' title='bbox 1643 4430 1717 4485; x_wconf 91' lang='lat' dir='ltr'><strong>ite</strong></span> <span class='ocrx_word' id='word_1_345' title='bbox 1754 4445 1851 4499; x_wconf 88' lang='lat' dir='ltr'><strong>per</strong></span> <span class='ocrx_word' id='word_1_346' title='bbox 1882 4430 2068 4483; x_wconf 85' lang='lat' dir='ltr'><strong>auriti-</strong></span> <span class='ocrx_word' id='word_1_347' title='bbox 2094 4395 2145 4455; x_wconf 73' lang='grc' dir='ltr'><strong>υ</strong></span> 
     </span>
    </p>
   </div>
   <div class='ocr_carea' id='block_1_49' title="bbox 490 4524 2069 4598">
    <p class='ocr_par' dir='ltr' id='par_1_49' title="bbox 490 4524 2069 4598">
     <span class='ocr_line' id='line_1_49' title="bbox 490 4524 2069 4598; baseline -0.005 -14"><span class='ocrx_word' id='word_1_348' title='bbox 490 4544 583 4584; x_wconf 88' lang='lat' dir='ltr'><strong>ces</strong></span> <span class='ocrx_word' id='word_1_349' title='bbox 615 4537 669 4582; x_wconf 89' lang='lat' dir='ltr'><strong>et</strong></span> <span class='ocrx_word' id='word_1_350' title='bbox 704 4527 1032 4598; x_wconf 74' lang='lat' dir='ltr'><strong>gemmerios</strong></span> <span class='ocrx_word' id='word_1_351' title='bbox 1052 4567 1067 4589; x_wconf 94' lang='lat'><strong>,</strong></span> <span class='ocrx_word' id='word_1_352' title='bbox 1093 4534 1289 4579; x_wconf 91' lang='lat' dir='ltr'><strong>etcum</strong></span> <span class='ocrx_word' id='word_1_353' title='bbox 1338 4524 1698 4593; x_wconf 86' lang='lat' dir='ltr'><strong>probaveritis</strong></span> <span class='ocrx_word' id='word_1_354' title='bbox 1726 4539 1914 4577; x_wconf 90' lang='lat' dir='ltr'><strong>verum</strong></span> <span class='ocrx_word' id='word_1_355' title='bbox 1947 4538 2069 4577; x_wconf 90' lang='lat' dir='ltr'><strong>esse</strong></span> 
     </span>
    </p>
   </div>
   <div class='ocr_carea' id='block_1_50' title="bbox 492 4618 2070 4689">
    <p class='ocr_par' dir='ltr' id='par_1_50' title="bbox 492 4618 2070 4689">
     <span class='ocr_line' id='line_1_50' title="bbox 492 4618 2070 4689; baseline -0.003 -14"><span class='ocrx_word' id='word_1_356' title='bbox 492 4637 687 4675; x_wconf 88' lang='lat' dir='ltr'><strong>aurum</strong></span> <span class='ocrx_word' id='word_1_357' title='bbox 712 4630 766 4675; x_wconf 92' lang='lat' dir='ltr'><strong>et</strong></span> <span class='ocrx_word' id='word_1_358' title='bbox 788 4636 944 4674; x_wconf 87' lang='lat' dir='ltr'><strong>veras</strong></span> <span class='ocrx_word' id='word_1_359' title='bbox 976 4635 1241 4689; x_wconf 87' lang='lat' dir='ltr'><strong>gemmas,</strong></span> <span class='ocrx_word' id='word_1_360' title='bbox 1274 4619 1525 4673; x_wconf 81' lang='lat' dir='ltr'><strong>nuntiate</strong></span> <span class='ocrx_word' id='word_1_361' title='bbox 1555 4618 1709 4672; x_wconf 92' lang='lat' dir='ltr'><strong>mihi.</strong></span> <span class='ocrx_word' id='word_1_362' title='bbox 1744 4618 1950 4672; x_wconf 88' lang='lat' dir='ltr'><strong>Euntes</strong></span> <span class='ocrx_word' id='word_1_363' title='bbox 1971 4634 2070 4671; x_wconf 91' lang='lat' dir='ltr'><strong>au-</strong></span> 
     </span>
    </p>
   </div>
   <div class='ocr_carea' id='block_1_51' title="bbox 492 4696 2071 4783">
    <p class='ocr_par' dir='ltr' id='par_1_51' title="bbox 492 4696 2071 4783">
     <span class='ocr_line' id='line_1_51' title="bbox 492 4696 2071 4783; baseline -0.004 -14"><span class='ocrx_word' id='word_1_364' title='bbox 492 4725 600 4769; x_wconf 90' lang='lat' dir='ltr'><strong>tem</strong></span> <span class='ocrx_word' id='word_1_365' title='bbox 643 4715 806 4768; x_wconf 85' lang='lat' dir='ltr'><strong>ambo</strong></span> <span class='ocrx_word' id='word_1_366' title='bbox 836 4724 959 4783; x_wconf 90' lang='lat' dir='ltr'><strong>post</strong></span> <span class='ocrx_word' id='word_1_367' title='bbox 992 4722 1197 4782; x_wconf 89' lang='lat' dir='ltr'><strong>septem</strong></span> <span class='ocrx_word' id='word_1_368' title='bbox 1222 4712 1337 4766; x_wconf 89' lang='lat' dir='ltr'><strong>dies</strong></span> <span class='ocrx_word' id='word_1_369' title='bbox 1361 4713 1567 4767; x_wconf 88' lang='lat' dir='ltr'><strong>reversi</strong></span> <span class='ocrx_word' id='word_1_370' title='bbox 1602 4720 1733 4765; x_wconf 91' lang='lat' dir='ltr'><strong>sunt</strong></span> <span class='ocrx_word' id='word_1_371' title='bbox 1758 4696 1825 4765; x_wconf 73' lang='lat' dir='ltr'><strong>ad</strong></span> <span class='ocrx_word' id='word_1_372' title='bbox 1851 4720 2071 4780; x_wconf 85' lang='lat' dir='ltr'><strong>aposto-</strong></span> 
     </span>
    </p>
   </div>
   <div class='ocr_carea' id='block_1_52' title="bbox 492 4803 2071 4868">
    <p class='ocr_par' dir='ltr' id='par_1_52' title="bbox 492 4803 2071 4868">
     <span class='ocr_line' id='line_1_52' title="bbox 492 4803 2071 4868; baseline -0.002 -7"><span class='ocrx_word' id='word_1_373' title='bbox 492 4808 607 4861; x_wconf 90' lang='lat' dir='ltr'><strong>lum</strong></span> <span class='ocrx_word' id='word_1_374' title='bbox 632 4806 877 4860; x_wconf 89' lang='lat' dir='ltr'><strong>dicentes</strong></span> <span class='ocrx_word' id='word_1_375' title='bbox 913 4824 926 4858; x_wconf 92' lang='lat'><strong>:</strong></span> <span class='ocrx_word' id='word_1_376' title='bbox 955 4804 1203 4868; x_wconf 88' lang='lat' dir='ltr'><strong>Domine,</strong></span> <span class='ocrx_word' id='word_1_377' title='bbox 1233 4805 1479 4857; x_wconf 90' lang='lat' dir='ltr'><strong>omnium</strong></span> <span class='ocrx_word' id='word_1_378' title='bbox 1515 4804 1801 4858; x_wconf 86' lang='lat' dir='ltr'><strong>aurilicum</strong></span> <span class='ocrx_word' id='word_1_379' title='bbox 1825 4803 2071 4858; x_wconf 75' lang='lat' dir='ltr'><strong>officinas</strong></span> 
     </span>
    </p>
   </div>
   <div class='ocr_carea' id='block_1_53' title="bbox 492 4896 2068 4968">
    <p class='ocr_par' dir='ltr' id='par_1_53' title="bbox 492 4896 2068 4968">
     <span class='ocr_line' id='line_1_53' title="bbox 492 4896 2068 4968; baseline -0.005 -12"><span class='ocrx_word' id='word_1_380' title='bbox 492 4900 929 4963; x_wconf 89' lang='lat' dir='ltr'><strong>circumivimus,</strong></span> <span class='ocrx_word' id='word_1_381' title='bbox 953 4897 1044 4968; x_wconf 84' lang='lat' dir='ltr'><strong>qui</strong></span> <span class='ocrx_word' id='word_1_382' title='bbox 1078 4913 1270 4951; x_wconf 86' lang='lat' dir='ltr'><strong>omnes</strong></span> <span class='ocrx_word' id='word_1_383' title='bbox 1295 4896 1556 4950; x_wconf 79' lang='lat' dir='ltr'><strong>dixerunt</strong></span> <span class='ocrx_word' id='word_1_384' title='bbox 1598 4907 1706 4951; x_wconf 90' lang='lat' dir='ltr'><strong>tam</strong></span> <span class='ocrx_word' id='word_1_385' title='bbox 1739 4912 1936 4966; x_wconf 91' lang='lat' dir='ltr'><strong>purum</strong></span> <span class='ocrx_word' id='word_1_386' title='bbox 1968 4911 2068 4949; x_wconf 83' lang='lat' dir='ltr'><strong>au-</strong></span> 
     </span>
    </p>
   </div>
   <div class='ocr_carea' id='block_1_54' title="bbox 491 4987 2073 5058">
    <p class='ocr_par' dir='ltr' id='par_1_54' title="bbox 491 4987 2073 5058">
     <span class='ocr_line' id='line_1_54' title="bbox 491 4987 2073 5058; baseline -0.006 -11"><span class='ocrx_word' id='word_1_387' title='bbox 491 5009 617 5047; x_wconf 86' lang='lat' dir='ltr'><strong>rum</strong></span> <span class='ocrx_word' id='word_1_388' title='bbox 667 5001 721 5046; x_wconf 94' lang='lat' dir='ltr'><strong>et</strong></span> <span class='ocrx_word' id='word_1_389' title='bbox 769 5000 880 5044; x_wconf 88' lang='lat' dir='ltr'><strong>tam</strong></span> <span class='ocrx_word' id='word_1_390' title='bbox 912 4990 1180 5058; x_wconf 89' lang='lat' dir='ltr'><strong>optimum</strong></span> <span class='ocrx_word' id='word_1_391' title='bbox 1210 5002 1493 5057; x_wconf 87' lang='lat' dir='ltr'><strong>nunquam</strong></span> <span class='ocrx_word' id='word_1_392' title='bbox 1523 5003 1583 5041; x_wconf 91' lang='lat' dir='ltr'><strong>se</strong></span> <span class='ocrx_word' id='word_1_393' title='bbox 1615 4988 1856 5051; x_wconf 87' lang='lat' dir='ltr'><strong>vidisse;</strong></span> <span class='ocrx_word' id='word_1_394' title='bbox 1888 4987 1981 5040; x_wconf 90' lang='lat' dir='ltr'><strong>sed</strong></span> <span class='ocrx_word' id='word_1_395' title='bbox 2019 4994 2073 5039; x_wconf 90' lang='lat' dir='ltr'><strong>et</strong></span> 
     </span>
    </p>
   </div>
   <div class='ocr_carea' id='block_1_55' title="bbox 493 5081 2069 5157">
    <p class='ocr_par' dir='ltr' id='par_1_55' title="bbox 493 5081 2069 5157">
     <span class='ocr_line' id='line_1_55' title="bbox 493 5081 2069 5157; baseline -0.006 -16"><span class='ocrx_word' id='word_1_396' title='bbox 493 5085 780 5157; x_wconf 81' lang='lat' dir='ltr'><strong>gemmarii</strong></span> <span class='ocrx_word' id='word_1_397' title='bbox 804 5083 992 5137; x_wconf 86' lang='lat' dir='ltr'><strong>eadem</strong></span> <span class='ocrx_word' id='word_1_398' title='bbox 1022 5082 1301 5145; x_wconf 84' lang='lat' dir='ltr'><strong>dixerunt,</strong></span> <span class='ocrx_word' id='word_1_399' title='bbox 1330 5090 1437 5133; x_wconf 91' lang='lat' dir='ltr'><strong>tam</strong></span> <span class='ocrx_word' id='word_1_400' title='bbox 1457 5081 1697 5150; x_wconf 88' lang='lat' dir='ltr'><strong>optimos</strong></span> <span class='ocrx_word' id='word_1_401' title='bbox 1723 5088 1777 5132; x_wconf 91' lang='lat' dir='ltr'><strong>et</strong></span> <span class='ocrx_word' id='word_1_402' title='bbox 1806 5090 1918 5131; x_wconf 88' lang='lat' dir='ltr'><strong>tam</strong></span> <span class='ocrx_word' id='word_1_403' title='bbox 1950 5094 2069 5147; x_wconf 88' lang='lat' dir='ltr'><strong>pre-</strong></span> 
     </span>
    </p>
   </div>
   <div class='ocr_carea' id='block_1_56' title="bbox 494 5168 2073 5245">
    <p class='ocr_par' dir='ltr' id='par_1_56' title="bbox 494 5168 2073 5245">
     <span class='ocr_line' id='line_1_56' title="bbox 494 5168 2073 5245; baseline -0.007 -12"><span class='ocrx_word' id='word_1_404' title='bbox 494 5180 666 5233; x_wconf 84' lang='lat' dir='ltr'><strong>tiosos</strong></span> <span class='ocrx_word' id='word_1_405' title='bbox 713 5175 921 5245; x_wconf 85' lang='lat' dir='ltr'><strong>lapides</strong></span> <span class='ocrx_word' id='word_1_406' title='bbox 983 5188 1044 5227; x_wconf 88' lang='lat' dir='ltr'><strong>se</strong></span> <span class='ocrx_word' id='word_1_407' title='bbox 1090 5187 1373 5241; x_wconf 87' lang='lat' dir='ltr'><strong>nunquam</strong></span> <span class='ocrx_word' id='word_1_408' title='bbox 1401 5172 1623 5225; x_wconf 86' lang='lat' dir='ltr'><strong>vidisse.</strong></span> <span class='ocrx_word' id='word_1_409' title='bbox 1658 5168 1812 5223; x_wconf 86' lang='lat' dir='ltr'><strong>Tunc</strong></span> <span class='ocrx_word' id='word_1_410' title='bbox 1848 5177 2073 5222; x_wconf 87' lang='lat' dir='ltr'><strong>sanctus</strong></span> 
     </span>
    </p>
   </div>
   <div class='ocr_carea' id='block_1_57' title="bbox 491 5260 2073 5328">
    <p class='ocr_par' dir='ltr' id='par_1_57' title="bbox 491 5260 2073 5328">
     <span class='ocr_line' id='line_1_57' title="bbox 491 5260 2073 5328; baseline -0.007 -5"><span class='ocrx_word' id='word_1_411' title='bbox 491 5269 733 5323; x_wconf 80' lang='lat' dir='ltr'><strong>Joannes</strong></span> <span class='ocrx_word' id='word_1_412' title='bbox 764 5267 902 5321; x_wconf 83' lang='lat' dir='ltr'><strong>dixit</strong></span> <span class='ocrx_word' id='word_1_413' title='bbox 924 5266 1004 5319; x_wconf 90' lang='lat' dir='ltr'><strong>eis</strong></span> <span class='ocrx_word' id='word_1_414' title='bbox 1031 5283 1043 5318; x_wconf 91' lang='lat'><strong>:</strong></span> <span class='ocrx_word' id='word_1_415' title='bbox 1077 5264 1155 5318; x_wconf 92' lang='lat' dir='ltr'><strong>lte</strong></span> <span class='ocrx_word' id='word_1_416' title='bbox 1177 5274 1231 5317; x_wconf 90' lang='lat' dir='ltr'><strong>et</strong></span> <span class='ocrx_word' id='word_1_417' title='bbox 1260 5261 1511 5316; x_wconf 89' lang='lat' dir='ltr'><strong>redimite</strong></span> <span class='ocrx_word' id='word_1_418' title='bbox 1537 5260 1692 5315; x_wconf 87' lang='lat' dir='ltr'><strong>vobis</strong></span> <span class='ocrx_word' id='word_1_419' title='bbox 1731 5270 1907 5313; x_wconf 84' lang='lat' dir='ltr'><strong>terras</strong></span> <span class='ocrx_word' id='word_1_420' title='bbox 1935 5273 2073 5328; x_wconf 91' lang='lat' dir='ltr'><strong>quas</strong></span> 
     </span>
    </p>
   </div>
   <div class='ocr_carea' id='block_1_58' title="bbox 493 5351 2070 5428">
    <p class='ocr_par' dir='ltr' id='par_1_58' title="bbox 493 5351 2070 5428">
     <span class='ocr_line' id='line_1_58' title="bbox 493 5351 2070 5428; baseline -0.006 -13"><span class='ocrx_word' id='word_1_421' title='bbox 493 5360 853 5426; x_wconf 82' lang='lat' dir='ltr'><strong>vendidistis,</strong></span> <span class='ocrx_word' id='word_1_422' title='bbox 910 5359 1036 5428; x_wconf 87' lang='lat' dir='ltr'><strong>quia</strong></span> <span class='ocrx_word' id='word_1_423' title='bbox 1098 5357 1369 5411; x_wconf 80' lang='lat' dir='ltr'><strong>calorum</strong></span> <span class='ocrx_word' id='word_1_424' title='bbox 1431 5354 1655 5424; x_wconf 85' lang='lat' dir='ltr'><strong>pramia</strong></span> <span class='ocrx_word' id='word_1_425' title='bbox 1728 5351 2070 5423; x_wconf 89' lang='lat' dir='ltr'><strong>perdidistis.</strong></span> 
     </span>
    </p>
   </div>
   <div class='ocr_carea' id='block_1_59' title="bbox 494 5441 2075 5513">
    <p class='ocr_par' dir='ltr' id='par_1_59' title="bbox 494 5441 2075 5513">
     <span class='ocr_line' id='line_1_59' title="bbox 494 5441 2075 5513; baseline -0.006 -9"><span class='ocrx_word' id='word_1_426' title='bbox 494 5450 670 5505; x_wconf 82' lang='lat' dir='ltr'><strong>Emite</strong></span> <span class='ocrx_word' id='word_1_427' title='bbox 703 5448 859 5503; x_wconf 89' lang='lat' dir='ltr'><strong>vobis</strong></span> <span class='ocrx_word' id='word_1_428' title='bbox 888 5448 1094 5502; x_wconf 87' lang='lat' dir='ltr'><strong>sericas</strong></span> <span class='ocrx_word' id='word_1_429' title='bbox 1125 5454 1303 5500; x_wconf 81' lang='lat' dir='ltr'><strong>vestes</strong></span> <span class='ocrx_word' id='word_1_430' title='bbox 1323 5485 1339 5509; x_wconf 94' lang='lat'><strong>,</strong></span> <span class='ocrx_word' id='word_1_431' title='bbox 1365 5453 1421 5499; x_wconf 92' lang='lat' dir='ltr'><strong>ut</strong></span> <span class='ocrx_word' id='word_1_432' title='bbox 1459 5459 1553 5513; x_wconf 89' lang='lat' dir='ltr'><strong>per</strong></span> <span class='ocrx_word' id='word_1_433' title='bbox 1581 5452 1795 5513; x_wconf 88' lang='lat' dir='ltr'><strong>tempus</strong></span> <span class='ocrx_word' id='word_1_434' title='bbox 1819 5441 2075 5512; x_wconf 90' lang='lat' dir='ltr'><strong>fulgeatis</strong></span> 
     </span>
    </p>
   </div>
   <div class='ocr_carea' id='block_1_60' title="bbox 494 5534 2074 5608">
    <p class='ocr_par' dir='ltr' id='par_1_60' title="bbox 494 5534 2074 5608">
     <span class='ocr_line' id='line_1_60' title="bbox 494 5534 2074 5608; baseline -0.008 -11"><span class='ocrx_word' id='word_1_435' title='bbox 494 5544 639 5597; x_wconf 88' lang='lat' dir='ltr'><strong>sicut</strong></span> <span class='ocrx_word' id='word_1_436' title='bbox 668 5556 823 5607; x_wconf 89' lang='lat' dir='ltr'><strong>rosa;</strong></span> <span class='ocrx_word' id='word_1_437' title='bbox 857 5555 979 5608; x_wconf 84' lang='lat' dir='ltr'><strong>qua</strong></span> <span class='ocrx_word' id='word_1_438' title='bbox 1006 5540 1137 5593; x_wconf 88' lang='lat' dir='ltr'><strong>dum</strong></span> <span class='ocrx_word' id='word_1_439' title='bbox 1164 5537 1261 5592; x_wconf 82' lang='lat' dir='ltr'><strong>flos</strong></span> <span class='ocrx_word' id='word_1_440' title='bbox 1283 5537 1404 5605; x_wconf 86' lang='lat' dir='ltr'><strong>ejus</strong></span> <span class='ocrx_word' id='word_1_441' title='bbox 1437 5548 1492 5590; x_wconf 90' lang='lat' dir='ltr'><strong>et</strong></span> <span class='ocrx_word' id='word_1_442' title='bbox 1518 5534 1744 5589; x_wconf 91' lang='lat' dir='ltr'><strong>odorem</strong></span> <span class='ocrx_word' id='word_1_443' title='bbox 1776 5536 1981 5604; x_wconf 86' lang='lat' dir='ltr'><strong>pariter</strong></span> <span class='ocrx_word' id='word_1_444' title='bbox 2009 5547 2074 5586; x_wconf 87' lang='lat' dir='ltr'><strong>ac</strong></span> 
     </span>
    </p>
   </div>
   <div class='ocr_carea' id='block_1_61' title="bbox 496 5622 2071 5700">
    <p class='ocr_par' dir='ltr' id='par_1_61' title="bbox 496 5622 2071 5700">
     <span class='ocr_line' id='line_1_61' title="bbox 496 5622 2071 5700; baseline -0.006 -13"><span class='ocrx_word' id='word_1_445' title='bbox 496 5634 751 5687; x_wconf 88' lang='lat' dir='ltr'><strong>ruborem</strong></span> <span class='ocrx_word' id='word_1_446' title='bbox 809 5629 1071 5694; x_wconf 89' lang='lat' dir='ltr'><strong>ostendit,</strong></span> <span class='ocrx_word' id='word_1_447' title='bbox 1120 5641 1341 5698; x_wconf 82' lang='lat' dir='ltr'><strong>repente</strong></span> <span class='ocrx_word' id='word_1_448' title='bbox 1390 5625 1700 5695; x_wconf 82' lang='lat' dir='ltr'><strong>marcescit.</strong></span> <span class='ocrx_word' id='word_1_449' title='bbox 1739 5622 2071 5700; x_wconf 84' lang='lat' dir='ltr'><strong>Suspirastis</strong></span> 
     </span>
    </p>
   </div>
   <div class='ocr_carea' id='block_1_62' title="bbox 568 5742 1135 5810">
    <p class='ocr_par' dir='ltr' id='par_1_62' title="bbox 568 5742 1135 5810">
     <span class='ocr_line' id='line_1_62' title="bbox 568 5742 1135 5810; baseline -0.011 -11"><span class='ocrx_word' id='word_1_450' title='bbox 568 5746 594 5785; x_wconf 68' lang='grc' dir='ltr'>δ</span> <span class='ocrx_word' id='word_1_451' title='bbox 622 5744 760 5801; x_wconf 82' lang='lat' dir='ltr'><strong>Luc.</strong></span> <span class='ocrx_word' id='word_1_452' title='bbox 798 5759 911 5810; x_wconf 73' lang='lat' dir='ltr'><strong>va,</strong></span> <span class='ocrx_word' id='word_1_453' title='bbox 944 5742 1135 5796; x_wconf 62' lang='grc' dir='ltr'><strong>αλιι-δι.</strong></span> 
     </span>
    </p>
   </div>
   <div class='ocr_carea' id='block_1_63' title="bbox 2144 447 3721 527">
    <p class='ocr_par' dir='ltr' id='par_1_63' title="bbox 2144 447 3721 527">
     <span class='ocr_line' id='line_1_63' title="bbox 2144 447 3721 527; baseline -0.007 -15"><span class='ocrx_word' id='word_1_454' title='bbox 2144 467 2263 512; x_wconf 87' lang='lat' dir='ltr'><strong>ctus</strong></span> <span class='ocrx_word' id='word_1_455' title='bbox 2292 470 2558 527; x_wconf 88' lang='lat' dir='ltr'><strong>pauperes</strong></span> <span class='ocrx_word' id='word_1_456' title='bbox 2581 451 2883 523; x_wconf 87' lang='lat' dir='ltr'><strong>gemuistis.</strong></span> <span class='ocrx_word' id='word_1_457' title='bbox 2916 447 3103 503; x_wconf 89' lang='lat' dir='ltr'><strong>Estote</strong></span> <span class='ocrx_word' id='word_1_458' title='bbox 3127 463 3262 519; x_wconf 86' lang='lat' dir='ltr'><strong>ergo</strong></span> <span class='ocrx_word' id='word_1_459' title='bbox 3278 447 3488 512; x_wconf 86' lang='lat' dir='ltr'><strong>ﬂoridi,</strong></span> <span class='ocrx_word' id='word_1_460' title='bbox 3516 460 3721 502; x_wconf 84' lang='lat' dir='ltr'><strong>utmar-</strong></span> 
     </span>
    </p>
   </div>
   <div class='ocr_carea' id='block_1_64' title="bbox 2145 541 3716 612">
    <p class='ocr_par' dir='ltr' id='par_1_64' title="bbox 2145 541 3716 612">
     <span class='ocr_line' id='line_1_64' title="bbox 2145 541 3716 612; baseline -0.006 -8"><span class='ocrx_word' id='word_1_461' title='bbox 2145 549 2399 612; x_wconf 77' lang='lat' dir='ltr'><strong>cescatis,</strong></span> <span class='ocrx_word' id='word_1_462' title='bbox 2430 555 2606 602; x_wconf 91' lang='lat' dir='ltr'><strong>estote</strong></span> <span class='ocrx_word' id='word_1_463' title='bbox 2636 544 2832 605; x_wconf 83' lang='lat' dir='ltr'><strong>divites</strong></span> <span class='ocrx_word' id='word_1_464' title='bbox 2856 541 3259 611; x_wconf 89' lang='lat' dir='ltr'><strong>temporaliter,</strong></span> <span class='ocrx_word' id='word_1_465' title='bbox 3294 548 3357 595; x_wconf 92' lang='lat' dir='ltr'><strong>ut</strong></span> <span class='ocrx_word' id='word_1_466' title='bbox 3386 541 3444 594; x_wconf 89' lang='lat' dir='ltr'><strong>in</strong></span> <span class='ocrx_word' id='word_1_467' title='bbox 3468 549 3716 594; x_wconf 86' lang='lat' dir='ltr'><strong>aternum</strong></span> 
     </span>
    </p>
   </div>
   <div class='ocr_carea' id='block_1_65' title="bbox 2147 631 3719 705">
    <p class='ocr_par' dir='ltr' id='par_1_65' title="bbox 2147 631 3719 705">
     <span class='ocr_line' id='line_1_65' title="bbox 2147 631 3719 705; baseline -0.005 -10"><span class='ocrx_word' id='word_1_468' title='bbox 2147 639 2490 695; x_wconf 84' lang='lat' dir='ltr'><strong>mendicetis.</strong></span> <span class='ocrx_word' id='word_1_469' title='bbox 2527 635 2784 705; x_wconf 88' lang='lat' dir='ltr'><strong>Nunquid</strong></span> <span class='ocrx_word' id='word_1_470' title='bbox 2816 651 2940 689; x_wconf 92' lang='lat' dir='ltr'><strong>nam</strong></span> <span class='ocrx_word' id='word_1_471' title='bbox 2982 635 3261 704; x_wconf 86' lang='lat' dir='ltr'><strong>impotens</strong></span> <span class='ocrx_word' id='word_1_472' title='bbox 3279 642 3368 689; x_wconf 91' lang='lat' dir='ltr'><strong>est</strong></span> <span class='ocrx_word' id='word_1_473' title='bbox 3402 648 3603 686; x_wconf 87' lang='lat' dir='ltr'><strong>manus</strong></span> <span class='ocrx_word' id='word_1_474' title='bbox 3624 631 3719 687; x_wconf 86' lang='lat' dir='ltr'><strong>Do-</strong></span> 
     </span>
    </p>
   </div>
   <div class='ocr_carea' id='block_1_66' title="bbox 2149 723 3717 785">
    <p class='ocr_par' dir='ltr' id='par_1_66' title="bbox 2149 723 3717 785">
     <span class='ocr_line' id='line_1_66' title="bbox 2149 723 3717 785; baseline -0.004 0"><span class='ocrx_word' id='word_1_475' title='bbox 2149 732 2287 785; x_wconf 88' lang='lat' dir='ltr'><strong>mini</strong></span> <span class='ocrx_word' id='word_1_476' title='bbox 2320 740 2379 785; x_wconf 92' lang='lat' dir='ltr'><strong>ut</strong></span> <span class='ocrx_word' id='word_1_477' title='bbox 2412 744 2519 783; x_wconf 93' lang='lat' dir='ltr'><strong>non</strong></span> <span class='ocrx_word' id='word_1_478' title='bbox 2556 727 2722 782; x_wconf 81' lang='lat' dir='ltr'><strong>faciat</strong></span> <span class='ocrx_word' id='word_1_479' title='bbox 2753 743 2942 781; x_wconf 89' lang='lat' dir='ltr'><strong>servos</strong></span> <span class='ocrx_word' id='word_1_480' title='bbox 2973 741 3103 780; x_wconf 87' lang='lat' dir='ltr'><strong>suos</strong></span> <span class='ocrx_word' id='word_1_481' title='bbox 3132 725 3348 779; x_wconf 87' lang='lat' dir='ltr'><strong>divitiis</strong></span> <span class='ocrx_word' id='word_1_482' title='bbox 3376 723 3717 778; x_wconf 78' lang='lat' dir='ltr'><strong>aﬂluenteset</strong></span> 
     </span>
    </p>
   </div>
   <div class='ocr_carea' id='block_1_67' title="bbox 2148 816 3717 891">
    <p class='ocr_par' dir='ltr' id='par_1_67' title="bbox 2148 816 3717 891">
     <span class='ocr_line' id='line_1_67' title="bbox 2148 816 3717 891; baseline -0.005 -14"><span class='ocrx_word' id='word_1_483' title='bbox 2148 820 2647 891; x_wconf 86' lang='lat' dir='ltr'><strong>incomparabiliter</strong></span> <span class='ocrx_word' id='word_1_484' title='bbox 2679 818 3056 889; x_wconf 85' lang='lat' dir='ltr'><strong>splendentes?</strong></span> <span class='ocrx_word' id='word_1_485' title='bbox 3089 816 3198 871; x_wconf 87' lang='lat' dir='ltr'><strong>Sed</strong></span> <span class='ocrx_word' id='word_1_486' title='bbox 3222 826 3515 872; x_wconf 87' lang='lat' dir='ltr'><strong>certamen</strong></span> <span class='ocrx_word' id='word_1_487' title='bbox 3547 816 3717 870; x_wconf 88' lang='lat' dir='ltr'><strong>statuit</strong></span> 
     </span>
    </p>
   </div>
   <div class='ocr_carea' id='block_1_68' title="bbox 2149 906 3719 980">
    <p class='ocr_par' dir='ltr' id='par_1_68' title="bbox 2149 906 3719 980">
     <span class='ocr_line' id='line_1_68' title="bbox 2149 906 3719 980; baseline -0.006 -13"><span class='ocrx_word' id='word_1_488' title='bbox 2149 913 2458 967; x_wconf 88' lang='lat' dir='ltr'><strong>animorum</strong></span> <span class='ocrx_word' id='word_1_489' title='bbox 2494 920 2552 965; x_wconf 93' lang='lat' dir='ltr'><strong>ut</strong></span> <span class='ocrx_word' id='word_1_490' title='bbox 2577 911 2670 980; x_wconf 91' lang='lat' dir='ltr'><strong>qui</strong></span> <span class='ocrx_word' id='word_1_491' title='bbox 2705 925 2802 979; x_wconf 92' lang='lat' dir='ltr'><strong>pro</strong></span> <span class='ocrx_word' id='word_1_492' title='bbox 2836 907 2954 977; x_wconf 87' lang='lat' dir='ltr'><strong>ejus</strong></span> <span class='ocrx_word' id='word_1_493' title='bbox 3001 908 3229 961; x_wconf 89' lang='lat' dir='ltr'><strong>nomine</strong></span> <span class='ocrx_word' id='word_1_494' title='bbox 3273 906 3607 975; x_wconf 88' lang='lat' dir='ltr'><strong>temporales</strong></span> <span class='ocrx_word' id='word_1_495' title='bbox 3632 907 3719 959; x_wconf 84' lang='lat' dir='ltr'><strong>ha-</strong></span> 
     </span>
    </p>
   </div>
   <div class='ocr_carea' id='block_1_69' title="bbox 2149 1004 3715 1074">
    <p class='ocr_par' dir='ltr' id='par_1_69' title="bbox 2149 1004 3715 1074">
     <span class='ocr_line' id='line_1_69' title="bbox 2149 1004 3715 1074; baseline 0.001 -15"><span class='ocrx_word' id='word_1_496' title='bbox 2149 1005 2279 1060; x_wconf 90' lang='lat' dir='ltr'><strong>bere</strong></span> <span class='ocrx_word' id='word_1_497' title='bbox 2336 1019 2467 1074; x_wconf 86' lang='lat' dir='ltr'><strong>epes</strong></span> <span class='ocrx_word' id='word_1_498' title='bbox 2508 1004 2784 1058; x_wconf 91' lang='lat' dir='ltr'><strong>noluerint</strong></span> <span class='ocrx_word' id='word_1_499' title='bbox 2810 1006 3033 1061; x_wconf 81' lang='lat' dir='ltr'><strong>credant</strong></span> <span class='ocrx_word' id='word_1_500' title='bbox 3058 1023 3118 1062; x_wconf 92' lang='lat' dir='ltr'><strong>se</strong></span> <span class='ocrx_word' id='word_1_501' title='bbox 3148 1016 3393 1061; x_wconf 89' lang='lat' dir='ltr'><strong>aternas</strong></span> <span class='ocrx_word' id='word_1_502' title='bbox 3426 1006 3715 1060; x_wconf 77' lang='lat' dir='ltr'><strong>habituros.</strong></span> 
     </span>
    </p>
   </div>
   <div class='ocr_carea' id='block_1_70' title="bbox 2151 1093 3720 1165">
    <p class='ocr_par' dir='ltr' id='par_1_70' title="bbox 2151 1093 3720 1165">
     <span class='ocr_line' id='line_1_70' title="bbox 2151 1093 3720 1165; baseline 0.002 -18"><span class='ocrx_word' id='word_1_503' title='bbox 2151 1093 2395 1165; x_wconf 90' lang='lat' dir='ltr'><strong>Denique</strong></span> <span class='ocrx_word' id='word_1_504' title='bbox 2417 1094 2660 1148; x_wconf 90' lang='lat' dir='ltr'><strong>narravit</strong></span> <span class='ocrx_word' id='word_1_505' title='bbox 2690 1096 2847 1152; x_wconf 86' lang='lat' dir='ltr'><strong>nobis</strong></span> <span class='ocrx_word' id='word_1_506' title='bbox 2870 1095 3135 1153; x_wconf 91' lang='lat' dir='ltr'><strong>Dominus</strong></span> <span class='ocrx_word' id='word_1_507' title='bbox 3162 1106 3359 1151; x_wconf 87' lang='lat' dir='ltr'><strong>noster</strong></span> <span class='ocrx_word' id='word_1_508' title='bbox 3386 1096 3551 1151; x_wconf 83' lang='lat' dir='ltr'><strong>Jesus</strong></span> <span class='ocrx_word' id='word_1_509' title='bbox 3577 1096 3720 1150; x_wconf 84' lang='lat' dir='ltr'><strong>Chn-</strong></span> 
     </span>
    </p>
   </div>
   <div class='ocr_carea' id='block_1_71' title="bbox 2151 1186 3721 1257">
    <p class='ocr_par' dir='ltr' id='par_1_71' title="bbox 2151 1186 3721 1257">
     <span class='ocr_line' id='line_1_71' title="bbox 2151 1186 3721 1257; baseline -0.001 -16"><span class='ocrx_word' id='word_1_510' title='bbox 2151 1196 2269 1241; x_wconf 87' lang='lat' dir='ltr'><strong>stus</strong></span> <span class='ocrx_word' id='word_1_511' title='bbox 2313 1186 2380 1239; x_wconf 93' lang='lat' dir='ltr'><strong>de</strong></span> <span class='ocrx_word' id='word_1_512' title='bbox 2428 1186 2668 1255; x_wconf 87' lang='lat' dir='ltr'><strong>quodam</strong></span> <span class='ocrx_word' id='word_1_513' title='bbox 2729 1187 2916 1252; x_wconf 89' lang='lat' dir='ltr'><strong>divite,</strong></span> <span class='ocrx_word' id='word_1_514' title='bbox 2971 1188 3065 1257; x_wconf 92' lang='lat' dir='ltr'><strong>qui</strong></span> <span class='ocrx_word' id='word_1_515' title='bbox 3102 1187 3442 1257; x_wconf 89' lang='lat' dir='ltr'><strong>epulabatur</strong></span> <span class='ocrx_word' id='word_1_516' title='bbox 3495 1187 3721 1255; x_wconf 86' lang='lat' dir='ltr'><strong>quotidie</strong></span> 
     </span>
    </p>
   </div>
   <div class='ocr_carea' id='block_1_72' title="bbox 2153 1278 3721 1349">
    <p class='ocr_par' dir='ltr' id='par_1_72' title="bbox 2153 1278 3721 1349">
     <span class='ocr_line' id='line_1_72' title="bbox 2153 1278 3721 1349; baseline 0 -16"><span class='ocrx_word' id='word_1_517' title='bbox 2153 1279 2431 1347; x_wconf 90' lang='lat' dir='ltr'><strong>splendide</strong></span> <span class='ocrx_word' id='word_1_518' title='bbox 2456 1288 2509 1332; x_wconf 83' lang='lat' dir='ltr'><strong>et</strong></span> <span class='ocrx_word' id='word_1_519' title='bbox 2557 1278 2801 1349; x_wconf 86' lang='lat' dir='ltr'><strong>fulgebat</strong></span> <span class='ocrx_word' id='word_1_520' title='bbox 2834 1280 2886 1333; x_wconf 93' lang='lat' dir='ltr'><strong>in</strong></span> <span class='ocrx_word' id='word_1_521' title='bbox 2914 1295 3050 1334; x_wconf 91' lang='lat' dir='ltr'><strong>auro</strong></span> <span class='ocrx_word' id='word_1_522' title='bbox 3079 1289 3134 1333; x_wconf 92' lang='lat' dir='ltr'><strong>ct</strong></span> <span class='ocrx_word' id='word_1_523' title='bbox 3162 1296 3442 1349; x_wconf 90' lang='lat' dir='ltr'><strong>purpura,</strong></span> <span class='ocrx_word' id='word_1_524' title='bbox 3483 1281 3549 1333; x_wconf 89' lang='lat' dir='ltr'><strong>ad</strong></span> <span class='ocrx_word' id='word_1_525' title='bbox 3578 1279 3721 1347; x_wconf 85' lang='lat' dir='ltr'><strong>cujus</strong></span> 
     </span>
    </p>
   </div>
   <div class='ocr_carea' id='block_1_73' title="bbox 2153 1369 3721 1439">
    <p class='ocr_par' dir='ltr' id='par_1_73' title="bbox 2153 1369 3721 1439">
     <span class='ocr_line' id='line_1_73' title="bbox 2153 1369 3721 1439; baseline -0.001 -16"><span class='ocrx_word' id='word_1_526' title='bbox 2153 1370 2298 1424; x_wconf 87' lang='lat' dir='ltr'><strong>fores</strong></span> <span class='ocrx_word' id='word_1_527' title='bbox 2346 1370 2565 1439; x_wconf 90' lang='lat' dir='ltr'><strong>jacebat</strong></span> <span class='ocrx_word' id='word_1_528' title='bbox 2600 1370 2884 1425; x_wconf 87' lang='lat' dir='ltr'><strong>mendicus</strong></span> <span class='ocrx_word' id='word_1_529' title='bbox 2930 1369 3197 1434; x_wconf 87' lang='lat' dir='ltr'><strong>Lazarus,</strong></span> <span class='ocrx_word' id='word_1_530' title='bbox 3230 1371 3328 1438; x_wconf 90' lang='lat' dir='ltr'><strong>qui</strong></span> <span class='ocrx_word' id='word_1_531' title='bbox 3362 1370 3616 1439; x_wconf 88' lang='lat' dir='ltr'><strong>cupiebat</strong></span> <span class='ocrx_word' id='word_1_532' title='bbox 3651 1371 3721 1423; x_wconf 86' lang='lat' dir='ltr'><strong>vel</strong></span> 
     </span>
    </p>
   </div>
   <div class='ocr_carea' id='block_1_74' title="bbox 2153 1461 3723 1531">
    <p class='ocr_par' dir='ltr' id='par_1_74' title="bbox 2153 1461 3723 1531">
     <span class='ocr_line' id='line_1_74' title="bbox 2153 1461 3723 1531; baseline -0.001 -15"><span class='ocrx_word' id='word_1_533' title='bbox 2153 1463 2326 1517; x_wconf 90' lang='lat' dir='ltr'><strong>micas</strong></span> <span class='ocrx_word' id='word_1_534' title='bbox 2372 1478 2494 1531; x_wconf 90' lang='lat' dir='ltr'><strong>qua</strong></span> <span class='ocrx_word' id='word_1_535' title='bbox 2541 1462 2609 1516; x_wconf 92' lang='lat' dir='ltr'><strong>de</strong></span> <span class='ocrx_word' id='word_1_536' title='bbox 2662 1476 2851 1517; x_wconf 88' lang='lat' dir='ltr'><strong>mensa</strong></span> <span class='ocrx_word' id='word_1_537' title='bbox 2884 1461 3003 1530; x_wconf 86' lang='lat' dir='ltr'><strong>ejus</strong></span> <span class='ocrx_word' id='word_1_538' title='bbox 3050 1462 3327 1516; x_wconf 87' lang='lat' dir='ltr'><strong>cadebant</strong></span> <span class='ocrx_word' id='word_1_539' title='bbox 3388 1463 3723 1530; x_wconf 82' lang='lat' dir='ltr'><strong>accipere,et</strong></span> 
     </span>
    </p>
   </div>
   <div class='ocr_carea' id='block_1_75' title="bbox 2154 1553 3724 1624">
    <p class='ocr_par' dir='ltr' id='par_1_75' title="bbox 2154 1553 3724 1624">
     <span class='ocr_line' id='line_1_75' title="bbox 2154 1553 3724 1624; baseline -0.002 -15"><span class='ocrx_word' id='word_1_540' title='bbox 2154 1568 2317 1611; x_wconf 90' lang='lat' dir='ltr'><strong>nemo</strong></span> <span class='ocrx_word' id='word_1_541' title='bbox 2350 1555 2426 1608; x_wconf 92' lang='lat' dir='ltr'><strong>illi</strong></span> <span class='ocrx_word' id='word_1_542' title='bbox 2456 1554 2635 1609; x_wconf 87' lang='lat' dir='ltr'><strong>dabat.</strong></span> <span class='ocrx_word' id='word_1_543' title='bbox 2670 1553 2912 1623; x_wconf 83' lang='lat' dir='ltr'><strong>Contigit</strong></span> <span class='ocrx_word' id='word_1_544' title='bbox 2933 1562 3114 1607; x_wconf 89' lang='lat' dir='ltr'><strong>autem</strong></span> <span class='ocrx_word' id='word_1_545' title='bbox 3152 1564 3210 1608; x_wconf 93' lang='lat' dir='ltr'><strong>ut</strong></span> <span class='ocrx_word' id='word_1_546' title='bbox 3234 1566 3480 1624; x_wconf 87' lang='lat' dir='ltr'><strong>uterque</strong></span> <span class='ocrx_word' id='word_1_547' title='bbox 3508 1568 3724 1607; x_wconf 85' lang='lat' dir='ltr'><strong>morere-</strong></span> 
     </span>
    </p>
   </div>
   <div class='ocr_carea' id='block_1_76' title="bbox 2156 1644 3723 1715">
    <p class='ocr_par' dir='ltr' id='par_1_76' title="bbox 2156 1644 3723 1715">
     <span class='ocr_line' id='line_1_76' title="bbox 2156 1644 3723 1715; baseline -0.002 -13"><span class='ocrx_word' id='word_1_548' title='bbox 2156 1657 2265 1711; x_wconf 91' lang='lat' dir='ltr'><strong>tur,</strong></span> <span class='ocrx_word' id='word_1_549' title='bbox 2320 1656 2375 1702; x_wconf 92' lang='lat' dir='ltr'><strong>et</strong></span> <span class='ocrx_word' id='word_1_550' title='bbox 2420 1648 2511 1702; x_wconf 94' lang='lat' dir='ltr'><strong>ille</strong></span> <span class='ocrx_word' id='word_1_551' title='bbox 2544 1647 2830 1701; x_wconf 86' lang='lat' dir='ltr'><strong>mendicus</strong></span> <span class='ocrx_word' id='word_1_552' title='bbox 2860 1644 3166 1700; x_wconf 86' lang='lat' dir='ltr'><strong>deferretur</strong></span> <span class='ocrx_word' id='word_1_553' title='bbox 3206 1646 3264 1700; x_wconf 93' lang='lat' dir='ltr'><strong>in</strong></span> <span class='ocrx_word' id='word_1_554' title='bbox 3304 1647 3585 1715; x_wconf 85' lang='lat' dir='ltr'><strong>requiem,</strong></span> <span class='ocrx_word' id='word_1_555' title='bbox 3618 1661 3723 1715; x_wconf 72' lang='lat' dir='ltr'><strong>qua</strong></span> 
     </span>
    </p>
   </div>
   <div class='ocr_carea' id='block_1_77' title="bbox 2155 1738 3723 1806">
    <p class='ocr_par' dir='ltr' id='par_1_77' title="bbox 2155 1738 3723 1806">
     <span class='ocr_line' id='line_1_77' title="bbox 2155 1738 3723 1806; baseline -0.003 -10"><span class='ocrx_word' id='word_1_556' title='bbox 2155 1750 2239 1796; x_wconf 88' lang='lat' dir='ltr'><strong>est</strong></span> <span class='ocrx_word' id='word_1_557' title='bbox 2285 1740 2340 1795; x_wconf 92' lang='lat' dir='ltr'><strong>in</strong></span> <span class='ocrx_word' id='word_1_558' title='bbox 2365 1741 2486 1795; x_wconf 86' lang='lat' dir='ltr'><strong>sinu</strong></span> <span class='ocrx_word' id='word_1_559' title='bbox 2512 1741 2773 1806; x_wconf 68' lang='lat' dir='ltr'><strong>Abrahae;</strong></span> <span class='ocrx_word' id='word_1_560' title='bbox 2808 1740 2898 1794; x_wconf 90' lang='lat' dir='ltr'><strong>ille</strong></span> <span class='ocrx_word' id='word_1_561' title='bbox 2930 1749 3112 1794; x_wconf 92' lang='lat' dir='ltr'><strong>autem</strong></span> <span class='ocrx_word' id='word_1_562' title='bbox 3144 1739 3304 1793; x_wconf 90' lang='lat' dir='ltr'><strong>dives</strong></span> <span class='ocrx_word' id='word_1_563' title='bbox 3340 1738 3650 1793; x_wconf 88' lang='lat' dir='ltr'><strong>mitteretur</strong></span> <span class='ocrx_word' id='word_1_564' title='bbox 3679 1738 3723 1791; x_wconf 86' lang='lat' dir='ltr'><strong>in</strong></span> 
     </span>
    </p>
   </div>
   <div class='ocr_carea' id='block_1_78' title="bbox 2155 1829 3725 1897">
    <p class='ocr_par' dir='ltr' id='par_1_78' title="bbox 2155 1829 3725 1897">
     <span class='ocr_line' id='line_1_78' title="bbox 2155 1829 3725 1897; baseline -0.003 -10"><span class='ocrx_word' id='word_1_565' title='bbox 2155 1835 2430 1887; x_wconf 89' lang='lat' dir='ltr'><strong>flammam</strong></span> <span class='ocrx_word' id='word_1_566' title='bbox 2460 1832 2718 1897; x_wconf 88' lang='lat' dir='ltr'><strong>incendii,</strong></span> <span class='ocrx_word' id='word_1_567' title='bbox 2753 1831 2895 1885; x_wconf 90' lang='lat' dir='ltr'><strong>unde</strong></span> <span class='ocrx_word' id='word_1_568' title='bbox 2927 1831 3149 1886; x_wconf 86' lang='lat' dir='ltr'><strong>elevans</strong></span> <span class='ocrx_word' id='word_1_569' title='bbox 3176 1831 3379 1886; x_wconf 90' lang='lat' dir='ltr'><strong>oculos</strong></span> <span class='ocrx_word' id='word_1_570' title='bbox 3413 1832 3553 1884; x_wconf 87' lang='lat' dir='ltr'><strong>vidit</strong></span> <span class='ocrx_word' id='word_1_571' title='bbox 3576 1829 3725 1883; x_wconf 75' lang='lat' dir='ltr'><strong>Laza-</strong></span> 
     </span>
    </p>
   </div>
   <div class='ocr_carea' id='block_1_79' title="bbox 2156 1924 3727 1997">
    <p class='ocr_par' dir='ltr' id='par_1_79' title="bbox 2156 1924 3727 1997">
     <span class='ocr_line' id='line_1_79' title="bbox 2156 1924 3727 1997; baseline -0.003 -15"><span class='ocrx_word' id='word_1_572' title='bbox 2156 1944 2276 1982; x_wconf 89' lang='lat' dir='ltr'><strong>rum</strong></span> <span class='ocrx_word' id='word_1_573' title='bbox 2332 1926 2609 1981; x_wconf 84' lang='lat' dir='ltr'><strong>sedentem</strong></span> <span class='ocrx_word' id='word_1_574' title='bbox 2659 1925 2713 1979; x_wconf 91' lang='lat' dir='ltr'><strong>in</strong></span> <span class='ocrx_word' id='word_1_575' title='bbox 2763 1925 2886 1980; x_wconf 81' lang='lat' dir='ltr'><strong>sinu</strong></span> <span class='ocrx_word' id='word_1_576' title='bbox 2935 1924 3171 1979; x_wconf 87' lang='lat' dir='ltr'><strong>Abraha</strong></span> <span class='ocrx_word' id='word_1_577' title='bbox 3206 1933 3263 1979; x_wconf 90' lang='lat' dir='ltr'><strong>et</strong></span> <span class='ocrx_word' id='word_1_578' title='bbox 3291 1925 3627 1997; x_wconf 79' lang='lat' dir='ltr'><strong>exclamavit</strong></span> <span class='ocrx_word' id='word_1_579' title='bbox 3657 1926 3727 1978; x_wconf 85' lang='lat' dir='ltr'><strong>di-</strong></span> 
     </span>
    </p>
   </div>
   <div class='ocr_carea' id='block_1_80' title="bbox 2156 2015 3724 2083">
    <p class='ocr_par' dir='ltr' id='par_1_80' title="bbox 2156 2015 3724 2083">
     <span class='ocr_line' id='line_1_80' title="bbox 2156 2015 3724 2083; baseline -0.004 -8"><span class='ocrx_word' id='word_1_580' title='bbox 2156 2036 2313 2075; x_wconf 88' lang='lat' dir='ltr'><strong>cens:</strong></span> <span class='ocrx_word' id='word_1_581' title='bbox 2350 2018 2515 2071; x_wconf 87' lang='lat' dir='ltr'><strong>Pater</strong></span> <span class='ocrx_word' id='word_1_582' title='bbox 2530 2018 2822 2083; x_wconf 76' lang='lat' dir='ltr'><strong>Abraham,</strong></span> <span class='ocrx_word' id='word_1_583' title='bbox 2844 2018 3088 2071; x_wconf 78' lang='lat' dir='ltr'><strong>miserere</strong></span> <span class='ocrx_word' id='word_1_584' title='bbox 3106 2017 3208 2070; x_wconf 85' lang='lat' dir='ltr'><strong>mei</strong></span> <span class='ocrx_word' id='word_1_585' title='bbox 3227 2026 3277 2069; x_wconf 83' lang='lat' dir='ltr'><strong>et</strong></span> <span class='ocrx_word' id='word_1_586' title='bbox 3296 2018 3459 2070; x_wconf 80' lang='lat' dir='ltr'><strong>mitte</strong></span> <span class='ocrx_word' id='word_1_587' title='bbox 3481 2015 3724 2069; x_wconf 75' lang='lat' dir='ltr'><strong>Lazarum</strong></span> 
     </span>
    </p>
   </div>
   <div class='ocr_carea' id='block_1_81' title="bbox 2156 2108 3723 2181">
    <p class='ocr_par' dir='ltr' id='par_1_81' title="bbox 2156 2108 3723 2181">
     <span class='ocr_line' id='line_1_81' title="bbox 2156 2108 3723 2181; baseline -0.004 -16"><span class='ocrx_word' id='word_1_588' title='bbox 2156 2124 2211 2165; x_wconf 90' lang='lat' dir='ltr'><strong>ut</strong></span> <span class='ocrx_word' id='word_1_589' title='bbox 2240 2112 2471 2181; x_wconf 85' lang='lat' dir='ltr'><strong>intingat</strong></span> <span class='ocrx_word' id='word_1_590' title='bbox 2491 2110 2716 2180; x_wconf 86' lang='lat' dir='ltr'><strong>digitum</strong></span> <span class='ocrx_word' id='word_1_591' title='bbox 2748 2126 2899 2163; x_wconf 88' lang='lat' dir='ltr'><strong>suum</strong></span> <span class='ocrx_word' id='word_1_592' title='bbox 2924 2110 2977 2163; x_wconf 86' lang='lat' dir='ltr'><strong>iu</strong></span> <span class='ocrx_word' id='word_1_593' title='bbox 3006 2125 3201 2178; x_wconf 87' lang='lat' dir='ltr'><strong>aquam</strong></span> <span class='ocrx_word' id='word_1_594' title='bbox 3236 2119 3287 2161; x_wconf 88' lang='lat' dir='ltr'><strong>et</strong></span> <span class='ocrx_word' id='word_1_595' title='bbox 3326 2109 3602 2178; x_wconf 81' lang='lat' dir='ltr'><strong>refrigeret</strong></span> <span class='ocrx_word' id='word_1_596' title='bbox 3635 2108 3723 2160; x_wconf 81' lang='lat' dir='ltr'><strong>lin-</strong></span> 
     </span>
    </p>
   </div>
   <div class='ocr_carea' id='block_1_82' title="bbox 2158 2200 3726 2275">
    <p class='ocr_par' dir='ltr' id='par_1_82' title="bbox 2158 2200 3726 2275">
     <span class='ocr_line' id='line_1_82' title="bbox 2158 2200 3726 2275; baseline -0.002 -19"><span class='ocrx_word' id='word_1_597' title='bbox 2158 2220 2315 2275; x_wconf 88' lang='lat' dir='ltr'><strong>guam</strong></span> <span class='ocrx_word' id='word_1_598' title='bbox 2338 2218 2529 2269; x_wconf 88' lang='lat' dir='ltr'><strong>meam,</strong></span> <span class='ocrx_word' id='word_1_599' title='bbox 2560 2203 2686 2272; x_wconf 85' lang='lat' dir='ltr'><strong>quia</strong></span> <span class='ocrx_word' id='word_1_600' title='bbox 2714 2203 2925 2255; x_wconf 84' lang='lat' dir='ltr'><strong>crucior</strong></span> <span class='ocrx_word' id='word_1_601' title='bbox 2952 2203 3008 2255; x_wconf 88' lang='lat' dir='ltr'><strong>in</strong></span> <span class='ocrx_word' id='word_1_602' title='bbox 3032 2202 3130 2254; x_wconf 89' lang='lat' dir='ltr'><strong>hac</strong></span> <span class='ocrx_word' id='word_1_603' title='bbox 3163 2202 3420 2269; x_wconf 80' lang='lat' dir='ltr'><strong>ﬂamma.</strong></span> <span class='ocrx_word' id='word_1_604' title='bbox 3442 2200 3546 2255; x_wconf 85' lang='lat' dir='ltr'><strong>Cui</strong></span> <span class='ocrx_word' id='word_1_605' title='bbox 3574 2202 3726 2254; x_wconf 83' lang='lat' dir='ltr'><strong>Abra-</strong></span> 
     </span>
    </p>
   </div>
   <div class='ocr_carea' id='block_1_83' title="bbox 2158 2290 3729 2361">
    <p class='ocr_par' dir='ltr' id='par_1_83' title="bbox 2158 2290 3729 2361">
     <span class='ocr_line' id='line_1_83' title="bbox 2158 2290 3729 2361; baseline -0.005 -13"><span class='ocrx_word' id='word_1_606' title='bbox 2158 2296 2285 2349; x_wconf 94' lang='lat' dir='ltr'><strong>ham</strong></span> <span class='ocrx_word' id='word_1_607' title='bbox 2337 2292 2671 2361; x_wconf 89' lang='lat' dir='ltr'><strong>respondens</strong></span> <span class='ocrx_word' id='word_1_608' title='bbox 2711 2292 2848 2346; x_wconf 76' lang='lat' dir='ltr'><strong>dixit</strong></span> <span class='ocrx_word' id='word_1_609' title='bbox 2881 2312 2893 2346; x_wconf 88' lang='lat'><strong>:</strong></span> <span class='ocrx_word' id='word_1_610' title='bbox 2924 2292 3218 2356; x_wconf 85' lang='lat' dir='ltr'><strong>Memento,</strong></span> <span class='ocrx_word' id='word_1_611' title='bbox 3269 2291 3379 2360; x_wconf 78' lang='lat' dir='ltr'><strong>ﬁli,</strong></span> <span class='ocrx_word' id='word_1_612' title='bbox 3426 2290 3569 2359; x_wconf 84' lang='lat' dir='ltr'><strong>quod</strong></span> <span class='ocrx_word' id='word_1_613' title='bbox 3612 2305 3729 2341; x_wconf 78' lang='lat' dir='ltr'><strong>rece-</strong></span> 
     </span>
    </p>
   </div>
   <div class='ocr_carea' id='block_1_84' title="bbox 2158 2380 3725 2453">
    <p class='ocr_par' dir='ltr' id='par_1_84' title="bbox 2158 2380 3725 2453">
     <span class='ocr_line' id='line_1_84' title="bbox 2158 2380 3725 2453; baseline -0.004 -16"><span class='ocrx_word' id='word_1_614' title='bbox 2158 2386 2288 2453; x_wconf 83' lang='lat' dir='ltr'><strong>pisti</strong></span> <span class='ocrx_word' id='word_1_615' title='bbox 2333 2385 2467 2437; x_wconf 83' lang='lat' dir='ltr'><strong>bona</strong></span> <span class='ocrx_word' id='word_1_616' title='bbox 2496 2384 2552 2435; x_wconf 84' lang='lat' dir='ltr'><strong>in</strong></span> <span class='ocrx_word' id='word_1_617' title='bbox 2580 2384 2688 2436; x_wconf 82' lang='lat' dir='ltr'><strong>vita</strong></span> <span class='ocrx_word' id='word_1_618' title='bbox 2721 2392 2833 2449; x_wconf 89' lang='lat' dir='ltr'><strong>tua,</strong></span> <span class='ocrx_word' id='word_1_619' title='bbox 2864 2382 3107 2435; x_wconf 80' lang='lat' dir='ltr'><strong>Lazarus</strong></span> <span class='ocrx_word' id='word_1_620' title='bbox 3132 2397 3256 2435; x_wconf 71' lang='lat' dir='ltr'><strong>vero</strong></span> <span class='ocrx_word' id='word_1_621' title='bbox 3284 2382 3555 2439; x_wconf 73' lang='lat' dir='ltr'><strong>similiter</strong></span> <span class='ocrx_word' id='word_1_622' title='bbox 3572 2380 3725 2443; x_wconf 79' lang='lat' dir='ltr'><strong>ma!a;</strong></span> 
     </span>
    </p>
   </div>
   <div class='ocr_carea' id='block_1_85' title="bbox 2161 2472 3729 2544">
    <p class='ocr_par' dir='ltr' id='par_1_85' title="bbox 2161 2472 3729 2544">
     <span class='ocr_line' id='line_1_85' title="bbox 2161 2472 3729 2544; baseline -0.001 -18"><span class='ocrx_word' id='word_1_623' title='bbox 2161 2489 2298 2527; x_wconf 80' lang='lat' dir='ltr'><strong>nunc</strong></span> <span class='ocrx_word' id='word_1_624' title='bbox 2337 2490 2455 2527; x_wconf 80' lang='lat' dir='ltr'><strong>vero</strong></span> <span class='ocrx_word' id='word_1_625' title='bbox 2511 2474 2596 2527; x_wconf 83' lang='lat' dir='ltr'><strong>hic</strong></span> <span class='ocrx_word' id='word_1_626' title='bbox 2630 2473 2935 2527; x_wconf 77' lang='lat' dir='ltr'><strong>consolatur</strong></span> <span class='ocrx_word' id='word_1_627' title='bbox 2959 2515 2973 2540; x_wconf 91' lang='lat'><strong>,</strong></span> <span class='ocrx_word' id='word_1_628' title='bbox 3005 2486 3059 2527; x_wconf 85' lang='lat' dir='ltr'><strong>tu</strong></span> <span class='ocrx_word' id='word_1_629' title='bbox 3095 2490 3218 2527; x_wconf 86' lang='lat' dir='ltr'><strong>vero</strong></span> <span class='ocrx_word' id='word_1_630' title='bbox 3252 2475 3549 2544; x_wconf 84' lang='lat' dir='ltr'><strong>torqueris.</strong></span> <span class='ocrx_word' id='word_1_631' title='bbox 3591 2472 3651 2526; x_wconf 78' lang='lat' dir='ltr'><strong>Et</strong></span> <span class='ocrx_word' id='word_1_632' title='bbox 3686 2474 3729 2524; x_wconf 80' lang='lat' dir='ltr'><strong>is</strong></span> 
     </span>
    </p>
   </div>
   <div class='ocr_carea' id='block_1_86' title="bbox 2162 2567 3728 2637">
    <p class='ocr_par' dir='ltr' id='par_1_86' title="bbox 2162 2567 3728 2637">
     <span class='ocr_line' id='line_1_86' title="bbox 2162 2567 3728 2637; baseline -0.003 -17"><span class='ocrx_word' id='word_1_633' title='bbox 2162 2567 2242 2620; x_wconf 88' lang='lat' dir='ltr'><strong>his</strong></span> <span class='ocrx_word' id='word_1_634' title='bbox 2273 2567 2512 2621; x_wconf 84' lang='lat' dir='ltr'><strong>omnibus</strong></span> <span class='ocrx_word' id='word_1_635' title='bbox 2537 2568 2693 2621; x_wconf 83' lang='lat' dir='ltr'><strong>chaos</strong></span> <span class='ocrx_word' id='word_1_636' title='bbox 2714 2584 2960 2637; x_wconf 88' lang='lat' dir='ltr'><strong>maguum</strong></span> <span class='ocrx_word' id='word_1_637' title='bbox 2996 2568 3135 2621; x_wconf 85' lang='lat' dir='ltr'><strong>inter</strong></span> <span class='ocrx_word' id='word_1_638' title='bbox 3160 2584 3257 2621; x_wconf 87' lang='lat' dir='ltr'><strong>nos</strong></span> <span class='ocrx_word' id='word_1_639' title='bbox 3281 2577 3335 2621; x_wconf 86' lang='lat' dir='ltr'><strong>et</strong></span> <span class='ocrx_word' id='word_1_640' title='bbox 3366 2584 3462 2621; x_wconf 74' lang='lat' dir='ltr'><strong>vos</strong></span> <span class='ocrx_word' id='word_1_641' title='bbox 3486 2568 3728 2637; x_wconf 74' lang='lat' dir='ltr'><strong>ﬁrmatam</strong></span> 
     </span>
    </p>
   </div>
   <div class='ocr_carea' id='block_1_87' title="bbox 2159 2658 3731 2729">
    <p class='ocr_par' dir='ltr' id='par_1_87' title="bbox 2159 2658 3731 2729">
     <span class='ocr_line' id='line_1_87' title="bbox 2159 2658 3731 2729; baseline -0.003 -16"><span class='ocrx_word' id='word_1_642' title='bbox 2159 2669 2258 2725; x_wconf 86' lang='lat' dir='ltr'><strong>est,</strong></span> <span class='ocrx_word' id='word_1_643' title='bbox 2301 2668 2359 2713; x_wconf 94' lang='lat' dir='ltr'><strong>ut</strong></span> <span class='ocrx_word' id='word_1_644' title='bbox 2403 2674 2581 2729; x_wconf 89' lang='lat' dir='ltr'><strong>neque</strong></span> <span class='ocrx_word' id='word_1_645' title='bbox 2622 2660 2748 2713; x_wconf 89' lang='lat' dir='ltr'><strong>inde</strong></span> <span class='ocrx_word' id='word_1_646' title='bbox 2798 2660 2905 2714; x_wconf 88' lang='lat' dir='ltr'><strong>huc</strong></span> <span class='ocrx_word' id='word_1_647' title='bbox 2957 2674 3135 2729; x_wconf 90' lang='lat' dir='ltr'><strong>neque</strong></span> <span class='ocrx_word' id='word_1_648' title='bbox 3170 2658 3309 2714; x_wconf 86' lang='lat' dir='ltr'><strong>hinc</strong></span> <span class='ocrx_word' id='word_1_649' title='bbox 3342 2660 3480 2715; x_wconf 86' lang='lat' dir='ltr'><strong>illuc</strong></span> <span class='ocrx_word' id='word_1_650' title='bbox 3524 2658 3731 2713; x_wconf 82' lang='lat' dir='ltr'><strong>transire</strong></span> 
     </span>
    </p>
   </div>
   <div class='ocr_carea' id='block_1_88' title="bbox 2160 2749 3732 2820">
    <p class='ocr_par' dir='ltr' id='par_1_88' title="bbox 2160 2749 3732 2820">
     <span class='ocr_line' id='line_1_88' title="bbox 2160 2749 3732 2820; baseline -0.001 -17"><span class='ocrx_word' id='word_1_651' title='bbox 2160 2750 2359 2819; x_wconf 88' lang='lat' dir='ltr'><strong>aliquis</strong></span> <span class='ocrx_word' id='word_1_652' title='bbox 2382 2751 2574 2819; x_wconf 91' lang='lat' dir='ltr'><strong>possit.</strong></span> <span class='ocrx_word' id='word_1_653' title='bbox 2593 2751 2663 2803; x_wconf 82' lang='lat' dir='ltr'><strong>At</strong></span> <span class='ocrx_word' id='word_1_654' title='bbox 2686 2750 2777 2805; x_wconf 90' lang='lat' dir='ltr'><strong>ille</strong></span> <span class='ocrx_word' id='word_1_655' title='bbox 2801 2750 3085 2820; x_wconf 91' lang='lat' dir='ltr'><strong>respondit</strong></span> <span class='ocrx_word' id='word_1_656' title='bbox 3116 2769 3128 2804; x_wconf 89' lang='lat'><strong>:</strong></span> <span class='ocrx_word' id='word_1_657' title='bbox 3162 2749 3311 2805; x_wconf 89' lang='lat' dir='ltr'><strong>Sunt</strong></span> <span class='ocrx_word' id='word_1_658' title='bbox 3345 2752 3489 2807; x_wconf 83' lang='lat' dir='ltr'><strong>mihi</strong></span> <span class='ocrx_word' id='word_1_659' title='bbox 3513 2752 3732 2820; x_wconf 88' lang='lat' dir='ltr'><strong>quinque</strong></span> 
     </span>
    </p>
   </div>
   <div class='ocr_carea' id='block_1_89' title="bbox 2162 2842 3731 2913">
    <p class='ocr_par' dir='ltr' id='par_1_89' title="bbox 2162 2842 3731 2913">
     <span class='ocr_line' id='line_1_89' title="bbox 2162 2842 3731 2913; baseline -0.001 -18"><span class='ocrx_word' id='word_1_660' title='bbox 2162 2842 2379 2908; x_wconf 89' lang='lat' dir='ltr'><strong>fratres,</strong></span> <span class='ocrx_word' id='word_1_661' title='bbox 2438 2843 2664 2897; x_wconf 78' lang='lat' dir='ltr'><strong>obsecro</strong></span> <span class='ocrx_word' id='word_1_662' title='bbox 2711 2851 2770 2895; x_wconf 93' lang='lat' dir='ltr'><strong>ut</strong></span> <span class='ocrx_word' id='word_1_663' title='bbox 2819 2851 3006 2913; x_wconf 85' lang='lat' dir='ltr'><strong>surgat</strong></span> <span class='ocrx_word' id='word_1_664' title='bbox 3036 2842 3240 2912; x_wconf 89' lang='lat' dir='ltr'><strong>aliquis</strong></span> <span class='ocrx_word' id='word_1_665' title='bbox 3278 2842 3380 2911; x_wconf 88' lang='lat' dir='ltr'><strong>qui</strong></span> <span class='ocrx_word' id='word_1_666' title='bbox 3408 2851 3629 2897; x_wconf 83' lang='lat' dir='ltr'><strong>moneat</strong></span> <span class='ocrx_word' id='word_1_667' title='bbox 3654 2855 3731 2893; x_wconf 82' lang='lat' dir='ltr'><strong>eos</strong></span> 
     </span>
    </p>
   </div>
   <div class='ocr_carea' id='block_1_90' title="bbox 2161 2933 3731 2989">
    <p class='ocr_par' dir='ltr' id='par_1_90' title="bbox 2161 2933 3731 2989">
     <span class='ocr_line' id='line_1_90' title="bbox 2161 2933 3731 2989; baseline -0.003 -1"><span class='ocrx_word' id='word_1_668' title='bbox 2161 2950 2229 2989; x_wconf 87' lang='lat' dir='ltr'><strong>ne</strong></span> <span class='ocrx_word' id='word_1_669' title='bbox 2284 2936 2393 2989; x_wconf 85' lang='lat' dir='ltr'><strong>huc</strong></span> <span class='ocrx_word' id='word_1_670' title='bbox 2434 2934 2653 2988; x_wconf 88' lang='lat' dir='ltr'><strong>veniant</strong></span> <span class='ocrx_word' id='word_1_671' title='bbox 2698 2935 2755 2989; x_wconf 92' lang='lat' dir='ltr'><strong>in</strong></span> <span class='ocrx_word' id='word_1_672' title='bbox 2807 2934 2948 2988; x_wconf 88' lang='lat' dir='ltr'><strong>hanc</strong></span> <span class='ocrx_word' id='word_1_673' title='bbox 2989 2933 3293 2987; x_wconf 85' lang='lat' dir='ltr'><strong>ﬂammam.</strong></span> <span class='ocrx_word' id='word_1_674' title='bbox 3339 2934 3448 2988; x_wconf 90' lang='lat' dir='ltr'><strong>Cui</strong></span> <span class='ocrx_word' id='word_1_675' title='bbox 3480 2934 3731 2987; x_wconf 77' lang='lat' dir='ltr'><strong>Abraham</strong></span> 
     </span>
    </p>
   </div>
   <div class='ocr_carea' id='block_1_91' title="bbox 2161 3025 3731 3095">
    <p class='ocr_par' dir='ltr' id='par_1_91' title="bbox 2161 3025 3731 3095">
     <span class='ocr_line' id='line_1_91' title="bbox 2161 3025 3731 3095; baseline -0.001 -16"><span class='ocrx_word' id='word_1_676' title='bbox 2161 3026 2275 3080; x_wconf 78' lang='lat' dir='ltr'><strong>ait:</strong></span> <span class='ocrx_word' id='word_1_677' title='bbox 2308 3025 2514 3080; x_wconf 81' lang='lat' dir='ltr'><strong>Habent</strong></span> <span class='ocrx_word' id='word_1_678' title='bbox 2554 3025 2771 3095; x_wconf 82' lang='lat' dir='ltr'><strong>Moysen</strong></span> <span class='ocrx_word' id='word_1_679' title='bbox 2793 3037 2840 3079; x_wconf 88' lang='lat' dir='ltr'><strong>et</strong></span> <span class='ocrx_word' id='word_1_680' title='bbox 2879 3026 3185 3095; x_wconf 86' lang='lat' dir='ltr'><strong>prophetas,</strong></span> <span class='ocrx_word' id='word_1_681' title='bbox 3220 3027 3459 3079; x_wconf 85' lang='lat' dir='ltr'><strong>audiant</strong></span> <span class='ocrx_word' id='word_1_682' title='bbox 3505 3026 3645 3080; x_wconf 88' lang='lat' dir='ltr'><strong>illos.</strong></span> <span class='ocrx_word' id='word_1_683' title='bbox 3667 3026 3731 3077; x_wconf 74' lang='lat' dir='ltr'><strong>Ad</strong></span> 
     </span>
    </p>
   </div>
   <div class='ocr_carea' id='block_1_92' title="bbox 2165 3115 3734 3189">
    <p class='ocr_par' dir='ltr' id='par_1_92' title="bbox 2165 3115 3734 3189">
     <span class='ocr_line' id='line_1_92' title="bbox 2165 3115 3734 3189; baseline -0.001 -18"><span class='ocrx_word' id='word_1_684' title='bbox 2165 3118 2279 3173; x_wconf 76' lang='lat' dir='ltr'><strong>hac</strong></span> <span class='ocrx_word' id='word_1_685' title='bbox 2321 3117 2411 3173; x_wconf 91' lang='lat' dir='ltr'><strong>ille</strong></span> <span class='ocrx_word' id='word_1_686' title='bbox 2473 3117 2793 3187; x_wconf 91' lang='lat' dir='ltr'><strong>respondit:</strong></span> <span class='ocrx_word' id='word_1_687' title='bbox 2826 3115 2940 3172; x_wconf 83' lang='lat' dir='ltr'><strong>Nisi</strong></span> <span class='ocrx_word' id='word_1_688' title='bbox 2996 3119 3374 3173; x_wconf 80' lang='lat' dir='ltr'><strong>resurrexerit</strong></span> <span class='ocrx_word' id='word_1_689' title='bbox 3415 3120 3614 3189; x_wconf 90' lang='lat' dir='ltr'><strong>aliquis</strong></span> <span class='ocrx_word' id='word_1_690' title='bbox 3644 3133 3734 3171; x_wconf 85' lang='lat' dir='ltr'><strong>non</strong></span> 
     </span>
    </p>
   </div>
   <div class='ocr_carea' id='block_1_93' title="bbox 2162 3208 3736 3282">
    <p class='ocr_par' dir='ltr' id='par_1_93' title="bbox 2162 3208 3736 3282">
     <span class='ocr_line' id='line_1_93' title="bbox 2162 3208 3736 3282; baseline -0.001 -19"><span class='ocrx_word' id='word_1_691' title='bbox 2162 3210 2404 3264; x_wconf 89' lang='lat' dir='ltr'><strong>credent.</strong></span> <span class='ocrx_word' id='word_1_692' title='bbox 2444 3209 2545 3263; x_wconf 88' lang='lat' dir='ltr'><strong>Cui</strong></span> <span class='ocrx_word' id='word_1_693' title='bbox 2591 3210 2728 3265; x_wconf 80' lang='lat' dir='ltr'><strong>dixit</strong></span> <span class='ocrx_word' id='word_1_694' title='bbox 2760 3208 3035 3264; x_wconf 81' lang='lat' dir='ltr'><strong>Abraham</strong></span> <span class='ocrx_word' id='word_1_695' title='bbox 3071 3228 3084 3264; x_wconf 91' lang='lat'>:</span> <span class='ocrx_word' id='word_1_696' title='bbox 3114 3208 3172 3264; x_wconf 91' lang='lat' dir='ltr'><strong>Si</strong></span> <span class='ocrx_word' id='word_1_697' title='bbox 3217 3210 3403 3282; x_wconf 80' lang='lat' dir='ltr'><strong>Moysi</strong></span> <span class='ocrx_word' id='word_1_698' title='bbox 3441 3220 3497 3266; x_wconf 90' lang='lat' dir='ltr'><strong>et</strong></span> <span class='ocrx_word' id='word_1_699' title='bbox 3525 3212 3736 3281; x_wconf 63' lang='lat' dir='ltr'><strong>prophco</strong></span> 
     </span>
    </p>
   </div>
   <div class='ocr_carea' id='block_1_94' title="bbox 2163 3304 3737 3374">
    <p class='ocr_par' dir='ltr' id='par_1_94' title="bbox 2163 3304 3737 3374">
     <span class='ocr_line' id='line_1_94' title="bbox 2163 3304 3737 3374; baseline -0.004 -14"><span class='ocrx_word' id='word_1_700' title='bbox 2163 3305 2233 3361; x_wconf 92' lang='lat' dir='ltr'><strong>tis</strong></span> <span class='ocrx_word' id='word_1_701' title='bbox 2258 3320 2365 3360; x_wconf 90' lang='lat' dir='ltr'><strong>non</strong></span> <span class='ocrx_word' id='word_1_702' title='bbox 2398 3306 2648 3373; x_wconf 90' lang='lat' dir='ltr'><strong>credunt,</strong></span> <span class='ocrx_word' id='word_1_703' title='bbox 2682 3321 2782 3361; x_wconf 91' lang='lat' dir='ltr'><strong>nec</strong></span> <span class='ocrx_word' id='word_1_704' title='bbox 2813 3306 2859 3361; x_wconf 92' lang='lat' dir='ltr'><strong>si</strong></span> <span class='ocrx_word' id='word_1_705' title='bbox 2884 3304 3088 3374; x_wconf 87' lang='lat' dir='ltr'><strong>aliquis</strong></span> <span class='ocrx_word' id='word_1_706' title='bbox 3114 3306 3737 3374; x_wconf 79' lang='lat' dir='ltr'><strong>resurrexeritpoteruut</strong></span> 
     </span>
    </p>
   </div>
   <div class='ocr_carea' id='block_1_95' title="bbox 2163 3395 3738 3454">
    <p class='ocr_par' dir='ltr' id='par_1_95' title="bbox 2163 3395 3738 3454">
     <span class='ocr_line' id='line_1_95' title="bbox 2163 3395 3738 3454; baseline -0.003 -1"><span class='ocrx_word' id='word_1_707' title='bbox 2163 3399 2211 3453; x_wconf 91' lang='lat' dir='ltr'><strong>ei</strong></span> <span class='ocrx_word' id='word_1_708' title='bbox 2236 3398 2459 3454; x_wconf 89' lang='lat' dir='ltr'><strong>credere</strong></span> <span class='ocrx_word' id='word_1_709' title='bbox 2484 3399 2533 3453; x_wconf 74' lang='grc' dir='ltr'><strong>δ.</strong></span> <span class='ocrx_word' id='word_1_710' title='bbox 2592 3397 2703 3454; x_wconf 80' lang='lat' dir='ltr'><strong>llos</strong></span> <span class='ocrx_word' id='word_1_711' title='bbox 2758 3407 2940 3453; x_wconf 90' lang='lat' dir='ltr'><strong>autem</strong></span> <span class='ocrx_word' id='word_1_712' title='bbox 2994 3410 3286 3451; x_wconf 88' lang='lat' dir='ltr'><strong>sermones</strong></span> <span class='ocrx_word' id='word_1_713' title='bbox 3315 3411 3455 3451; x_wconf 92' lang='lat' dir='ltr'><strong>suos</strong></span> <span class='ocrx_word' id='word_1_714' title='bbox 3491 3395 3738 3451; x_wconf 86' lang='lat' dir='ltr'><strong>Dominus</strong></span> 
     </span>
    </p>
   </div>
   <div class='ocr_carea' id='block_1_96' title="bbox 2166 3486 3736 3561">
    <p class='ocr_par' dir='ltr' id='par_1_96' title="bbox 2166 3486 3736 3561">
     <span class='ocr_line' id='line_1_96' title="bbox 2166 3486 3736 3561; baseline -0.005 -17"><span class='ocrx_word' id='word_1_715' title='bbox 2166 3498 2227 3544; x_wconf 89' lang='lat' dir='ltr'><strong>ut</strong></span> <span class='ocrx_word' id='word_1_716' title='bbox 2280 3490 2542 3561; x_wconf 89' lang='lat' dir='ltr'><strong>magister</strong></span> <span class='ocrx_word' id='word_1_717' title='bbox 2599 3499 2784 3545; x_wconf 91' lang='lat' dir='ltr'><strong>noster</strong></span> <span class='ocrx_word' id='word_1_718' title='bbox 2841 3490 3103 3544; x_wconf 91' lang='lat' dir='ltr'><strong>virtutum</strong></span> <span class='ocrx_word' id='word_1_719' title='bbox 3154 3486 3427 3544; x_wconf 82' lang='lat' dir='ltr'><strong>ﬁrmabat</strong></span> <span class='ocrx_word' id='word_1_720' title='bbox 3469 3488 3736 3556; x_wconf 76' lang='lat' dir='ltr'><strong>exemplis.</strong></span> 
     </span>
    </p>
   </div>
   <div class='ocr_carea' id='block_1_97' title="bbox 2164 3582 3740 3649">
    <p class='ocr_par' dir='ltr' id='par_1_97' title="bbox 2164 3582 3740 3649">
     <span class='ocr_line' id='line_1_97' title="bbox 2164 3582 3740 3649; baseline -0.003 -12"><span class='ocrx_word' id='word_1_721' title='bbox 2164 3582 2301 3637; x_wconf 84' lang='lat' dir='ltr'><strong>Nam</strong></span> <span class='ocrx_word' id='word_1_722' title='bbox 2333 3599 2457 3639; x_wconf 92' lang='lat' dir='ltr'><strong>cum</strong></span> <span class='ocrx_word' id='word_1_723' title='bbox 2489 3584 2732 3639; x_wconf 90' lang='lat' dir='ltr'><strong>dicerent</strong></span> <span class='ocrx_word' id='word_1_724' title='bbox 2759 3583 2808 3638; x_wconf 91' lang='lat' dir='ltr'><strong>ei</strong></span> <span class='ocrx_word' id='word_1_725' title='bbox 2845 3602 2857 3637; x_wconf 90' lang='lat'><strong>:</strong></span> <span class='ocrx_word' id='word_1_726' title='bbox 2891 3582 3023 3649; x_wconf 86' lang='lat' dir='ltr'><strong>Quis</strong></span> <span class='ocrx_word' id='word_1_727' title='bbox 3048 3583 3175 3638; x_wconf 91' lang='lat' dir='ltr'><strong>inde</strong></span> <span class='ocrx_word' id='word_1_728' title='bbox 3209 3584 3327 3639; x_wconf 90' lang='lat' dir='ltr'><strong>huc</strong></span> <span class='ocrx_word' id='word_1_729' title='bbox 3351 3584 3527 3646; x_wconf 82' lang='lat' dir='ltr'><strong>venit,</strong></span> <span class='ocrx_word' id='word_1_730' title='bbox 3559 3593 3614 3637; x_wconf 91' lang='lat' dir='ltr'><strong>ut</strong></span> <span class='ocrx_word' id='word_1_731' title='bbox 3637 3597 3740 3635; x_wconf 87' lang='lat' dir='ltr'><strong>cre-</strong></span> 
     </span>
    </p>
   </div>
   <div class='ocr_carea' id='block_1_98' title="bbox 2166 3674 3740 3745">
    <p class='ocr_par' dir='ltr' id='par_1_98' title="bbox 2166 3674 3740 3745">
     <span class='ocr_line' id='line_1_98' title="bbox 2166 3674 3740 3745; baseline -0.003 -15"><span class='ocrx_word' id='word_1_732' title='bbox 2166 3676 2361 3731; x_wconf 91' lang='lat' dir='ltr'><strong>damus</strong></span> <span class='ocrx_word' id='word_1_733' title='bbox 2388 3676 2438 3729; x_wconf 91' lang='lat' dir='ltr'><strong>ei</strong></span> <span class='ocrx_word' id='word_1_734' title='bbox 2461 3717 2476 3741; x_wconf 95' lang='lat'><strong>,</strong></span> <span class='ocrx_word' id='word_1_735' title='bbox 2515 3675 2607 3730; x_wconf 93' lang='lat' dir='ltr'><strong>ille</strong></span> <span class='ocrx_word' id='word_1_736' title='bbox 2637 3675 2714 3729; x_wconf 90' lang='lat' dir='ltr'><strong>ait</strong></span> <span class='ocrx_word' id='word_1_737' title='bbox 2748 3694 2761 3729; x_wconf 90' lang='lat'><strong>:</strong></span> <span class='ocrx_word' id='word_1_738' title='bbox 2793 3674 3011 3730; x_wconf 91' lang='lat' dir='ltr'><strong>Deferte</strong></span> <span class='ocrx_word' id='word_1_739' title='bbox 3045 3675 3155 3732; x_wconf 91' lang='lat' dir='ltr'><strong>huc</strong></span> <span class='ocrx_word' id='word_1_740' title='bbox 3185 3686 3629 3745; x_wconf 90' lang='lat' dir='ltr'><strong>mortuos,quos</strong></span> <span class='ocrx_word' id='word_1_741' title='bbox 3660 3674 3740 3725; x_wconf 81' lang='lat' dir='ltr'><strong>ha-</strong></span> 
     </span>
    </p>
   </div>
   <div class='ocr_carea' id='block_1_99' title="bbox 2167 3752 3740 3847">
    <p class='ocr_par' dir='ltr' id='par_1_99' title="bbox 2167 3752 3740 3847">
     <span class='ocr_line' id='line_1_99' title="bbox 2167 3752 3740 3847; baseline -0.005 -24"><span class='ocrx_word' id='word_1_742' title='bbox 2167 3768 2327 3823; x_wconf 89' lang='lat' dir='ltr'><strong>betis.</strong></span> <span class='ocrx_word' id='word_1_743' title='bbox 2360 3765 2609 3837; x_wconf 86' lang='lat' dir='ltr'><strong>Cumque</strong></span> <span class='ocrx_word' id='word_1_744' title='bbox 2650 3752 3032 3847; x_wconf 75' lang='lat' dir='ltr'><strong>apportassent</strong></span> <span class='ocrx_word' id='word_1_745' title='bbox 3060 3780 3252 3821; x_wconf 89' lang='lat' dir='ltr'><strong>coram</strong></span> <span class='ocrx_word' id='word_1_746' title='bbox 3281 3766 3379 3821; x_wconf 91' lang='lat' dir='ltr'><strong>illo</strong></span> <span class='ocrx_word' id='word_1_747' title='bbox 3404 3766 3511 3819; x_wconf 88' lang='lat' dir='ltr'><strong>tria</strong></span> <span class='ocrx_word' id='word_1_748' title='bbox 3533 3777 3740 3832; x_wconf 76' lang='lat' dir='ltr'><strong>corpora</strong></span> 
     </span>
    </p>
   </div>
   <div class='ocr_carea' id='block_1_100' title="bbox 2167 3858 3739 3928">
    <p class='ocr_par' dir='ltr' id='par_1_100' title="bbox 2167 3858 3739 3928">
     <span class='ocr_line' id='line_1_100' title="bbox 2167 3858 3739 3928; baseline -0.006 -14"><span class='ocrx_word' id='word_1_749' title='bbox 2167 3869 2513 3914; x_wconf 90' lang='lat' dir='ltr'><strong>mortuorum</strong></span> <span class='ocrx_word' id='word_1_750' title='bbox 2539 3859 2698 3928; x_wconf 56' lang='lat' dir='ltr'><strong>velut</strong></span> <span class='ocrx_word' id='word_1_751' title='bbox 2738 3858 3064 3912; x_wconf 88' lang='lat' dir='ltr'><strong>dormientia</strong></span> <span class='ocrx_word' id='word_1_752' title='bbox 3096 3858 3340 3912; x_wconf 75' lang='lat' dir='ltr'><strong>excitata</strong></span> <span class='ocrx_word' id='word_1_753' title='bbox 3378 3866 3513 3911; x_wconf 93' lang='lat' dir='ltr'><strong>sunt</strong></span> <span class='ocrx_word' id='word_1_754' title='bbox 3560 3858 3625 3909; x_wconf 87' lang='lat' dir='ltr'><strong>ab</strong></span> <span class='ocrx_word' id='word_1_755' title='bbox 3667 3868 3739 3915; x_wconf 80' lang='lat' dir='ltr'><strong>eo,</strong></span> 
     </span>
    </p>
   </div>
   <div class='ocr_carea' id='block_1_101' title="bbox 2168 3946 3739 4023">
    <p class='ocr_par' dir='ltr' id='par_1_101' title="bbox 2168 3946 3739 4023">
     <span class='ocr_line' id='line_1_101' title="bbox 2168 3946 3739 4023; baseline -0.007 -16"><span class='ocrx_word' id='word_1_756' title='bbox 2168 3954 2259 4023; x_wconf 86' lang='lat' dir='ltr'><strong>qui</strong></span> <span class='ocrx_word' id='word_1_757' title='bbox 2289 3952 2494 4006; x_wconf 89' lang='lat' dir='ltr'><strong>dabant</strong></span> <span class='ocrx_word' id='word_1_758' title='bbox 2540 3951 2700 4007; x_wconf 87' lang='lat' dir='ltr'><strong>fidem</strong></span> <span class='ocrx_word' id='word_1_759' title='bbox 2753 3950 3025 4005; x_wconf 86' lang='lat' dir='ltr'><strong>universis</strong></span> <span class='ocrx_word' id='word_1_760' title='bbox 3075 3950 3445 4005; x_wconf 86' lang='lat' dir='ltr'><strong>sermonibus</strong></span> <span class='ocrx_word' id='word_1_761' title='bbox 3485 3946 3739 4018; x_wconf 82' lang='lat' dir='ltr'><strong>ejus.</strong></span> 
     </span>
    </p>
   </div>
   <div class='ocr_carea' id='block_1_102' title="bbox 2169 4040 3741 4115">
    <p class='ocr_par' dir='ltr' id='par_1_102' title="bbox 2169 4040 3741 4115">
     <span class='ocr_line' id='line_1_102' title="bbox 2169 4040 3741 4115; baseline -0.008 -16"><span class='ocrx_word' id='word_1_762' title='bbox 2169 4046 2236 4099; x_wconf 88' lang='lat' dir='ltr'><strong>ad</strong></span> <span class='ocrx_word' id='word_1_763' title='bbox 2265 4045 2396 4115; x_wconf 91' lang='lat' dir='ltr'><strong>quid</strong></span> <span class='ocrx_word' id='word_1_764' title='bbox 2426 4060 2551 4115; x_wconf 85' lang='lat' dir='ltr'><strong>.cgo</strong></span> <span class='ocrx_word' id='word_1_765' title='bbox 2590 4045 2656 4099; x_wconf 90' lang='lat' dir='ltr'><strong>de</strong></span> <span class='ocrx_word' id='word_1_766' title='bbox 2691 4042 2922 4097; x_wconf 89' lang='lat' dir='ltr'><strong>Domino</strong></span> <span class='ocrx_word' id='word_1_767' title='bbox 2970 4057 3096 4097; x_wconf 90' lang='lat' dir='ltr'><strong>meo</strong></span> <span class='ocrx_word' id='word_1_768' title='bbox 3129 4041 3318 4096; x_wconf 88' lang='lat' dir='ltr'><strong>refero</strong></span> <span class='ocrx_word' id='word_1_769' title='bbox 3351 4042 3475 4096; x_wconf 81' lang='lat' dir='ltr'><strong>hac</strong></span> <span class='ocrx_word' id='word_1_770' title='bbox 3501 4084 3517 4107; x_wconf 92' lang='lat'><strong>,</strong></span> <span class='ocrx_word' id='word_1_771' title='bbox 3550 4055 3665 4093; x_wconf 85' lang='lat' dir='ltr'><strong>cum</strong></span> <span class='ocrx_word' id='word_1_772' title='bbox 3696 4040 3741 4088; x_wconf 88' lang='lat' dir='ltr'><strong>in</strong></span> 
     </span>
    </p>
   </div>
   <div class='ocr_carea' id='block_1_103' title="bbox 2168 4132 3739 4209">
    <p class='ocr_par' dir='ltr' id='par_1_103' title="bbox 2168 4132 3739 4209">
     <span class='ocr_line' id='line_1_103' title="bbox 2168 4132 3739 4209; baseline -0.008 -16"><span class='ocrx_word' id='word_1_773' title='bbox 2168 4139 2427 4209; x_wconf 88' lang='lat' dir='ltr'><strong>prasenti</strong></span> <span class='ocrx_word' id='word_1_774' title='bbox 2470 4140 2581 4193; x_wconf 92' lang='lat' dir='ltr'><strong>sint</strong></span> <span class='ocrx_word' id='word_1_775' title='bbox 2625 4152 2765 4207; x_wconf 91' lang='lat' dir='ltr'><strong>quos</strong></span> <span class='ocrx_word' id='word_1_776' title='bbox 2796 4137 2851 4189; x_wconf 91' lang='lat' dir='ltr'><strong>in</strong></span> <span class='ocrx_word' id='word_1_777' title='bbox 2881 4135 3000 4205; x_wconf 90' lang='lat' dir='ltr'><strong>ejus</strong></span> <span class='ocrx_word' id='word_1_778' title='bbox 3036 4134 3268 4189; x_wconf 88' lang='lat' dir='ltr'><strong>nomine</strong></span> <span class='ocrx_word' id='word_1_779' title='bbox 3309 4136 3581 4189; x_wconf 80' lang='lat' dir='ltr'><strong>suscitavi</strong></span> <span class='ocrx_word' id='word_1_780' title='bbox 3610 4132 3739 4185; x_wconf 81' lang='lat' dir='ltr'><strong>vobis</strong></span> 
     </span>
    </p>
   </div>
   <div class='ocr_carea' id='block_1_104' title="bbox 2170 4226 3740 4301">
    <p class='ocr_par' dir='ltr' id='par_1_104' title="bbox 2170 4226 3740 4301">
     <span class='ocr_line' id='line_1_104' title="bbox 2170 4226 3740 4301; baseline -0.007 -15"><span class='ocrx_word' id='word_1_781' title='bbox 2170 4231 2555 4301; x_wconf 86' lang='lat' dir='ltr'><strong>prasentibus,</strong></span> <span class='ocrx_word' id='word_1_782' title='bbox 2583 4231 2640 4283; x_wconf 92' lang='lat' dir='ltr'><strong>in</strong></span> <span class='ocrx_word' id='word_1_783' title='bbox 2676 4227 3067 4298; x_wconf 91' lang='lat' dir='ltr'><strong>cujusnomine</strong></span> <span class='ocrx_word' id='word_1_784' title='bbox 3087 4235 3142 4279; x_wconf 92' lang='lat' dir='ltr'><strong>et</strong></span> <span class='ocrx_word' id='word_1_785' title='bbox 3169 4226 3519 4296; x_wconf 81' lang='lat' dir='ltr'><strong>paralyticos</strong></span> <span class='ocrx_word' id='word_1_786' title='bbox 3548 4236 3740 4281; x_wconf 78' lang='lat' dir='ltr'><strong>curatos</strong></span> 
     </span>
    </p>
   </div>
   <div class='ocr_carea' id='block_1_105' title="bbox 2171 4319 3737 4393">
    <p class='ocr_par' dir='ltr' id='par_1_105' title="bbox 2171 4319 3737 4393">
     <span class='ocr_line' id='line_1_105' title="bbox 2171 4319 3737 4393; baseline -0.006 -15"><span class='ocrx_word' id='word_1_787' title='bbox 2171 4324 2388 4379; x_wconf 91' lang='lat' dir='ltr'><strong>vidistis</strong></span> <span class='ocrx_word' id='word_1_788' title='bbox 2405 4334 2460 4377; x_wconf 89' lang='lat' dir='ltr'><strong>et</strong></span> <span class='ocrx_word' id='word_1_789' title='bbox 2484 4324 2730 4393; x_wconf 88' lang='lat' dir='ltr'><strong>leprosos</strong></span> <span class='ocrx_word' id='word_1_790' title='bbox 2755 4319 3081 4374; x_wconf 90' lang='lat' dir='ltr'><strong>emundatos</strong></span> <span class='ocrx_word' id='word_1_791' title='bbox 3106 4330 3161 4373; x_wconf 88' lang='lat' dir='ltr'><strong>et</strong></span> <span class='ocrx_word' id='word_1_792' title='bbox 3188 4335 3375 4374; x_wconf 87' lang='lat' dir='ltr'><strong>cacos</strong></span> <span class='ocrx_word' id='word_1_793' title='bbox 3402 4320 3737 4377; x_wconf 80' lang='lat' dir='ltr'><strong>illuminatos,</strong></span> 
     </span>
    </p>
   </div>
   <div class='ocr_carea' id='block_1_106' title="bbox 2172 4411 3737 4471">
    <p class='ocr_par' dir='ltr' id='par_1_106' title="bbox 2172 4411 3737 4471">
     <span class='ocr_line' id='line_1_106' title="bbox 2172 4411 3737 4471; baseline -0.006 0"><span class='ocrx_word' id='word_1_794' title='bbox 2172 4426 2227 4471; x_wconf 85' lang='lat' dir='ltr'><strong>et</strong></span> <span class='ocrx_word' id='word_1_795' title='bbox 2254 4431 2284 4470; x_wconf 92' lang='lat' dir='ltr'><strong>a</strong></span> <span class='ocrx_word' id='word_1_796' title='bbox 2305 4416 2592 4470; x_wconf 88' lang='lat' dir='ltr'><strong>damoniis</strong></span> <span class='ocrx_word' id='word_1_797' title='bbox 2623 4414 2873 4468; x_wconf 88' lang='lat' dir='ltr'><strong>homines</strong></span> <span class='ocrx_word' id='word_1_798' title='bbox 2898 4412 3202 4466; x_wconf 85' lang='lat' dir='ltr'><strong>liberatos?</strong></span> <span class='ocrx_word' id='word_1_799' title='bbox 3237 4411 3350 4467; x_wconf 87' lang='lat' dir='ltr'><strong>Sed</strong></span> <span class='ocrx_word' id='word_1_800' title='bbox 3374 4413 3480 4467; x_wconf 90' lang='lat' dir='ltr'><strong>bas</strong></span> <span class='ocrx_word' id='word_1_801' title='bbox 3507 4414 3737 4466; x_wconf 89' lang='lat' dir='ltr'><strong>virtutum</strong></span> 
     </span>
    </p>
   </div>
   <div class='ocr_carea' id='block_1_107' title="bbox 2172 4503 3737 4576">
    <p class='ocr_par' dir='ltr' id='par_1_107' title="bbox 2172 4503 3737 4576">
     <span class='ocr_line' id='line_1_107' title="bbox 2172 4503 3737 4576; baseline -0.007 -12"><span class='ocrx_word' id='word_1_802' title='bbox 2172 4525 2304 4576; x_wconf 90' lang='lat' dir='ltr'><strong>opes</strong></span> <span class='ocrx_word' id='word_1_803' title='bbox 2329 4508 2530 4562; x_wconf 88' lang='lat' dir='ltr'><strong>habere</strong></span> <span class='ocrx_word' id='word_1_804' title='bbox 2564 4523 2673 4561; x_wconf 90' lang='lat' dir='ltr'><strong>non</strong></span> <span class='ocrx_word' id='word_1_805' title='bbox 2706 4514 2955 4575; x_wconf 89' lang='lat' dir='ltr'><strong>possunt,</strong></span> <span class='ocrx_word' id='word_1_806' title='bbox 2988 4503 3334 4573; x_wconf 84' lang='lat' dir='ltr'><strong>quidivitias</strong></span> <span class='ocrx_word' id='word_1_807' title='bbox 3368 4506 3639 4560; x_wconf 89' lang='lat' dir='ltr'><strong>voluerint</strong></span> <span class='ocrx_word' id='word_1_808' title='bbox 3659 4504 3737 4555; x_wconf 84' lang='lat' dir='ltr'><strong>ha-</strong></span> 
     </span>
    </p>
   </div>
   <div class='ocr_carea' id='block_1_108' title="bbox 2172 4596 3740 4667">
    <p class='ocr_par' dir='ltr' id='par_1_108' title="bbox 2172 4596 3740 4667">
     <span class='ocr_line' id='line_1_108' title="bbox 2172 4596 3740 4667; baseline -0.008 -12"><span class='ocrx_word' id='word_1_809' title='bbox 2172 4600 2303 4656; x_wconf 89' lang='lat' dir='ltr'><strong>bere</strong></span> <span class='ocrx_word' id='word_1_810' title='bbox 2331 4608 2599 4654; x_wconf 88' lang='lat' dir='ltr'><strong>terrenas.</strong></span> <span class='ocrx_word' id='word_1_811' title='bbox 2630 4598 2873 4667; x_wconf 91' lang='lat' dir='ltr'><strong>Denique</strong></span> <span class='ocrx_word' id='word_1_812' title='bbox 2898 4612 2996 4650; x_wconf 84' lang='lat' dir='ltr'><strong>vos</strong></span> <span class='ocrx_word' id='word_1_813' title='bbox 3028 4596 3135 4665; x_wconf 90' lang='lat' dir='ltr'><strong>ipsi</strong></span> <span class='ocrx_word' id='word_1_814' title='bbox 3162 4597 3397 4667; x_wconf 87' lang='lat' dir='ltr'><strong>quando</strong></span> <span class='ocrx_word' id='word_1_815' title='bbox 3421 4598 3488 4651; x_wconf 88' lang='lat' dir='ltr'><strong>ad</strong></span> <span class='ocrx_word' id='word_1_816' title='bbox 3522 4598 3740 4649; x_wconf 83' lang='lat' dir='ltr'><strong>inlirmos</strong></span> 
     </span>
    </p>
   </div>
   <div class='ocr_carea' id='block_1_109' title="bbox 2173 4685 3740 4760">
    <p class='ocr_par' dir='ltr' id='par_1_109' title="bbox 2173 4685 3740 4760">
     <span class='ocr_line' id='line_1_109' title="bbox 2173 4685 3740 4760; baseline -0.007 -12"><span class='ocrx_word' id='word_1_817' title='bbox 2173 4693 2443 4760; x_wconf 87' lang='lat' dir='ltr'><strong>intrastis,</strong></span> <span class='ocrx_word' id='word_1_818' title='bbox 2458 4694 2709 4746; x_wconf 88' lang='lat' dir='ltr'><strong>invocato</strong></span> <span class='ocrx_word' id='word_1_819' title='bbox 2734 4690 2956 4744; x_wconf 86' lang='lat' dir='ltr'><strong>nomine</strong></span> <span class='ocrx_word' id='word_1_820' title='bbox 2972 4688 3195 4743; x_wconf 83' lang='lat' dir='ltr'><strong>Domini</strong></span> <span class='ocrx_word' id='word_1_821' title='bbox 3216 4694 3401 4746; x_wconf 89' lang='lat' dir='ltr'><strong>nostri</strong></span> <span class='ocrx_word' id='word_1_822' title='bbox 3417 4692 3549 4751; x_wconf 83' lang='lat' dir='ltr'><strong>Jesu</strong></span> <span class='ocrx_word' id='word_1_823' title='bbox 3567 4685 3740 4744; x_wconf 84' lang='lat' dir='ltr'><strong>Christi</strong></span> 
     </span>
    </p>
   </div>
   <div class='ocr_carea' id='block_1_110' title="bbox 2174 4778 3737 4853">
    <p class='ocr_par' dir='ltr' id='par_1_110' title="bbox 2174 4778 3737 4853">
     <span class='ocr_line' id='line_1_110' title="bbox 2174 4778 3737 4853; baseline -0.01 -12"><span class='ocrx_word' id='word_1_824' title='bbox 2174 4786 2367 4841; x_wconf 86' lang='lat' dir='ltr'><strong>salvati</strong></span> <span class='ocrx_word' id='word_1_825' title='bbox 2402 4794 2551 4851; x_wconf 89' lang='lat' dir='ltr'><strong>sunt,</strong></span> <span class='ocrx_word' id='word_1_826' title='bbox 2578 4782 2806 4853; x_wconf 85' lang='lat' dir='ltr'><strong>fugastis</strong></span> <span class='ocrx_word' id='word_1_827' title='bbox 2831 4780 3135 4846; x_wconf 88' lang='lat' dir='ltr'><strong>damonia,</strong></span> <span class='ocrx_word' id='word_1_828' title='bbox 3171 4794 3228 4835; x_wconf 91' lang='lat' dir='ltr'><strong>ct</strong></span> <span class='ocrx_word' id='word_1_829' title='bbox 3278 4784 3451 4836; x_wconf 89' lang='lat' dir='ltr'><strong>etiam</strong></span> <span class='ocrx_word' id='word_1_830' title='bbox 3482 4778 3737 4836; x_wconf 73' lang='lat' dir='ltr'><strong>escacatis</strong></span> 
     </span>
    </p>
   </div>
   <div class='ocr_carea' id='block_1_111' title="bbox 2175 4874 3740 4944">
    <p class='ocr_par' dir='ltr' id='par_1_111' title="bbox 2175 4874 3740 4944">
     <span class='ocr_line' id='line_1_111' title="bbox 2175 4874 3740 4944; baseline -0.006 -12"><span class='ocrx_word' id='word_1_831' title='bbox 2175 4880 2384 4933; x_wconf 92' lang='lat' dir='ltr'><strong>lumina</strong></span> <span class='ocrx_word' id='word_1_832' title='bbox 2408 4876 2741 4933; x_wconf 89' lang='lat' dir='ltr'><strong>reddidistis.</strong></span> <span class='ocrx_word' id='word_1_833' title='bbox 2771 4874 3115 4931; x_wconf 87' lang='lat' dir='ltr'><strong>Ecceablata</strong></span> <span class='ocrx_word' id='word_1_834' title='bbox 3142 4885 3226 4929; x_wconf 85' lang='lat' dir='ltr'><strong>est</strong></span> <span class='ocrx_word' id='word_1_835' title='bbox 3257 4876 3383 4931; x_wconf 88' lang='lat' dir='ltr'><strong>hac</strong></span> <span class='ocrx_word' id='word_1_836' title='bbox 3410 4876 3582 4944; x_wconf 83' lang='lat' dir='ltr'><strong>gratia</strong></span> <span class='ocrx_word' id='word_1_837' title='bbox 3615 4888 3639 4924; x_wconf 89' lang='lat' dir='ltr'><strong>a</strong></span> <span class='ocrx_word' id='word_1_838' title='bbox 3665 4884 3740 4919; x_wconf 67' lang='grc' dir='ltr'><strong>γι)-</strong></span> 
     </span>
    </p>
   </div>
   <div class='ocr_carea' id='block_1_112' title="bbox 2174 4958 3741 5039">
    <p class='ocr_par' dir='ltr' id='par_1_112' title="bbox 2174 4958 3741 5039">
     <span class='ocr_line' id='line_1_112' title="bbox 2174 4958 3741 5039; baseline -0.006 -12"><span class='ocrx_word' id='word_1_839' title='bbox 2174 4974 2259 5028; x_wconf 88' lang='lat' dir='ltr'><strong>his</strong></span> <span class='ocrx_word' id='word_1_840' title='bbox 2286 4982 2341 5028; x_wconf 91' lang='lat' dir='ltr'><strong>et</strong></span> <span class='ocrx_word' id='word_1_841' title='bbox 2360 4973 2489 5028; x_wconf 90' lang='lat' dir='ltr'><strong>facti</strong></span> <span class='ocrx_word' id='word_1_842' title='bbox 2512 4975 2648 5028; x_wconf 87' lang='lat' dir='ltr'><strong>estis</strong></span> <span class='ocrx_word' id='word_1_843' title='bbox 2674 4970 2857 5026; x_wconf 87' lang='lat' dir='ltr'><strong>miseri</strong></span> <span class='ocrx_word' id='word_1_844' title='bbox 2892 4969 2985 5039; x_wconf 89' lang='lat' dir='ltr'><strong>qui</strong></span> <span class='ocrx_word' id='word_1_845' title='bbox 3008 4969 3183 5023; x_wconf 88' lang='lat' dir='ltr'><strong>eratis</strong></span> <span class='ocrx_word' id='word_1_846' title='bbox 3204 4968 3382 5023; x_wconf 91' lang='lat' dir='ltr'><strong>fortes</strong></span> <span class='ocrx_word' id='word_1_847' title='bbox 3408 4980 3463 5023; x_wconf 87' lang='lat' dir='ltr'><strong>et</strong></span> <span class='ocrx_word' id='word_1_848' title='bbox 3490 4958 3741 5034; x_wconf 60' lang='lat' dir='ltr'><strong>magniﬂ</strong></span> 
     </span>
    </p>
   </div>
   <div class='ocr_carea' id='block_1_113' title="bbox 2176 5054 3738 5124">
    <p class='ocr_par' dir='ltr' id='par_1_113' title="bbox 2176 5054 3738 5124">
     <span class='ocr_line' id='line_1_113' title="bbox 2176 5054 3738 5124; baseline -0.01 -3"><span class='ocrx_word' id='word_1_849' title='bbox 2176 5083 2302 5122; x_wconf 88' lang='lat' dir='ltr'><strong>cum</strong></span> <span class='ocrx_word' id='word_1_850' title='bbox 2335 5074 2521 5120; x_wconf 84' lang='lat' dir='ltr'><strong>tantus</strong></span> <span class='ocrx_word' id='word_1_851' title='bbox 2549 5056 2713 5118; x_wconf 88' lang='lat' dir='ltr'><strong>timor</strong></span> <span class='ocrx_word' id='word_1_852' title='bbox 2738 5062 2906 5116; x_wconf 86' lang='lat' dir='ltr'><strong>vestri</strong></span> <span class='ocrx_word' id='word_1_853' title='bbox 2933 5070 3079 5115; x_wconf 90' lang='lat' dir='ltr'><strong>esset</strong></span> <span class='ocrx_word' id='word_1_854' title='bbox 3107 5060 3161 5112; x_wconf 92' lang='lat' dir='ltr'><strong>in</strong></span> <span class='ocrx_word' id='word_1_855' title='bbox 3183 5059 3509 5123; x_wconf 72' lang='lat' dir='ltr'><strong>daemoniis,</strong></span> <span class='ocrx_word' id='word_1_856' title='bbox 3534 5069 3587 5110; x_wconf 91' lang='lat' dir='ltr'><strong>ut</strong></span> <span class='ocrx_word' id='word_1_857' title='bbox 3608 5054 3738 5124; x_wconf 79' lang='lat' dir='ltr'><strong>jussu</strong></span> 
     </span>
    </p>
   </div>
   <div class='ocr_carea' id='block_1_114' title="bbox 2175 5150 3740 5219">
    <p class='ocr_par' dir='ltr' id='par_1_114' title="bbox 2175 5150 3740 5219">
     <span class='ocr_line' id='line_1_114' title="bbox 2175 5150 3740 5219; baseline -0.015 -6"><span class='ocrx_word' id='word_1_858' title='bbox 2175 5167 2361 5213; x_wconf 88' lang='lat' dir='ltr'><strong>vestro</strong></span> <span class='ocrx_word' id='word_1_859' title='bbox 2385 5158 2645 5211; x_wconf 88' lang='lat' dir='ltr'><strong>obsessos</strong></span> <span class='ocrx_word' id='word_1_860' title='bbox 2671 5153 2921 5207; x_wconf 85' lang='lat' dir='ltr'><strong>homines</strong></span> <span class='ocrx_word' id='word_1_861' title='bbox 2957 5151 3367 5219; x_wconf 90' lang='lat' dir='ltr'><strong>relinquerent,</strong></span> <span class='ocrx_word' id='word_1_862' title='bbox 3397 5150 3561 5204; x_wconf 89' lang='lat' dir='ltr'><strong>modo</strong></span> <span class='ocrx_word' id='word_1_863' title='bbox 3585 5160 3667 5197; x_wconf 72' lang='lat' dir='ltr'><strong>vos</strong></span> <span class='ocrx_word' id='word_1_864' title='bbox 3686 5156 3740 5193; x_wconf 89' lang='lat' dir='ltr'><strong>n-</strong></span> 
     </span>
    </p>
   </div>
   <div class='ocr_carea' id='block_1_115' title="bbox 2177 5240 3739 5312">
    <p class='ocr_par' dir='ltr' id='par_1_115' title="bbox 2177 5240 3739 5312">
     <span class='ocr_line' id='line_1_115' title="bbox 2177 5240 3739 5312; baseline -0.015 -8"><span class='ocrx_word' id='word_1_865' title='bbox 2177 5252 2339 5305; x_wconf 86' lang='lat' dir='ltr'><strong>metis</strong></span> <span class='ocrx_word' id='word_1_866' title='bbox 2370 5247 2676 5312; x_wconf 74' lang='lat' dir='ltr'><strong>damonis;</strong></span> <span class='ocrx_word' id='word_1_867' title='bbox 2719 5254 2930 5296; x_wconf 84' lang='lat' dir='ltr'><strong>amator</strong></span> <span class='ocrx_word' id='word_1_868' title='bbox 2976 5242 3126 5295; x_wconf 92' lang='lat' dir='ltr'><strong>enim</strong></span> <span class='ocrx_word' id='word_1_869' title='bbox 3165 5242 3429 5311; x_wconf 89' lang='lat' dir='ltr'><strong>pecunia</strong></span> <span class='ocrx_word' id='word_1_870' title='bbox 3468 5252 3644 5294; x_wconf 83' lang='lat' dir='ltr'><strong>servus</strong></span> <span class='ocrx_word' id='word_1_871' title='bbox 3670 5240 3739 5284; x_wconf 80' lang='lat' dir='ltr'><strong>est</strong></span> 
     </span>
    </p>
   </div>
   <div class='ocr_carea' id='block_1_116' title="bbox 2176 5332 3733 5399">
    <p class='ocr_par' dir='ltr' id='par_1_116' title="bbox 2176 5332 3733 5399">
     <span class='ocr_line' id='line_1_116' title="bbox 2176 5332 3733 5399; baseline -0.016 -1"><span class='ocrx_word' id='word_1_872' title='bbox 2176 5357 2524 5399; x_wconf 89' lang='lat' dir='ltr'><strong>mammona.</strong></span> <span class='ocrx_word' id='word_1_873' title='bbox 2554 5338 2865 5393; x_wconf 81' lang='lat' dir='ltr'><strong>Mammona</strong></span> <span class='ocrx_word' id='word_1_874' title='bbox 2889 5344 3071 5389; x_wconf 88' lang='lat' dir='ltr'><strong>autem</strong></span> <span class='ocrx_word' id='word_1_875' title='bbox 3104 5334 3389 5388; x_wconf 84' lang='lat' dir='ltr'><strong>damonis</strong></span> <span class='ocrx_word' id='word_1_876' title='bbox 3425 5345 3613 5386; x_wconf 89' lang='lat' dir='ltr'><strong>nomen</strong></span> <span class='ocrx_word' id='word_1_877' title='bbox 3641 5332 3733 5383; x_wconf 85' lang='lat' dir='ltr'><strong>est,</strong></span> 
     </span>
    </p>
   </div>
   <div class='ocr_carea' id='block_1_117' title="bbox 2176 5412 3737 5506">
    <p class='ocr_par' dir='ltr' id='par_1_117' title="bbox 2176 5412 3737 5506">
     <span class='ocr_line' id='line_1_117' title="bbox 2176 5412 3737 5506; baseline -0.012 -17"><span class='ocrx_word' id='word_1_878' title='bbox 2176 5436 2271 5506; x_wconf 90' lang='lat' dir='ltr'><strong>qui</strong></span> <span class='ocrx_word' id='word_1_879' title='bbox 2307 5435 2477 5491; x_wconf 89' lang='lat' dir='ltr'><strong>lucris</strong></span> <span class='ocrx_word' id='word_1_880' title='bbox 2520 5431 2836 5487; x_wconf 84' lang='lat' dir='ltr'><strong>carnalibus</strong></span> <span class='ocrx_word' id='word_1_881' title='bbox 2865 5435 3063 5498; x_wconf 88' lang='lat' dir='ltr'><strong>praest</strong></span> <span class='ocrx_word' id='word_1_882' title='bbox 3097 5434 3153 5479; x_wconf 88' lang='lat' dir='ltr'><strong>et</strong></span> <span class='ocrx_word' id='word_1_883' title='bbox 3192 5425 3524 5479; x_wconf 88' lang='lat' dir='ltr'><strong>dominatur</strong></span> <span class='ocrx_word' id='word_1_884' title='bbox 3564 5419 3640 5472; x_wconf 88' lang='lat' dir='ltr'><strong>his</strong></span> <span class='ocrx_word' id='word_1_885' title='bbox 3662 5412 3737 5483; x_wconf 85' lang='lat' dir='ltr'><strong>qui</strong></span> 
     </span>
    </p>
   </div>
   <div class='ocr_carea' id='block_1_118' title="bbox 2175 5512 3739 5600">
    <p class='ocr_par' dir='ltr' id='par_1_118' title="bbox 2175 5512 3739 5600">
     <span class='ocr_line' id='line_1_118' title="bbox 2175 5512 3739 5600; baseline -0.017 -16"><span class='ocrx_word' id='word_1_886' title='bbox 2175 5530 2407 5600; x_wconf 82' lang='lat' dir='ltr'><strong>diligunt</strong></span> <span class='ocrx_word' id='word_1_887' title='bbox 2423 5523 2707 5580; x_wconf 90' lang='lat' dir='ltr'><strong>mundum.</strong></span> <span class='ocrx_word' id='word_1_888' title='bbox 2727 5519 2862 5574; x_wconf 83' lang='lat' dir='ltr'><strong>Nam</strong></span> <span class='ocrx_word' id='word_1_889' title='bbox 2879 5533 3005 5572; x_wconf 90' lang='lat' dir='ltr'><strong>cum</strong></span> <span class='ocrx_word' id='word_1_890' title='bbox 3025 5518 3096 5571; x_wconf 89' lang='lat' dir='ltr'><strong>sit</strong></span> <span class='ocrx_word' id='word_1_891' title='bbox 3114 5532 3268 5571; x_wconf 90' lang='lat' dir='ltr'><strong>unus</strong></span> <span class='ocrx_word' id='word_1_892' title='bbox 3287 5527 3483 5571; x_wconf 86' lang='lat' dir='ltr'><strong>venter</strong></span> <span class='ocrx_word' id='word_1_893' title='bbox 3497 5522 3547 5568; x_wconf 91' lang='lat' dir='ltr'><strong>et</strong></span> <span class='ocrx_word' id='word_1_894' title='bbox 3560 5512 3739 5567; x_wconf 58' lang='lat' dir='ltr'><strong>sintrev</strong></span> 
     </span>
    </p>
   </div>
   <div class='ocr_carea' id='block_1_119' title="bbox 2177 5608 3739 5690">
    <p class='ocr_par' dir='ltr' id='par_1_119' title="bbox 2177 5608 3739 5690">
     <span class='ocr_line' id='line_1_119' title="bbox 2177 5608 3739 5690; baseline -0.018 -13"><span class='ocrx_word' id='word_1_895' title='bbox 2177 5622 2353 5690; x_wconf 90' lang='lat' dir='ltr'><strong>posita</strong></span> <span class='ocrx_word' id='word_1_896' title='bbox 2370 5626 2521 5678; x_wconf 85' lang='lat' dir='ltr'><strong>tanta</strong></span> <span class='ocrx_word' id='word_1_897' title='bbox 2536 5629 2658 5688; x_wconf 83' lang='lat' dir='ltr'><strong>qua</strong></span> <span class='ocrx_word' id='word_1_898' title='bbox 2675 5612 2819 5669; x_wconf 89' lang='lat' dir='ltr'><strong>mille</strong></span> <span class='ocrx_word' id='word_1_899' title='bbox 2833 5609 3121 5666; x_wconf 89' lang='lat' dir='ltr'><strong>ventribus</strong></span> <span class='ocrx_word' id='word_1_900' title='bbox 3138 5608 3447 5675; x_wconf 76' lang='lat' dir='ltr'><strong>sufﬁciant,</strong></span> <span class='ocrx_word' id='word_1_901' title='bbox 3468 5616 3520 5664; x_wconf 90' lang='lat' dir='ltr'><strong>ct</strong></span> <span class='ocrx_word' id='word_1_902' title='bbox 3556 5618 3660 5660; x_wconf 82' lang='lat' dir='ltr'><strong>cum</strong></span> <span class='ocrx_word' id='word_1_903' title='bbox 3682 5608 3739 5652; x_wconf 68' lang='lat' dir='ltr'><strong>sit</strong></span> 
     </span>
    </p>
   </div>
  </div>
