3732 6322
32 304 132 367 “£53

24 447 159 484 mum
181 444 382 501 corpus
397 438 451 483 et
468 427 579 483 sint
593 434 759 482 tanta:
774 435 954 483 vestes
970 442 1092 498 quae
1108 427 1258 482 mille
1274 428 1561 483 hominum
1595 434 1641 489 Α

30 523 315 592 orporibus
327 522 602 591 praebeant
620 520 961 584 indumenta,
987 520 1345 590 utique'quod
1364 521 1440 574 uti
1462 535 1570 573 non

24 624 168 669 totest
205 613 531 679 custoditur,
556 622 610 667 et
631 611 719 667 cui
745 612 1093 667 custodiatur
1120 612 1347 665 omnino
1378 610 1559 666 nesci-

23 720 99 769 ur,
116 705 326 759 dicente
350 702 557 772 Spiritu
584 711 775 756 sancto
800 716 895 770 per
919 700 1233 769 prophetam
1257 697 1429 753 :Vane
1446 713 1566 752 con-

24 800 238 851 nrbatur
250 797 417 850 omnis
435 796 609 861 homo,
630 794 1015 849 tlzesaurizatet
1029 796 1239 864 ignorat
1255 794 1340 847 cui
1356 808 1573 862 congre-

24 900 82 943 παι
114 906 175 943 ea
200 901 250 942 ε.
275 888 469 943 Nudos
490 903 592 943 nos
610 885 867 941 fuderunt
890 889 940 940 in
965 887 1140 942 lucem
1168 884 1574 957 partus-mulie-

31 1000 113 1036 um
135 991 352 1052 egentes
380 981 528 1044 cibo,
546 977 1198 1047 amictu,poculo,nudos
1226 992 1329 1032 nos
1346 976 1572 1045 recipiet

26 1090 143 1129 erra
173 1061 300 1143 qua:
338 1072 542 1142 genuit.
561 1070 780 1125 Atvero
808 1068 1185 1123 in'commune
1221 1068 1569 1139 possidemus

24 1165 115 1219 ταξιὶ
141 1163 380 1218 divitias.
413 1160 681 1231 Splendor
700 1160 833 1216 solis
854 1160 1007 1214 diviti
1035 1169 1089 1214 et
1104 1160 1328 1230 pauperi
1348 1160 1570 1229 aequali-

24 1274 74 1309 er
88 1255 396 1311 communis
413 1264 529 1321 est;
563 1254 817 1309 similiter
838 1254 1023 1308 lumen
1051 1253 1566 1320 lunae,etsiderum,

24 1350 136 1403 tCl‘lS
153 1362 373 1418 quoque
396 1348 686 1417 temperies
713 1356 763 1401 et
798 1346 1103 1416 pluviarum
1130 1355 1293 1415 gutta:
1324 1355 1373 1401 et
1395 1346 1569 1402 eccle-

29 1444 86 1495 iae
103 1441 284 1510 janua:
319 1450 371 1495 et
406 1439 966 1497 fontissanctilicatio
991 1451 1048 1495 et
1080 1449 1433 1510 peccatorum
1482 1456 1566 1495 re—

23 1534 178 1587 nissio
209 1541 263 1586 et
290 1532 639 1601 participatio
665 1532 852 1588 altaris
873 1546 927 1588 et
952 1548 1078 1589 esca
1120 1533 1368 1602 corporis
1392 1541 1446 1587 et
1472 1547 1568 1603 po-

25 1642 78 1679 ns
112 1627 395 1696 sanguinis
423 1626 597 1681 sancti
629 1634 683 1681 et
709 1627 1029 1682 chrismatis
1055 1626 1266 1693 unctio,
1296 1635 1351 1681 et
1387 1628 1563 1696 gratia

23 1717 260 1784 :irgitoris
286 1725 340 1770 et
366 1717 612 1772 visitatio
641 1716 859 1772 Domini
885 1727 938 1772 et
959 1718 1205 1773 universi
1230 1718 1439 1789 peccati
1474 1718 1561 1771 in-

23 1808 287 1878 lo'gentia,
328 1809 525 1863 horum
562 1810 832 1877 omnium,
869 1811 1078 1880 absque
1110 1825 1357 1880 personae
1386 1810 1561 1865 alicu-
1597 1802 1639 1856 Β

24 1917 77 1954 us
106 1901 435 1970 acceptione,
477 1901 703 1971 aequalis
742 1911 827 1957 est
857 1903 1195 1973 dispensatio
1233 1901 1558 1957 conditoris.

23 1992 171 2061 ieque
199 1993 345 2047 enim
381 1993 541 2047 aliter
573 1994 727 2057 dives
757 2004 810 2049 et
848 1994 1005 2048 aliter
1046 2009 1253 2064 pauper
1284 1994 1456 2049 utitur
1478 1994 1565 2048 his

23 2085 163 2148 Ionis,
191 2085 286 2139 sed
315 2086 482 2140 miser
509 2094 563 2139 et
587 2085 774 2141 infelix
800 2086 988 2151 homo,
1014 2086 1143 2141 dum
1166 2088 1284 2141 vult
1313 2088 1435 2158 plus
1469 2088 1567 2142 ha-

24 2189 124 2227 tere
150 2191 314 2244 quam
334 2175 558 2239 sufficit,
593 2176 782 2230 multis
816 2192 875 2231 se
898 2177 1181 2233 doloribus
1203 2194 1267 2234 ac
1290 2178 1563 2234 sollicitae

23 2267 204 2323 linibus
255 2269 460 2323 subdit.
512 2268 829 2327 Nascuntur
872 2269 1016 2325 enim
1070 2272 1195 2326 hinc
1239 2273 1449 2328 calores
1495 2271 1571 2327 fe-

24 2360 193 2423 irium,‘
230 2358 443 2429 rigores
499 2359 788 2430 frigorum,
841 2361 1063 2416 dolores
1101 2362 1238 2416 varii
1270 2363 1325 2416 in
1353 2362 1567 2417 cunctis

23 2464 278 2517 :orporum
322 2452 587 2507 membris
619 2459 673 2507 et
700 2469 878 2523 neque
907 2470 1033 2509 esea
1058 2455 1230 2509 cibari
1263 2465 1443 2526 potest
1470 2470 1567 2510 ne-

23 2557 98 2607 pte
129 2543 322 2611 poculo
355 2544 567 2611 satiari,
605 2554 666 2599 ut
695 2556 991 2615 cognoscat
1022 2547 1296 2617 cupiditas
1322 2564 1431 2602 non
1461 2549 1567 2604 sibi

24 2635 242 2690 iecnnias
282 2632 622 2705 profuturas,
663 2654 787 2708 quae
815 2638 1068 2707 reposita:
1096 2638 1418 2694 custodibus
1450 2638 1567 2693 suis

23 2727 409 2784 tollicitudinem
447 2729 705 2785 diurnam
738 2740 792 2785 et
824 2742 1149 2787 nocturnam
1191 2733 1489 2798 incutiunt,
1506 2732 1571 2789 ‘ct

24 2832 92 2872 tce
119 2821 281 2877 unius
314 2822 465 2877 hora:
498 2824 677 2893 spatio
701 2825 921 2894 quietos
946 2840 1043 2881 eos
1068 2834 1164 2880 aut
1194 2840 1422 2881 securos
1446 2841 1569 2880 esse

24 2914 284 2970 )aliuutur.
332 2912 467 2969 Nam
500 2916 631 2969 dum
688 2917 999 2972 custoditur
1024 2933 1054 2972 a
1077 2917 1295 2973 furibus
1331 2918 1530 2974 domus
1551 2960 1566 2986 ,

24 3005 118 3057 lum
150 3007 423 3074 possessio
455 3008 678 3076 colitur,
702 3008 835 3063 dum
862 3009 1063 3065 aratris
1096 3010 1405 3078 intendunt,
1433 3011 1566 3065 dum

23 3096 201 3152 solvunt
244 3098 451 3153 fiscalia
483 3138 499 3162 ,
537 3098 982 3155 dum'aedilicant
1007 3101 1404 3171 promptuaria,
1435 3101 1566 3156 dum

28 3190 156 3243 neris
207 3191 446 3257 student,
477 3190 608 3245 dum
641 3191 1015 3261 potentiorum
1046 3208 1105 3247 se
1150 3193 1388 3264 impetus
1419 3194 1566 3249 miti-

23 3296 117 3345 ;are
142 3282 407 3355 nituntur,
437 3283 569 3337 dum
604 3284 787 3339 minus
813 3294 1063 3354 potentes
1099 3302 1158 3341 se
1194 3287 1403 3343 nudare
1433 3303 1567 3343 con-

24 3373 231 3437 .emlnut,
258 3375 390 3429 dum
424 3375 536 3430 iras
568 3391 698 3431 suas
726 3378 927 3446 quibus
965 3388 1196 3447 possunt
1234 3378 1480 3435 inferunt
1510 3390 1566 3435 et

30 3464 164 3520 llatas
199 3466 251 3520 in
284 3482 345 3521 se
379 3465 470 3520 vix
511 3475 607 3521 aut
636 3469 948 3524 nullatenus
977 3469 1120 3526 ferre
1146 3481 1399 3541 possunt,
1431 3473 1561 3528 dum

24 3559 351 3613 itandimento
369 3574 482 3614 sua:
512 3560 693 3615 carnis
715 3564 1047 3632 assentiunt,
1064 3565 1194 3619 dum
1217 3565 1404 3621 ludere
1428 3567 1564 3623 aleis

24 3655 56 3699 δι
76 3649 389 3716 spectaculis
422 3664 531 3704 non
559 3651 913 3718 erubescunt,
939 3655 1070 3709 dum
1093 3656 1338 3726 polluere
1361 3667 1415 3712 et
1444 3657 1564 3727 pol-

30 3739 73 3790 ui
112 3755 210 3793 non
240 3751 523 3810 metuunt,
558 3743 741 3799 subito
769 3752 974 3799 exeunt
996 3745 1064 3800 de
1088 3746 1198 3801 isto
1226 3749 1427 3803 saeculo
1460 3765 1563 3805 nu-

24 3830 75 3895 li,
101 3833 203 3888 sola
236 3838 427 3890 secum
472 3846 692 3907 peccata
727 3845 1044 3907 portantes,
1068 3854 1168 3910 pro
1204 3840 1407 3910 quibus
1434 3850 1563 3898 sunt

24 3936 176 3989 poenas
190 3928 409 3997 passuri
439 3939 753 3999 perpetuas.

72 4040 192 4099 Ecce
213 4054 393 4099 autem
431 4046 545 4102 haec
569 4046 783 4101 dicente
825 4055 1017 4102 sancto
1053 4045 1265 4103 Joanne
1310 4051 1562 4121 apostolo

24 4134 305 4193 rlicrebatur
338 4138 560 4210 juvenis
586 4154 617 4193 a
645 4148 823 4195 matre
852 4138 1037 4205 vidua,
1075 4140 1166 4211 qui
1190 4140 1413 4211 triginta
1443 4141 1561 4196 dies

24 4227 211 4285 :tabebat
240 4247 307 4285 ex
331 4246 441 4302 quo
474 4246 699 4286 uxorem
725 4240 1041 4299 acceperat;
1070 4231 1349 4287 venientes
1376 4241 1558 4286 autem

23 4319 161 4378 iurbze
181 4338 300 4390 qua:
342 4323 636 4392 exsequias
687 4321 960 4377 faciebant
1014 4323 1180 4377 simul
1212 4339 1336 4378 cum
1384 4333 1559 4378 matre

24 4407 112 4475 Ejus
132 4412 283 4467 vidua
308 4412 657 4482 jactaveru'nt
687 4429 745 4468 se
776 4414 843 4468 ad
878 4414 1043 4483 pedes
1066 4414 1210 4483 ejus,
1242 4430 1433 4470 omnes
1463 4431 1559 4485 pa-

24 4502 125 4555 riter
160 4507 393 4577 mugitus
443 4515 497 4560 et
529 4505 689 4563 ﬂetus
741 4507 1088 4577 gemitusque
1120 4506 1412 4561 fundentes
1441 4546 1456 4571 ,
1507 4516 1561 4561 et
1596 4515 1636 4567 ι)

24 4608 309 4664 rogaverunt
338 4615 461 4652 eum
498 4608 557 4653 ut
580 4599 633 4653 in
658 4600 880 4659 nomine
911 4599 1004 4654 Dei
1030 4599 1115 4653 sui
1161 4602 1303 4653 sicut
1338 4598 1564 4654 Drusia-

24 4700 116 4738 ttalll
152 4688 217 4743 ita
236 4702 289 4744 et
329 4691 474 4744 hunc
504 4701 780 4745 mortuum
810 4689 1357 4745 suscitaret.‘Tantus
1378 4700 1560 4745 autem

24 4779 223 4833 omnium
262 4782 473 4835 exstitit
503 4780 679 4846 fletus,
723 4791 776 4835 ut
808 4782 972 4835 etiam
1004 4781 1135 4855 ipse,
1158 4782 1441 4851 apostolus
1469 4782 1559 4836 vix

24 4878 38 4917 ι
66 4868 173 4923 fletu
196 4881 245 4927 et
268 4873 526 4945 laerymis
558 4874 905 4943 temperaret.
934 4871 1089 4926 Tunc
1127 4884 1480 4943 prosternens
1501 4890 1560 4930 se

23 4954 57 5008 in
91 4965 320 5020 oratione
343 4966 655 5020 diutissime
694 4964 876 5033 ﬂevit;
908 4975 960 5021 et
984 4982 1288 5037 exsurgens
1331 4966 1399 5020 ab
1430 4983 1558 5021 ora-

23 5049 137 5106 tione
162 5057 419 5125 expandit
464 5073 663 5113 manus
710 5074 840 5113 suas
888 5059 954 5113 ad
990 5058 1186 5113 C(elum
1235 5067 1290 5113 et
1335 5060 1557 5114 tacitam

23 5154 196 5203 ilreccm
243 5148 552 5202 diutissime
578 5147 737 5204 fudit.
784 5148 902 5206 Hoc
942 5165 1067 5204 cum
1113 5148 1333 5205 fecisset
1375 5152 1557 5219 tertio,

23 5226 139 5292 iubet
171 5238 363 5291 resolvi
408 5237 715 5291 involutum
754 5255 991 5310 corpus,
1029 5249 1081 5295 et
1117 5240 1224 5295 ait:
1263 5241 1307 5297 Ο
1337 5242 1558 5312 juvenis

24 5322 91 5387 qui
118 5340 291 5381 amore
318 5328 502 5384 carnis
533 5337 640 5384 tuae
674 5330 874 5385 ductus
899 5332 1006 5386 cito
1028 5331 1266 5387 animam
1300 5332 1555 5399 amisisti,

23 5412 251 5480 Ujuvenis
279 5420 370 5489 qui
397 5420 617 5475 nescisti
642 5419 954 5475 Creatorem
986 5430 1163 5488 tuum,
1190 5423 1409 5478 nescisti
1438 5422 1556 5478 Salo

23 5515 223 5562 latorem
253 5510 559 5578 hominum,
592 5511 815 5567 nescisti
839 5512 1076 5567 amicum
1111 5528 1300 5567 verum
1340 5523 1395 5568 et
1436 5514 1559 5569 ideo

23 5600 262 5658 Incurristi
282 5604 493 5662 hostem
520 5604 844 5675 pessimum,
870 5620 975 5678 pro
1006 5607 1312 5677 ignorantia
1358 5616 1446 5661 tua
1474 5608 1555 5662 la-

75 5810 93 5840 ι
124 5802 257 5863 Psal.
294 5824 527 5878 surtu,
567 5808 653 5874 12,
682 5808 734 5862 7.
814 5808 837 5849 ἀ
876 5805 1071 5865 Ezech.
1114 5821 1309 5875 xum,
1354 5808 1435 5863 ll.

1448 303 1723 362 SPURIA.

3094 301 3258 359 ‘12‘6

1669 440 1889 496 crymas
1914 423 2149 479 Domino
2175 422 2342 479 simul
2369 434 2424 478 et
2453 437 2643 493 preces
2669 420 2860 489 eﬂudi,
2888 430 2951 478 ut
2986 436 3261 493 exsurgas

1680 532 1710 570 a
1747 514 1999 581 mortuis,
2030 514 2226 569 mortis
2269 514 2491 568 vinculo
2519 514 2762 569 resoluto
2784 555 2801 581 ,
2842 523 2897 570 et
2926 514 3012 569 his
3043 514 3263 571 duobus

1677 609 1858 664 Attico
1885 618 1939 664 et
1968 606 2215 679 Eugenio
2246 607 2541 661 annunties
2572 616 2841 677 quantam
2870 607 3099 677 gloriam
3123 606 3263 661 ami-

1677 700 1848 755 serint
1876 710 1930 755 et
1958 711 2220 771 quantam
2251 701 2586 756 incurrerint
2609 716 2852 771 pmnam.
2884 700 3038 757 Tunc
3067 716 3262 755 exsur—

1676 808 1811 864 gens
1843 791 2116 859 Stacteus,
2146 794 2228 848 sic
2255 796 2401 849 enim
2429 795 2730 850 vocabatur
2748 794 2989 863 juvenis,
3012 792 3262 847 adoravit

1675 889 2007 957 apostolum,
2023 898 2078 944 et
2098 890 2264 959 coepit
2286 890 2568 959 increpare
2589 889 2888 959 discipulos
2904 887 3024 958 ejus
3046 888 3254 941 dicens:

1656 981 1797 1037 rVidi
1833 984 2058 1053 angelos
2089 993 2301 1040 vestros
2334 984 2525 1040 flentes
2570 993 2624 1039 et
2670 983 2890 1038 Satame
2936 980 3160 1050 angelos
3202 980 3257 1033 in

1674 1086 1853 1130 vestra
1880 1074 2183 1145 dejectione
2213 1076 2571 1144 gratulantes.
2599 1075 2719 1131 Jam
2744 1091 2968 1147 regmun
3003 1080 3257 1143 paratum

1674 1168 1829 1223 vobis
1862 1177 2013 1232 erat,
2062 1177 2116 1222 et
2141 1183 2207 1222 ex
2252 1170 2677 1225 coruscantibus
2706 1169 2938 1240 gemmis
2991 1177 3138 1222 zetas
3176 1167 3260 1220 in-

1642 1324 1647 1331 _
1674 1257 1912 1317 struetas
1937 1260 2125 1331 plenas
2154 1262 2390 1332 gaudiis,
2425 1262 2613 1331 plenas
2638 1261 2814 1331 epulis
2836 1300 2850 1323 ,
2896 1260 3087 1329 plenas
3119 1259 3261 1313 dolis;

1673 1357 1796 1422 ciis,
1819 1356 2011 1425 plenas
2029 1355 2154 1409 vita:
2188 1355 2572 1425 perpetuitate,
2598 1354 2786 1423 plenas
2805 1352 3009 1407 lumine
3031 1363 3257 1419 aeterno,

1674 1450 1864 1519 plenas
1882 1448 2341 1503 delectationibus
2363 1447 2648 1513 amisistis,
2673 1454 2727 1501 et
2754 1445 3073 1515 acquisistis
3104 1444 3259 1499 vobis

1672 1538 1791 1595 loca
1826 1539 2177 1601 tenebrarum
2212 1537 2372 1607 plena
2401 1537 2758 1599 draconibus,
2789 1536 2947 1605 plena
2981 1535 3262 1590 stridenti-

1673 1633 1778 1687 bus
1806 1631 2066 1697 ﬂammis,
2096 1631 2253 1701 plena
2274 1630 2612 1688 cruciatibus
2642 1640 2695 1683 ct
2723 1626 3257 1697 incomprehensibi-

1672 1727 1817 1781 libus
1875 1726 2087 1796 pugnis,
2144 1725 2301 1795 plena
2354 1724 2671 1794 putoribus,
2729 1723 2885 1792 plena
2939 1720 3256 1785 doloribus,

1669 1822 1829 1891 plena
1861 1819 2154 1891 angustiis,
2184 1818 2343 1887 plena
2376 1817 2570 1871 timore
2603 1830 2667 1869 ac
2692 1826 2933 1869 tremore
2970 1812 3253 1866 horrifico.

1667 1912 1734 1966 Et
1772 1911 2034 1966 amisistis
2085 1910 2205 1965 loca
2231 1906 2787 1963 immarcescibilibus
2826 1904 3050 1959 floribus
3077 1903 3258 1972 plena,

1668 2006 1827 2077 plena
1860 2004 2091 2058 vocibus
2127 2016 2481 2073 organorum,
2515 2011 2568 2054 et
2606 1997 2925 2068 acquisistis
2952 1987 3256 2049 vobis‘loca

1668 2099 1722 2151 in
1756 2097 1956 2167 quibus
1986 2094 2075 2149 die
2106 2103 2382 2161 noctuque
2410 2108 2520 2147 non
2553 2098 2735 2145 cessat
2766 2088 3012 2157 mugitus
3052 2094 3107 2139 et
3135 2086 3259 2138 ulu-

1672 2190 1817 2244 latus
1845 2198 1899 2243 et
1925 2188 2130 2241 luctus.
2160 2183 2305 2238 Nihil
2332 2186 2445 2253 jam
2476 2182 2632 2236 vobis
2671 2180 2816 2235 aliud
2855 2188 3107 2248 superest
3149 2177 3257 2231 nisi

1668 2289 1729 2334 ut
1761 2279 1967 2348 rogetis
2021 2275 2328 2347 apostolum
2360 2271 2602 2337 Domini,
2656 2280 2929 2342 quatenus
2977 2269 3122 2323 sicut
3162 2282 3250 2320 me

1668 2372 2017 2428 resuscitavit
2044 2371 2110 2425 ad
2143 2371 2311 2425 vitam
2335 2410 2349 2433 ,
2387 2369 2460 2423 ita
2484 2382 2704 2437 quoque
2735 2380 2832 2420 vos
2866 2362 3155 2418 resuscitet
3184 2360 3256 2414 ab

1668 2465 1894 2520 interitu
1924 2465 1991 2519 ad
2019 2464 2277 2527 salutem,
2308 2470 2362 2517 et
2398 2461 2621 2515 nomina
2662 2467 2845 2513 vestra
2877 2470 3001 2526 qua:
3035 2455 3150 2525 jam
3190 2452 3258 2508 de

1670 2559 1809 2614 libro
1841 2560 1965 2613 vita:
2003 2559 2177 2613 deleta
2206 2564 2336 2611 sunt
2365 2554 2532 2611 faciat
2563 2550 2819 2607 rescribi.

1742 2650 1899 2705 Tune
1927 2651 2030 2705 iste
2061 2650 2178 2720 ipse
2210 2648 2305 2720 qui
2329 2647 2629 2703 suscitatus
2679 2643 2857 2699 fuerat
2902 2649 3257 2712 prosternens

1670 2759 1730 2799 se
1755 2758 1881 2799 cum
1898 2742 2049 2797 omni
2070 2742 2271 2812 populo
2299 2749 2500 2796 etcum
2523 2738 2703 2793 Attico
2726 2735 3043 2807 etEugenio
3065 2747 3258 2788 omnes

1670 2832 1876 2903 pariter
1922 2832 2226 2887 exorabant
2276 2830 2585 2899 apostolum
2614 2870 2627 2893 ,
2664 2838 2725 2882 ut
2771 2826 3129 2882 intercederet
3155 2839 3256 2893 pro

1669 2926 1752 2981 eis
1787 2926 1855 2979 ad
1889 2923 2206 2978 Dominum.
2233 2923 2469 2981 Sanctus
2500 2937 2632 2977 vero
2660 2919 2944 2991 apostolus
2979 2917 3165 2971 Attico
3199 2926 3256 2970 et

1674 3017 1919 3089 Eugenio
1949 3017 2053 3072 hoc
2080 3016 2229 3071 dedit
2251 3015 2304 3069 in
2346 3014 2630 3084 responsis
2666 3021 2726 3067 ut
2764 3027 2859 3082 per
2884 3010 3104 3081 triginta
3136 3009 3255 3063 dies

1672 3107 1784 3162 Deo
1819 3106 2199 3179 pmnitentiam
2243 3104 2536 3169 offerrent,
2582 3103 2636 3155 in
2666 3116 2899 3171 quorum
2934 3100 3112 3169 spatio
3153 3098 3257 3152 hoc

1672 3201 1909 3255 maxime
1945 3206 2302 3271 precarentur
2340 3207 2398 3250 ut
2427 3196 2592 3265 virgae
2620 3208 2799 3247 aureae
2822 3192 2889 3247 ad
2918 3207 3074 3246 suam
3101 3198 3259 3243 natu-

1670 3306 1788 3345 ram
1816 3290 2086 3354 redirent;
2115 3287 2369 3343 similiter
2407 3294 2467 3339 ut
2489 3284 2699 3354 lapides
2737 3284 2803 3338 ad
2836 3282 3101 3336 vilitatem
3146 3294 3255 3349 qua

1670 3382 1778 3436 nati
1815 3380 2036 3436 fuerant
2076 3388 2404 3435 remearent.
2444 3376 2671 3433 Factum
2700 3386 2785 3436 est
2811 3389 2993 3431 autem
3040 3384 3099 3429 ut
3149 3375 3256 3428 tri-

1668 3474 1816 3544 ginta
1844 3474 2056 3527 dierum
2082 3473 2340 3528 transiret
2366 3472 2640 3540 spatium;
2673 3484 2910 3539 cumque
2943 3469 3109 3539 virgae
3152 3483 3255 3521 au-

1664 3580 1773 3619 rea:
1822 3564 2099 3635 simulque
2148 3572 2202 3618 et
2250 3562 2459 3631 lapides
2484 3570 2826 3615 mutarentur
2863 3571 2916 3615 et
2971 3560 3037 3615 ad
3090 3574 3249 3613 suam

1666 3656 1907 3711 redirent
1930 3665 2203 3721 naturam,
2232 3654 2510 3708 venientes
2539 3651 2755 3706 Atticus
2790 3660 2844 3706 et
2870 3650 3150 3720 Engenius
3183 3650 3252 3702 ad

1667 3749 1976 3819 apostolum
2002 3749 2259 3802 dixerunt
2293 3765 2307 3800 :
2345 3744 2568 3816 Semper
2599 3744 3035 3800 misericordiam
3061 3742 3251 3797 docui-

1672 3842 1765 3908 sti,
1800 3856 2017 3911 semper
2071 3839 2465 3911 indulgentiam
2506 3839 2813 3908 prazdieasti
2853 3846 2907 3891 et
2946 3834 3252 3907 praecepisti

1664 3945 1726 3989 ut
1759 3934 1926 3989 homo
1949 3933 2159 3988 homini
2192 3933 2516 4002 indulgeret.
2547 3930 2614 3985 Et
2639 3931 2689 3986 si
2710 3932 2875 3985 homo
2913 3930 3121 3984 homini
3162 3928 3251 3982 iu-

1664 4027 1866 4098 dulget,
1892 4034 2101 4098 quanto
2141 4025 2316 4096 magis
2340 4023 2485 4079 Deus
2512 4024 2722 4079 homini
2769 4024 3012 4095 indulget
3037 4033 3090 4078 et
3115 4038 3247 4095 par-

1662 4123 1828 4189 citur.
1860 4120 1917 4175 ln
1947 4128 2231 4190 peccatum
2265 4126 2514 4173 nostrum
2544 4118 2661 4174 haec
2683 4119 3063 4174 commisimus
3085 4160 3100 4185 ,
3151 4119 3247 4174 sed

1662 4215 1809 4287 quod
1832 4215 2009 4270 oculis
2031 4214 2551 4283 concupiscentibus
2577 4214 2630 4267 in
2667 4213 2873 4267 mundo
2893 4212 3248 4282 deliquimus,

1661 4308 1837 4363 oculis
1856 4307 2117 4362 ﬂentibus
2134 4322 2475 4376 reparamus.
2491 4306 2725 4361 Oramus
2746 4320 2877 4375 ergo
2901 4313 2974 4369 te,
2997 4304 3249 4372 Domine,

1660 4415 1906 4464 oramus,
1924 4397 2191 4468 apostole,
2213 4406 2272 4451 ut
2294 4398 2705 4468 indulgentiam,
2735 4413 2896 4467 quam
2919 4412 3133 4465 semper
3153 4396 3252 4450 do-

1665 4496 1827 4551 cuisti
1862 4495 2065 4563 verbis,
2098 4494 2258 4551 factis
2286 4497 2565 4551 ostendas.
2601 4494 2756 4547 Tunc
2781 4494 2977 4547 beatus
3007 4491 3251 4546 Joannes

1662 4587 1921 4643 flentibus
1955 4601 2007 4643 et
2031 4589 2424 4657 paenitentibus
2455 4586 2731 4640 universis
2757 4594 2809 4639 et
2832 4584 2995 4639 etiam
3033 4600 3133 4653 pro
3161 4583 3250 4639 his

1661 4680 2151 4733 intervenientibus
2192 4679 2330 4733 dixit
2372 4697 2385 4733 :
2438 4678 2705 4732 Dominus
2753 4675 2897 4729 Deus
2940 4687 3128 4729 noster
3162 4675 3249 4730 his

1663 4769 2014 4824 sermonibus
2047 4785 2180 4824 usus
2198 4780 2300 4834 est,
2324 4770 2452 4823 dum
2487 4770 2555 4824 de
2585 4769 2969 4839 peccatoribus
2998 4778 3250 4837 ageretur

1662 4873 1719 4917 ut
1745 4862 1987 4918 diceret:
2026 4861 2168 4915 Nolo
2202 4874 2427 4916 mortem
2450 4864 2777 4931 peccatoris,
2796 4862 2891 4916 sed
2920 4862 3042 4916 volo
3070 4862 3250 4930 potius

1663 4964 2076 5010 utconvertatur
2107 4964 2155 5008 et
2181 4956 2319 5008 vivat
2344 4952 2394 5008 ἀ.
2435 4952 2572 5008 Nam
2605 4955 2736 5009 dum
2763 4955 2982 5009 doceret
3006 4968 3107 5008 nos
3139 4953 3249 5007 Do-

1662 5048 1846 5102 minus
1866 5045 2026 5102 Jesus
2050 5044 2306 5100 Christus
2327 5045 2394 5099 de
2419 5045 2815 5115 paenitentibus
2846 5045 2953 5098 ait:
2988 5043 3120 5097 Dico
3152 5058 3248 5097 vo-

1662 5141 1749 5196 bis
1779 5142 1909 5211 quia
1942 5155 2201 5210 magnum
2239 5137 2500 5209 gaudium
2524 5146 2607 5192 est
2640 5138 2693 5191 in
2728 5138 2882 5192 caelis
2914 5136 3124 5204 angelis
3154 5150 3245 5188 su-

1660 5250 1754 5305 per
1777 5250 1887 5288 uno
1916 5238 2202 5303 peccatore
2220 5234 2516 5303 paenitente
2546 5248 2609 5286 ac
2630 5238 2907 5286 avertente
2930 5243 2989 5282 se
3013 5242 3042 5279 a
3058 5241 3251 5295 pecca-

1658 5328 1729 5383 tis
1751 5327 1899 5393 suis;
1927 5335 1981 5381 et
2002 5325 2231 5394 amplior
2247 5325 2428 5380 laetitia
2458 5324 2563 5378 illis
2579 5331 2663 5379 est
2695 5337 2859 5391 quam
2883 5334 3046 5388 super
3076 5334 3249 5372 nona-

1662 5419 1810 5490 ginta
1840 5416 2214 5485 novetnjustis
2243 5416 2337 5485 qui
2367 5418 2853 5485 nonjpeccaverunt
2880 5423 2926 5466 ο.
2950 5409 3099 5465 Unde
3126 5409 3248 5463 volo

1662 5529 1762 5565 vos
1788 5511 1951 5576 scire,
1979 5510 2108 5580 quia
2150 5508 2417 5564 Dominus
2452 5508 2665 5578 accepit
2701 5505 3080 5578 paenitentiam
3124 5502 3247 5557 illo-

1663 5601 1970 5663 rum.Tunc
1990 5614 2293 5657 conversus
2316 5599 2382 5656 ad
2398 5600 2640 5657 Atticum
2662 5609 2714 5655 et
2738 5596 3040 5670 Eugenium
3067 5593 3242 5651 dixit:

1534 5820 1557 5848 ο
1589 5806 1720 5864 Luc.
1760 5821 1847 5872 xv,
1879 5804 1933 5859 7.
