3792 6218
514 250 653 305 1217

1547 254 1605 309 S.
1645 255 1901 311 MELITO
1940 257 2247 316 SARDIUM
2283 259 2682 317 EPISCOPUS.

3636 267 3741 323 1218

513 366 592 423 lte
617 376 676 423 et
698 379 975 441 reportata
996 371 1257 447 virgasad
1284 372 1476 429 silvam
1502 374 1647 429 unde
1677 391 1772 431 eas
1804 380 2086 447 attulistis,
2118 388 2163 441 Α
2190 379 2428 437 Joannes
2451 424 2465 445 .
2492 354 2563 437 et,
2584 391 2681 438 aut
2704 383 2897 438 recede
2928 385 2997 439 ab
3027 385 3131 440 ista
3155 386 3419 441 doctrina
3451 404 3563 457 qua
3600 406 3625 443 a
3648 390 3733 444 deo

510 476 637 515 eum
674 462 740 515 ad
793 479 948 517 suam
994 475 1247 519 naturam
1300 475 1431 520 sunt
1484 481 1735 533 reversa},
1795 478 1849 523 et
1882 471 2090 539 lapides

512 564 788 624 reportate
814 557 881 611 ad
937 557 1119 611 littora
1158 559 1348 623 maris,
1380 574 1504 614 cum
1547 569 1712 629 petrae
1743 561 1916 616 effecti
1965 576 2092 620 sunt

512 656 571 700 ut
598 646 835 701 fuerunt.
869 648 1023 715 Quod
1059 665 1184 703 cum
1222 650 1418 705 fuisset
1456 651 1738 721 impletum
1770 665 2093 724 receperunt

511 740 741 808 gratiam
772 756 934 808 quam
964 742 1284 807 amiserant,
1312 743 1382 797 ita
1424 752 1481 796 ut
1507 744 1671 796 etiant
1699 743 1956 813 fugarent
1981 746 2091 801 dte-

511 830 696 883 monia
726 831 867 885 sicut
893 833 1069 901 prius,
1124 844 1178 887 et
1208 835 1457 889 infirmos
1507 846 1767 891 curarent
1812 846 1865 891 et
1912 854 2091 895 caecos

510 922 887 978 llluminarent
912 934 965 979 et
993 925 1220 981 virtutes
1248 928 1449 981 multas
1469 942 1563 997 per
1595 942 1689 983 eus
1715 928 1981 985 Dominus
2007 930 2089 985 fa-

508 1025 676 1069 ceret.

578 1107 715 1161 Cum
749 1120 931 1163 autem
964 1110 1144 1165 omnis
1183 1110 1379 1165 civitas
1412 1110 1776 1181 Ephesiorum
1814 1121 1869 1167 et
1909 1114 2090 1170 omnis

505 1201 791 1268 provincia
849 1201 993 1256 Asiae
1039 1201 1304 1256 Joannem
1344 1204 1617 1259 excoleret
1652 1215 1702 1260 et
1748 1206 2087 1275 praedicaret,

506 1294 701 1348 accidit
733 1304 791 1348 ut
821 1296 1059 1349 cultores
1088 1296 1360 1349 idolorum
1384 1297 1694 1351 excitarent
1728 1297 2086 1355 seditionem:

506 1387 651 1441 unde
682 1386 886 1442 factum
921 1399 1002 1443 est
1031 1399 1090 1442 ut
1121 1388 1386 1445 Joannem
1418 1390 1782 1445 traherentad
1825 1394 2088 1461 templum

508 1478 693 1533 Diana:
722 1489 776 1534 e:
815 1492 1071 1551 urgerent
1104 1499 1229 1535 eum
1260 1492 1317 1536 ut
1359 1483 1407 1536 ei
1453 1478 1756 1537 fmditatcm
1789 1484 2091 1539 sacrificio-

506 1585 629 1624 rum
661 1572 902 1626 offerret.
961 1572 1115 1628 Tunc
1176 1586 1400 1629 sanctus
1440 1574 1677 1631 Joannes
1727 1576 1841 1629 ait:
1888 1574 2090 1631 Eamus

503 1676 699 1717 omnes
731 1663 796 1716 ad
829 1664 1117 1719 ecclesiam
1146 1665 1361 1721 Domini
1394 1667 1497 1720 mei
1520 1665 1648 1721 Jesu
1678 1666 1979 1733 Christi,et
2002 1668 2087 1721 in-

2192 488 2309 525 rum
2342 474 2558 528 cultura
2582 478 2846 545 pepulum
2872 477 3165 543 revocasti,
3209 488 3311 531 aut
3342 480 3541 547 accipe
3576 490 3626 534 et
3654 481 3740 536 bile

2192 570 2252 614 ut
2272 563 2529 617 ostendas
2546 564 2972 634 omnipotentem
2998 580 3127 621 esse
3146 566 3323 621 Deum
3362 577 3548 635 tuum,
3566 572 3607 624 si
3628 583 3740 640 prist-

2190 670 2255 708 ea
2303 671 2468 724 quam
2535 657 2741 712 biberis
2778 658 3019 727 potueris
3070 659 3381 714 incolumis
3438 677 3737 729 permanere.

2192 747 2348 802 Tunc
2392 748 2586 805 beatus
2620 747 2861 804 Joannes
2902 751 3216 819 jacentibus
3263 752 3353 807 his
3389 754 3487 822 qui
3518 769 3737 809 venenum

2192 838 2445 894 biberant
2480 841 2715 895 mortuis
2742 842 3052 912 intrepidus
3104 854 3159 897 et
3187 854 3468 899 constans
3516 848 3741 915 accipiens

2192 931 2418 986 calicem
2444 940 2497 985 et
2523 933 2865 1003 signaculum
2904 936 3088 990 crucis
3122 935 3339 991 faciens
3362 938 3421 990 in
3448 953 3591 1002 eum,
3620 940 3737 991 dixit:

2192 1022 2335 1076 Deus
2358 1032 2413 1077 et
2438 1022 2599 1077 Pater
2626 1024 2841 1078 Domini
2870 1026 2972 1078 mei
2998 1025 3128 1080 Jesu
3152 1027 3389 1089 Christi,
3420 1028 3580 1097 cujus
3614 1031 3741 1083 verbo

2191 1115 2315 1170 coeli
2345 1115 2540 1170 firmati
2565 1126 2713 1183 sunt,
2739 1118 2826 1171 cui
2855 1121 3040 1172 omnia
3073 1120 3326 1189 subjecta
3360 1129 3519 1185 sunt,
3548 1121 3631 1174 cui
3658 1138 3740 1173 om-

2193 1208 2279 1261 nis
2309 1217 2560 1262 creatura
2582 1209 2840 1275 deservit,
2890 1210 2978 1264 cui
3026 1212 3211 1265 omnis
3243 1220 3499 1280 potestas
3542 1212 3739 1279 subjecta

2191 1306 2274 1351 est
2295 1307 2349 1352 et
2384 1299 2580 1353 metuit
2607 1310 2660 1353 et
2677 1302 3005 1370 expavescit,
3032 1317 3158 1356 cum
3194 1318 3300 1357 nos
3331 1312 3388 1357 te
3432 1304 3488 1357 in
3519 1305 3739 1359 auxilium

2192 1401 2577 1455 provocamus,
2606 1390 2764 1457 cujus
2790 1390 2974 1445 audito
2995 1392 3223 1446 nomine
3253 1408 3495 1462 serpens
3522 1396 3740 1463 conquie-

2192 1474 2315 1538 scit,
2348 1474 2516 1529 draco
2534 1474 2691 1547 fugit,
2725 1478 2849 1533 silet
2877 1480 3084 1549 vipera,
3118 1490 3173 1535 et
3205 1483 3405 1537 rubeta
3446 1484 3539 1537 illa
3568 1486 3741 1554 qu:edi-

2191 1565 2333 1619 citur
2350 1582 2482 1622 rana
2514 1568 2756 1637 inquieta
2785 1572 3064 1640 torpescit,
3098 1574 3357 1641 scorpius
3377 1574 3737 1644 exstinguitur;

2193 1659 2414 1727 regulus
2453 1659 2688 1714 vincitur
2710 1663 3080 1731 ctspalangus
3114 1663 3252 1716 nihil
3300 1664 3538 1717 noxium
3584 1678 3739 1733 Opera-

504 1763 765 1809 vocautes
802 1771 899 1811 vos
924 1772 1120 1811 nomen
1155 1757 1340 1813 Diana:
1362 1768 1557 1813 vestrae
1581 1758 1744 1815 facite
1769 1760 1967 1815 cadere
1992 1776 2080 1815 ec-

2192 1760 2280 1805 tur
2307 1760 2363 1806 et
2386 1753 2571 1806 omnia
2603 1762 2867 1807 venenata
2907 1756 3149 1823 repentia
3187 1765 3242 1809 et
3280 1755 3474 1809 adhuc
3520 1755 3739 1810 ferociam

506 1846 727 1901 clesiam
748 1858 801 1901 et
824 1849 895 1902 ita
917 1850 1073 1903 vobis
1089 1853 1455 1905 consentiam.
1486 1853 1542 1905 Si
1564 1862 1745 1906 autem
1773 1853 1878 1907 hoc
1905 1853 2087 1907 facere

504 1953 616 1991 non
658 1940 971 2007 potueritis,
1026 1957 1127 2011 ego
1175 1942 1443 1999 invocabo
1492 1961 1689 1998 nomen
1735 1944 1948 1999 Domini
1980 1946 2087 1999 mei

500 2024 631 2081 Jesu
654 2026 861 2082 Christi
886 2039 940 2083 et
964 2030 1125 2085 faciet
1151 2034 1344 2087 cadere
1369 2035 1627 2104 templum
1662 2034 1765 2088 hoc
1787 2076 1800 2099 ,
1840 2044 1893 2088 et
1928 2050 2085 2088 com—

503 2118 677 2172 minui
710 2120 915 2174 idolum
939 2122 1082 2191 ejus.
1111 2122 1267 2189 Quod
1292 2140 1416 2179 cum
1444 2124 1648 2179 factum
1669 2124 1850 2191 fuerit,
1873 2126 2083 2195 justum

498 2210 659 2264 vobis
692 2212 863 2265 videri
896 2214 1057 2267 debet
1078 2224 1137 2268 ut
1166 2215 1354 2268 relicta
1398 2216 1789 2283 superstitione
1823 2216 1937 2269 deae
1980 2217 2085 2269 hu-

500 2297 610 2366 jus,
641 2315 762 2371 qum
784 2320 812 2356 a
842 2303 950 2357 Deo
968 2320 1089 2359 meo
1110 2307 1247 2359 victa
1264 2313 1347 2360 est
1372 2316 1425 2359 et
1445 2307 1881 2371 comminuta,ad
1908 2308 2085 2376 ipsum

499 2396 915 2450 convertamini.
947 2396 1029 2451 Ad
1066 2398 1207 2451 hanc
1230 2413 1421 2451 vocem
1450 2399 1715 2452 conticuit
1743 2402 2000 2470 populus,
2028 2412 2083 2456 et

501 2482 629 2537 licet
676 2495 863 2539 essent
906 2488 1064 2554 pauci
1109 2489 1205 2557 qui
1235 2489 1688 2544 contradicerent
1733 2492 1860 2547 huic
1894 2493 2087 2547 delini-

501 2576 679 2639 tioni,
726 2592 853 2645 pars
902 2588 1081 2633 tamen
1133 2581 1373 2635 maxima
1428 2596 1762 2636 consensum
1813 2584 2080 2639 attribuit.

502 2663 659 2718 Tunc
686 2666 877 2721 beatus
906 2666 1148 2723 Joannes
1178 2670 1394 2725 blandis
1426 2671 1681 2740 alloquiis
1704 2673 1965 2728 exorabat
1988 2690 2087 2743 po-

498 2756 709 2826 pulum,
750 2768 809 2812 ut
841 2776 870 2813 a
906 2762 1107 2829 templo
1139 2760 1299 2832 longe
1319 2779 1379 2817 se
1400 2763 1660 2820 facerent.
1690 2765 1939 2835 Cumque
1960 2768 2083 2821 nni-

499 2850 642 2903 versi
674 2866 738 2903 ex
784 2852 1031 2906 interiori
1084 2863 1236 2923 parte
1275 2853 1423 2909 foras
1455 2856 1717 2922 exissent,
1754 2873 1887 2912 voce
1934 2858 2082 2913 clara

498 2957 684 2997 coram
740 2946 997 3000 omnibus
1040 2947 1209 3001 dixit:
1242 2947 1310 3002 Ut
1356 2949 1497 3003 sciat
1536 2951 1651 3009 hanc
1698 2952 1879 3007 omnis
1923 2955 2080 3006 turba

497 3035 628 3104 quia
660 3035 865 3090 idolum
894 3038 997 3091 hoc
1018 3037 1201 3093 Diana:
1223 3040 1552 3095 daamonium
1580 3052 1686 3107 est,
1711 3054 1932 3098 corruat
1955 3062 2079 3097 eum

495 3127 756 3181 omnibus
784 3128 1116 3185 manufactis
1149 3130 1312 3185 idolis
1336 3147 1457 3200 qua:
1490 3134 1752 3188 coluntur
1785 3136 1837 3189 in
1869 3153 1968 3199 eo,
2006 3137 2078 3191 ita

496 3222 558 3268 ut
581 3217 786 3270 nullam
815 3220 867 3271 in
906 3219 1223 3274 hominibus
1250 3221 1528 3276 lzesionem
1568 3222 1761 3279 faciat!
1808 3225 2083 3281 Continuo

496 3314 678 3361 autem
708 3310 773 3363 ad
800 3326 989 3364 vocem
1019 3313 1251 3381 apostoli
1281 3315 1468 3367 omnia
1518 3314 1683 3369 simul
1724 3333 1847 3370 cum
1885 3318 2084 3386 templo

470 3436 473 3437 ν
498 3414 600 3453 suo
628 3399 774 3455 idola
809 3402 881 3456 ita
906 3414 1257 3469 corruerunt,
1275 3417 1333 3459 ut
1356 3407 1698 3461 edicerentur
1717 3408 1860 3462 sicut
1880 3409 2080 3477 pulvis,

497 3504 660 3558 quem
706 3491 926 3560 projicit
970 3502 1166 3548 ventus
1204 3510 1233 3547 a
1261 3494 1402 3550 facie
1440 3505 1619 3550 terrae.
1654 3496 1919 3551 Conversi
1952 3506 2083 3551 sunt

495 3592 677 3636 autem
701 3584 890 3638 eadem
926 3585 1015 3640 die
1046 3586 1339 3643 duodecim
1363 3589 1536 3643 millia
1564 3590 1807 3659 gentium
1835 3590 2081 3659 exceptis

494 3673 739 3741 parvulis
762 3682 815 3727 et
846 3676 1204 3743 mulieribus,
1232 3686 1287 3731 et
1326 3677 1670 3746 baptismatis
1717 3688 1845 3733 sunt
1882 3694 2079 3733 conse-

493 3764 632 3816 crati
659 3764 871 3818 virtute.
905 3764 1059 3820 Tunc
1105 3766 1501 3833 Aristodimus,
1534 3768 1629 3837 qui
1683 3778 1805 3823 erat
1833 3768 2078 3839 pontifex

493 3854 739 3907 otnnium
767 3856 1060 3920 idolorum,
1086 3858 1324 3926 repletus
1352 3858 1546 3926 spiritu
1571 3859 1912 3928 nequissimo
1934 3859 2081 3913 exci-

496 3946 629 3998 tavit
657 3946 981 4001 seditionem
1016 3948 1069 4001 in
1104 3950 1332 4018 populo,
1385 3950 1457 4004 ita
1510 3958 1572 4003 ut
1622 3951 1858 4019 populus
1888 3960 2078 4005 contra

495 4037 755 4105 pupulum
786 4048 1075 4106 pararetur
1103 4038 1170 4092 ad
1192 4039 1416 4094 bellum.
1464 4040 1571 4094 Sed
1605 4042 1798 4094 beatus
1837 4038 2078 4096 Joannes

496 4127 574 4179 ait
611 4143 623 4178 :
660 4127 756 4182 Dic
796 4129 954 4195 mihi,
1008 4129 1362 4195 Aristodime,
1402 4131 1533 4199 quid
1570 4130 1766 4183 faciatn
1800 4133 2073 4193 utLtollam

494 4220 928 4290 indignationem
955 4222 1023 4276 de
1049 4222 1235 4276 animo
1268 4231 1384 4277 tuo.
1434 4223 1547 4277 Cui
1571 4223 1939 4281 Aristodiinus
1962 4226 2074 4278 ait:

495 4313 655 4383 Sivis
684 4324 743 4369 ut
765 4315 985 4370 credam
1012 4314 1120 4370 Deo
1146 4325 1260 4383 tuo,
1279 4318 1420 4371 dabo
1443 4317 1537 4370 tibi
1561 4332 1831 4371 venenum
1852 4317 2073 4383 bibere;

2190 1843 2451 1897 animalia
2504 1845 2876 1908 terebrantur,
2912 1853 2967 1899 et
3015 1861 3212 1901 omnes
3257 1847 3485 1901 radices
3537 1846 3741 1900 humana

2190 1934 2353 1989 saluti
2379 1934 2620 1990 adversa:
2652 1945 2928 2001 arescunt,
2961 1945 3017 1990 tu
3047 1939 3367 2008 exstingue,
3409 1937 3739 1998 Domine,he:

2189 2026 2379 2079 veneni
2402 2026 2572 2092 virus,
2601 2028 2889 2097 exstingue
2908 2028 3262 2097 operationcs
3290 2030 3419 2098 ejus
3447 2030 3739 2089 mortiferas,

2188 2127 2241 2172 et
2271 2119 2415 2173 vires
2442 2120 2632 2174 noxias
2679 2136 2817 2188 quas
2874 2121 2923 2173 in
2955 2136 3013 2175 se
3048 2122 3217 2175 habet
3262 2137 3505 2185 evacua,
3552 2122 3738 2175 ctdain

2188 2224 2483 2281 conspectu
2529 2222 2625 2267 tuo
2669 2212 2926 2266 omnibus
2949 2228 3089 2281 quos
3141 2223 3199 2267 tu
3230 2214 3441 2267 creasti
3492 2215 3669 2267 oculos
3702 2222 3743 2265 ut

2188 2302 2429 2368 videant,
2458 2312 2509 2357 et
2528 2320 2689 2358 aures
2712 2312 2772 2357 ut
2803 2302 3051 2368 audiant,
3070 2313 3123 2355 et
3142 2317 3243 2356 cor
3259 2312 3324 2357 ut
3341 2303 3739 2373 magnitudinem

2191 2403 2338 2449 tuam
2370 2394 2702 2464 intelligant.
2740 2394 2807 2447 Et
2836 2411 2961 2449 cum
2995 2378 3402 2457 bzec'dixisset,
3453 2410 3520 2449 os
3543 2410 3685 2448 suum
3706 2404 3744 2444 et

2189 2493 2360 2539 totum
2397 2484 2753 2552 semetipsum
2792 2484 2953 2553 signo
3002 2484 3186 2537 crucis
3224 2484 3497 2549 armavit,
3529 2492 3583 2538 et
3607 2492 3740 2536 totum

2188 2574 2326 2629 bibit
2348 2576 2495 2643 quod
2523 2583 2641 2628 erat
2671 2574 2723 2626 in
2751 2573 2941 2628 calice.
2978 2574 3045 2627 Et
3071 2582 3375 2643 postquam
3432 2573 3573 2627 bibit
3610 2574 3741 2627 dixit:

2190 2666 2327 2721 Peto
2346 2674 2406 2719 ut
2429 2666 2483 2719 hi
2510 2674 2729 2735 propter
2751 2681 2893 2734 quos
2924 2664 3060 2730 bibi,
3088 2665 3323 2719 credant
3342 2665 3401 2717 in
3434 2674 3510 2728 te,
3532 2663 3742 2723 Domine,

2186 2767 2239 2812 et
2265 2758 2525 2822 salutem,
2552 2772 2676 2827 quae
2690 2757 2833 2826 apud
2865 2766 2917 2811 te
2938 2766 3042 2817 est.
3065 2765 3117 2811 te
3144 2756 3508 2812 illuminante
3537 2772 3745 2810 merean-

2187 2856 2277 2903 tur
2308 2850 2576 2918 accipere.
2620 2848 2979 2904 Attendcntes
3034 2857 3217 2903 autem
3263 2849 3463 2918 populi
3514 2848 3740 2903 Joannem

2187 2956 2283 3009 per
2316 2949 2427 2995 tres
2458 2940 2623 2995 horas
2655 2941 2862 2993 vultum
2900 2941 3104 2995 habere
3132 2941 3395 3004 hilarem,
3426 2950 3484 2994 et
3519 2942 3655 2994 nulla
3677 2956 3747 3007 pec

2191 3032 2340 3086 nitus
2393 3032 2549 3101 signa
2598 3032 2823 3101 palloris
2876 3040 2972 3086 aut
3028 3033 3743 3102 trcpidationisbabentem,

2188 3122 2428 3177 clamare
2468 3131 2753 3193 coeperunt
2788 3139 2802 3174 :
2837 3122 2988 3177 Unus
3012 3134 3066 3177 et
3106 3139 3276 3178 verus
3308 3124 3456 3179 Deus
3483 3136 3584 3190 est,
3614 3138 3745 3193 quem

2187 3215 2319 3269 colit
2343 3212 2607 3269 Joannes.
2633 3214 3007 3269 Aristodimus
3029 3224 3213 3269 autem
3242 3230 3349 3270 nec
3387 3217 3470 3271 sic
3500 3216 3746 3273 credebat,

2188 3307 2282 3360 sed
2312 3306 2549 3375 populus
2567 3298 2898 3376 objurgahat
2929 3322 3079 3360 eum.
3130 3305 3227 3361 Ille
3261 3315 3450 3361 autem
3482 3320 3750 3363 conversus

2186 3400 2252 3454 ad
2277 3398 2545 3454 Joannem
2580 3401 2752 3454 dixit:
2791 3402 2942 3455 Inest
2978 3400 3116 3455 mihi
3144 3401 3331 3455 adhuc
3361 3401 3640 3464 dubietas,
3674 3398 3750 3451 sed

2186 3492 2233 3545 si
2257 3492 2393 3547 istos
2417 3491 2509 3561 qui
2542 3492 2647 3547 hoc
2674 3508 2887 3547 veneno
2919 3493 3123 3545 mortui
3170 3503 3305 3548 sunt
3342 3494 3399 3547 in
3433 3495 3651 3549 nomine
3676 3491 3749 3545 Dei

2187 3586 2263 3639 tui
2296 3585 2622 3640 excitaveris
2648 3625 2664 3651 ,
2704 3583 3099 3639 emundabitur
3144 3599 3241 3639 cor
3292 3600 3476 3639 meum
3525 3586 3595 3638 ab
3623 3584 3751 3638 otnni

2182 3677 2481 3731 dubietate.
2534 3675 2727 3745 Populi
2778 3683 2962 3730 autem
3006 3676 3371 3745 msurgebant
3407 3678 3463 3730 in
3503 3674 3751 3729 Aristodi-

2184 3784 2333 3822 mum
2376 3768 2650 3823 dicentes:
2684 3765 3046 3823 lncendemus
3072 3778 3126 3821 ct
3154 3777 3209 3822 te
3236 3780 3293 3821 et
3334 3769 3557 3822 domum
3599 3776 3751 3827 tuam,

2183 3859 2229 3913 si
2259 3873 2430 3913 ausus
2462 3856 2632 3913 fueris
2662 3857 2804 3911 ultra
2828 3858 3143 3927 apostolum
3173 3856 3271 3911 Dei
3299 3858 3354 3911 in
3382 3866 3476 3913 tuo
3518 3870 3751 3912 sermone

2183 3949 2366 4003 facere
2388 3950 2659 4005 laborare.
2691 3949 2895 4004 Vidcns
2922 3958 3106 4003 autem
3147 3947 3395 4003 Joannes
3442 3950 3751 4003 acerrimam

2183 4037 2507 4092 seditionem
2529 4038 2671 4101 fieri,
2694 4038 2848 4108 petiit
2873 4038 3151 4091 silentium
3178 4046 3229 4091 et
3250 4038 3509 4091 omnibus
3538 4037 3749 4091 audien-

2184 4128 2328 4182 tibus
2361 4128 2501 4183 dixit
2540 4143 2554 4181 :
2590 4128 2771 4182 Prima
2801 4136 2885 4182 est
2917 4144 3085 4197 quam
3132 4128 3200 4182 de
3234 4130 3533 4182 virtutibus
3564 4126 3750 4181 divinis

2182 4218 2383 4271 imitari
2415 4219 2625 4273 debetis
2657 4220 3002 4289 patientiam,
3031 4235 3127 4288 per
3158 4235 3323 4287 quam
3368 4219 3507 4273 ferre
3533 4216 3748 4279 possitis

2180 4309 2589 4363 incredulorum
2616 4309 2895 4363 hominum
2923 4308 3324 4377 insipientiam,
3350 4309 3491 4364 unde
3519 4309 3565 4361 si
3593 4306 3751 4361 adhuc

494 4408 641 4477 quod
672 4424 799 4462 cum
822 4408 1051 4475 biberis,
1077 4409 1123 4463 si
1156 4424 1263 4462 non
1292 4407 1463 4461 fueris
1492 4417 1763 4474 mortuus,
1789 4409 2078 4478 apparebit
2112 4430 2157 4487 Ι)
2186 4393 2551 4456 Aristodimus
2586 4402 2654 4454 ab
2686 4400 3004 4455 infidelitate
3053 4417 3152 4455 sua
3204 4410 3437 4466 tenetur,
3485 4400 3747 4454 solvamus

494 4515 683 4555 verum
718 4518 843 4556 esse
883 4500 1052 4555 Deum
1085 4510 1260 4555 lllltm.
1301 4500 1401 4555 Cui
1442 4500 1727 4569 apostolus
1768 4501 1873 4553 ait:
1906 4499 2080 4555 Vene-

491 4607 624 4646 num
650 4593 694 4647 si
718 4594 934 4648 dederis
960 4594 1092 4646 mibi
1118 4593 1325 4657 bibere,
1346 4594 1600 4647 invocato
1618 4592 1840 4646 nomine
1864 4591 2079 4646 Domini

493 4684 603 4738 mei
634 4684 762 4739 Jesu
791 4685 1019 4750 Christi,
1050 4701 1157 4739 non
1188 4686 1388 4754 poterit
1420 4701 1619 4740 nocere
1643 4686 1797 4738 mihi.
1839 4684 1944 4739 Cui
1965 4684 2081 4738 Ari-

494 4776 764 4830 stoditnus
789 4778 895 4831 ait:
932 4776 1091 4831 Prius
1117 4788 1201 4830 est
1243 4787 1302 4830 ut
1330 4778 1513 4831 videas
1536 4777 1784 4831 bibentes
1810 4785 1864 4831 et
1891 4777 2078 4830 statim

493 4864 795 4920 morientes
829 4867 993 4920 utvel
1030 4869 1111 4920 sic
1138 4867 1314 4935 possit
1345 4882 1440 4920 cor
1480 4878 1632 4921 tuum
1673 4867 1776 4921 hoc
1821 4866 2078 4935 poculmn

493 4954 817 5010 formidare.
848 4958 951 5010 Cui
978 4958 1173 5011 beatus
1198 4956 1439 5011 Joannes
1462 4956 1743 5025 respondit
1769 4971 1781 5005 :
1814 4953 1935 5007 Jam
1961 4954 2077 5013 dixi

497 5045 617 5113 tibi,
650 5056 705 5101 tu
732 5056 941 5101 tantum
970 5056 1197 5117 paratus
1228 5056 1348 5102 esto
1371 5046 1595 5100 credere
1624 5046 1675 5097 in
1702 5044 1872 5097 Deum
1899 5058 2080 5097 meum

492 5136 684 5199 Jesum
720 5138 1040 5204 Christum,
1074 5155 1199 5193 cum
1242 5154 1329 5192 me
1364 5136 1573 5191 videris
1599 5134 1943 5204 post.vcneni
1988 5149 2085 5203 po-

498 5231 683 5285 culum
715 5246 934 5285 sanum.
976 5231 1229 5285 Porrexit
1250 5230 1435 5298 itaque
1464 5227 1835 5282 Aristodimus
1862 5227 1928 5279 ad
1960 5240 2085 5292 pto-

493 5322 809 5388 consulem,
853 5332 909 5377 et
934 5324 1089 5392 petiit
1120 5323 1189 5377 ab
1233 5338 1299 5377 eo
1326 5322 1468 5375 duos
1517 5320 1667 5373 viros
1714 5319 1807 5389 qui
1836 5333 1937 5388 pro
1969 5316 2085 5370 suis

492 5423 653 5468 erant
672 5416 975 5471 sceleribus
1006 5416 1331 5479 decollandi,
1350 5426 1404 5469 et
1430 5424 1675 5469 statuens
1704 5429 1798 5467 cos
1826 5416 1879 5467 in
1907 5412 2086 5465 medio

490 5506 617 5562 foro
650 5522 834 5562 coram
861 5508 1010 5562 omni
1034 5509 1234 5578 pOpulo
1262 5508 1315 5560 in
1341 5514 1639 5576 conspectu
1680 5505 1914 5575 apostoli
1950 5503 2077 5556 fecit

491 5616 595 5655 eos
625 5617 895 5657 venenum
931 5603 1141 5657 bibere.
1165 5601 1268 5667 Qui
1304 5617 1430 5656 mox
1454 5610 1513 5655 ut
1541 5600 1797 5654 biberunt
1829 5597 2085 5668 spiritum

493 5694 905 5753 exhalaverunt.
964 5694 1117 5753 Tunc
1174 5692 1543 5750 Aristodimus
1588 5692 1762 5747 dixit:
1794 5690 1935 5747 Audi
1976 5705 2082 5757 me,

2186 4493 2360 4549 nodos
2404 4493 2804 4548 incredulitatis
2855 4493 3009 4563 ejus,
3050 4503 3104 4547 et
3132 4494 3259 4547 licet
3308 4494 3457 4547 tarde
3496 4491 3749 4545 faciamus

2184 4602 2308 4638 cum
2342 4600 2639 4655 agnoscere
2682 4583 2996 4638 Creatorem
3037 4601 3222 4638 suum.
3278 4583 3343 4636 Et
3385 4586 3522 4638 sicut
3572 4580 3747 4635 medici

2186 4678 2447 4731 habentes
2474 4678 2615 4731 inter
2636 4692 2832 4731 manus
2853 4692 3079 4747 :egrutn,
3106 4677 3258 4730 varia
3286 4676 3489 4731 medela
3510 4675 3748 4742 indigen-

2186 4778 2320 4830 tem,
2347 4771 2420 4823 ita
2448 4770 2611 4823 etiam
2645 4785 2745 4824 nos
2774 4768 3065 4833 faciamus,
3107 4770 3151 4823 si
3186 4769 3367 4822 adhuc
3397 4767 3749 4821 Aristodimus

2188 4877 2295 4914 non
2327 4870 2413 4915 est
2453 4871 2681 4916 curatus
2720 4877 2787 4915 ex
2819 4876 2884 4915 eo
2912 4860 3058 4929 quod
3099 4860 3213 4929 jatn
3257 4859 3459 4913 factum
3493 4866 3602 4911 est.
3647 4853 3749 4909 tVou

2185 4954 2333 5007 enim
2360 4955 2588 5009 cessabo
2621 4954 2690 5007 ab
2729 4952 2834 5008 hoc
2864 4967 3029 5022 Opere
3068 4967 3359 5021 quousque
3386 4951 3498 5019 ejus
3522 4949 3749 5002 vulneri-

2189 5044 2291 5097 bus
2316 5043 2488 5113 possit
2514 5044 2784 5100 medieina
2818 5043 3128 5112 provenire.
3167 5040 3233 5094 Et
3266 5055 3575 5094 convocans
3607 5040 3669 5091 ad
3700 5052 3749 5089 se

2186 5138 2581 5192 AristoJimum
2606 5136 2754 5191 dedit
2784 5136 2833 5189 ei
2863 5135 3104 5187 tunicam
3142 5150 3322 5199 suam,
3357 5148 3466 5201 ipse
3490 5147 3627 5185 vero
3649 5130 3749 5198 pal-

2190 5227 2263 5282 lio
2294 5229 2527 5282 amictus
2553 5228 2788 5281 astabat.
2818 5227 2916 5279 Cui
2962 5225 3334 5279 Aristotlimus
3366 5225 3472 5277 ait:
3498 5222 3585 5275 Ad
3618 5218 3744 5287 quod

2189 5320 2385 5377 dedisti
2416 5321 2547 5373 mihi
2571 5322 2813 5375 tunicam
2844 5318 3028 5372 tuam?
3052 5318 3193 5372 Dicit
3216 5318 3263 5372 ci
3293 5317 3562 5371 Joannes:
3590 5313 3653 5367 Ut
3682 5313 3745 5363 vel

2190 5414 2268 5468 sic
2300 5414 2565 5469 confusus
2603 5430 2632 5466 a
2666 5422 2757 5466 tua
2791 5411 3111 5465 infidelitate
3128 5411 3397 5465 discedas.
3429 5407 3741 5461 CuiAristo-

2189 5505 2372 5561 dimus
2401 5508 2508 5562 ait:
2548 5504 2614 5559 Et
2638 5503 2916 5573 quomodo
2939 5517 3025 5556 me
3058 5503 3242 5555 tunica
3271 5513 3359 5555 tua
3396 5499 3553 5553 faciet
3588 5498 3654 5550 ab
3676 5498 3745 5546 in-

2194 5596 2449 5652 ftdelitate
2472 5615 2589 5652 mea
2615 5596 2934 5653 discedere?
2966 5594 3068 5648 Cui
3120 5594 3403 5664 respondit
3445 5589 3737 5659 apostolus.

2196 5690 2342 5746 Vade
2376 5700 2427 5745 et
2463 5691 2613 5746 mitte
2647 5706 2765 5745 eam
2800 5702 2959 5758 super
2993 5702 3223 5758 corpora
3261 5685 3639 5741 defunctorum
3660 5721 3679 5745 ι
3700 5691 3744 5732 et
