3732 6320
41 304 61 350 1
81 299 200 354 '26!

776 296 837 353 S.
863 292 1292 363 QUADRATUS
1328 289 1701 347 ATIIENARU
1714 289 1759 343 M
1796 286 2197 342 EPISCOPUS.
2219 318 2283 326 —
2300 284 2598 341 NOTITIA.

1652 406 1738 459 IX.

3180 284 3314 340 126?

827 526 869 579 Ε
902 543 1057 581 manu
1082 527 1167 581 IV.
1196 557 1262 566 -—-
1292 528 1443 595 .ipml
1480 522 1923 591 Thcophylat‘lum
1956 523 2007 573 in
2036 520 2161 573 dcta
2188 519 2563 589 apostolorum.

128 651 210 705 Οὔ
247 651 352 723 γὰρ
388 649 684 703 ἐναπέθανε
726 650 791 718 τῇ
826 648 1030 719 ἀγχόνῃ
1061 649 1089 699 ὁ
1118 646 1334 709 Ἰούδας,
1362 646 1474 699 ἀλλ’
1501 648 1628 697 ἐπε·
1663 648 1703 704 Α
1804 639 1893 693 Nm

1804 639 1919 693 Non
1966 639 2110 692 enim
2148 638 2202 691 in
2238 637 2434 706 laqueo
2458 635 2626 690 Judas
2664 634 2912 688 mortuus
2955 643 3056 698 est,
3097 633 3191 688 sed
3227 650 3316 689 su-

41 745 169 797 6ἱω
193 742 541 814 καθαιρεθεὶς
566 742 671 812 πρὸ
704 741 795 793 τοῦ
830 739 1214 810 ἀποπνιγῆναι.
1243 741 1351 792 Καὶ
1378 738 1532 791 τοῦτο
1555 755 1643 789 σα-

44 839 333 908 φέστερον
370 837 570 907 ἱστορεῖ
600 834 817 897 Παπίας
849 835 877 886 ὁ
912 830 1159 885 Ἰωάννου
1197 832 1443 903 μαθητὴς
1479 834 1534 884 ἐν
1568 830 1643 901 τῷ

43 931 316 999 τετάρτῳ
336 927 434 997 τῆς
451 927 647 999 Ἐξηγή
657 942 790 989 eam;
810 926 918 980 τῶν
939 926 1231 997 Κυριακῶν
1252 926 1446 995 λόγων,
1469 926 1643 994 λέγων

38 1020 274 1083 οὕτως·
313 1019 471 1086 Μέγα
514 1018 569 1072 δὲ
616 1017 868 1081 ἀσεϐείας
914 1016 1217 1087 ὑπόδειγμα
1264 1019 1321 1069 ὲν
1360 1016 1532 1085 τούτῳ
1568 1016 1645 1085 τῷ

40 1114 260 1185 κόσμῳ
306 1112 705 1185 περιεπάτησεν
727 1111 755 1162 ὁ
791 1112 1007 1174 Ἰούδας,
1037 1110 1303 1183 πρησθεὶς
1338 1112 1429 1163 ἐπὶ
1461 1108 1646 1163 τοσοῦ-

41 1223 154 1258 τον
187 1204 285 1274 τὴν
338 1203 548 1274 σάρκα,
584 1202 723 1255 ὥστε
779 1202 913 1273 μηδὲ
964 1202 1162 1254 ὁπόθεν
1214 1200 1398 1271 ἅμαξα
1448 1200 1645 1271 ῥᾳδίως

41 1296 361 1367 διέρχεται,
400 1297 602 1347 ἐκεῖνον
634 1293 893 1347 δύνασθαι
926 1293 1173 1347 διελθεῖν.
1194 1292 1353 1345 Ἀλλὰ
1390 1292 1524 1363 μηδὲ
1558 1293 1650 1344 αὐ-

44 1388 154 1439 τὸν
191 1386 353 1457 μόνον
383 1383 473 1439 τὸν
505 1383 601 1456 τῆς
626 1385 867 1455 κεφαλῆς
890 1384 1053 1452 ὄγκον
1078 1383 1265 1437 αὑτοῦ.
1292 1382 1373 1435 Τὰ
1408 1381 1507 1452 μὲν
1540 1382 1648 1453 γὰρ

46 1478 316 1549 βλέφαρα
361 1477 467 1530 τῶν
512 1474 805 1547 ὀφθαλμῶν
839 1475 1023 1538 αὐτοῦ,
1061 1476 1192 1543 φασὶ
1230 1473 1479 1527 τοσοῦτον
1514 1472 1650 1538 ἐξοι-

44 1568 225 1642 δῆσαι
246 1611 260 1633 ,
294 1569 369 1633 ὡς
401 1570 561 1622 αὑτὸν
598 1568 697 1639 μὲν
730 1566 956 1620 καθόλου
1004 1565 1062 1619 τὸ
1109 1565 1222 1634 φῶς
1271 1566 1346 1636 μὴ
1395 1563 1612 1633 βλέπειν
1633 1576 1649 1592 ⁸

46 1662 189 1723 τοὺς
224 1658 534 1728 ὀφθαλμοὺς
566 1658 622 1711 δὲ
656 1656 845 1721 αὑτοῦ,
869 1657 1003 1728 μηδὲ
1037 1657 1141 1709 ὑπὸ
1176 1654 1360 1727 ίατροῦ
1393 1655 1652 1726 διόπτρας

46 1751 297 1822 ὀφθῆναι
331 1750 589 1803 δύνασθαι
608 1766 622 1779 ο
647 1749 898 1802 τοσοῦτον
923 1747 1083 1818 βάθος
1109 1744 1252 1817 εἶχον
1275 1748 1382 1801 ἀπὸ
1403 1748 1500 1817 τῆς
1524 1746 1651 1811 ἔξω·

48 1842 158 1895 θεν
210 1842 550 1909 ἐπιφανείας.
610 1840 683 1893 Τὸ
736 1840 792 1893 δὲ
839 1839 1036 1893 αἰδοῖον
1094 1838 1255 1893 αὑτοῦ
1318 1838 1499 1910 πάσης
1553 1839 1651 1909 μὲν

50 1932 456 2004 ἀσχημοσύνης
472 1930 793 2002 ἀηδέστερον
812 1934 906 1985 καὶ
937 1932 1120 2002 μεῖζον
1136 1930 1417 1999 φαίνεσθαι
1436 1947 1449 1959 ⁸
1486 1930 1551 1997 φέ
1562 1947 1651 2000 ρε-

1746 729 1978 799 pervixit
2012 729 2261 796 demptus
2302 735 2589 795 antequam
2636 723 3020 777 sulfucaretur.
3059 726 3236 794 Atque
3265 725 3316 776 id

1745 820 1986 890 apertius
2019 820 2183 873 tradit
2216 812 2409 883 Papias
2446 817 2745 885 discipulus
2775 815 3004 870 Joannis
3039 817 3091 869 in
3124 825 3321 886 quarto

1746 912 1884 965 libro
1919 909 2288 979 Expositionis
2320 908 2728 962 Dominicorum
2761 909 3077 971 verborum,
3122 909 3212 963 ubi
3249 910 3320 963 ita

1746 1004 1907 1057 dicit:
1944 1000 2198 1071 Magnum
2232 999 2545 1068 exemplum
2582 998 2877 1067 impietatis
2902 999 2955 1051 in
2985 998 3089 1051 hoc
3117 1000 3323 1053 mundo

1746 1094 1914 1149 ludas
1941 1102 2189 1147 versatus
2220 1102 2320 1155 est,
2356 1091 2513 1159 cujus
2542 1105 2671 1143 caro
2705 1089 3039 1143 inflammata
3084 1090 3219 1144 adeo
3248 1091 3325 1144 in-

1749 1187 1965 1250 tumuit,
2000 1193 2058 1239 ut
2102 1200 2170 1238 ne
2192 1198 2298 1253 qua
2332 1184 2636 1252 plaustrum
2675 1182 2894 1250 quidem
2929 1180 3088 1235 facile
3132 1182 3325 1236 tradu-

1748 1279 1912 1341 citur,
1951 1278 2039 1333 ille
2069 1276 2303 1346 potuerit
2331 1275 2585 1330 transire.
2632 1275 2701 1327 At
2732 1288 2798 1327 ne
2834 1274 2948 1342 ipsa
2982 1275 3201 1343 quidem
3235 1289 3327 1330 ea-

1747 1370 1877 1439 pitis
1927 1371 2073 1424 illius
2119 1369 2263 1422 mole
2314 1366 2453 1421 sola.
2504 1364 2641 1420 Nam
2701 1366 2991 1436 palpebras
3034 1369 3324 1424 oculorum

1752 1462 1897 1516 illius
1937 1461 1993 1517 in
2024 1469 2237 1515 tantum
2275 1458 2603 1512 intumuisse
2632 1457 2831 1522 ferunt,
2867 1467 2927 1513 ut
2956 1460 3073 1529 ipse
3100 1461 3321 1531 quidem

1755 1568 1978 1622 prorsus
2013 1567 2120 1607 non
2154 1552 2398 1605 videret:
2435 1549 2583 1604 oculi
2607 1564 2737 1603 vero
2765 1550 2885 1619 ejus
2915 1566 2983 1605 ne
3010 1566 3106 1621 per
3132 1552 3327 1606 medici

1751 1644 1972 1714 quidem
2022 1645 2295 1714 dioptram
2342 1641 2489 1697 cerni
2520 1653 2776 1710 possent:
2830 1650 2983 1697 tanta
3036 1643 3326 1698 altitudine

1754 1735 1825 1789 ab
1852 1745 2097 1789 extrema
2141 1734 2430 1805 superﬁcie
2464 1733 2740 1787 introrsus
2769 1734 3172 1791 abscesserant.
3223 1735 3331 1790 Pu-

1753 1827 1928 1881 denda
1961 1841 2088 1881 vero
2120 1827 2267 1883 illius
2300 1829 2495 1897 quavis
2525 1845 2582 1885 re
2629 1829 2857 1884 deformi
2898 1827 3125 1883 fmdiora
3167 1838 3330 1899 atque

1754 1915 2137 1985 injucundiora
2167 1932 2232 1971 ac
2262 1917 2471 1986 majora
2505 1928 2864 1988 apparerent:
2914 1934 3008 1988 per
3052 1934 3176 1988 quae
3206 1932 3328 1973 ver—

53 2024 193 2078 σθαι
226 2020 281 2077 δὲ
314 2024 377 2077 δι’
412 2022 572 2077 αὑτοῦ
608 2025 698 2077 τοῦ
736 2024 795 2089 ἐξ
828 2026 1065 2088 ἅπαντος
1103 2024 1193 2077 τοῦ
1231 2021 1480 2093 σώματος
1524 2026 1654 2093 συῤ-
1686 2018 1727 2073 Β
1758 2023 1873 2062 ῐηθε

1767 2023 1873 2062 mes
1919 2010 2072 2061 sanie
2118 2008 2390 2063 commisti
2449 2024 2515 2064 ex
2547 2019 2661 2064 toto
2710 2025 2940 2080 corpore
2990 2010 3330 2066 confluentes

54 2118 296 2188 ῥέοντας
331 2117 530 2190 ίχῶράς
567 2135 624 2171 τε
659 2119 753 2171 καὶ
790 2117 1075 2189 σκώληκας
1098 2118 1175 2182 είς
1200 2116 1354 2188 ὓϐριν
1380 2116 1446 2169 δι’
1475 2115 1652 2168 αὐτῶν

1758 2114 1854 2168 per
1882 2100 2028 2169 ipsas
2081 2100 2226 2155 solas
2256 2100 2561 2170 (nimirum)
2596 2103 2935 2158 necessarias
2976 2112 3158 2173 partes
3204 2120 3331 2158 cor-

55 2210 234 2279 μόνον
267 2209 371 2262 τῶν
404 2210 733 2277 ἀναγκαίων.
753 2209 906 2265 Μετὰ
938 2207 1139 2272 πολλὰς
1170 2208 1224 2261 δὲ
1260 2208 1521 2278 βασάνους
1555 2208 1649 2259 καὶ
1758 2191 1893 2261 Poris

1767 2191 1907 2261 poris
1956 2192 2323 2247 elaberentur.
2384 2190 2517 2247 Post
2564 2194 2763 2249 multas
2800 2201 2984 2249 autem
3035 2208 3227 2265 pmnas
3278 2201 3333 2248 et

56 2299 355 2370 τιμωρίας,
381 2300 439 2352 ὲν
473 2299 588 2368 ἰδίῳ
622 2302 755 2368 φασὶ
781 2299 964 2371 χωρίῳ
986 2299 1400 2370 τελευτήσαντα,
1425 2300 1519 2352 καὶ
1541 2300 1650 2362 τοῖς
1755 2300 1893 2340 παῦ’

1767 2285 2034 2340 cruciatus
2111 2286 2165 2339 in
2218 2299 2320 2339 suo
2374 2284 2579 2354 praedio
2635 2287 2789 2341 aiunt
2845 2285 2996 2340 illum
3055 2296 3331 2340 mortuum

58 2392 161 2443 ἐπὶ
193 2390 297 2461 τῆς
340 2390 460 2445 ὁδοῦ
508 2392 713 2463 ἔρημον
747 2390 841 2446 καὶ
874 2391 1129 2465 ἀοίκητον
1162 2393 1223 2445 τὸ
1254 2392 1451 2463 χωρίον
1487 2391 1648 2461 μέχρι
1750 2388 1875 2428 esse

1767 2388 1911 2428 :sse:
1964 2384 2127 2443 atque
2184 2376 2253 2429 ab
2300 2372 2369 2428 iis
2411 2374 2503 2442 qui
2534 2374 2690 2444 juxta
2722 2375 2871 2429 illam
2906 2375 3051 2429 viam
3088 2375 3335 2430 habitant

57 2484 163 2553 τῆς
197 2484 296 2536 νῦν
329 2484 611 2552 γενέσθαι·
648 2483 917 2539 ἀλλ’..οὐδὲ
953 2486 1117 2556 μέχρι
1150 2484 1247 2555 τῆς
1281 2485 1523 2555 σήμερον
1554 2483 1646 2536 δύ-

60 2572 268 2627 νασθαί
316 2592 434 2626 τινα
483 2576 691 2626 ἐκεῖνον
738 2574 830 2627 τὸν
862 2574 1024 2627 τόπον
1066 2573 1385 2645 παρελθεῖν,
1423 2574 1516 2627 ἐὰν
1582 2572 1657 2644 μὴ

58 2661 165 2725 τὰς
214 2664 366 2732 ῥῖνας
416 2665 534 2725 ταῖς
574 2662 761 2732 χερσὶν
810 2663 1084 2735 ἐπιφράξῃ
1118 2679 1129 2691 ·
1165 2652 1399 2733 τοσαύτη
1444 2662 1529 2715 διὰ
1561 2663 1657 2733 τῆς

61 2751 275 2825 σαρκὸς
307 2751 469 2806 αὑτοῦ
503 2754 597 2806 καὶ
636 2753 729 2806 ἐπὶ
762 2752 865 2823 γῆς
899 2752 1120 2823 ἕκρυσις
1155 2751 1398 2823 ἐχώρησε
1434 2752 1563 2823 (15).

1754 2475 1917 2535 atque
1950 2474 2254 2530 versantur,
2289 2465 2519 2521 fundum
2563 2468 2717 2523 illum
2759 2482 2934 2538 usque
2962 2468 3029 2522 ad
3062 2468 3166 2523 hoc
3198 2477 3335 2522 tem-

1750 2572 1854 2626 pus
1887 2556 2164 2612 desertum
2190 2565 2243 2610 et
2272 2557 2341 2611 ab
2372 2558 2567 2614 incolis
2601 2575 2836 2614 vacuum
2878 2574 3031 2614 esse:
3076 2574 3141 2613 ac
3172 2576 3238 2613 ne
3266 2560 3333 2612 ad

1755 2649 2080 2703 hodiernum
2127 2648 2346 2718 quidem
2382 2666 2555 2720 usque
2585 2652 2729 2706 diem
2772 2660 3105 2722 quemquam
3142 2666 3240 2721 per
3271 2650 3335 2704 il-

1751 2740 1864 2794 lum
1897 2742 2076 2795 locum
2113 2755 2276 2810 posse
2306 2743 2560 2807 transire,
2597 2743 2704 2797 nisi
2742 2760 2905 2800 nares
2936 2744 3192 2800 manibus
3238 2743 3335 2797 ob-

1754 2842 1941 2888 turet:
1976 2842 2162 2888 tantus
2198 2848 2295 2902 per
2350 2849 2568 2890 carnem
2622 2836 2769 2891 illius
2810 2838 2977 2893 etiam
3031 2837 3088 2892 iu
3134 2846 3335 2892 terram

1755 2925 1936 2981 ﬂuxus
1967 2925 2180 2981 delatus
2207 2936 2309 2980 est.

164 3118 254 3173 Ea:
283 3116 400 3173 cod.
433 3116 572 3173 2597
603 3114 928 3171 bibliotheca?
964 3115 1293 3181 Bodleianw,
1331 3132 1471 3169 anno
1505 3108 1645 3170 1502
1672 3120 1721 3168 et
1748 3113 1883 3181 13105
1910 3113 1965 3181 in
1997 3112 2211 3166 abbatia
2245 3112 2533 3181 Osneyensi
2563 3125 2719 3179 prope
2752 3108 3018 3165 Oxonium
3044 3112 3265 3178 scripto,

781 3187 875 3255 fol.
904 3186 1034 3251 286,
1061 3202 1181 3256 pag.
1207 3187 1263 3252 ‘2,
1282 3178 1434 3255 apud
1465 3186 1742 3245 Grabium,
1787 3178 2040 3249 Spicileg.
2070 3195 2198 3236 tom.
2238 3182 2302 3248 ll,
2334 3178 2457 3253 pag.
2496 3178 2583 3235 '54.

143 3282 264 3352 (14)
282 3281 451 3337 Maria
477 3280 646 3335 Mater
674 3280 925 3336 Domini:
964 3281 1125 3335 Maria
1147 3281 1402 3351 Cleopluc
1424 3281 1540 3336 sive
1564 3281 1657 3335 ΑΙ·
1683 3302 1730 3364 C
1758 3286 1813 3332 et
1839 3276 2081 3331 Joannes
2114 3278 2342 3333 alterius
2367 3285 2677 3332 materteraa
2718 3273 2934 3329 Domini
2964 3272 3186 3330 fuerunt
3217 3274 3335 3329 filii.

69 3373 212 3442 pliaei
236 3389 397 3439 uxor,
432 3390 554 3443 qua:
588 3373 690 3427 fuit
721 3383 896 3427 mater
924 3371 1111 3429 Jacobi
1152 3373 1395 3442 episc0pi
1437 3384 1490 3427 et
1524 3388 1655 3442 apo-

73 3464 229 3525 stoli,
268 3474 322 3518 et
366 3463 620 3535 Symonis
647 3472 702 3517 et
730 3460 1065 3525 Thaddaai,et
1093 3461 1377 3531 cujusdam
1407 3460 1607 3531 Joseph
1637 3479 1650 3515 :

74 3554 251 3609 Maria
281 3554 498 3610 Salome
534 3570 669 3609 uxor
703 3554 965 3619 Zebedazi,
1028 3564 1201 3609 mater
1227 3552 1455 3609 Joannis
1484 3568 1651 3607 cvan-

74 3648 289 3717 gelistzc
318 3657 369 3701 et
406 3645 629 3702 Jacobi:
681 3646 849 3701 Maria
886 3646 1218 3715 Magdalene.
1268 3644 1387 3699 ista:
1420 3653 1654 3714 quatuor

78 3739 132 3792 in
166 3737 461 3807 Evangelio
485 3740 849 3809 reperiuntur.
895 3737 1133 3792 Jacobus
1163 3747 1216 3791 et
1245 3735 1432 3801 Judas,
1464 3746 1517 3789 et
1559 3734 1651 3789 Jo-

77 3829 213 3900 seph
250 3828 344 3884 lilii
379 3840 537 3885 erant
571 3840 876 3885 matertera:
908 3829 1142 3885 Domini.
1173 3828 1410 3883 Jacobus
1437 3840 1653 3896 quoque

1760 3367 1930 3423 Maria
1961 3367 2148 3423 Jacobi
2197 3370 2428 3426 minoris
2475 3380 2529 3427 et
2576 3370 2778 3440 Joseph
2814 3377 3025 3431 mater,
3067 3382 3207 3422 uxor
3247 3370 3335 3423 Al-

1758 3462 1905 3531 phei,
1941 3476 2099 3516 soror
2136 3462 2239 3517 fuit
2271 3462 2456 3517 Maria:
2491 3460 2681 3517 Matris
2712 3461 2951 3524 Domini,
2992 3474 3156 3530 quam
3182 3461 3325 3516 Cleo

1759 3554 1881 3621 plne
1903 3552 2141 3608 Joannes
2170 3556 2437 3617 nominat,
2471 3556 2550 3608 vel
2579 3569 2609 3609 a
2638 3563 2810 3623 patre,
2846 3553 2929 3607 vel
2958 3568 2988 3607 a
3020 3553 3337 3623 gentilitatis

1759 3643 1987 3709 familia,
2022 3646 2103 3699 vel
2151 3646 2254 3700 alia
2289 3663 2475 3701 causa.
2522 3646 2691 3701 Maria
2726 3646 2982 3713 Salome,
3037 3661 3069 3701 a
3102 3646 3221 3700 viro
3253 3647 3336 3701 vel

1758 3750 1791 3789 ι
1816 3735 1937 3790 vico
1968 3736 2196 3789 dicitur:
2250 3736 2388 3791 hanc
2430 3738 2678 3791 eamdem
2710 3738 2962 3807 Cleopha:
2992 3736 3214 3807 quidam
3250 3736 3336 3791 di-

1763 3836 1916 3891 cunt,
1952 3827 2099 3896 quod
2126 3828 2265 3882 duos
2299 3829 2449 3883 viros
2484 3829 2753 3884 habuerit.

79 3964 3322 4012 Μ

1181 3998 1438 4007 -νσ--α--ν

1016 3998 2419 4336 ξᾘῦΑῡιιΑΤυδ

822 4361 1715 4476 ATHENARUM
1802 4362 2572 4478 EPISCOPUS

1444 4678 1956 4773 NOTITIA

988 4831 1279 4895 (Cmam,
1312 4831 1537 4886 Biblioth.
1574 4840 1670 4886 vet.
1695 4837 1859 4896 Patr.,
1886 4837 1925 4897 l,
1948 4838 2147 4901 Proleg.
2184 4851 2231 4901 p.
2252 4842 2420 4901 usu.)

159 4967 202 5022 l.
251 4964 307 5020 ει
346 4965 675 5033 Quadratus,
704 4964 1057 5034 apostolorum
1094 4964 1407 5031 discipulus,
1432 4966 1719 5033 prophetica
1738 4966 1874 5017 dono
1900 4964 2147 5029 illustris,
2180 4967 2451 5034 episropus
2484 4966 2837 5023 Atheniensis.

163 5038 231 5111 ll_.
277 5032 380 5090 Pro
400 5037 696 5111 delensioue
726 5032 1048 5111 Christiana:
1084 5034 1356 5103 religionis
1386 5032 1623 5087 Adriano
1650 5036 1955 5102 imperatori
1986 5032 2224 5090 libellum
2254 5032 2635 5108 apologeticum
2660 5040 2872 5104 obtulit,
2899 5040 3065 5094 multo
3094 5043 3149 5095 in
3168 5040 3338 5111 pretio

95 5098 366 5169 habitum;
390 5098 540 5175 cujus
567 5122 729 5158 unum
751 5114 963 5173 superat
982 5098 1367 5175 fragmentum.

162 5176 255 5232 III.
296 5162 575 5247 Anno'lﬁli
604 5175 784 5247 oblata
815 5162 928 5247 hmo
964 5162 1250 5247 A'pologia,
1281 5190 1400 5226 cum
1438 5184 1625 5227 auctor
1658 5185 1910 5243 provecta!
1930 5177 2047 5244 jam
2092 5188 2222 5232 esset
2251 5180 2464 5242 wtatis;
2490 5181 2581 5247 qui
2613 5189 2785 5233 tamen
2818 5194 2848 5233 a
2877 5179 3154 5245 Quadrato
3183 5184 3328 5235 Athea

101 5263 288 5302 narum
309 5246 554 5315 pontiﬁce
582 5244 983 5314 distinguendus
1013 5261 1115 5297 non
1151 5245 1375 5298 videtur.

165 5370 280 5439 (l3)
310 5368 621 5437 Ἐχώρησε.
643 5365 792 5420 lianc
816 5367 988 5435 ipsam
1009 5365 1190 5436 Papia:
1210 5366 1275 5423 de
1297 5365 1435 5439 Juda
1454 5378 1664 5421 senten-

98 5438 223 5493 tiam
258 5439 446 5507 paucis
483 5446 842 5507 contractam,
887 5452 1180 5505 suppresso
1219 5438 1633 5507 auctoris_nmni

100 5524 181 5566 ne.
209 5505 578 5577 profertiidem
613 5505 1068 5576 Theopbylactus,
1094 5522 1194 5561 nec
1222 5521 1329 5560 non
1360 5516 1413 5560 et
1450 5505 1659 5577 Euthy-

102 5576 262 5639 mius,
290 5580 343 5630 in
380 5576 575 5631 Matth.
607 5592 727 5645 cap.
755 5591 925 5629 xxvu.

169 5648 281 5714 tu)
318 5646 488 5700 Maria
520 5644 691 5701 Mater
718 5645 1072 5707 Domini,etc.
1138 5644 1242 5700 ista
1266 5661 1329 5700 ex
1361 5644 1538 5714 Papia:
1566 5660 1661 5696 no-

105 5719 196 5773 stri
220 5716 373 5775 libris
395 5716 711 5786 deprompta
732 5731 853 5777 esse
874 5716 1077 5772 exinde
1096 5717 1314 5787 colligo,
1352 5718 1480 5788 quia
1504 5716 1659 5770 initio

1769 5370 2273 5444 borum_vcrboru‘m
2285 5441 2294 5444 _
2308 5372 2372 5423 ad
2405 5372 2701 5444 marginem
2718 5442 2724 5444 Α
2740 5388 2994 5441 expresse.
3043 5376 3338 5444 ascriptum

1768 5442 1914 5509 lego;
1949 5440 2142 5512 Papia.
2193 5439 2297 5512 Qui
2329 5448 2507 5512 autem
2548 5442 2659 5495 ham
2696 5439 3003 5512 descripsit,
3040 5439 3243 5500 addidit
3272 5447 3338 5500 dc

1766 5524 1905 5564 suo:
1940 5509 2113 5562 Maria
2146 5511 2346 5562 dicitur
2380 5509 2769 5575 Illuminatrix,
2806 5509 2910 5567 sive
2943 5514 3108 5567 Stella
3146 5517 3337 5579 muris;

1766 5581 1937 5654 genuit
1975 5581 2112 5631 enim
2148 5579 2321 5631 lumen
2349 5581 2564 5654 mundi:
2589 5598 2820 5654 sermone
2856 5595 3029 5637 autem
3067 5585 3203 5654 Syro
3231 5587 3335 5639 Ὠοι

1767 5651 1907 5703 mina
1931 5659 2285 5719 nuncupatur,
2328 5651 2452 5718 quia
2475 5651 2651 5720 genuit
2680 5651 2979 5711 Dominum.
3010 5651 3187 5711 .Guiu.
