3732 6322
478 303 614 358 12ϋῦ

1436 301 1494 358 s.
1528 301 1892 370 QUADRATI
1923 301 2363 392 ATuENAnuu
2402 301 2709 359 EPISCOPI
3086 277 3091 282 ’
3567 308 3641 361 ea.

549 418 587 475 1.
623 419 679 474 S.
705 419 1062 488 Quadratum,
1085 420 1284 476 Publio
1310 421 1633 493 martyrium
1656 436 1839 492 passo,
1873 422 1927 475 in
1951 420 2054 475 Ec-
2089 433 2132 486 Α
2163 420 2282 486 fuit,
2323 431 2381 475 ut
2425 422 2856 491 persecutionem
2892 421 3278 492 gravissimam
3311 421 3449 476 illius
3470 424 3642 477 excellas

478 515 660 569 clesize
703 513 1056 570 Atheniensis
1090 514 1359 586 regimine
1398 515 1755 578 successisse,
1791 514 1948 570 testis
1982 523 2067 568 est

479 606 726 676 locuples
775 606 920 676 apud
950 605 1246 662 Eusebium
1279 606 1356 676 (l)
1405 605 1702 677 Dionysius
1753 605 2065 660 Corinthio-

479 713 600 752 rum
632 697 923 767 episeopus
971 699 1027 752 in
1060 698 1292 768 epistola
1317 713 1481 768 quam
1519 698 1948 752 Atheniensibus
1978 698 2065 752 in-

479 789 699 860 scripsit
725 807 740 855 ;
772 789 862 843 ubi
900 798 956 844 et
992 811 1010 840 ι
1052 791 1177 860 ejus
1206 790 1393 844 labore
1423 798 1588 859 atque
1619 788 1887 844 industria
1921 789 2066 844 cives

480 882 659 936 denuo
691 881 745 935 in
776 880 1076 937 Ecclesiam
1111 883 1460 946 convenisse,
1497 892 1554 938 et
1600 882 1905 937 redivivum
1941 881 2065 936 ﬁdei

479 971 731 1027 ardorem
760 972 814 1027 in
853 973 961 1028 illis
997 981 1309 1042 reparatum
1349 988 1471 1028 esse
1509 973 1817 1042 proﬁtetur.
1855 991 1874 1023 ›
1924 973 2069 1024 Ἐπι-

482 1065 796 1137 μαρτυρῶν,
831 1066 907 1129 ὡς
937 1065 1027 1119 διὰ
1071 1067 1166 1137 τῆς
1203 1065 1369 1120 αὐτοῦ
1406 1066 1638 1138 σπουδῆς
1680 1065 2065 1136 ἐπισυναχθέν-

480 1174 608 1222 των,
644 1157 738 1211 καὶ
771 1157 868 1228 τῆς
903 1157 1140 1220 πίστεως
1173 1156 1595 1229 ἀναζωπύρησιν
1629 1157 1939 1228 εἰληχότων.
1979 1157 2064 1229 lp-

481 1267 604 1305 sum
655 1266 878 1321 quoque
919 1251 1237 1322 prophetica
1297 1251 1471 1322 gratia
1527 1251 1698 1307 fuisse
1755 1254 2062 1322 praeditum,

483 1355 712 1401 testatur
741 1347 884 1418 apud
925 1347 1178 1402 eumdem
1219 1345 1519 1402 Eusebium
1551 1345 1629 1416 (Ξ)
1661 1346 1900 1416 scriptor
1928 1361 2066 1400 ano-

483 1451 702 1507 nymus,
731 1437 827 1506 qui
853 1435 1085 1492 Rhodon
1131 1436 1301 1491 fuisse
1331 1437 1532 1492 dicitur
1563 1437 1664 1506 (5).
1700 1436 1979 1506 Siquidem
2010 1435 2066 1489 in

482 1543 550 1584 eo
602 1529 744 1585 libro
794 1545 957 1599 quem
1017 1529 1392 1586 innominatus
1443 1532 1533 1586 hic
1573 1540 1764 1585 auctor
1804 1528 2067 1583 adversus

483 1621 860 1691 Cataphrygas
891 1622 1222 1691 composuit,
1247 1622 1536 1677 universos
1565 1619 1700 1676 Novi
1729 1619 2066 1676 Testamenti

484 1711 781 1780 prophetas
801 1725 1157 1776 enumerans,
1189 1709 1529 1777 Quadratum
1570 1726 1789 1781 quoque
1817 1721 2064 1764 nostrum

2170 516 2386 570 sedaret
2421 516 2721 585 ingenium.
2755 535 2772 566 ι

2245 629 2264 660 ι
2293 608 2512 664 Utinam
2539 624 2692 672 vero,
2725 620 2784 662 ut
2813 624 2936 663 cum
2970 608 3176 662 Grabio
3201 608 3397 675 loquar
3421 606 3506 675 (8),
3526 608 3573 659 ὼ
3592 609 3642 658 ιγ

2169 698 2430 765 Quadrati
2480 698 2740 769 Apologia
2771 715 2917 753 nunc
2953 701 3198 754 scribere
3249 713 3531 768 possemus,
3566 714 3640 766 (ltiti:

2167 791 2294 844 olim
2328 788 2592 843 Eusebius
2623 788 2678 842 in
2708 789 2823 842 hinc
2854 792 3014 844 verba
3046 789 3123 859 (9)
3165 807 3179 842 :
3223 788 3407 841 Εἰσέτι
3436 788 3484 839 δὲ
3510 790 3644 856 φέρετε

2168 879 2320 950 παρὰ
2351 878 2626 941 πλείστοις
2657 877 2766 931 τῶν
2813 877 3075 948 ἀδελφῶν,
3125 877 3272 948 ἀτὰρ
3310 879 3402 929 καὶ
3443 877 3544 946 παρ’

2166 969 2228 1022 τὸ
2261 969 2613 1041 σύγγραμμαο
2650 967 2709 1034 ἐξ
2751 960 2810 1021 οὗ
2847 969 3080 1022 κατιδεῖν
3127 969 3245 1020 ἐστι
3281 967 3489 1038 λαμπρὰ
3522 985 3645 1034 τειρ-

2171 1079 2259 1132 ρια
2280 1062 2380 1132 τῆς
2412 1079 2468 1114 τε
2494 1059 2588 1114 τοῦ
2623 1061 2816 1132 ἀνδρὸς
2849 1062 3089 1124 διανοίας
3122 1063 3218 1115 καὶ
3266 1061 3367 1131 τῆς
3398 1062 3646 1129 utemini;

2167 1151 2508 1224 ὀρθοτομίας.
2555 1169 2572 1203 ι
2615 1150 2807 1206 Exstat
2856 1151 3127 1222 hodieque
3181 1152 3329 1221 apud
3363 1152 3644 1220 plerosque

2168 1243 2428 1298 fratribus
2470 1244 2588 1298 haec
2634 1243 2834 1309 oratio,
2887 1258 3053 1313 quam
3096 1257 3200 1297 nos
3230 1244 3396 1297 etiam
3441 1242 3644 1295 habers:

2167 1349 2232 1390 ex
2259 1350 2366 1406 qua
2389 1343 2444 1390 et
2464 1335 2743 1407 ingenium
2774 1335 2920 1390 illius
2953 1335 3077 1401 viri,
3115 1343 3171 1390 et
3203 1348 3408 1390 rectam
3438 1335 3647 1404 apost'ulic'z

2170 1430 2295 1486 ﬁdei
2329 1431 2638 1486 doctrinam
2688 1431 2977 1501 perspicue
3021 1444 3362 1500 cognoscere
3405 1429 3645 1482 lieeLiS'rJ

2167 1523 2329 1593 periit
2357 1523 2536 1578 ebeu!
2569 1523 2850 1594 egregium
2892 1522 3039 1577 istud
3092 1521 3451 1592 σύγγραμμα,
3494 1521 3645 1588 ιιίίιὶίιῑες

2166 1616 2286 1686 ejus
2313 1623 2566 1686 superest
2593 1624 2790 1686 praeter
2817 1615 3063 1681 unicum,
3088 1615 3471 1672 brevissimum
3495 1614 3646 1680 quidem.

2168 1718 2234 1762 at.
2258 1707 2438 1762 nobile
2475 1705 2843 1778 fragmentum
2877 1707 3021 1776 quod
3063 1706 3226 1760 nobis
3264 1705 3569 1760 conservarit
3588 1701 3644 1754 [ιο

486 1807 754 1862 recenset,
787 1815 1023 1870 eumque
1050 1816 1174 1854 cum
1204 1801 1439 1870 Philippi
1471 1801 1816 1871 evangelista:
1850 1800 2064 1855 ﬁliabus
2098 1782 2138 1834 Β
2168 1800 2373 1855 sebius.
2406 1799 2571 1853 Plura
2601 1799 2881 1862 darentur,
2915 1797 2959 1853 si
2999 1799 3334 1868 superstites
3370 1798 3646 1851 adhuc

483 1891 790 1961 coniungit,
831 1905 971 1960 quas
1021 1887 1079 1944 S.
1123 1889 1301 1945 Lucas
1336 1889 1710 1960 prophetissas
1752 1888 2060 1958 appellat‘.

490 2002 508 2032 ε
533 1980 650 2037 Non
668 1981 939 2052 Agabum,
969 1981 1162 2052 inquit,
1197 1998 1304 2036 non
1334 1981 1553 2048 Judam,
1593 1997 1700 2036 non
1744 1981 1936 2048 Silam,
1964 1995 2065 2035 nec

482 2071 715 2142 Philippi
767 2071 947 2137 ﬁlias,
1028 2087 1128 2126 nec
1179 2073 1455 2125 Aminiam
1511 2069 2062 2141 Philadelphensem,

480 2180 584 2220 nec
624 2163 989 2231 Quadratum,
1022 2178 1123 2218 nec
1167 2165 1350 2233 plures
1385 2179 1603 2234 quoque
1640 2163 1777 2218 alios
1803 2163 1894 2233 qui
1929 2163 2065 2217 nihil

482 2258 551 2311 ad
603 2257 751 2326 ipsos
789 2256 1085 2326 pertinent,
1129 2256 1504 2325 praedicabunt
1563 2253 1971 2326 (Montanistaz).
2039 2275 2057 2307 ι

481 2341 619 2402 Οὗτε
659 2348 914 2418 Ἀγαὸον,
961 2347 1084 2400 οὔτε
1146 2342 1373 2409 Ἰούδαν,
1411 2345 1532 2399 οὔτε
1568 2346 1749 2411 Σίλαν,
1795 2346 1918 2399 οὔτε
1966 2345 2064 2409 τὰς

479 2439 746 2493 Φιλίππου
783 2437 1108 2510 Θυγατὲρας,
1143 2435 1267 2489 οὔτε
1306 2437 1405 2508 τὴν
1440 2438 1496 2488 ὲν
1530 2435 1886 2507 Φιλαδελφείᾳ
1936 2436 2065 2506 Ἀμ-

485 2531 636 2602 μίαν,
678 2530 801 2584 οὒτε
838 2530 1133 2601 Κοδρᾶτον,
1179 2527 1303 2582 οὔτε
1349 2528 1501 2592 τινὰς
1538 2527 1728 2590 ἄλλους
1769 2527 1932 2598 μηδὲν
1965 2527 2064 2580 αὑ-

479 2626 594 2685 τοῖς
646 2623 1018 2694 προσήκοντας
1074 2621 1458 2692 καυχήσονται.
1520 2617 1619 2673 His
1683 2618 1863 2672 alliuia
1904 2618 2067 2673 tradit

479 2713 612 2766 alibi
645 2713 897 2768 laudatus
929 2711 1290 2768 Caesariensis
1331 2710 1622 2779 episcopus
1652 2708 1754 2779 (4).

553 2803 619 2860 ll.
655 2803 754 2859 llic
784 2804 968 2874 itaque
999 2804 1080 2858 vir
1111 2802 1452 2873 apostolicus
1472 2801 1716 2857 Adriano
1747 2801 2062 2870 imperatori

480 2894 711 2950 Athenis
738 2894 921 2965 agenti
951 2893 1194 2948 libellum
1228 2892 1628 2963 apologeticum
1655 2890 1872 2957 obtulit,
1905 2890 2066 2947 Chri-

481 2989 789 3043 stianorum
827 2985 1195 3042 innocentiam
1241 2995 1296 3040 et
1326 2985 1569 3055 iniquam
1605 3000 1792 3040 eorum
1820 2988 2064 3042 vexatio-

481 3092 607 3131 nem
664 3075 968 3130 luculenter
1031 3089 1335 3145 exponens.
1386 3073 1463 3130 De
1517 3091 1627 3145 quo
1681 3075 1900 3146 quidem
1949 3076 2064 3132 brec

483 3169 542 3222 S.
581 3167 944 3238 Hieronymus
975 3166 1051 3237 (5)
1104 3185 1118 3220 :
1168 3185 1186 3218 ι
1225 3165 1538 3232 Quadratus
1577 3167 1948 3237 apostolorum
1977 3167 2062 3220 di-

481 3260 748 3330 scipulus,
785 3258 982 3313 Publio
1033 3258 1371 3314 Athenarum
1422 3259 1680 3329 episcopo
1733 3261 1805 3314 ob
1857 3259 2063 3315 Christi

481 3352 642 3406 ﬁdem
686 3351 948 3421 martyrio
995 3360 1282 3417 coronato,
1311 3351 1364 3404 in
1399 3350 1581 3406 locum
1617 3352 1738 3420 ejus
1769 3352 2064 3407 substitui-

480 3453 592 3509 tur,
632 3452 686 3498 et
717 3441 1020 3498 Ecclesium
1053 3443 1246 3513 grandi
1276 3450 1485 3498 terrore
1519 3444 1826 3513 dispersam
1873 3445 1977 3499 ﬁde
2009 3453 2064 3499 et

480 3535 749 3590 industria
775 3549 874 3589 sua
903 3544 1218 3604 congregat.
1245 3534 1498 3605 Cumque
1528 3534 1806 3593 Adrianus
1833 3537 2064 3594 Athenis

476 3627 748 3698 exegisset
791 3628 1049 3691 hiemem,
1091 3626 1338 3683 invisens
1379 3627 1674 3695 Eleusina;
1724 3639 1778 3684 et
1807 3631 2064 3686 omnibus

478 3734 631 3788 pane
665 3718 887 3774 Graeciae
923 3721 1098 3776 sacris
1133 3721 1402 3788 initiatus,
1443 3721 1682 3776 dedisset
1716 3722 2063 3777 occasionem

478 3809 568 3864 his
597 3809 689 3878 qui
717 3809 1062 3867 Christianos
1093 3811 1344 3876 oderant,
1396 3813 1602 3880 absque
1650 3823 1919 3882 prrecepto
1961 3816 2063 3868 im-

477 3899 748 3968 peratoris
778 3914 975 3955 vexare
1006 3901 1321 3966 credentes;
1368 3901 1612 3970 porrexit
1647 3900 1696 3953 ei
1735 3899 1932 3954 librum
1964 3916 2063 3970 pro

478 3990 742 4059 religione
772 4000 982 4058 nostra,
1017 3993 1175 4047 valde
1213 3993 1400 4046 utilem
1456 3991 1786 4061 plenumque
1835 3993 2064 4047 rationis

475 4091 532 4135 et
567 4081 713 4145 ﬁdei,
745 4089 798 4136 et
847 4084 1149 4152 apostolica
1195 4083 1446 4138 doctrina
1476 4085 1737 4154 dignum;
1786 4085 1838 4139 in
1871 4101 1979 4154 quo
2010 4094 2063 4139 et

479 4172 857 4242 antiquitatem
893 4190 1006 4229 sure
1040 4176 1218 4230 anatis
1249 4175 1542 4232 ostendens
1589 4177 1688 4242 ait,
1724 4176 1989 4245 plurimos
2031 4193 2061 4230 a

479 4280 538 4319 se
572 4264 740 4326 visus.
772 4265 866 4334 qui
897 4266 1002 4322 sub
1032 4264 1267 4320 Domino
1307 4266 1476 4320 variis
1509 4272 1563 4320 in
1597 4265 1782 4322 Judaza
1815 4269 2062 4336 oppressi

477 4358 882 4415 calamitatibus
913 4359 1088 4414 sanati
1144 4358 1384 4422 fuerant,
1426 4369 1480 4414 et
1505 4360 1598 4429 qui
1635 4375 1666 4415 a
1709 4360 1940 4414 mortuis
1974 4376 2060 4415 re-

477 4458 852 4503 surrexerant.
918 4467 936 4496 ι
990 4447 1109 4504 Huc
1171 4464 1347 4519 usque
1403 4451 1718 4505 summatim
1768 4467 1834 4504 ex
1891 4449 2062 4505 Euse-

478 4540 569 4594 bio
598 4539 675 4610 (6)
709 4541 902 4596 doctor
946 4541 1263 4607 maximus;
1312 4541 1406 4611 qui
1441 4551 1496 4596 et
1545 4541 1674 4596 alibi
1702 4542 1769 4596 ad
1804 4541 2058 4612 Magnum

477 4640 750 4686 oratorem
779 4632 1050 4698 scribens,
1089 4632 1141 4686 in
1175 4633 1424 4687 eamdem
1454 4633 1781 4688 sententiam
1823 4637 1936 4688 haec
1961 4634 2061 4687 ha-

482 4725 570 4776 bet
599 4722 720 4792 (7):
778 4741 796 4772 ι
837 4723 1150 4788 Quadratus
1207 4726 1578 4793 apostolorum
1627 4724 1954 4795 discipulus,
2009 4733 2063 4777 ct

478 4814 828 4869 Atheniensis
853 4814 1097 4884 pontifex
1124 4813 1402 4880 Ecclesia,
1438 4831 1622 4871 nonne
1643 4816 1886 4871 Adriano
1909 4818 2064 4887 prin-

477 4906 583 4973 cipi
640 4903 912 4960 Eleusinae
957 4921 1116 4961 sacra
1167 4906 1446 4973 invisenti,
1501 4907 1701 4962 librum
1740 4923 1838 4978 pro
1875 4917 2063 4963 nostra

476 4999 738 5068 religione
791 4998 1045 5053 tradidit?
1097 5010 1151 5054 et
1205 5008 1365 5054 tanta:
1407 5000 1753 5056 admirationi
1808 5002 2063 5057 omnibus

553 5135 566 5163 ¹
605 5132 724 5186 Act.
763 5148 877 5199 XXI,
905 5129 957 5184 9.

547 5268 625 5337 (4|)
664 5266 862 5323 Euseb.
893 5267 1034 5322 Hist.
1060 5267 1267 5334 eccles.,
1299 5267 1396 5323 lib.
1429 5282 1504 5334 tv,
1536 5281 1657 5337 cap.
1688 5266 1780 5322 25.

551 5340 628 5409 (‘2)
669 5337 840 5409 ωτι..
887 5339 975 5409 lib.
1019 5355 1072 5404 v,
1103 5354 1225 5407 cap.
1265 5337 1353 5390 l7.

549 5406 627 5478 (ὅ)
667 5406 890 5478 llieron.
916 5407 998 5478 De
1025 5411 1120 5463 vir.
1157 5406 1381 5472 illustr.,
1418 5422 1538 5477 cap.
1566 5407 1654 5462 57.

549 5477 626 5548 (4)
669 5477 868 5548 Euseb.
902 5477 1049 5535 Hist.
1082 5479 1288 5542 eccles.,
1316 5479 1410 5533 lib.
1443 5494 1526 5543 ιιι,
1557 5493 1676 5548 cap.
1703 5478 1790 5533 57.

547 5546 625 5616 (5)
668 5546 889 5618 Hieron.
927 5549 999 5603 De
1018 5551 1116 5603 vir.
1147 5549 1371 5613 illustr.,
1400 5563 1521 5618 cap.
1551 5546 1639 5606 ‘19;

551 5619 627 5689 (li)
668 5617 866 5689 Euseb.
908 5618 1051 5672 Hist.
1076 5625 1284 5684 ecrles.,
1323 5619 1418 5673 lib.
1444 5617 1521 5689 ιν,
1558 5635 1677 5689 cap.
1713 5622 1766 5676 5.

553 5687 627 5761 57)
668 5685 885 5761 Hieron.
926 5690 1086 5756 epist.
1119 5689 1205 5754 70,
1252 5706 1307 5744 n.
1339 5690 1393 5756 4,
1427 5687 1566 5760 Opp.
1605 5685 1735 5745 tom.
1770 5691 1811 5758 Ι,
1848 5705 1901 5761 p.
1929 5691 2056 5759 426,

481 5756 608 5809 edit.
645 5771 768 5810 nov.
806 5756 999 5813 Veron.

2167 1891 2391 1945 alterius
2446 1889 2669 1946 Eusebii
2733 1889 2934 1945 sreculo
2982 1905 3036 1942 v1
3093 1889 3343 1958 episcopi
3397 1886 3645 1940 Thessaloni-

2165 1981 2348 2036 censis
2375 1981 2500 2034 libri
2547 1979 2616 2034 10
2651 1988 2835 2033 contra
2868 1979 3136 2033 Andream
3171 1980 3508 2037 monachum;
3536 1985 3646 2044 utpote

2166 2089 2329 2144 quem
2376 2073 2694 2128 adversario
2735 2087 2838 2126 suo
2886 2069 3151 2137 Quadrati
3197 2071 3366 2125 verba
3407 2071 3643 2138 opposuisse.

2165 2181 2422 2236 expresse
2457 2175 2688 2221 testatur
2718 2164 2944 2220 Photius
2979 2164 3113 2235 (ιο).

2237 2257 2326 2313 lll.
2396 2256 2546 2313 llanc
2617 2272 2748 2313 vero
2809 2257 3121 2327 Apologiam
3178 2256 3380 2310 obtulit
3434 2254 3644 2321 Quadratus

2166 2351 2409 2405 Adriano
2460 2351 2731 2420 Augusto,
2767 2365 2891 2404 cum
2931 2358 3203 2420 provecta:
3229 2349 3348 2419 jam
3383 2351 3643 2402 essetam;

2167 2442 2224 2498 ln
2252 2459 2315 2498 ea
2341 2442 2639 2512 siquidem,
2674 2444 2854 2512 inquit
2894 2441 3164 2510 Eusebius
3192 2443 3333 2512 (ll),
3367 2441 3646 2512 ipsemttmé-

2165 2536 2418 2604 quitatem
2457 2551 2608 2588 suam
2641 2535 2772 2588 satis
2801 2534 2980 2603 prodit
3023 2548 3043 2587 :
3101 2534 3157 2588 '0
3204 2535 3251 2586 δ’
3302 2535 3454 2598 αὐτὸς
3481 2536 3553 2602 τὴν

2168 2625 2356 2679 ἑαυτὸν
2382 2617 2720 2696 ἀρχαιότητα
2755 2624 3110 2696 παραφαίνει.
3147 2627 3272 2691 Qua
3325 2627 3391 2680 de
3421 2642 3471 2679 re
3498 2625 3538 2678 in
3564 2623 3646 2677 Gr:-

2167 2719 2246 2772 cis
2275 2718 2523 2773 Cltronici
2557 2716 2849 2772 Eusebiani
2905 2718 2972 2771 ad
3023 2733 3232 2772 annum
3272 2719 3482 2772 Adriani
3506 2716 3554 2770 10
3583 2717 3644 2769 iur.

2167 2811 2418 2880 leguntur
2453 2810 2566 2881 (12)
2603 2828 2617 2864 :
2663 2809 3015 2881 Κουαδρᾶτος
3046 2813 3074 2862 ὁ
3109 2811 3257 2882 ἱερὸς
3290 2811 3394 2863 τῶν
3437 2811 3642 2862 amntis:

2167 2903 2454 2973 ἀκουστὴς,
2517 2901 2682 2972 Αἰλίῳ
2750 2902 3011 2973 Ἀδριανῷ
3042 2901 3119 2972 τῷ
3153 2903 3500 2974 αὐτοκράτορι
3533 2903 3644 2967 λόγτις

2167 2990 2462 3060 ἀπολογίας
2497 2991 2635 3061 ὑπὲρ
2667 2992 3034 3061 Χριστιανῶν,
3069 2993 3164 3045 καὶ
3211 2994 3523 3064 Ἀριστείδης
3555 2991 3645 3056 lli;-

2166 3086 2309 3146 ναῖος
2353 3085 2381 3136 ὁ
2428 3083 2714 3153 φιλόσοφος
2775 3084 3068 3138 ἐπέδωκαν.
3139 3086 3324 3157 ’Λπερ
3378 3082 3646 3155 δεξάμενοςὁ

2166 3177 2384 3249 Καῖσαρ
2418 3177 2514 3229 σὺν
2544 3180 2656 3240 τοῖς
2690 3176 2837 3247 παρὰ
2871 3177 3123 3248 Σερενίου
3157 3179 3449 3250 Γρανιανοῦ
3488 3179 3644 3246 λαμπρ)-

2163 3268 2324 3322 τάτου
2365 3267 2690 3338 ἡγουμένου,
2737 3268 2813 3330 ὼς
2859 3267 3038 3322 ἄδικον
3074 3270 3159 3340 εἴη
3209 3271 3546 3341 γραψαμένου,
3570 3270 3648 3336 Χρι-

2165 3361 2411 3424 στιανοὺς
2447 3361 2686 3432 ἀκρίτως
2719 3361 2811 3413 ἐπὶ
2848 3361 3036 3432 μηδενὶ
3069 3359 3176 3414 τῶν
3213 3364 3542 3434 ἐγκλημάτων
3563 3361 3649 3412 πεί.

2163 3474 2306 3520 νειν,
2372 3456 2572 3527 γράφει
2622 3456 2898 3526 Μινουκίῳ
2955 3457 3240 3528 Φουνδανῷ
3307 3457 3552 3525 ἀνθυπάτῳ
3593 3451 3646 3518 τῆς

2175 3548 2375 3612 Ἀσίας,
2415 3547 2616 3618 μηδένα
2643 3546 2875 3601 κτείνειν
2908 3546 3035 3600 ἄνευ
3065 3548 3423 3620 ἐγκλημάτων
3451 3549 3525 3600 καὶ

2162 3641 2374 3711 γορίας.
2412 3640 2640 3694 Gemina
2682 3641 2874 3695 recitat
2907 3639 3192 3710 Syncellus
3227 3641 3361 3712 (l5),
3398 3639 3514 3694 unde
3531 3636 3645 3690 Gl‘tﬁ

2164 3748 2262 3786 sua
2296 3732 2601 3788 Eusebiana
2640 3732 2887 3803 Scaliger
2927 3734 3308 3803 desumpsisse
3343 3734 3546 3790 videtur:
3577 3741 3648 3795 qm?

2163 3827 2380 3898 quidem
2400 3827 2453 3881 in
2478 3828 2730 3882 versione
2753 3827 3170 3898 llieronymiana
3190 3830 3271 3883 ita
3286 3823 3645 3890 eﬂ’erunturﬂli:

2165 3920 2495 3988 ρααάναιιιε,
2539 3921 2832 3991 discipulus
2899 3921 3308 3991 apostolorum,
3373 3932 3416 3975 et
3475 3919 3647 3973 Aristide:

2161 4013 2514 4078 Atheniensis,
2543 4024 2719 4066 noster
2750 4013 3108 4082 philosophus,
3135 4013 3300 4068 libros
3327 4032 3413 4084 pro
3435 4009 3645 4066 Christiana

2163 4105 2412 4174 religione
2455 4105 2642 4160 dedere
2691 4107 3026 4176 compositos.
3074 4106 3140 4159 Et
3193 4106 3414 4161 Serenus
3465 4101 3644 4156 Granius

2161 4196 2388 4266 legatus,
2418 4197 2500 4250 vir
2522 4199 2761 4267 apprime
2788 4198 3004 4263 nobilis,
3031 4199 3246 4252 litteras
3279 4201 3348 4253 ad
3378 4199 3644 4264 imperante:

2164 4291 2349 4353 mittit,
2383 4291 2623 4360 iniquum
2662 4307 2773 4344 esse
2816 4291 3018 4357 dicens,
3060 4289 3381 4343 clamoribus
3411 4287 3523 4356 vulgi
3550 4284 3640 4334 im-

2163 4384 2392 4438 centium
2425 4385 2693 4437 hominum
2729 4384 3038 4454 sanguinem
3078 4384 3337 4447 concedi;
3370 4392 3414 4435 et
3457 4381 3543 4432 sine
3576 4373 3641 4424 ιίῖθ

2093 4483 2137 4538 D
2161 4477 2404 4540 crimine,
2437 4477 2664 4529 nominis
2697 4486 2902 4530 tantum
2944 4485 2994 4530 et
3025 4486 3181 4530 sectae
3216 4492 3331 4529 reos
3363 4472 3480 4542 ﬁeri.
3513 4465 3640 4532 Qui?”

2162 4573 2448 4618 commotus
2501 4565 2771 4618 Adrianus
2823 4565 3061 4619 Minucio
3119 4563 3383 4618 Fundano
3430 4550 3642 4631 procreasti

2167 4657 2306 4711 Asia:
2339 4658 2573 4726 scripsit,
2611 4674 2717 4711 non
2759 4659 2872 4712 sine
2901 4658 3107 4727 objecta
3151 4658 3424 4710 criminum
3462 4646 3640 4704 Christia-

2164 4765 2257 4802 nos
2281 4749 2726 4803 condemnandos.
2751 4750 2977 4804 Adriani
3009 4751 3332 4819 rescriptum
3355 4747 3414 4801 ad
3434 4739 3638 4797 Minucium

2163 4837 2485 4895 Fundanum
2519 4857 2628 4911 quo
2653 4842 3086 4911 persecutionem
3119 4856 3148 4895 a
3174 4842 3375 4896 (ἵει-τεοῖς
3404 4847 3446 4892 et
3468 4827 3638 4887 Asiaticis

2163 4934 2454 4988 excitatam
2495 4934 2801 5003 prohibuit,
2842 4933 3114 5004 Apologia:
3162 4950 3280 4988 suae
3316 4927 3512 4988 intexuit
3533 4917 3636 4975 lusti-

2163 5041 2267 5080 nus
2296 5024 2500 5095 Martyr
2528 5025 2660 5094 (l5).
2701 5024 2776 5078 Ex
2833 5025 3032 5095 quibus
3072 5040 3203 5094 ergo
3231 5024 3533 5094 perspicuum
3560 5019 3635 5068 es"

2232 5271 2311 5342 (8)
2347 5273 2513 5327 Grab.
2542 5273 2728 5342 Spicil.
2758 5272 2858 5328 SS.
2894 5271 3036 5335 PP.,
3066 5280 3202 5327 tom.
3232 5271 3295 5338 ll,
3321 5288 3372 5342 p.
3397 5269 3494 5324 iis.

2236 5345 2317 5414 (9)
2347 5342 2547 5414 Euseb.
2582 5343 2727 5398 Hist.
2754 5344 2961 5407 eodem,
2995 5344 3087 5398 lib.
3121 5357 3197 5410 tv,
3223 5359 3341 5414 cap.
3371 5343 3418 5397 5.

2233 5413 2348 5483 (ιο)
2381 5413 2540 5483 Phot.
2572 5413 2713 5467 mn.
2747 5417 2870 5468 cod.
2913 5414 3036 5468 126.

2233 5481 2346 5554 (11)
2386 5482 2587 5554 Euseb.
2615 5483 2760 5539 Hist.
2787 5483 2994 5550 eccles.,
3022 5484 3116 5536 lih.
3144 5499 3220 5554 tv.
3252 5498 3369 5554 cap.
3389 5481 3438 5536 ὅ.

2233 5552 2346 5624 (12)
2385 5552 2584 5624 Euseb.
2613 5555 2808 5624 Chron.
2836 5554 2955 5617 Gr.,
2998 5569 3118 5623 pag.
3143 5553 3272 5624 211.

2261 5623 2346 5693 l5)
2386 5623 2622 5693 Syneell.
2655 5623 2971 5692 Ch—ronogr.,
2999 5640 3124 5693 pag.
3151 5623 3277 5678 548.
3351 5691 3361 5693 4
3429 5689 3456 5693 __
3497 5682 3520 5693 η

2259 5679 2345 5765 ί
2382 5679 2784 5765 ξῖἶιεειιλὶηνοη.
2807 5679 2898 5750 liii.
2918 5679 3030 5765 Iet't
3043 5679 3147 5765 I
3161 5695 3249 5764 47,
3268 5679 3621 5754 107,ει1ἱι.5ω¹ί1ι

2233 5763 2346 5833 (lii)
2385 5761 2583 5821 Justin.
2617 5765 2836 5836 Apolog.
2876 5781 2912 5831 ι,
2942 5763 2970 5837 §
2995 5764 3083 5819 69.
