3792 6218
416 424 3637 486 mw
539 451 3634 484 *βψ-Μή

1619 631 2452 762 ARISTIDES

1117 874 1633 948 APOLOGISTA
1693 873 1793 934 ET
1852 867 2412 936 PHILOSOPHUS
2468 866 2998 932 CHRISTIANUS

1770 1205 2314 1300 NOTITIA.

1047 1405 1279 1463 (Leana,
1321 1399 1542 1452 Historia
1570 1402 1778 1450 Patrum
1802 1396 1990 1458 critica,
2013 1399 2141 1460 Aug.
2168 1397 2334 1458 Vind.,
2358 1394 2497 1456 1785,
2536 1393 2680 1456 iri-8‘,
2701 1398 2740 1444 t.
2767 1391 2807 1454 Ι,
2832 1407 2883 1455 p.
2903 1391 3039 1455 382.)

478 1553 714 1608 Sanctus
748 1551 1017 1606 Aristides
1063 1549 1415 1604 Atheniensis
1463 1548 1540 1618 (Ι)
1583 1555 1701 1603 erat
1735 1545 1976 1615 origine,
2008 1550 2053 1605 Λ
2084 1559 2204 1598 nem
2243 1542 2318 1598 ibi
2345 1541 2412 1598 de
2444 1540 2504 1596 S.
2543 1538 2786 1611 Dionysii
2822 1537 3090 1608 martyrio
3123 1535 3439 1592 institutam
3483 1533 3657 1590 fuisse.

402 1645 765 1715 philosophus
794 1659 924 1699 vero
951 1643 1221 1697 instituto.
1253 1642 1457 1708 Ferunt
1486 1658 1636 1706 eum,
1672 1657 1798 1697 cum
1823 1642 1983 1696 fidem

407 1737 691 1806 amplexus
745 1744 852 1803 est,
903 1735 1214 1806 philosophi
1269 1750 1490 1804 quoque
1555 1734 1801 1788 habitum
1867 1749 1983 1788 ser-

406 1845 564 1884 vasse
605 1830 685 1899 (‘2)
721 1829 866 1899 quod
913 1837 968 1883 et
1011 1828 1074 1894 S,
1105 1827 1356 1882 Justinus
1391 1826 1693 1894 factitavit,
1727 1825 1985 1896 quemad-

406 1922 629 1977 modum
665 1938 768 1977 suo
800 1923 921 1976 loco
955 1920 1276 1974 referemus.

476 2016 626 2071 Licet
672 2026 854 2070 autem
903 2014 961 2068 S.
1015 2013 1386 2084 Hieronymus
1436 2013 1587 2082 pacis
1637 2012 1690 2066 in
1742 2010 1984 2066 Ecclesia

403 2109 669 2165 restituta:
701 2108 962 2162 honorem
993 2105 1257 2172 Quadrati
1296 2105 1564 2174 Apologiw
1595 2103 1866 2169 tribuerit,
1901 2101 1983 2155 fa-

405 2199 631 2254 tendum
667 2207 850 2253 tamen
897 2207 1004 2263 est,
1051 2196 1282 2266 gloriam
1331 2195 1474 2256 hanc
1513 2210 1861 2250 communem
1909 2192 1984 2246 illi

405 2307 529 2346 cum
565 2289 802 2344 Aristide
836 2289 1028 2343 fuisse.
1065 2286 1168 2341 Per
1197 2287 1385 2340 eadem
1421 2285 1567 2340 enim
1604 2293 1849 2353 tempora
1887 2283 1984 2337 ob-

405 2383 530 2438 tulit
548 2382 637 2437 ille
653 2381 898 2435 Adriano
915 2381 1190 2450 egregiam
1213 2394 1311 2448 pro
1326 2378 1660 2433 Christianis
1675 2377 1981 2446 apologiam

406 2473 787 2529 selectissimis
838 2471 1291 2542 philosOphorum
1347 2469 1636 2525 sententiis
1683 2470 1760 2538 (5)
1812 2467 1982 2523 reler-

408 2570 542 2625 tam,
573 2575 696 2628 qua:
728 2574 928 2627 magno
956 2558 1152 2627 plausu
1181 2568 1411 2626 excepta
1439 2568 1544 2613 est.

480 2650 745 2708 Referunt
774 2648 1060 2704 Usuardus
1085 2649 1162 2721 (4)
1183 2659 1239 2704 et
1267 2649 1384 2712 ΑιΙο
1410 2650 1487 2718 (5)
1518 2665 1642 2704 eum
1672 2648 1802 2704 Jesu
1823 2649 1982 2704 Chri-

407 2740 476 2800 sti
509 2739 854 2794 divinitatem
900 2754 1090 2794 coram
1127 2738 1370 2793 Adriano
1408 2754 1520 2792 non
1556 2739 1720 2794 modo
1762 2739 1981 2810 scriptis

407 2834 544 2897 suis,
575 2849 764 2888 verum
793 2834 956 2888 etiam
990 2833 1397 2903 elegantissima
1423 2833 1673 2886 oratione.
1706 2848 1890 2889 coram
1914 2849 1980 2888 eo

2091 1632 2248 1688 Unde
2295 1647 2524 1704 arguere
2561 1631 2723 1695 licet,
2772 1630 3031 1685 Aristidis
3078 1628 3398 1698 Apologiam
3441 1625 3660 1683 Usuardi

2085 1733 2242 1778 atate
2263 1723 2609 1793 superstitem
2631 1721 2810 1776 adhuc
2836 1720 3025 1777 fuisse.
3053 1720 3339 1776 Posterior
3363 1719 3444 1774 ait
3469 1738 3481 1772 :
3515 1738 3532 1770 ι
3561 1717 3661 1774 Hoc

2086 1832 2224 1886 opus
2254 1816 2396 1885 apud
2427 1815 2789 1870 Athenienses
2809 1829 3025 1870 summo
3051 1829 3256 1884 genere
3281 1812 3416 1878 coli,
3457 1822 3513 1868 et
3535 1811 3662 1866 inter

2087 1909 2457 1978 antiquiorum
2517 1915 2873 1962 monumenta
2925 1905 3302 1961 clarissimum
3366 1904 3562 1969 teneri,
3610 1913 3663 1957 ut

2087 2001 2375 2072 peritiores
2407 2000 2722 2055 Gmcorum
2755 1998 3044 2053 allirmant.
3076 2017 3094 2049 ι
3146 1996 3355 2068 Estque
3383 2013 3416 2051 a
3459 2006 3664 2051 recente

2085 2095 2322 2164 quodam
2365 2093 2630 2163 scriptore
2679 2091 2698 2162 (
2712 2093 2778 2147 de
2819 2092 2869 2146 la
2911 2088 3266 2160 Guilletiére)
3324 2090 3379 2144 in
3417 2089 3561 2144 libro
3589 2089 3661 2142 in-
3735 2101 3738 2103 ‘

2086 2186 2311 2256 scripto,
2357 2185 2574 2239 Athena:
2622 2193 2815 2238 veteres
2858 2193 2907 2237 et
2959 2198 3106 2236 nam
3160 2182 3366 2237 litteris
3413 2182 3663 2236 cummis»

2087 2295 2232 2342 sum,
2277 2277 2568 2348 Calogeras
2617 2276 2884 2348 quosdam
2926 2274 3202 2340 dictitare,
3251 2291 3314 2330 se
3362 2275 3661 2346 Apologiant

2087 2372 2232 2426 illam
2270 2373 2323 2425 in
2355 2369 2718 2426 Medelliensis
2747 2367 3062 2423 monasterii
3099 2367 3443 2422 bibliotheca
3474 2383 3564 2423 sex
3601 2368 3664 2420 ab

2084 2464 2421 2518 Athenarum
2473 2462 2608 2517 urbe
2654 2475 2915 2532 passuum
2954 2459 3201 2514 millibus
3246 2459 3525 2531 integram
3569 2460 3656 2513 ha-

2085 2556 2232 2610 bere.
2267 2555 2469 2611 Eorum
2503 2564 2683 2608 tamen
2716 2551 3017 2607 narrationi
3039 2551 3200 2606 (idem
3229 2551 3443 2607 nullam
3467 2552 3659 2606 haben-

2083 2648 2208 2702 dam
2273 2661 2397 2702 esse
2457 2645 2750 2706 ducimus,
2808 2658 2933 2697 cum
2996 2643 3260 2698 omnibus
3323 2642 3662 2714 antiquitatis

2081 2739 2464 2794 ecclesiasticzn
2506 2735 2768 2793 studiosis
2818 2733 3021 2789 frustra
3068 2734 3504 2804 exoptantibus,
3542 2734 3662 2789 huc-

2084 2845 2256 2900 usque
2325 2831 2380 2884 in
2440 2832 2612 2885 lucem
2679 2828 2940 2899 producta
2990 2843 3022 2882 a
3079 2827 3488 2897 Calogeritanis
3564 2845 3662 2884 non

407 2925 589 2981 habita
633 2940 1042 2996 propugnasse;
1075 2940 1313 2997 quorum
1348 2924 1502 2994 prior
1532 2923 1702 2991 addit,
1748 2924 1979 2979 mentio-
2015 2923 2056 2976 Β
2088 2923 2272 2979 fuerit.

406 3079 504 3132 uiti
554 3087 649 3133 aut
692 3095 802 3134 non
837 3078 1228 3140 consentiunt.
1276 3086 1371 3132 aut
1398 3077 1588 3131 vitiata
1636 3077 1800 3131 verba
1847 3076 1986 3132 Justi

404 3150 758 3214 existimant;
784 3150 876 3204 sed
897 3150 1150 3218 Cleopha:
1177 3149 1341 3212 filius,
1371 3147 1692 3217 Dominique
1714 3148 1842 3202 Jesu
1874 3148 1987 3202 for-

408 3230 553 3273 tasse
586 3219 756 3289 [ratcr
791 3220 1054 3287 patruelis
1072 3228 1167 3273 aut
1203 3218 1576 3272 consobrinus
1597 3259 1612 3281 ,
1650 3218 1748 3289 hie
1777 3228 1860 3274 est
1888 3219 1987 3289 Sy-

408 3287 1012 3368 tneon,‘l_|ierosol}:m:e
1041 3290 1357 3368 episcopus,
1415 3298 1674 3368 regnante
1725 3287 1983 3368 Traiano,

408 3359 496 3411 eui
532 3359 804 3413 Adrianus
857 3361 944 3413 ille
988 3361 1289 3422 successit,
1346 3359 1496 3412 cruci
1544 3359 1760 3412 tandem
1793 3359 1986 3412 allixus

407 3438 509 3499 est.
532 3428 586 3482 Id
611 3430 774 3499 tradit
796 3429 1130 3499 l-legesippus
1145 3431 1284 3498 apud
1307 3428 1600 3482 Eusebium
1619 3428 1712 3481 lib.
1735 3446 1794 3482 ιιι
1817 3428 1984 3491 flist.,

405 3514 458 3570 ρ.
488 3498 576 3570 52.
612 3498 784 3556 Porro
807 3498 923 3570 ipse
950 3498 1169 3568 queque
1193 3499 1503 3564 Quadratus
1522 3499 1686 3570 simul
1710 3499 1984 3570 cumiPhio

409 3568 541 3639 lippi
575 3568 923 3639 cvangelistm
951 3571 1166 3638 liliahus
1196 3570 1450 3623 floruisse
1476 3569 1677 3622 dicitur
1707 3571 1776 3624 ab
1817 3569 1985 3623 Euse-

405 3638 498 3710 bio
532 3640 584 3710 in
621 3638 742 3710 cap.
769 3642 836 3694 157
864 3641 1042 3709 ejusd.
1091 3640 1187 3694 lib.
1233 3640 1378 3694 Sane
1421 3655 1549 3693 Vero
1582 3639 1715 3693 nihil
1765 3656 1985 3693 necesse

407 3708 593 3775 fuerit,
617 3708 908 3781 adannuui
934 3712 1397 3781 septuagesimum
1421 3711 1733 3781 pervenisse
1755 3726 1982 3779 puerum

406 3781 639 3849 exempli
660 3780 852 3847 gratia,
879 3790 972 3838 aut
991 3779 1248 3849 puellam,
1274 3779 1694 3848 quos'Christus
1721 3781 1788 3833 ad
1816 3781 1982 3833 vitam

407 3851 704 3922 revocavit,
727 3852 772 3904 si
806 3853 892 3922 isti
929 3867 1101 3919 usque
1133 3851 1198 3922 ad
1229 3850 1495 3922 Quadrati
1526 3861 1768 3922 tempora
1792 3867 1984 3918 super-

408 3920 561 3984 stites
587 3929 794 3974 essent.
843 3920 915 3973 De
941 3921 1203 3986 Quadrati
1255 3920 1439 3984 autem
1497 3920 1659 3982 annis
1706 3922 1984 3977 monuisse

408 4005 558 4060 nunc
581 3990 739 4060 video
773 3989 1128 4046 Pearsonium
1174 3991 1274 4060 0p.
1309 3991 1639 4053 Post/mutis,
1672 3992 1808 4044 diss.
1843 3991 1900 4056 2,
1927 4007 1977 4044 c.

412 4058 510 4132 15Ἀ
525 4074 579 4126 p.
611 4059 744 4132 284,
764 4076 884 4132 qua:
913 4058 1257 4132 sequuntur:
1291 4081 1326 4132 ι
1347 4060 1684 4132 Quadratus
1710 4061 1806 4132 ille
1844 4076 1978 4132 apo-

407 4129 674 4183 stolorum
693 4127 1017 4198 discipulus,
1037 4131 1105 4185 ab
1136 4130 1371 4185 Eusebio
1397 4132 1596 4186 dicitur
1629 4130 1696 4181 10
1730 4127 1977 4192 Adriani,

407 4198 637 4270 hocgest
673 4199 878 4270 Christi
912 4201 1014 4254 H7
1037 4217 1215 4266 anno,
1259 4202 1573 4270 Apologiam
1605 4200 1889 4266 obtulisse,
1926 4211 1979 4255 et

405 4283 472 4323 ex
503 4268 570 4323 iis
597 4269 778 4324 verbis
806 4270 897 4340 (ab
918 4272 1151 4326 Eusebio
1178 4268 1380 4338 allatis)
1415 4268 1793 4338 antirpiitatem
1820 4286 1976 4324 suam

2090 3085 2206 3131 etos
2238 3077 2405 3132 libros
2440 3077 2640 3132 alicubi
2691 3076 2915 3142 incidat,
2965 3077 3016 3132 id
3052 3077 3156 3132 sibi
3204 3077 3414 3145 negotii
3445 3076 3663 3130 omnino

2089 3149 2276 3202 datum
2303 3149 2461 3211 sciat,
2500 3158 2558 3202 ut
2589 3148 2673 3201 vel
2708 3149 2948 3217 integros
2983 3147 3406 3209 eosdescribat.
3441 3159 3535 3202 aut
3561 3148 3664 3200 sal-

2091 3229 2195 3271 tem
2228 3218 2457 3272 laudaue
2495 3218 2758 3284 Quadrati
2787 3219 3056 3287 Apologia
3087 3235 3151 3272 ac
3172 3217 3417 3273 aliorum
3437 3217 3667 3272 aPhotiu

2090 3288 2495 3341 nominatorum
2549 3288 2770 3342 Patrum
2793 3329 2809 3353 ,
2845 3305 3036 3357 nempe
3070 3287 3336 3343 Methodii
3389 3290 3662 3356 martyris,

2095 3359 2402 3424 Athanasii,
2441 3359 3036 3429 trinmiCregoriorum,
3061 3357 3665 3429 Thaumaturgi.'l'heo-

2092 3429 2195 3496 logi
2231 3437 2282 3506 et
2305 3430 2554 3506 episcopi
2573 3500 2584 3506 _
2603 3427 2832 3506 Nysseni
2849 3468 2874 3506 ,β
2899 3428 3108 3506 Basilii,
3133 3499 3144 3506 _
3154 3427 3395 3506 Joannis
3422 3427 3660 3506 Chryso-

2089 3499 2273 3564 stomi,
2299 3497 2876 3567 Cyrilli'Alex‘andI-ini
2906 3508 2960 3553 et
2989 3498 3167 3553 Procli
3209 3497 3666 3566 Constantinum-

2089 3568 2558 3625 litauisententias
2578 3570 2700 3623 inde
2717 3581 2992 3638 excerpat,
3026 3579 3079 3622 et
3114 3570 3260 3623 bono
3287 3570 3512 3639 publico
3531 3585 3669 3622 com-

2089 3639 2351 3710 municrt:
2387 3640 2656 3694 Cmterum
2694 3640 2785 3708 qui
2820 3639 3268 3710 Martyrologium
3290 3641 3396 3710 sub
3415 3639 3671 3694 ementito

2089 3708 2242 3763 Beda:
2267 3710 2490 3763 nomine
2519 3711 2707 3774 edidit,
2746 3710 2859 3763 haec
2887 3708 3140 3763 ad‘dieni
3171 3709 3245 3762 26
3298 3709 3429 3763 Maii
3479 3711 3665 3762 habet:

2093 3799 2111 3829 ι
2138 3778 2291 3848 Apud
2311 3778 2554 3834 Athenas
2589 3780 2648 3832 Β.
2680 3780 2940 3845 Quadrati
2976 3780 3241 3848 cpiscOpi.
3277 3776 3380 3834 llic
3412 3780 3665 3838 ﬁrmavit,

2088 3858 2146 3901 ut
2175 3849 2318 3901 nulla
2350 3865 2472 3902 esea
2509 3867 2539 3902 a
2565 3851 2892 3919 Christianis
2926 3850 3332 3918 repudiaretur,
3357 3864 3483 3919 quae
3510 3849 3667 3902 ratio-

2087 3920 2226 3973 nalis
2259 3931 2312 3973 et
2338 3920 2580 3974 humana
2607 3930 2708 3974 est.
2747 3939 2763 3970 ι
2803 3918 2953 3974 Unde
2992 3920 3131 3974 forte
3163 3918 3388 3989 aliquis
3415 3919 3668 3987 colligere

2088 3998 2293 4058 posset,
2313 3990 2365 4042 in
2396 3989 2656 4055 Quadrati
2675 3990 2933 4058 Apologia
2960 3991 3061 4045 hac
3085 3990 3154 4043 de
3172 4005 3232 4044 re
3261 3999 3450 4044 actum
3478 3989 3665 4043 fuisse.

2087 4059 2190 4129 Sed
2219 4076 2472 4129 suspicor
2493 4103 2506 4126 ,
2550 4061 3054 4116 consarcinatorem
3099 4060 3268 4114 istum
3310 4076 3376 4114 ea
3397 4100 3413 4123 ,
3445 4076 3568 4128 qua:
3599 4060 3667 4112 de.

2086 4127 2376 4200 Eleuthero
2399 4132 2658 4200 episcopo
2697 4129 2941 4184 Romano
2978 4131 3169 4184 eadem
3199 4130 3289 4184 die
3314 4131 3366 4184 in
3402 4127 3666 4200 Martyro-

2085 4199 2228 4268 logio
2266 4199 2512 4255 Romano
2550 4199 2842 4263 dicuntur,
2877 4201 3178 4269 improvide
3213 4201 3281 4255 ad
3324 4199 3664 4266 Quadratum

2084 4270 2366 4324 retulisse:
2403 4272 2610 4325 dictum
2642 4272 2790 4326 enim
2833 4287 3026 4340 papam
3067 4271 3194 4326 talis
3224 4272 3507 4341 dogmatis
3542 4286 3665 4339 pro-

405 4339 1065 4417 ostendisse:‘qnare_diu
1103 4352 1229 4417 ante
1264 4341 1552 4417 imperium
1591 4341 1846 4417 Adriani,
1873 4340 1981 4417 imo
2009 4347 2051 4403 ε
2087 4351 2444 4417 pugnator-em
2484 4339 2852 4414 facitquoque
2885 4339 3212 4396 Anastasius
3237 4383 3253 4411 ,
3299 4339 3442 4397 alios
3488 4351 3546 4395 ut
3583 4352 3663 4394 ta-

404 4409 497 4462 diu
528 4419 653 4477 ante
681 4409 893 4492 obitum
929 4411 986 4465 S.
1026 4411 1285 4480 Joannis,
1321 4427 1418 4466 eos
1463 4412 1755 4479 (sanatos)
1800 4411 1982 4467 videre

404 4494 516 4550 pne
545 4490 702 4535 actate
746 4490 943 4551 potuit.
982 4503 1000 4532 ι

403 4633 677 4690 γραμμᾷ,
729 4618 975 4688 nihilque
1026 4620 1148 4688 ejus
1180 4627 1452 4690 superest,
1505 4625 1702 4686 printer
1732 4617 1976 4683 unicum,

404 4687 791 4742 brevissimum
825 4687 1068 4758 quidem,
1101 4700 1156 4754 at
1179 4687 1359 4743 nobile
1411 4689 1802 4757 fragmentum,
1830 4690 1984 4758 quod

404 4758 565 4812 nobis
587 4762 934 4813 conservavit
961 4759 1232 4813 Eusebius
1261 4761 1380 4813 loco
1405 4763 1567 4812 modo
1595 4760 1782 4812 citato.
1815 4758 1975 4812 l’lnra

403 4827 690 4892 darentur,
742 4829 787 4882 si
841 4832 1168 4899 superstites
1218 4842 1405 4883 essent
1457 4830 1681 4882 alterius
1733 4829 1974 4895 Eusebii,

403 4913 515 4968 see.
546 4914 630 4964 vt,
662 4899 900 4968 episcopi
947 4900 1483 4961 Thessalonicensis,
1519 4899 1639 4952 libri
1679 4901 1742 4952 l0
1777 4899 1976 4953 Contra

401 4967 667 5042 Andreum
686 4967 1018 5042 mortar/ium,
1034 4979 1220 5038 utpote
1233 4986 1393 5038 quem
1409 4969 1680 5042 Κρδράεου
1699 4971 1860 5042 verba
1879 4971 1974 5024 ad-

402 5039 647 5092 versario
679 5041 1006 5108 opposuisse
1030 5055 1288 5108 expresse
1313 5038 1544 5094 testatur
1580 5038 1811 5094 Photius
1847 5042 1971 5094 cod.

404 5108 526 5186 {62.
557 5109 761 5186 Yerum
797 5126 972 5186 neque
999 5111 1050 5163 hi
1085 5109 1330 5186 Eusebii,
1362 5127 1466 5186 nec
1487 5109 1736 5186 Andreae,
1769 5111 1862 5186 qui
1893 5111 1977 5186 ili:

401 5178 524 5232 dem
548 5178 1113 5252 Quadratunicitasse
1145 5181 1380 5244 videtur,
1413 5179 1534 5252 lilu'i
1564 5178 1801 5252 uspiam,
1824 5181 1973 5252 quod

399 5265 503 5314 ego
535 5251 704 5316 seiam
732 5291 746 5313 ,
783 5260 1020 5321 esstant,
1079 5252 1270 5321 saltem
1319 5253 1407 5304 hic
1431 5250 1628 5304 Oxonii
1672 5267 1782 5305 non
1817 5250 1972 5321 repe-

404 5321 641 5391 riuntur,
668 5319 1020 5391 nee_Vienna2
1046 5322 1097 5374 in
1133 5320 1468 5375 Bibliotheca
1494 5319 1972 5391 Caesarea,'ncque

402 5386 628 5444 Parisiis
663 5390 716 5442 in
753 5388 939 5459 Regia.
993 5394 1239 5445 lndicare
1273 5401 1450 5446 tamen
1506 5392 1559 5446 id
1597 5386 1777 5458 volui,
1820 5386 1898 5446 ιη’
1923 5394 1968 5445 si

402 5459 542 5531 forte
564 5459 859 5527 quispiam,
894 5463 978 5516 cui
1007 5463 1512 5531 perlustramlorum
1538 5463 1592 5515 in
1621 5463 1744 5516 aliis
1769 5463 1969 5516 Biblio-

402 5528 575 5596 thecis
605 5531 854 5596 codicum
877 5528 1373 5610 Inanuscriptorum
1401 5534 1559 5590 datur
1590 5535 1769 5610 copia,
1802 5534 1855 5587 in
1888 5534 1966 5602 di-

2090 4427 2264 4465 ceain.
2295 4411 2551 4467 GRABH'S.

2162 4482 2250 4548 (l)'
2284 4481 2549 4537 Aristides
2597 4481 2945 4538 Atheniensis
2991 4480 3355 4551 philosophus
3397 4481 3658 4550 eloquen-

2091 4551 2334 4622 tissimus
2366 4562 2419 4606 et
2450 4554 2551 4606 sub
2585 4553 2814 4622 pristino
2855 4554 3046 4607 habitu
3086 4553 3399 4620 discipulus
3428 4551 3663 4615 Christi,

2087 4621 2341 4677 volumen
2366 4624 2534 4676 nostri
2558 4621 2829 4691 dogmatis
2860 4623 3126 4677 rationem
3157 4624 3457 4678 continens
3474 4623 3659 4676 eodem

2088 4700 2352 4762 tempore,
2381 4708 2490 4760 quo
2521 4703 2576 4747 et
2608 4694 2937 4758 Quadratus,
2969 4694 3215 4747 Adriano
3246 4692 3659 4762 principidedit,

2090 4761 2140 4834 id
2182 4772 2266 4834 est
2303 4764 2700 4833 :lpologeticnm
2754 4779 2851 4832 pro
2891 4761 3262 4828 Christianis,
3303 4761 3448 4834 quod
3497 4780 3660 4834 usque

2089 4832 2248 4905 hodie
2295 4832 2678 4905 perseverans,
2729 4835 2870 4902 apud
2917 4834 3228 4905 philologos
3295 4832 3499 4905 ingenii
3549 4833 3659 4902 ejus

2077 4902 2334 4975 indicium
2383 4914 2485 4960 est.
2531 4902 2891 4975 Hieronymus
2915 4902 2974 4975 in
3005 4904 3254 4975 Catalog.
3292 4902 3415 4971 cap.
3447 4905 3538 4958 ‘20.

2080 4972 2562 5094 llisfi);ﬂl|:$l|10lll,
2596 4985 2635 5028 t.
2685 4971 2920 5029 ll'MémJ
2959 4975 3172 5042 cccle‘s.,
3361 4975 3489 5043 107,
3511 4991 3570 5029 ex
3596 4974 3654 5026 D.

2130 5059 2280 5096 It’l'Oll
2292 5061 2399 5098 VIII.

2129 5111 2221 5236 ($5)
2278 5111 2544 5170 Aristides
2594 5115 2958 5185 philosophus
2999 5117 3081 5170 vir
3121 5116 3655 5186 eloquentissimus,

2166 5201 2250 5236 em
2289 5187 2521 5236 nrincini
2559 5185 2954 5236 Analoaeticum
2995 5203 3095 5236 nm
3137 5188 3486 5236 Christianis
3511 5189 3655 5236 obtu-

2076 5185 2250 5256 cidem
2288 5187 2521 5256 principi
2559 5185 2954 5254 Apologeticum
2995 5203 3095 5256 pro
3137 5185 3486 5243 Cliristianis
3511 5189 3655 5240 obtu-

2078 5255 2157 5318 lit,
2193 5255 2504 5309 contestum
2536 5257 2980 5324 philosophorum
3021 5259 3346 5314 sententiis.
3385 5257 3648 5313 [λωβω-

2076 5341 2221 5393 nytn.
2253 5342 2339 5394 ep.
2367 5326 2531 5390 85,ad
2570 5325 2840 5394 Magnum.

2152 5395 2224 5465 (Ιι)
2259 5393 2340 5450 Ad
2371 5397 2512 5449 diem
2546 5396 2604 5448 5|
2641 5393 2873 5465 Augusti
2909 5408 2960 5453 et
2989 5397 3021 5453 5
3048 5395 3334 5456 Octobris.

2147 5466 2220 5536 (ri)
2255 5466 2332 5521 Ad
2361 5466 2503 5522 diem
2530 5467 2589 5521 51
2624 5466 2870 5540 Augusti.
