3792 6218
139 308 265 360 11ῖῦ

1608 299 1916 356 NOTITIA.

3248 300 3383 354 1275

135 401 466 454 mentionem
517 415 547 451 a
599 397 745 452 Luca
787 397 925 452 forte
968 394 1165 451 factam
1205 397 1424 460 dixerit,
1472 398 1524 450 in
1556 397 1702 451 Actis
1733 407 1776 463 Α
1810 397 2161 451 doctissimus
2199 395 2568 465 comperitur;
2620 395 2736 448 luce
2783 395 2928 447 enim
2976 393 3243 449 sententia
3278 410 3385 447 non

136 493 338 546 scilicet
372 491 775 560 apostolorum,
825 491 938 545 haec
982 491 1124 545 male
1157 491 1220 544 ad
1257 491 1430 560 ipsam
1460 490 1708 560 Disputa-

133 580 320 632 tionmt
346 594 471 633 esse
497 579 687 633 relata.
731 599 749 629 ι
790 579 910 634 llaec
934 581 1039 634 ille.

194 671 466 724 Creternm
494 671 652 735 longe
678 671 770 724 diu
801 681 924 726 ante
962 671 1254 728 Maximum
1291 672 1536 725 eamdem
1579 670 1704 726 Dis-

128 761 452 827 putationem
510 759 714 827 legerat
763 759 956 816 Celsus
1008 761 1329 830 Epicureus,
1390 762 1548 829 cujus
1600 761 1704 814 ini-

127 867 291 920 quum
337 850 406 905 de
459 850 548 904 illa
599 850 870 919 judicium
920 853 1114 906 reeitat
1159 853 1242 907 his
1294 853 1474 908 verbis
1511 849 1702 922 Orige-

129 960 219 997 nes
279 942 356 1014 (6)
397 961 410 996 :
468 942 754 995 Παπίσκου
799 942 941 1006 τινὸς
975 945 1068 996 καὶ
1127 944 1355 1005 Ἰάσονος
1401 943 1702 1012 ἀντιλογίαν

123 1034 309 1100 ἔγνων,
344 1035 406 1084 οὐ
442 1034 698 1101 γέλωτος,
734 1033 868 1086 ἀλλά
909 1034 1106 1104 μᾶλλον
1144 1035 1324 1098 ἐλέους
1371 1037 1464 1088 καὶ
1514 1036 1702 1106 μίσους

120 1121 291 1187 ἀξίαν.
334 1123 554 1194 Ἔμοιγ’
582 1119 675 1175 οὖν
709 1124 768 1176 οὐ
803 1121 954 1176 ταῦτ’
981 1121 1220 1192 ἐλέγχειν
1249 1123 1550 1194 πρόκειταιο
1587 1123 1700 1176 ἔστι

117 1214 223 1283 γὰρ
265 1215 430 1267 παντί
471 1231 571 1266 που
615 1215 772 1284 δῆλα.
819 1214 1036 1284 Papisci
1071 1215 1348 1284 cujusdam
1387 1226 1435 1269 et
1482 1214 1698 1276 Iasonis

117 1307 504 1360 contentionem
542 1309 686 1370 novi,
730 1323 831 1360 non
871 1307 979 1360 risu
1010 1308 1100 1361 sed
1143 1309 1478 1362 miseratione
1523 1311 1697 1378 potius

115 1399 329 1467 dignam
361 1408 412 1452 et
448 1399 589 1451 odio.
631 1397 762 1452 llam
797 1399 973 1468 itaque
1005 1399 1282 1468 confutare
1317 1401 1447 1452 mihi
1481 1417 1584 1454 non
1619 1411 1697 1456 est

111 1489 358 1552 animus;
419 1490 608 1558 quippe
649 1505 869 1560 quorum
912 1489 1214 1542 absurditas
1255 1490 1492 1544 omnibus
1529 1502 1693 1559 patet.

114 1580 311 1636 Verum
349 1580 638 1652 Origenes,
692 1584 786 1654 qui
820 1592 874 1638 et
917 1585 1032 1654 ipse
1083 1585 1356 1640 Aristonis
1411 1585 1694 1660 Dialogum

111 1679 356 1737 noverat,
394 1669 540 1726 Celsi
576 1673 905 1727 calumniam
933 1675 1005 1728 ita
1033 1675 1251 1740 refellit,
1283 1685 1341 1729 ut
1373 1676 1516 1731 haud
1552 1679 1695 1732 otio-

1806 491 2083 554 Arlstoni,
2120 491 2212 544 sed
2251 491 2470 560 ipsimet
2509 489 2727 558 Origeni
2769 489 3088 553 tribuenda;
3129 487 3222 558 qui
3255 488 3388 542 eﬂ'a-

1805 593 1918 637 tum
1951 583 2078 638 illud
2114 584 2258 638 velut
2282 598 2572 638 commune
2603 582 2847 635 omnium
2878 581 3130 636 Ecclesiae
3153 581 3386 650 scripto-

1806 691 1925 729 rum
1964 675 2287 744 principium
2322 674 2674 744 pronuntiat;
2709 683 2768 727 ut
2801 673 2902 726 rite
2927 672 3251 726 advertitcl.
3279 670 3386 724 Ma-

1804 781 1972 821 ranus
2009 766 2106 836 (9).

1873 855 2004 910 Post
2051 853 2341 923 Origenem
2391 861 2570 907 autem
2630 851 2875 906 meminit
2925 866 3151 921 quoque
3209 851 3378 904 semel

1804 946 2112 1013 iterumque
2151 943 2209 998 S.
2258 943 2620 1015 Hieronymus
2663 943 2908 1012 ejusdem
2965 942 3378 1010 Disputaticnis,

1803 1051 1965 1104 quam
1997 1044 2051 1090 et
2098 1023 2517 1089 Altercationem.
2547 1045 2736 1100 vocat;
2781 1034 2998 1102 duoque
3040 1034 3212 1102 ipsius
3258 1035 3374 1087 loca

1803 1123 2032 1179 inferius
2060 1124 2368 1178 retulimus.
2408 1123 2472 1177 Et
2504 1124 2557 1177 in
2591 1138 2777 1176 eorum
2813 1123 3028 1192 quidem
3057 1123 3227 1176 altero
3261 1123 3375 1191 (10)

1802 1215 1999 1269 falsum
2035 1230 2158 1269 esse
2197 1214 2393 1269 asserit
2437 1215 2626 1270 doctor
2661 1214 2954 1274 maximus.
3004 1213 3150 1280 quod
3199 1213 3252 1266 in
3303 1228 3364 1264 ea

1801 1308 2063 1374 scriptum
2083 1317 2220 1370 erat,
2251 1307 2406 1360 initio
2425 1305 2697 1360 Geneseos
2721 1305 2774 1358 in
2793 1304 3019 1358 Hebraeo
3043 1305 3229 1358 haberi
3257 1321 3271 1358 :
3303 1303 3367 1356 In

1801 1399 1944 1453 Filio
1973 1400 2097 1468 fecit
2127 1398 2266 1454 Deus
2296 1398 2481 1453 caelum
2508 1409 2555 1452 et
2582 1409 2798 1453 terram.
2829 1397 2932 1451 Sed
2958 1397 3263 1450 Aristonem
3279 1397 3374 1449 de-

1797 1492 2122 1546 fendendum
2138 1489 2819 1559 suscepitBartolocciusu
2838 1488 2884 1553 I)
2905 1507 2916 1541 :
2940 1507 2957 1537 ι
2983 1487 3087 1542 Pro
3120 1486 3368 1550 Hebr-am,

1799 1582 1995 1650 inquit,
2031 1581 2351 1651 intelligitur
2373 1581 2570 1634 idioma
2604 1577 3180 1648 llierosnlymitanum,
3221 1577 3367 1645 quod

1797 1673 2124 1728 Hebraicnm
2190 1673 2299 1726 lato
2351 1672 2512 1725 modo
2551 1670 2852 1734 dicebatur,
2900 1677 2954 1722 et
3005 1666 3204 1722 litteris
3262 1665 3369 1721 lle-

107 1777 222 1815 sum
259 1761 568 1831 fueritejns
598 1766 1007 1833 responsionem
1051 1766 1140 1819 hic
1169 1767 1508 1831 describere;
1534 1785 1596 1822 ex
1627 1787 1690 1826 ea
1728 1737 1767 1790 Β
1797 1766 1994 1830 braieis
2024 1766 2378 1821 scribebatur.
2407 1763 2461 1817 In
2500 1763 2602 1817 hoc
2640 1763 2908 1832 siquidem
2947 1761 3224 1821 idiomate,
3270 1775 3368 1813 cu-

105 1852 249 1906 enim
279 1869 406 1908 cum
443 1854 626 1922 operis
657 1856 1089 1926 inscriptionem,
1122 1866 1235 1910 tum
1261 1859 1313 1910 in
1350 1860 1543 1928 primis
1571 1861 1692 1931 ejus

104 1945 479 1998 characterem
509 1953 672 2014 atque
703 1945 1001 2000 doctrinam
1039 1948 1417 2016 perspicimus.
1466 1949 1555 2005 Sic
1593 1951 1693 2020 igi-

103 2046 188 2087 tur
218 2035 310 2090 ille
349 2054 362 2088 :
409 2035 581 2088 υὺδὲν
619 2035 664 2087 δ’
706 2032 866 2108 ἦττον
917 2038 1216 2109 ἐϐουλόμην
1252 2040 1410 2092 πάνθ’
1451 2043 1689 2096 ὁντινοῦν

99 2123 409 2177 ἀκούσαντα
436 2124 868 2192 δεινολογοῦντος
909 2128 1138 2188 Κέλσου,
1175 2131 1266 2182 καὶ
1300 2131 1597 2199 φάσκοντος
1628 2135 1689 2187 τὸ

99 2219 582 2290 ἐπιγεγραμμένον
633 2219 988 2290 σύγγραμμα,
1062 2220 1322 2288 Ἰάσονος
1363 2223 1460 2276 καὶ
1497 2225 1686 2277 Παπί-

99 2326 251 2364 (υκου
299 2312 656 2379 ἀντιλογίαν
695 2313 826 2380 περὶ
859 2315 1136 2380 Χριστοῦ,
1168 2315 1228 2366 οὑ
1264 2314 1516 2382 γέλωτος,
1553 2316 1686 2371 ἀλλὰ

100 2402 288 2471 μίσους
317 2403 470 2467 ἄξιον
499 2399 660 2468 εἶναι,
701 2404 886 2456 λαϐεῖν
920 2405 998 2468 εἰς
1026 2409 1208 2477 χεῖρας
1231 2406 1292 2457 τὸ
1321 2409 1683 2479 συγγραμμά-

95 2510 224 2558 τιον,
262 2497 358 2548 καὶ
400 2497 688 2568 ὑπομεῖναι
721 2498 814 2549 καὶ
848 2497 1176 2566 ἀνασχέσθαι
1219 2498 1446 2552 ἀκοῦσαι
1481 2500 1586 2552 τῶν
1627 2502 1684 2552 ὲν

98 2584 258 2654 αὐτῷ’
299 2586 368 2638 ἵν’
399 2586 623 2639 αὐτόθεν
664 2586 920 2656 καταγνῷ
949 2587 1043 2638 τοῦ
1074 2588 1302 2652 Κέλσου,
1344 2590 1509 2660 μηδὲν
1538 2591 1682 2662 εὑρί-

98 2689 236 2727 σκων
271 2675 468 2745 μίσους
498 2675 646 2739 ἄξιον
681 2679 738 2729 ὲν
765 2675 841 2746 τῷ
875 2674 1081 2746 βιϐλίῳ.
1139 2677 1263 2729 Ἐὰν
1297 2677 1342 2729 δ’
1377 2677 1682 2742 ἀδεκάστους

97 2785 170 2829 τις
205 2768 536 2839 ἐντυγχάνῃ,
567 2769 786 2840 εὑρήσει
827 2770 906 2822 ὅτι
941 2771 1049 2823 οὐδ’
1084 2772 1176 2823 ἐπὶ
1218 2771 1430 2838 γέλωτα
1463 2774 1599 2823 κινεῖ
1620 2772 1681 2824 τὸ

97 2857 314 2924 βιϐλίον,
341 2859 400 2909 ἐν
433 2851 476 2925 ᾧ
504 2860 914 2930 ἀναγέγραπται
949 2862 1270 2932 Χριστιανὸς
1305 2862 1538 2933 Ἰουδαίῳ
1567 2862 1679 2918 δια-

92 2946 379 3020 λεγόμενος
414 2949 522 3002 ἀπὸ
555 2950 662 3002 τῶν
719 2951 1020 3004 Ἰουδαϊκῶν
1062 2953 1310 3024 Γραφῶν,
1345 2956 1438 3007 καὶ
1468 2955 1677 3021 δεικνὺς

91 3041 182 3105 τὰς
229 3044 359 3114 περὶ
403 3041 499 3094 τοῦ
548 3043 784 3114 Χριστοῦ
841 3046 1172 3118 προφητείας
1224 3047 1546 3117 ἐφαρμόζειν
1596 3047 1739 3118 τῷρ

107 3133 297 3204 Ἰησοῦο
337 3134 518 3188 καίτοι
566 3151 628 3202 γε
663 3137 763 3189 οὐκ
812 3136 1049 3204 ἀγεννῶς
1107 3137 1215 3189 οὐδ’
1277 3138 1538 3210 ἀπρεπῶς
1595 3138 1673 3208 τῷ

99 3222 376 3296 Ἰουδαῖκῷ
409 3226 687 3299 προσώπῳ
719 3226 810 3279 τοῦ
842 3227 1030 3298 ἑτέρου
1079 3227 1367 3298 ἱσταμένου
1405 3229 1540 3300 πρὸς
1581 3229 1672 3284 τὸν

89 3317 258 3384 λόγον.
295 3317 350 3370 ld
375 3326 461 3371 est
490 3335 502 3369 :
533 3317 642 3387 Ego
672 3328 848 3372 tamen
876 3334 1134 3388 cuperem,
1171 3335 1522 3390 quemcunque
1556 3331 1671 3389 post

90 3408 272 3461 audita
302 3409 535 3479 grandia
561 3408 703 3462 Celsi
736 3409 910 3476 verba,
957 3410 1180 3464 dicentis
1234 3413 1544 3482 opusculum
1591 3415 1672 3467 in-

87 3501 364 3569 scriptum,
405 3498 623 3554 Jasonis
649 3509 702 3554 et
731 3500 942 3570 Papisci
988 3505 1263 3558 contentio
1309 3505 1375 3561 de
1423 3506 1668 3572 Christo,

85 3611 182 3647 non
222 3595 342 3646 risu
407 3595 499 3647 sed
552 3593 674 3647 odio
724 3595 903 3662 potius
954 3595 1170 3665 dignum
1205 3613 1334 3662 esse,
1366 3610 1574 3668 accepto
1613 3601 1668 3652 in

89 3703 272 3738 manus
300 3684 506 3749 libello,
537 3685 869 3752 aliquantum
907 3703 1078 3755 operte
1121 3688 1332 3742 lectioni
1371 3691 1481 3758 ejus
1518 3691 1667 3744 insu-

86 3791 234 3838 mere,
261 3784 351 3839 nl,
388 3792 442 3827 re
466 3776 581 3844 ipsa
604 3775 954 3842 doctus,Celsi
979 3777 1416 3846 vaniloquentiam
1435 3781 1665 3851 damnet,

83 3857 208 3911 nihil
239 3861 370 3912 odio
401 3861 621 3930 dignum
648 3864 700 3914 in
724 3879 783 3915 eo
819 3867 954 3917 libro
988 3867 1263 3934 reperiens.
1306 3867 1485 3938 Neque
1505 3871 1666 3924 etiam

79 3952 368 4021 quidquam
404 3953 691 4005 ridiculum
734 3955 786 4008 in
821 3956 914 4010 illo
950 3959 1206 4021 inveniet;
1241 3960 1294 4012 in
1337 3977 1436 4030 quo
1465 3964 1664 4018 scilicet

80 4042 417 4096 Christianus
462 4044 740 4098 inducitur
774 4062 891 4099 cum
918 4048 1105 4102 Iudaeo
1150 4048 1460 4119 disputans,
1511 4065 1665 4124 atque

77 4153 136 4186 ea:
165 4136 303 4205 ipsis
336 4135 654 4190 Juda'orum
693 4137 981 4204 Scripturis
1006 4143 1262 4210 evincens,
1296 4145 1662 4214 prophetarum

78 4227 292 4280 oracula
324 4229 394 4280 de
438 4226 650 4282 Christo
686 4230 755 4282 ad
795 4229 976 4284 Iesum
1019 4235 1308 4301 pertinere;
1362 4253 1662 4308 quanquam

76 4327 278 4371 strenue
326 4318 566 4388 satisque
621 4317 846 4374 Judaice
913 4323 1245 4378 contradicat
1301 4327 1656 4388 adversarius.

1787 1857 1880 1926 jus
1943 1855 2186 1924 reliquiae
2245 1855 2423 1908 adhuc
2475 1853 2528 1905 in
2580 1851 2816 1920 Targnm
2874 1847 3368 1918 llierosolymitano

1792 1947 1951 2002 hodie
1999 1954 2311 2015 supersunt,
2375 1944 2647 1997 invenitur
2693 1959 2708 1996 :
2756 1940 2823 1994 In
2849 1932 3122 2009 Sapientia
3172 1939 3366 1991 creavit

1790 2038 1951 2103 Deus,
1982 2048 2085 2092 etc.
2120 2036 2223 2090 Per
2252 2036 2443 2089 Filium
2480 2033 2659 2088 Patris
2693 2032 2903 2095 teterni,
2929 2040 2982 2084 et
3016 2031 3068 2083 in
3105 2029 3240 2082 Filio
3269 2029 3364 2097 qui

1791 2130 2061 2200 Sapientia
2086 2128 2177 2183 Dei
2207 2128 2386 2182 Patris
2416 2137 2520 2192 est,
2557 2133 2736 2180 creata
2781 2132 2908 2180 sunt
2949 2121 3165 2186 omnia;
3222 2121 3365 2174 unde

1787 2223 1841 2276 in
1867 2223 1966 2276 hoe
1995 2222 2115 2276 loco
2156 2229 2210 2276 et
2247 2221 2545 2276 secundum
2584 2219 2730 2271 hunc
2769 2231 3010 2279 sensum,
3047 2215 3187 2268 idem
3221 2213 3366 2267 valet

1787 2308 1853 2364 In
1892 2310 2168 2381 Sapientia
2201 2327 2265 2364 ac
2320 2309 2386 2362 In
2430 2308 2594 2363 Filio.
2641 2328 2660 2359 ι
2707 2307 2978 2360 Hactenus
3009 2306 3117 2360 ille.
3177 2302 3364 2372 Neque

1784 2402 2005 2465 mirum,
2045 2401 2092 2454 si
2133 2401 2318 2454 Aristo
2345 2399 2574 2454 Pellzeus
2603 2400 2780 2453 locum
2815 2397 2984 2451 istum
3014 2412 3081 2450 ex
3123 2393 3359 2462 Tal-gum

1783 2492 2269 2563 llierosolymitano
2313 2493 2698 2561 desumpserit,
2735 2489 2966 2545 consilio
3003 2489 3361 2555 institutoque

1781 2602 1883 2639 suo
1909 2586 2050 2640 haud
2085 2601 2275 2655 parum
2313 2594 2742 2655 congruentem;
2784 2583 2877 2652 qui
2923 2582 3130 2636 scilicet
3165 2580 3358 2648 dispu-

1781 2678 2036 2732 tationem
2063 2693 2216 2732 suam
2249 2677 2322 2732 De
2353 2677 2566 2732 Christo
2597 2678 2651 2730 in
2679 2676 2869 2745 primis
2899 2675 3194 2743 inScripsit,
3236 2675 3359 2742 qui-

1778 2787 1882 2838 que
1913 2787 2018 2824 non
2044 2771 2218 2824 solum
2244 2769 2499 2824 Jasonem
2527 2769 2906 2824 Christianum
2934 2768 3041 2822 ἀπὸ
3070 2768 3179 2820 τῶν
3229 2766 3360 2819 Ἰδυ-

1775 2861 1976 2914 δαῖκῶν
2017 2862 2261 2935 γραφῶν,
2291 2878 2356 2914 ea:
2401 2861 2527 2930 ipsis
2557 2859 2868 2913 Juda'orunt
2923 2859 3116 2911 litteris
3167 2857 3358 2925 dispu-

1777 2962 2014 3018 tantem,
2070 2969 2256 3006 verum
2317 2953 2482 3006 etiam
2541 2951 2830 3020 Papiscum
2897 2949 3182 3004 Hebraeum
3254 2949 3356 3001 οὐκ

1776 3044 2012 3112 ἀγεννῶς
2040 3045 2144 3097 οὐδ’
2171 3043 2432 3115 ἀπρεπῶς
2464 3043 2541 3114 τῷ
2575 3041 2866 3111 Ἰουδαῖκῷ,
2898 3053 3106 3094 strenue
3125 3041 3356 3110 satisque

1777 3137 2003 3190 Judaice
2047 3137 2508 3192 contradicentem
2548 3135 2782 3199 induxit,
2831 3146 2889 3188 ut
2931 3134 3093 3188 modo
3140 3149 3354 3187 assere-

1776 3231 1867 3284 bat
1912 3228 2192 3300 Origenes.
2250 3227 2402 3282 llaud
2446 3227 2696 3296 equidem
2744 3227 2951 3297 ignoro,
2996 3226 3122 3280 huic
3162 3225 3354 3278 Barto-

1775 3320 1934 3374 loceii
1979 3320 2262 3373 sententim
2311 3319 2400 3371 illa
2448 3317 2680 3380 officere,
2725 3332 2847 3385 qua:
2884 3316 2950 3369 de
3000 3313 3159 3368 istius
3192 3329 3352 3382 para-

1774 3412 2011 3482 phrasta:
2075 3409 2549 3480 llierosolymitani
2601 3417 2761 3462 aetate
2807 3423 2838 3461 a
2890 3406 3167 3475 plerisque
3217 3405 3350 3459 viris

1771 3503 1966 3566 doctis,
1992 3501 2333 3570 potissimum
2363 3515 2491 3553 vero
2515 3516 2543 3553 a
2569 3499 2779 3552 Morino
2807 3497 2919 3567 (1‘2)
2949 3496 3349 3559 edisseruntur,

1771 3595 2136 3649 statuentihus
2185 3593 2336 3646 illum
2381 3592 2580 3646 saeculo
2634 3607 2686 3644 γι
2739 3589 2908 3643 fuisse
2955 3587 3346 3651 recentiorem;

1770 3696 1830 3739 ut
1858 3684 2081 3753 proinde
2099 3683 2418 3752 paraphrasi
2453 3679 2764 3751 hujusmodi
2794 3679 2935 3733 haud
2965 3679 3044 3732 uti
3067 3678 3266 3732 smeulo
3303 3692 3342 3730 ιι

1770 3775 2004 3846 potuerit
2059 3776 2258 3828 Aristo.
2326 3772 2521 3826 Verum
2573 3772 2700 3826 huic
2763 3769 3058 3839 objectioni
3101 3768 3346 3822 occurrit

1772 3869 2056 3922 Waltonus
2115 3867 2249 3936 (13),
2323 3865 2595 3934 duplicem
2651 3862 2925 3917 exstitisse
2979 3857 3344 3928 Paraphrasiu

1768 3959 2313 4030 llierosolymitanam
2373 3955 2776 4009 demonstrans.
2837 3955 2954 4017 Qua
3003 3950 3080 4004 de-
3115 3963 3172 4002 re
3206 3961 3345 4001 non—

1765 4050 1911 4104 nulla
1936 4050 2160 4118 insuper
2184 4046 2575 4116 \Vollius(14).
2611 4046 2877 4100 Czeterum
2903 4041 3150 4095 eaunlem
3181 4038 3347 4107 hujus

1766 4141 1866 4195 loci
1901 4139 2174 4194 Geneseos
2216 4139 2714 4208 interpretationem
2743 4137 2811 4188 ab
2845 4136 3098 4188 Aristone
3127 4132 3343 4187 adhibi-

1765 4241 1895 4295 tam,
1945 4231 2128 4285 bausit
2182 4231 2389 4296 itidem,
2441 4238 2500 4283 ut
2542 4228 2788 4291 videtur,
2849 4243 2915 4280 ex
2977 4226 3346 4280 vetustissimo

1762 4321 2232 4392 pseudepigrapho
2285 4320 2694 4374 Prtedicationis
2727 4317 2875 4372 Petri
2913 4316 3169 4370 Clemens
3217 4313 3344 4368 Ale-

76 4408 223 4474 Quod
289 4419 480 4464 autem
536 4425 602 4464 ex
656 4409 887 4481 Origene
946 4413 1022 4480 ('7)
1091 4414 1301 4484 colligit
1360 4415 1648 4471 Tillemon-
1692 4433 1733 4489 υ
1763 4411 2221 4480 xandrinus(15),
2255 4423 2314 4465 ut
2343 4413 2480 4466 alios
2515 4411 2704 4465 Patres
2739 4420 3162 4478 praetereamus;
3193 4408 3341 4475 quod

75 4502 177 4555 tius
214 4503 317 4573 (8),
370 4501 614 4570 ejusdem
656 4502 818 4555 libelli
855 4512 1131 4558 auctorem
1169 4505 1274 4560 hoc
1323 4506 1522 4560 dictum
1562 4523 1653 4560 ιιι-η

73 4594 220 4658 sisse,
258 4595 331 4648 ad
371 4608 552 4647 mores
581 4593 962 4649 inlormandos
1001 4611 1166 4665 quam
1212 4598 1447 4652 maxime
1481 4598 1648 4652 utile:

77 4684 254 4738 Omnis
286 4685 570 4752 sapientite
603 4686 795 4752 fontem
830 4703 940 4739 esse
984 4704 1045 4740 ac
1077 4689 1425 4757 principium,
1473 4705 1648 4742 omnes

71 4779 301 4830 actiones
337 4792 400 4829 eo
435 4777 650 4844 referre,
690 4787 745 4829 ut
780 4777 886 4831 Deo
921 4780 1184 4847 placeant,
1219 4796 1280 4832 ac
1318 4797 1379 4833 ne
1413 4782 1648 4850 cogitare

69 4868 273 4934 quidem
315 4868 612 4938 quidquam
659 4869 796 4936 quod
835 4869 915 4922 illi
957 4871 1263 4939 displiceat;
1307 4873 1492 4942 quippe
1529 4890 1647 4926 cum

72 4975 166 5012 non
195 4960 377 5013 solum
417 4959 565 5012 dicta
595 4969 643 5012 et
675 4960 842 5028 facta,
880 4963 968 5014 sed
998 4963 1158 5014 etiam
1194 4963 1535 5031 cogitationes
1553 4964 1647 5033 ju-

68 5049 308 5102 dicandar
339 5049 448 5100 sint
482 5063 500 5099 :
533 5046 584 5100 id
617 5048 835 5118 quidem
873 5051 1054 5105 minus
1081 5060 1227 5105 recte
1249 5053 1535 5123 collegisse
1565 5056 1646 5106 vir

133 5162 208 5231 (6)
248 5161 479 5237 Origen.
507 5172 690 5237 contr.
737 5163 898 5237 Cels,
955 5165 1048 5220 lib.
1105 5183 1180 5232 tv,
1223 5165 1249 5237 §
1288 5167 1378 5232 52,
1429 5178 1557 5223 tom.
1601 5171 1639 5236 Ι,

68 5247 186 5287 nov.
226 5231 593 5295 edit.Paris.,
621 5249 741 5302 pag.
783 5235 906 5288 544.

129 5303 206 5370 (7)
247 5302 329 5360 Id.
353 5303 514 5365 ibid.,
550 5302 577 5371 §
611 5302 698 5367 55,
729 5320 851 5372 pag.
883 5305 1008 5369 545,
1049 5306 1253 5360 noviss.
1287 5306 1416 5361 edit.
1462 5306 1636 5363 Paris.

69 5370 160 5448 Ubi
199 5381 384 5426 tamen
419 5370 942 5448 absqueulliusms
971 5376 1094 5430 eod.
1130 5377 1468 5443 auctoritate,
1493 5379 1638 5448 ὡφε-

75 5442 225 5514 λείας,
251 5457 358 5514 pro
390 5441 603 5514 σοφίας,
634 5442 850 5514 legitur.

131 5512 206 5585 (8)
249 5511 471 5585 Iillem.
509 5511 904 5585 dlénz._eccles.,
944 5523 1077 5570 tom.
1109 5513 1174 5576 ΙΙ,
1217 5532 1337 5585 pag.
1369 5518 1492 5572 158.

128 5582 206 5657 (ἐξ)
248 5581 489 5657 Mara_n_._
523 5581 636 5657 Vit.
680 5581 748 5657 8ζ
802 5584 1076 5657 Cypriani,
1105 5581 1230 5654 ejus
1255 5581 1391 5657 O'pp.
1425 5589 1628 5657 pram’ix.

59 5648 198 5720 §36,
226 5668 354 5720 pag.
395 5651 516 5717 150,
555 5651 684 5706 edit.
718 5648 887 5707 Paris.
922 5655 1073 5708 I726.

125 5719 244 5792 (lli)
289 5719 518 5792 llierou.
556 5721 881 5792 libLQua'st.
916 5723 1075 5780 Hebr.
1106 5727 1159 5778 in
1191 5726 1340 5792 Gcn.,
1371 5728 1474 5782 sub
1507 5729 1625 5784 init.

130 5791 243 5862 (ll)
287 5791 598 5846 Bartolocc.
635 5790 774 5846 Bibl.
813 5791 1057 5861 Rabbin.,
1108 5806 1246 5864 part.
1292 5790 1376 5866 ιιι,
1409 5815 1528 5869 pag.
1568 5801 1621 5861 ἓ,

1758 4503 1978 4571 quidem
2017 4503 2223 4572 fugisse
2266 4504 2525 4557 Grabiuni
2567 4501 2681 4571 (16)
2719 4501 2908 4554 mirari
2953 4500 3121 4554 subit.
3155 4496 3341 4566 Neque

1756 4595 2248 4648 omninodissentit
2276 4598 2499 4663 ipsemet
2532 4591 3022 4662 llieronymus,qui
3052 4592 3086 4643 I.
3130 4606 3180 4645 c.
3223 4591 3339 4644 lia-.c

1755 4685 1962 4739 habet:
2007 4704 2025 4736 ι
2079 4685 2248 4755 Magis
2292 4687 2474 4754 itaque
2528 4683 2828 4738 secundum
2880 4699 3123 4746 sensum,
3170 4697 3337 4750 quant

1751 4779 2049 4832 secundum
2102 4779 2248 4832 verbi
2292 4779 2730 4839 translationem,
2769 4778 2836 4830 de
2879 4776 3102 4829 Christo
3153 4777 3328 4845 accipi

1751 4881 1954 4941 potest;
1993 4871 2083 4940 qui
2110 4881 2217 4926 tam
2255 4873 2307 4925 in
2351 4872 2466 4940 ipsa
2511 4871 2687 4924 fronte
2712 4870 2988 4924 Geueseos
3018 4885 3138 4939 qua:
3171 4879 3334 4938 caput

1749 4964 1991 5016 omnium
2010 4965 2272 5017 librorum
2304 4975 2408 5030 est,
2427 4981 2590 5034 quam
2616 4964 2780 5018 etiam
2806 4962 2858 5015 in
2882 4961 3149 5030 principio
3164 4958 3331 5013 Joan-

1749 5053 1834 5108 nis
1865 5053 2245 5127 Evangelistze,
2266 5057 2390 5111 εωιι
2408 5067 2461 5110 et
2479 5067 2635 5112 terrae
2659 5054 2912 5110 conditor
2937 5053 3323 5122 approbatur.»

1746 5185 1900 5225 num.
1935 5170 2060 5225 581.

1815 5241 1928 5308 (12)
1969 5240 2170 5295 Morin.
2202 5241 2298 5296 lib.
2330 5258 2398 5310 ιι,
2437 5241 2675 5298 Exercit.
2708 5239 2858 5294 Bibl.
2916 5251 3035 5301 rm,
3095 5248 3215 5303 cap.
3269 5233 3326 5302 7,

1750 5323 1803 5377 p.
1839 5310 1964 5373 3H,
2003 5328 2158 5380 seqq.

1814 5374 2204 5504 (‘11.?)tVY2lton.
2255 5380 2554 5452 Prolegom.
2595 5397 2692 5445 xit,
2740 5381 2793 5434 in
2849 5376 2990 5430 Bibl.
3043 5374 3346 5446 polyglott.,

1917 5468 1944 5504 e
2070 5494 2082 5504 .

1917 5460 1968 5504 et
1997 5455 2082 5506 H.

1745 5449 1801 5520 §§
1827 5452 1880 5503 11
1917 5460 1968 5504 et
1997 5453 2082 5506 11.
2418 5449 2428 5452 ⁷

1811 5522 1920 5589 ll-i)
1962 5520 2130 5574 Woll'.
2165 5522 2303 5574 Bibl.
2343 5520 2529 5582 Hebr.,
2560 5531 2694 5574 tom.
2731 5518 2795 5580 Il,
2838 5533 2957 5586 pag.
2999 5515 3150 5589 1169.

1810 5587 1920 5660 (15)
1959 5593 2130 5646 Cicin.
2160 5592 2311 5644 Alex.
2352 5593 2549 5644 Suom.
2586 5593 2679 5645 lib.
2722 5607 2795 5656 γι,
2843 5605 2964 5656 cap.
2997 5587 3048 5650 ἲ,
3096 5603 3148 5656 p.
3183 5587 3310 5651 769,

1738 5663 1868 5716 edit.
1903 5661 2059 5713 Oxon

1809 5732 1919 5804 (16)
1945 5731 2108 5786 Grab.
2143 5731 2344 5801 Spicil.
2367 5731 2461 5786 SS.
2506 5729 2619 5784 ΙΨ.
2659 5742 2696 5784 t.
2734 5729 2772 5797 1τ
2805 5744 2960 5799 pagg.
2989 5728 3059 5781 6‘2
3090 5727 3180 5782 68.
