3732 6326
353 329 487 385 1275

1635 331 2010 387 ARISTONIS
2048 329 2322 387 PELLfEl

3493 324 3608 378 1276

416 452 479 508 ll.
528 452 702 525 Hujus
758 471 888 510 vero
949 453 1338 523 Disputationis
1389 452 1713 523 jamdudum
1760 453 1920 522 periit
1950 447 2528 517 A'stonianiopuseuli
2557 449 2878 513 versionem,
2929 462 3031 502 nos
3053 446 3194 500 alibi
3221 445 3605 516 opportunius.

347 554 527 601 textus
548 546 796 619 Graecus,
823 547 1091 617 periitque
1123 547 1286 600 simul
1311 545 1636 617 perantiqua
1671 544 1917 614 ejusdem

345 638 598 706 opusculi
634 637 822 692 Latina
854 639 1057 703 versio,
1090 654 1120 692 a
1145 639 1303 693 Celso
1346 638 1581 707 quodam
1611 653 1737 692 sene
1761 637 1922 692 Chri-

347 729 528 783 stiano
555 729 852 784 elaborata.
889 729 1020 799 Ejus
1053 739 1229 783 tamen
1263 737 1510 799 superest
1529 726 1760 798 epistola
1788 729 1921 782 satis

347 818 568 888 elegans
600 828 763 889 atque
800 820 1038 883 erudita,
1087 835 1194 889 qua
1236 819 1433 889 Vigilio
1467 819 1722 888 episcopo
1755 817 1923 871 inter-

349 906 706 976 pretationem
741 925 898 964 suam
942 910 1300 978 nuncupavit,
1355 910 1494 964 inter
1521 925 1684 980 opera
1727 910 1782 964 S.
1818 910 1924 980 Cy-

350 999 544 1070 priauo
588 1001 829 1071 ascripta
868 1001 1013 1072 (l7);
1055 1003 1197 1055 unde
1231 1003 1490 1059 nonnulla
1528 1003 1814 1067 discimus,
1857 1002 1923 1056 ad

353 1089 530 1158 ipsum
577 1099 783 1145 textum
818 1090 1157 1159 deperditum
1203 1091 1547 1160 pertinentia,
1594 1107 1716 1161 qua:
1751 1091 1831 1145 sic
1866 1108 1925 1145 se

353 1181 557 1236 habent
585 1180 696 1250 (18)
729 1197 743 1234 :
784 1199 800 1232 ι
853 1179 982 1236 Illud
1025 1182 1344 1251 praeclarum
1376 1193 1540 1252 atque
1571 1184 1924 1238 memorabile

353 1274 766 1345 gloriosumque
793 1272 1011 1330 Jasouis
1049 1273 1256 1329 Hebraei
1290 1275 1588 1330 Christiani
1622 1285 1675 1330 et
1707 1275 1922 1346 Papisci

355 1365 710 1420 Alexandrini
744 1363 916 1420 Judaai
967 1365 1355 1434 disputationis
1400 1367 1673 1433 occurrit;
1711 1365 1924 1421 Judaici

357 1457 541 1513 cordis
591 1458 920 1512 obstinatam
977 1459 1257 1524 duritiam,
1315 1459 1464 1514 brevi
1522 1461 1634 1531 (19)
1682 1460 1929 1515 admoni-

362 1551 509 1605 tione
561 1566 625 1605 ac
688 1550 792 1604 levi
855 1550 1224 1619 increpatione
1273 1552 1572 1617 mollitam;
1629 1561 1682 1606 et
1737 1552 1926 1606 victri-

361 1657 478 1696 cem
513 1641 568 1695 in
594 1640 807 1711 l'apisei
831 1641 992 1696 corde
1024 1641 1242 1698 Jasouis
1273 1642 1342 1697 de
1376 1643 1610 1712 Spiritus
1641 1644 1814 1698 sancti
1845 1644 1930 1696 iu-

364 1731 580 1786 fusione
632 1734 936 1787 doctrinam
969 1750 982 1784 :
1019 1750 1126 1803 qua
1162 1732 1424 1803 Papiscus
1467 1735 1534 1789 ad
1587 1735 1926 1790 intellectura

2093 544 2186 596 lll.
2223 541 2408 612 Neque
2453 550 2661 595 tantum
2690 539 2906 594 Iasonis
2929 551 2979 594 et
3025 539 3263 608 Papisci
3303 539 3606 591 Altercatio-

2022 650 2175 697 nent,
2226 649 2414 686 verum
2469 632 2629 686 etiam
2683 630 2875 684 Rerum
2923 631 3295 684 orientalium
3349 630 3608 682 historia-

2023 727 2206 779 Aristo
2233 723 2462 778 Pellaeus
2502 724 2788 794 scripsisse
2836 723 3070 777 videtur.
3109 722 3430 792 Siquidem
3454 720 3610 775 lloses

2022 814 2419 879 Choreuensis,
2455 814 2776 869 Armeniace
2823 823 2877 868 et
2918 813 3114 868 Latine
3165 830 3199 867 a
3257 813 3612 867 Gulielmoet

2025 909 2258 979 Georgio
2291 907 2807 973 Wisthouiisuuper
2839 907 3071 963 Londiui
3108 909 3461 979 evulgatus,
3484 923 3612 960 coui-
3710 907 3711 970 l

2009 1002 2178 1070 .plura
2208 1000 2372 1056 refert
2406 1000 2457 1053 iu
2489 1016 2587 1054 sua
2620 1000 2861 1054 Historia
2882 1001 3219 1054 Armeniaca
3253 1000 3411 1071 (26),
3449 1016 3513 1054 ex
3535 1016 3614 1052 au-

2027 1104 2174 1148 ctore
2204 1102 2390 1149 nostro
2422 1093 2722 1163 descripta;
2757 1109 2989 1164 quorum
3037 1093 3328 1147 nonnulla
3388 1108 3514 1146 cum

2028 1187 2238 1253 gemina
2260 1201 2381 1239 esse
2413 1185 2782 1254 perhibentur,
2809 1199 2930 1254 quae
2957 1200 3026 1238 ex
3060 1185 3195 1254 ipso
3228 1183 3509 1238 Aristone
3528 1192 3616 1236 ιη-
3647 1239 3656 1250 _

2027 1277 2106 1332 dit
2157 1275 2423 1331 Eusebius
2474 1275 2623 1345 (27);
2675 1275 2881 1345 reliqua
2937 1291 3067 1330 vero
3117 1275 3282 1329 haud
3352 1275 3432 1328 ita
3487 1274 3616 1327 facile

2028 1370 2171 1440 apud
2224 1369 2360 1424 alios
2411 1369 2704 1438 scriptores
2755 1378 3092 1424 occurrunt:
3137 1367 3484 1438 cujusmoui
3515 1380 3618 1422 sunt

2027 1477 2148 1530 quae
2180 1461 2245 1516 de
2278 1470 2451 1516 morte
2490 1460 2703 1515 Artasis
2734 1461 2826 1525 lll,
2858 1459 3196 1514 Parthorum
3249 1459 3439 1528 regis,
3483 1474 3618 1512 enar-

2030 1560 2254 1617 rantur,
2316 1551 2419 1606 sub
2483 1551 2723 1607 Adriano
2784 1551 3107 1621 regnantis;

2031 1649 2216 1708 terea,
2296 1641 2459 1711 digna
2526 1641 2684 1710 plane
2743 1657 2864 1711 qua:
2912 1641 3172 1696 solertius
3250 1642 3618 1695 excutiantur.

2029 1729 2214 1802 Neque
2245 1733 2389 1788 enim
2427 1733 2644 1787 demum
2686 1734 2909 1787 omnino
2943 1733 3419 1786 contemnendus
3453 1739 3620 1783 auctu:

363 1822 609 1877 veritatis
631 1822 924 1887 admissus,
959 1833 1012 1876 et
1037 1824 1102 1876 ad
1131 1824 1380 1878 timorem
1415 1824 1651 1890 Domini,
1679 1827 1796 1895 ipso
1825 1825 1930 1879 Do-
1965 1827 2004 1879 Β
2033 1825 2135 1879 iste
2170 1825 2461 1891 Armenus,
2496 1825 2590 1895 qui
2635 1825 2836 1879 saeculo
2872 1842 2902 1878 v
2945 1823 3206 1878 ﬂoruisse
3261 1821 3620 1892 comperitar.

364 1915 516 1969 mino
549 1915 860 1981 miserante,
900 1915 1185 1980 foriuatus,
1219 1925 1274 1971 et
1309 1917 1494 1972 Jesum
1528 1917 1807 1972 Christum
1837 1917 1930 1970 Fi-

365 2004 498 2058 lium
532 2005 623 2058 Dei
648 2006 896 2068 credidit,
929 2014 982 2059 et
1007 2016 1063 2059 ut
1098 2009 1438 2076 signaculum
1473 2019 1713 2063 sumeret
1741 2009 1936 2078 deprc-

364 2105 542 2159 calus,
588 2096 846 2152 Jasoucm
893 2099 1209 2166 postulavit.
1252 2100 1452 2155 Probat
1500 2103 1603 2154 hoc
1663 2101 1932 2171 scriptura

365 2191 796 2246 concertationis
823 2193 1090 2262 ipsorum,
1125 2209 1246 2262 quae
1279 2193 1658 2248 collideutium
1691 2194 1830 2246 inter
1855 2209 1934 2254 se,

367 2278 578 2350 Papisci
611 2282 953 2339 adversantis
998 2285 1232 2350 veritati,
1268 2292 1323 2340 et
1368 2283 1586 2339 Jasouis
1643 2284 1938 2338 asserculis

365 2381 419 2426 et
451 2371 782 2428 viudicautis
823 2375 1237 2445 dispositionem
1263 2385 1317 2429 et
1347 2376 1739 2445 plenitudinem
1779 2374 1940 2428 Chri-

368 2463 461 2527 sti,
487 2463 661 2518 Grazei
689 2467 960 2521 sermonis
986 2483 1148 2536 opere
1182 2467 1394 2537 signata
1424 2477 1525 2522 est.
1573 2488 1591 2517 ι
1629 2465 1753 2520 Ηιι-(ι
1785 2466 1880 2520 ibi.

438 2555 724 2622 Coujicere
751 2559 954 2627 placuit
981 2559 1182 2613 Grabio
1209 2558 1344 2629 (ΞΟ),
1375 2558 1630 2613 Jasouem
1657 2557 1940 2611 llebrmum

369 2645 741 2701 Christianum
776 2657 830 2702 et
861 2647 1148 2718 Papiscum
1190 2648 1436 2702 Judaeum
1490 2648 1940 2712 Alexandrinum,

372 2737 514 2790 inter
552 2753 610 2792 se
641 2739 1006 2809 disputantes,
1045 2741 1201 2794 ﬁctas
1243 2739 1414 2794 fuisse
1456 2755 1738 2809 personas,
1785 2747 1845 2791 ut
1890 2738 1941 2790 iu

369 2827 602 2898 dialogis
656 2830 770 2883 ﬂeri
823 2832 1128 2886 consuevit.
1173 2832 1310 2886 Aliis
1341 2841 1518 2885 tamen
1557 2833 1713 2885 aliter
1743 2831 1944 2884 visum.

373 2918 561 2973 Sixtus
584 2918 844 2976 Senensis
869 2922 1112 2991 primum
1144 2922 1277 2993 (21),
1309 2922 1503 2976 deinde
1531 2921 1803 2976 Pamclius
1833 2921 1944 2992 (ἓξ)

372 3029 514 3084 quos
535 3027 756 3070 secutus
784 3026 867 3070 est
898 3015 1274 3071 Bartoloccius
1298 3017 1334 3070 l.
1364 3032 1414 3070 c.
1448 3015 1652 3084 opinati
1677 3025 1826 3080 sunt,
1857 3015 1948 3069 Ja-

373 3121 564 3161 sonem
599 3107 764 3162 istum
791 3108 1045 3162 eumdem
1087 3106 1255 3162 fuisse
1283 3123 1407 3161 eum
1432 3105 1634 3160 Jasoue
1657 3105 1951 3160 Thessalo-

2035 1915 2160 1970 Fuit
2188 1915 2276 1970 ille
2293 1915 2509 1985 quidem
2538 1915 2880 1970 mediocriter
2908 1915 3124 1980 doctus,
3155 1925 3222 1968 ut
3249 1915 3328 1969 de
3363 1915 3495 1984 ipso
3518 1930 3624 1968 cea-

2036 2009 2370 2064 scuteruditi
2405 2009 2643 2063 editores
2673 2008 3044 2062 Londinenses
3063 2007 3216 2078 (9.8);
3251 2016 3316 2061 at
3343 2007 3488 2060 illud
3515 2021 3624 2060 sane

2038 2102 2330 2172 ingenuum
2366 2102 2420 2155 in
2459 2116 2524 2156 eo
2570 2102 2997 2170 agnoscendum,
3033 2102 3187 2170 quod
3248 2101 3383 2154 fere
3431 2116 3622 2167 semper

2040 2191 2216 2247 l'outcs
2260 2193 2482 2258 iudicet,
2519 2194 2664 2246 umle
2721 2209 2850 2248 suas
2899 2193 3288 2248 enarrationes
3343 2191 3621 2245 hauserit:

2039 2283 2172 2352 quin
2215 2293 2268 2338 et
2315 2283 2447 2337 illud
2481 2283 2600 2352 ejus
2633 2282 2892 2338 Historia:
2924 2283 3230 2352 plurimum
3273 2282 3626 2337 auctoritatis

2042 2375 2331 2429 conciliare
2345 2392 2504 2430 nemo
2538 2377 2748 2431 inﬁcias
2767 2377 2940 2440 iverit,
2957 2375 3102 2446 quod
3119 2377 3412 2445 epistolas
3425 2375 3624 2444 aliaque

2044 2477 2393 2522 monumenta
2420 2468 2567 2521 velut
2600 2487 2629 2522 e
2656 2467 2893 2537 publicis
2917 2468 3115 2522 tabulis
3158 2467 3539 2537 deprompta,
3581 2467 3621 2518 in

2043 2574 2202 2612 suum
2250 2574 2388 2628 opus
2417 2559 2734 2628 coujeeerit,
2764 2567 2824 2613 ut
2851 2559 3076 2628 proinde
3120 2558 3258 2614 licet
3294 2561 3628 2630 quandoque

2043 2650 2330 2718 judicium,
2363 2648 2523 2703 iidem
2555 2661 2734 2703 tamen
2767 2649 2887 2719 ejus
2919 2666 3044 2704 raro
3065 2650 3392 2705 desideres.

2118 2742 2224 2797 Sed
2261 2752 2318 2796 ut
2356 2742 2422 2796 ad
2452 2741 2762 2796 Aristonem
2802 2751 3162 2807 revertamur,
3211 2743 3344 2811 ejus
3385 2741 3628 2796 Historia

2047 2833 2294 2888 orientali
2325 2833 2519 2903 potiori
2541 2833 2666 2902 jure
2690 2831 3038 2886 tribuendum
3094 2832 3512 2888 existimamus
3539 2833 3629 2886 ira-

2049 2935 2326 2994 gmcntum
2358 2925 2408 2992 l,
2459 2924 2600 2993 quod
2629 2940 2964 2994 prmpropere
3013 2924 3284 2978 Crabium
3339 2927 3547 2984 secuti,
3578 2942 3628 2978 ex

2052 3014 2287 3069 Eusebio
2309 3015 2654 3084 protulimus,
2680 3024 2936 3084 tanquam
2972 3029 3038 3068 ex
3077 3013 3464 3068 Altcrcatione
3491 3015 3631 3067 laso—

2053 3109 2132 3162 nis
2165 3117 2212 3161 et
2250 3107 2466 3177 Papisci
2509 3107 2576 3161 ab
2608 3123 2673 3161 eo
2708 3107 3074 3176 desumptum,
3111 3106 3204 3158 ubi
3251 3108 3321 3160 de
3373 3106 3633 3161 Betthere:

377 3199 606 3265 uicensi,
644 3200 804 3270 cujus
835 3201 1206 3254 meminerunt
1245 3199 1423 3253 Lucas
1459 3200 1512 3252 in
1547 3199 1698 3252 Actis
1723 3214 1854 3263 xvii,
1889 3198 1942 3262 ὃ,
1973 3190 2016 3249 C
2050 3199 2492 3254 urbisobsidione
2507 3196 3315 3267 acHierosolymorumexcidio
3334 3213 3534 3251 sermo
3553 3201 3610 3249 ha

375 3304 432 3345 et
467 3290 692 3358 Paulus,
733 3291 890 3347 Rom.
930 3311 1040 3358 xvi,
1076 3293 1168 3359 2!,
1231 3293 1380 3346 nullo
1423 3301 1603 3345 tamen
1649 3307 1679 3345 e
1722 3289 1950 3344 vetustis

378 3383 740 3452 scriptoribus
796 3386 1209 3440 testimonioin
1275 3385 1512 3438 medium
1565 3383 1834 3450 adducto;
1894 3391 1955 3436 ut

378 3475 607 3544 proinde
662 3477 940 3547 Spenccro
999 3477 1137 3548 (23),
1171 3475 1520 3532 Tillemontio
1578 3475 1690 3546 (Ἡ)
1721 3476 1953 3545 aliisque

377 3570 694 3640 conjectura
751 3571 1065 3640 hujusmodi
1112 3570 1256 3625 haud
1291 3571 1574 3640 probetur.
1624 3568 1953 3640 Episcopum

379 3662 561 3732 potius
610 3672 706 3718 aut
746 3663 938 3718 saltem
985 3663 1362 3732 presbyterqu
1409 3662 1561 3716 illum
1615 3661 1786 3716 fuisse
1831 3675 1955 3715 cum

378 3752 604 3808 Marano
637 3755 939 3824 putaverim
962 3755 1107 3825 (25);
1139 3754 1360 3809 Celsum
1389 3753 1660 3823 siquidem
1693 3754 1959 3821 interpre—
1991 3760 1994 3763 '

382 3852 491 3898 tem
511 3844 675 3900 modo
704 3845 866 3899 nobis
894 3854 1239 3899 enarrantem
1275 3845 1607 3909 audivimus,
1639 3842 1784 3913 quod
1809 3861 1827 3892 ι
1856 3841 1959 3896 Pa-

383 3934 569 4006 piscus
603 3937 671 3991 ad
705 3936 1039 3991 intellectum
1068 3937 1316 3992 veritatis
1350 3936 1648 4000 admissus,
1687 3945 1748 3988 ut
1773 3935 1959 4003 signa-

382 4027 567 4082 culum
594 4037 836 4083 sumeret
860 4028 1207 4097 deprecatus,
1236 4025 1490 4082 Jasonem
1522 4026 1895 4096 postulaverit.
1936 4045 1956 4074 ι

383 4113 573 4186 Neque
602 4117 814 4172 dubitat
846 4118 987 4172 idem
1028 4119 1113 4172 vir
1141 4119 1359 4183 doctus,
1395 4119 1526 4188 quin
1562 4118 1761 4173 szeculo
1799 4134 1835 4171 ιι
1875 4118 1963 4172 ille

384 4207 602 4263 vixerit.
629 4206 697 4261 Et
723 4209 847 4278 jure
877 4209 1096 4278 quidem
1125 4225 1138 4261 :
1164 4209 1279 4262 hazc
1307 4207 1452 4261 enim
1481 4206 1784 4275 Disputatio
1807 4207 1964 4261 Celso

386 4301 654 4372 Epicureo
670 4313 950 4370 perspecta
972 4301 1142 4355 fuisse
1157 4301 1524 4370 comperitur;
1553 4299 1799 4369 adeoque
1821 4300 1963 4355 circa

385 4394 630 4463 ejusdem
659 4393 844 4450 saeculi
877 4393 1140 4459 medium,
1167 4393 1282 4448 sive
1308 4407 1407 4462 pro
1432 4391 1631 4447 nostris
1656 4391 1966 4445 rationibus

386 4490 534 4546 circa
566 4489 769 4545 Christi
805 4503 1012 4543 annum
1040 4487 1164 4552 156,
1199 4502 1320 4541 eam
1349 4485 1523 4541 fuisse
1548 4485 1745 4540 litteris
1777 4485 1966 4539 cousi-

387 4591 606 4652 gnatam
645 4581 1048 4637 existimamus.
1098 4578 1173 4633 De
1218 4578 1377 4633 Celso
1416 4586 1598 4631 autem
1647 4575 1960 4644 interprete,

387 4682 554 4744 atque
580 4675 648 4730 de
676 4673 848 4743 ipsius
878 4669 1197 4742 praefatione
1229 4671 1298 4724 ad
1340 4685 1496 4726 suam
1529 4667 1784 4722 Latinam
1835 4666 1960 4721 Ari-

463 4916 575 4984 (l7)
613 4916 777 4987 Cypr.
825 4915 1062 4987 Appcnd.
1107 4931 1228 4984 pag.
1288 4927 1551 4979 ccxxxut,
1599 4911 1733 4965 edit.
1784 4908 1958 4962 Paris.

617 5056 755 5136 ibid.
786 5057 813 5128 ᾗ
847 5056 902 5118 8,
925 5072 1056 5136 pag.
1089 5069 1386 5136 cessavi".
1712 5121 1745 5136 μ

464 5123 578 5198 (19)
618 5128 710 5182 Sic
743 5123 1053 5183 emendavit
1096 5125 1165 5198 el.
1211 5124 1468 5198 Marauus
1507 5138 1572 5198 ex
1627 5123 1962 5198 codi_e_e_ms.

396 5191 885 5280 Remigiauompro
910 5214 975 5252 eo
1007 5196 1150 5280 quod
1195 5207 1366 5280 antra”
1400 5193 1698 5280 legebatur,
1723 5191 1966 5280 'Hebrtea

398 5262 701 5322 monitione.
728 5262 882 5322 Vlline
924 5262 1054 5321 vero
1097 5266 1314 5319 brevem
1344 5265 1515 5316 fuisse
1548 5265 1687 5317 hanc
1714 5262 1969 5330 Disputa-

394 5346 589 5395 tionem
619 5339 946 5408 colligimus.

467 5408 581 5479 (20)
621 5403 786 5479 Graii.
807 5408 1008 5479 _Spicil.
1167 5404 1308 5468 PP.,
1337 5414 1470 5479 tum.
1497 5405 1566 5468 ll,
1593 5419 1646 5472 p.

470 5472 584 5548 (ξι)
625 5477 766 5540 Sixt.
798 5472 930 5534 seu.
972 5477 1116 5532 Bibl.
1151 5487 1346 5542 sanct.,
1389 5475 1484 5530 lib.
1533 5491 1595 5536 II,
1633 5490 1684 5544 p.
1718 5474 1806 5539 7|,
1839 5472 1969 5526 edit.

396 5546 573 5604 Paris.
605 5548 764 5603 1610.

473 5616 832 5687 (ﬁ‘liPamel.
868 5616 922 5671 in
957 5625 1071 5670 not.
1115 5616 1181 5669 ad
1214 5631 1404 5685 Opusc.
1475 5615 1552 5667 De
1591 5612 1788 5668 incred.
1818 5612 1974 5674 Jud.,

398 5681 724 5758 ίηιὲτέορρ-
757 5688 920 5758 Cyrr-

474 5753 588 5828 (23)
629 5753 884 5828 Speuc'ei'.
928 5756 1127 5811 Adnot.
1178 5755 1244 5812 ad
1292 5755 1387 5809 lib.
1423 5770 1474 5808 tv
1523 5753 1745 5825 Origcn.
1808 5761 1976 5806 contr.

2053 3295 2224 3347 betur.
2235 3295 2422 3361 ’Atque
2445 3291 2496 3344 id
2516 3289 2736 3359 quidem
2758 3288 2983 3342 suadere
2998 3287 3333 3358 perspicitur
3346 3297 3637 3340 contextus

2055 3384 2294 3449 Eusebii,
2327 3383 2419 3452 qui
2449 3387 2645 3452 praiter
2675 3381 2842 3434 altqu
2886 3377 2953 3433 de
2995 3377 3382 3447 Disputatione
3427 3379 3632 3432 Aristo-

2056 3477 2217 3530 niana
2259 3475 2560 3537 silentium,
2597 3473 2738 3526 hanc
2787 3472 3010 3539 insuper
3031 3469 3295 3538 loquendi
3364 3470 3634 3522 rationem

2057 3575 2283 3637 usurpat
2319 3583 2331 3618 :
2380 3566 2639 3637 Ἀρίστων
2663 3565 2690 3616 ὁ
2715 3563 2972 3626 Πελλαῖος
3006 3562 3229 3632 ἱστορεῖ.
3270 3560 3490 3615 Eodem
3519 3563 3636 3613 item

2059 3675 2224 3715 sensu
2257 3658 2422 3713 verba
2461 3656 2680 3710 Eusebii
2707 3654 2983 3723 accepisse
3021 3661 3359 3717 noscuntur,
3407 3654 3530 3706 sive
3549 3654 3634 3705 do—

2059 3761 2181 3807 ctus
2206 3750 2657 3820 ipsiusiutcrpres
2681 3745 2954 3813 Valesius,
2975 3744 3089 3799 sive
3103 3744 3172 3798 cl.
3199 3744 3386 3797 abbas
3412 3744 3483 3798 de
3506 3742 3634 3796 ιω.

2061 3855 2265 3910 guerue
2296 3841 2444 3911 (29);
2476 3839 2676 3910 quibus
2696 3847 2874 3891 tamen
2901 3835 3143 3904 Scaliger
3177 3835 3478 3904 prmivisse
3500 3836 3636 3887 Vide.—

2063 3943 2150 3985 tur
2205 3931 2338 4001 (50).
2379 3929 2482 3984 Sed
2521 3930 2573 3982 iu
2614 3928 2804 3998 primis
2855 3927 2907 3980 id
2949 3940 3166 3996 quoque
3212 3924 3402 3980 Muses
3440 3927 3638 3980 Cherr—

2063 4023 2250 4078 ncnsis
2300 4023 2475 4090 palam
2533 4020 2771 4090 prolitcri
2829 4027 3128 4083 censetur;
3186 4018 3286 4086 qui
3351 4035 3486 4073 cum
3539 4034 3638 4071 uno

2063 4111 2363 4180 eodemque
2407 4119 2598 4164 tenore
2639 4119 2753 4162 tum
2799 4106 3126 4172 Eusebiana,
3165 4117 3284 4160 tum
3334 4108 3405 4163 de
3436 4109 3638 4163 Artasrs

2064 4201 2390 4256 Parthorum
2423 4201 2567 4270 regis
2599 4201 2750 4255 obitu
2779 4199 2974 4253 litteris
3003 4199 3224 4263 tradita,
3263 4215 3334 4253 ex
3380 4201 3504 4268 ipso
3528 4202 3638 4253 Ari-

2066 4303 2222 4348 stone
2250 4291 2560 4359 describat;
2593 4307 2661 4345 ex
2695 4291 2815 4359 ejus
2843 4291 3022 4358 potius
3049 4288 3295 4344 Historia
3343 4293 3439 4345 illa
3469 4293 3636 4345 omnia

2066 4387 2296 4450 eruisse,
2348 4401 2510 4455 quam
2562 4400 2628 4439 ex
2671 4385 2885 4437 laudata
2921 4382 3299 4452 Disputatione
3333 4383 3631 4438 dicendus:

2069 4479 2196 4553 licet
2237 4479 2380 4532 enim
2427 4476 2594 4531 Jasou
2641 4484 2694 4530 et
2743 4475 3022 4544 Papiscus,
3069 4483 3128 4528 ut
3170 4477 3472 4530 contendit
3517 4476 3636 4530 Gra-

2070 4573 2193 4626 bius
2225 4571 2358 4641 (5i),
2386 4571 2453 4624 de
2482 4569 2750 4623 Bettherae
2790 4568 3077 4621 obsidione
3118 4570 3302 4638 deque
3335 4568 3633 4623 Judmorutn

2066 4664 2216 4719 clade
2250 4665 2304 4718 iu
2344 4679 2409 4719 eo
2451 4663 2666 4732 dialogo
2713 4662 2874 4715 verba
2923 4659 3118 4715 fecisse
3148 4665 3486 4730 potuerint;
3536 4664 3635 4715 ven’

2547 4970 2706 5025 Mem.
2735 4970 2887 5033 eccl.,
2919 4981 3050 5024 tom.
3083 4972 3149 5033 ll,
3186 4987 3242 5040 p.
3271 4973 3403 5037 139,
3424 4983 3477 5028 et
3507 4972 3566 5038 Χ,
3585 4988 3626 5041 ιι

2072 5064 2254 5183 υδῧέῖὶ)
2295 5113 2499 5168 Marau.
2545 5113 2649 5167 Vit.
2687 5111 2845 5183 Cypr.
2881 5126 2998 5183 pag.
3031 5127 3197 5164 εχει.

2144 5181 2256 5254 (26)
2298 5185 2473 5240 Moses
2496 5184 2732 5238 Church.
2770 5182 2912 5236 Hist.
2947 5181 3187 5246 Annam,
3219 5181 3320 5234 Lb.
3345 5183 3628 5254 1|,cap.57.

2078 5255 2498 5392 p.(1‘2’.77:.Euseh.
2537 5324 2681 5378 Hist.
2711 5321 2862 5384 eccl.,
2887 5321 2979 5374 lib.
3012 5338 3087 5385 1v,
3116 5337 3242 5392 cap.
3265 5324 3320 5376 6.

2146 5391 2260 5464 (98)
2303 5396 2575 5451 Wisthou.
2601 5394 2820 5460 Prwl'at.
2840 5393 2907 5464 ad
2931 5393 3063 5445 Mos.
3091 5391 3322 5448 Clioren.
3351 5408 3473 5462 pag.
3533 5408 3626 5444 In.

2133 5467 2570 5556 .(2thLouguer.
2608 5465 2832 5516 Dissert.
2867 5463 2929 5516 de
2951 5478 3062 5516 var.
3091 5466 3304 5530 epoch.,
3335 5475 3467 5530 etc.,
3497 5479 3624 5532 pagg.

2080 5531 2502 5678 ίθῖέθῗοὲξίιιίς.
2541 5606 2818 5659 Auimadv.
2860 5607 2915 5678 in
2949 5602 3144 5656 Chron.
3186 5601 3393 5657 Euseb.
3427 5603 3493 5655 ad
3523 5618 3625 5654 una.

2082 5674 2357 5732 ntucxmu
2389 5674 2631 5736 etamen,
2665 5693 2785 5745 pag.
2816 5674 2938 5745 Silii.

2156 5750 2268 5818 (3|)
2309 5749 2472 5803 Grab.
2535 5740 2850 5816 Spit'ilfSS.
2887 5741 3024 5808 l’l’.,
3057 5751 3187 5797 tom.
3225 5744 3269 5805 l,
3303 5759 3430 5808 pag.
3468 5740 3570 5796 151.

3190 1551 3441 1618 aliaque
3508 1566 3619 1618 pra-
3716 1552 3717 1562 ‘
