3732 6352
25 372 146 427 Ξτῖ

1451 364 1891 422 FRAGMENTA.

3155 353 3294 410 1278

25 505 207 544 tmen
245 489 438 546 simile
470 487 612 543 haud
643 498 747 555 est,
790 488 915 544 illos
935 499 994 543 ut
1025 487 1264 542 vidimus
1296 487 1362 544 de
1387 487 1612 543 Christo
1642 497 1688 551 Α
1716 485 2034 559 hujusmodi
2103 481 2416 539 liberiorem
2495 477 2935 534 emendationem
2996 474 3254 530 admittas
3274 515 3292 540 ,

25 586 396 653 lsputantes,
423 582 489 636 de
513 595 637 651 rege
664 597 884 652 quoque
911 581 1168 636 Parthico
1185 581 1356 637 fuisse
1372 582 1607 647 locutos,

25 675 148 730 ihil
185 690 339 730 sane
364 675 430 728 ad
466 675 805 746 propositum
839 674 1163 744 pertinente.

59 765 174 821 ιν.
229 765 429 836 Neque
465 782 593 820 vero
627 766 1050 835 Disputationem
1094 773 1306 820 tantum
1345 774 1400 820 et
1431 764 1612 820 Histo-

25 859 147 910 ’am
178 857 529 920 orientalem,
554 858 621 912 de
660 858 860 927 quibus
885 857 1150 912 hactenus
1179 857 1607 921 edisseruimus;

25 948 100 1002 ad
164 948 330 1003 aliud
365 949 535 1003 etiam
590 965 729 1020 Opus
763 950 948 1005 Aristo
1001 951 1238 1005 edidisse
1294 950 1504 1012 fertur,
1564 951 1610 1005 si

26 1028 271 1090 hronici
338 1037 612 1093 Paschalis
707 1050 990 1096 auctorem
1033 1042 1247 1097 audias.
1308 1040 1399 1096 Sic
1461 1043 1608 1095 enim

28 1131 92 1185 lc
112 1131 243 1202 ('59.)
281 1131 508 1203 εΤούτῳ
530 1132 606 1204 τῷ
639 1132 769 1196 ἔτει,
803 1132 1066 1203 Ἀπελλῆς
1098 1132 1192 1185 καὶ
1237 1126 1610 1204 Ἀρῐστων,ὦν

25 1223 302 1295 ἑμνηται
354 1223 613 1287 Εὐσέϐιος
644 1227 672 1278 ὁ
705 1225 991 1294 Παμφίλου
1044 1227 1101 1277 ὲν
1139 1227 1203 1296 τῇ
1273 1225 1615 1292 Ἐκκλησια-

25 1312 198 1383 ’τικῇ
231 1315 403 1368 αὑτοῦ
425 1317 673 1384 ἱστορίᾳ,
705 1317 1011 1370 ἐπιδίδωσιν
1042 1317 1335 1385 ἀπολογίας
1361 1317 1609 1385 σύνταξιν

25 1405 140 1476 τερ).
177 1405 290 1476 τῆς
337 1406 463 1460 καθ’
497 1409 643 1478 ἡμᾶς
686 1407 994 1472 θεοσεϐείας
1040 1408 1303 1480 Ἀδριανῷ
1346 1408 1423 1480 τῷ
1460 1410 1609 1480 βασι-

25 1499 105 1550 at.
155 1497 286 1551 Hoc
317 1515 456 1552 anno
482 1499 712 1568 (Christi
743 1499 888 1570 154),
917 1500 1127 1571 Apelles
1168 1512 1217 1556 et
1259 1503 1459 1568 Aristo,
1486 1519 1611 1572 quo-

25 1603 129 1639 um
171 1591 420 1644 meminit
455 1592 510 1643 in
542 1607 640 1645 sua
677 1590 912 1647 Historia
945 1593 1319 1648 ecclesiastica
1348 1592 1606 1648 Eusebius

25 1678 322 1747 ’ampltili,
357 1680 554 1735 librum
598 1684 980 1755 apologeticum
1015 1703 1110 1756 pro
1148 1696 1330 1739 nostra
1356 1686 1606 1755 religione

26 1771 260 1826 udi-iano
289 1773 534 1844 Augusto
568 1779 866 1848 porrigunt.
892 1779 1091 1834 Verum
1128 1779 1398 1835 Eusebius
1430 1796 1602 1834 unum

1716 581 1896 636 adhuc
1939 588 2122 632 tamen
2153 583 2426 630 errantem
2461 581 2744 626 auctorem
2803 570 3011 633 videas,
3061 567 3293 638 ejusque

1715 672 2040 729 sententiam
2083 670 2305 739 integrae
2334 667 2558 723 sanitati
2597 664 2743 719 haud
2773 663 3117 726 restitutam;
3163 676 3292 715 cum

1714 764 1985 819 historica:
2006 761 2218 816 veritati
2239 759 2463 814 omnino
2476 766 2758 828 repugnet,
2785 754 3028 809 Adriano
3044 753 3293 824 Augusto

1713 856 2024 926 Apologiam
2077 869 2178 924 pro
2225 851 2542 907 Christiana
2586 849 2852 919 religione
2887 847 3152 902 obtulisse
3189 846 3294 901 ali-

1713 948 1933 1019 quando
1964 946 2275 1000 Aristonem
2305 943 2594 1008 Pellaeum;
2629 943 2682 997 id
2716 942 2906 996 saltem
2941 941 3176 996 Eusebio
3208 942 3291 994 in-

1713 1049 2074 1111 compertum,
2100 1039 2246 1093 unde
2269 1053 2366 1092 sua
2395 1037 2642 1091 Chronici
2665 1043 2860 1090 auctor
2881 1036 3133 1091 hausisse
3162 1051 3292 1104 pro-

1713 1134 1922 1200 ﬁtetur;
1957 1133 2099 1202 quod
2121 1130 2340 1201 quidem
2371 1130 2543 1184 miror
2571 1129 2748 1184 virum
2767 1129 3042 1184 eruditum
3064 1138 3290 1198 praster-

1712 1226 1860 1282 iisse.
1889 1223 2074 1295 Neque
2103 1223 2276 1294 magis
2318 1223 2495 1293 placet
2525 1222 2691 1278 Cavei
2719 1222 3058 1292 conjectura,
3092 1230 3290 1291 putan-

1711 1318 1896 1390 tis('55)
1915 1327 2197 1389 propterea
2217 1316 2386 1371 fuisse
2401 1316 2791 1372 hallucinatum
2809 1316 3284 1385 chronographum

1711 1412 1901 1476 istum,
1931 1411 2078 1481 quod
2131 1409 2393 1466 Aristidis
2433 1417 2489 1464 et
2529 1409 2804 1464 Aristonis
2830 1407 3010 1462 Pellaei
3064 1409 3286 1463 nomina
3349 1474 3352 1478 ,

1709 1521 1831 1575 qua:
1855 1507 1995 1574 apud
2023 1503 2314 1559 Eusebium
2339 1512 2637 1558 occurrunt
2658 1502 2792 1573 (56),
2817 1510 3022 1556 temere
3054 1501 3289 1556 confun-

1708 1597 1865 1662 dens,
1905 1596 2045 1650 duos
2077 1597 2200 1651 illos
2241 1595 2543 1665 scriptores
2567 1596 2727 1650 nobis
2761 1595 3098 1665 procuderit.
3149 1595 3288 1649 Illud

1707 1689 1892 1758 potius
1917 1689 2244 1758 putaverim,
2275 1698 2548 1743 auctorem
2584 1688 2729 1742 hunc
2761 1688 2827 1742 de
2859 1687 3096 1741 Aristide
3122 1694 3290 1756 atque

1708 1781 1987 1848 Quadrato
2017 1782 2217 1836 ibidem
2256 1796 2568 1835 sermonem
2603 1780 2804 1834 habere
2837 1779 3114 1844 voluisse,
3149 1795 3290 1844 quos

25 1862 268 1931 ipellem
301 1865 619 1922 luereticum
651 1870 1263 1940 memorat(55),ncque
1287 1871 1599 1926 Aristonem
1634 1869 1676 1922 B
1706 1882 1936 1928 noverat
1982 1889 2048 1927 ex
2080 1871 2320 1926 Eusebio
2349 1870 2633 1940 apologias
2677 1869 2990 1939 porrexisse
3019 1869 3285 1933 Adriano,

26 1956 263 2010 .bellum
304 1959 705 2029 apologeticum
758 1961 1001 2017 Adriano
1033 1964 1348 2020 exhibuisse
1386 1965 1597 2033 uspiam

25 2048 202 2103 radit.
221 2048 424 2105 Tentat
439 2053 658 2122 quidem
677 2053 856 2107 locum
869 2055 1158 2109 restituere
1174 2053 1454 2109 Fabricius
1471 2057 1608 2128 (3i);

25 2155 195 2208 aeque
211 2141 430 2196 dubitat
451 2144 584 2212 quin
611 2145 899 2213 legendum
925 2147 998 2201 sit
1025 2149 1053 2199 ὁ
1072 2148 1331 2212 Πελλαῖος
1348 2149 1609 2220 Ἀρίστων

25 2223 88 2292 ὗ,
126 2245 232 2299 pro
279 2232 542 2304 Ἀπελλῆς
574 2235 666 2288 καὶ
709 2237 969 2308 ’Δρίστων
993 2231 1097 2303 div;
1129 2255 1396 2309 suamque
1425 2256 1610 2295 emcn-

33 2321 294 2377 ationem
322 2341 388 2380 ex
413 2343 479 2381 eo
503 2329 817 2384 conﬁrmari
846 2333 1146 2398 existimat,
1174 2334 1319 2403 quod
1353 2334 1607 2404 sequitur

36 2413 324 2482 πιδίὸωσι,
357 2433 466 2473 non
493 2419 845 2474 ὲπιδιδοῦσιν.
885 2421 992 2477 Sed
1026 2422 1256 2480 frustra.
1286 2423 1437 2480 Licet
1461 2424 1606 2479 enim

1708 1980 2058 2036 quorumque
2106 1965 2255 2018 nulla
2297 1980 2431 2018 sane
2489 1963 2544 2016 in
2595 1978 2662 2016 eo
2741 1962 2985 2018 Post-Itali
3035 1960 3288 2016 Chtoniro

1709 2057 1952 2122 mentio;
1987 2055 2081 2111 sed
2119 2056 2380 2110 ιιιριιιοτίιι
2427 2055 2662 2124 lapsum,
2695 2053 2935 2123 Apellem
2975 2052 3134 2105 nobis
3164 2053 3289 2106 Ari-

1708 2128 2032 2218 stonemque
2079 2135 2412 2203 obtrudissc.
2459 2146 2605 2214 Quid
2632 2146 2878 2217 quaeris?
2925 2155 3097 2199 totam
3134 2145 3284 2198 illam

1712 2243 2004 2312 periochcn
2031 2243 2086 2296 in
2120 2242 2309 2296 codice
2342 2239 2838 2310 Holstenianojure
2867 2237 3166 2294 desiderari
3209 2246 3288 2290 te-

1711 2343 1888 2389 statur
1912 2335 1980 2389 cl.
2013 2334 2254 2405 Cangius
2295 2333 2431 2405 ('57).

25 2626 3266 2660 W

889 2827 1732 2960 ARISTONIS
1802 2830 2418 3015 BELL/EI

1230 3136 2103 3250 FRAGMENTA

997 3412 1204 3473 (Reum,
1232 3407 1465 3472 Reliquiaz
1487 3422 1662 3470 sacrm,
1687 3409 1887 3468 Oxouii,
1913 3409 2052 3469 l8”,
2079 3408 2118 3468 l,
2144 3407 2249 3469 9|.)

864 3579 959 3633 EX
1003 3579 1569 3634 DISPUTATIONE
1600 3576 1920 3634 JASONIS
1961 3578 2058 3632 ET
2103 3576 2423 3634 PAPISCI.

90 3703 304 3758 Memini
336 3719 421 3758 me
454 3704 654 3774 (inquit
686 3704 744 3760 S.
784 3704 1027 3772 llieron.,
1060 3707 1154 3760 lib.
1202 3722 1240 3760 ιι
1275 3707 1479 3760 Comm.
1515 3709 1584 3760 ad
1627 3707 1806 3762 Galat.
1843 3725 1964 3778 cap.
2013 3724 2094 3774 ιιι,
2124 3724 2328 3762 comm.
2362 3708 2452 3780 1⁸5)
2501 3710 2552 3764 in
2587 3709 2952 3763 Allercatione
2983 3707 3202 3762 Iasonis
3235 3716 3284 3758 et

25 3799 255 3869 Papisci,
283 3815 401 3870 quae
435 3799 625 3880 Grzego
668 3815 925 3856 sermone
974 3802 1286 3872 conscripta
1324 3811 1430 3870 est,
1462 3803 1537 3856 ita
1582 3804 1851 3872 reperisse
1893 3820 1906 3855 :

25 3896 325 3950 Maledictio
350 3894 448 3949 Dei
481 3898 572 3966 qui
599 3913 859 3966 appensus
893 3906 993 3950 est.
1037 3916 1056 3948 ι

1962 3823 1978 3854 ι
2021 3803 2273 3874 Λοιδορέα
2308 3802 2444 3856 θεοῦ
2471 3803 2583 3874 (58)
2613 3805 2641 3855 ὁ
2670 3805 3022 3875 κρεμάμενος
3043 3847 3058 3870 ,
3091 3804 3142 3858 id
3178 3811 3284 3864 est,

1393 3990 1477 4044 Ea:
1508 3993 1688 4046 eodem
1721 3994 1903 4064 Opere.

95 4106 234 4162 Idem
271 4123 486 4179 quoque
533 4109 590 4164 S.
628 4111 992 4183 Hieronymus
1039 4114 1095 4167 in
1140 4113 1533 4178 Qua’stionibus
1576 4116 1853 4171 Hebraicis
1902 4118 1955 4170 in
1994 4115 2254 4183 Genesin,
2290 4118 2406 4173 lucc
2449 4118 2655 4172 habet:
2693 4135 2712 4167 ί
2760 4115 2822 4169 1η
2853 4114 3112 4184 principio
3157 4112 3283 4182 fecit

29 4205 162 4258 Deus
191 4204 366 4259 calum
398 4216 447 4260 et
475 4216 692 4262 terram.
723 4207 977 4280 Plerique
1000 4211 1338 4273 existimant,
1370 4214 1513 4268 sicut
1552 4213 1605 4266 iu
1644 4213 2000 4267 Altercatione
2035 4229 2256 4284 quoque
2287 4213 2504 4266 Iasonis
2543 4223 2591 4266 et
2631 4212 2850 4281 Papisci
2881 4213 3146 4280 scriptum
3181 4224 3285 4275 est,

25 4313 76 4356 et
102 4299 462 4358 Tertullianus
498 4303 554 4357 in
587 4303 728 4360 libro
756 4315 942 4360 contra
968 4306 1238 4362 Praxeam
1261 4308 1526 4378 disputat,
1557 4327 1655 4365 nec
1697 4325 1806 4365 non
1842 4308 2081 4366 Hilarius
2115 4311 2169 4364 iu
2202 4311 2550 4381 expositione
2582 4310 2870 4379 cujusdam
2909 4309 3107 4381 psalmi
3137 4308 3284 4361 amr-

95 4456 212 4533 (§g)_
244 4457 432 4512 Chron.
455 4459 650 4514 Pasch.
671 4460 738 4516 ad
761 4477 891 4516 ann.
917 4461 953 4514 2
994 4459 1302 4533 Olympiad.
1329 4478 1592 4527 ccxxvm,
1622 4465 1664 4520 C
1699 4462 1869 4533 omnis
1913 4463 2099 4529 homo,
2131 4463 2232 4533 qui
2269 4463 2513 4531 pependit
2562 4463 2615 4514 in
2669 4462 2894 4533 lignog
2924 4459 3114 4533 ASieuti
3159 4476 3288 4513 vero

28 4542 78 4594 p.
111 4527 235 4583 255.

94 4595 204 4670 (ξᾷ)
243 4597 432 4670 Euseb.
466 4599 617 4654 Hist.
641 4600 768 4657 εει-Ι,
799 4602 894 4656 lib.
925 4618 978 4664 v,
1011 4617 1134 4670 cap.
1170 4602 1257 4657 15.

30 4667 211 4792 ﬁdit;
243 4668 446 4792 ςιὲὲνὶορ
471 4667 1166 4742 Delect.argum.etsyllob.
1193 4675 1442 4743 scriptor.
1465 4687 1585 4741 cap.

67 4777 80 4800 ,
115 4754 228 4808 pag.
258 4754 375 4793 τοο.

95 4808 202 4881 (ξὸ)
239 4808 362 4881 βιιν.
405 4809 547 4881 Hist.
584 4811 747 4864 litter.
776 4820 906 4864 tom.
944 4811 982 4876 I,
1019 4828 1137 4881 pag.
1170 4812 1257 4866 58.

97 4879 205 4952 (ξιξ)
241 4879 616 4952 Ιξιιδριμξιὶδι.
648 4881 800 4938 eccl..
829 4882 922 4935 lib.
958 4879 1030 4945 Iv,
1062 4899 1218 4952 capp.
1253 4885 1287 4937 ’5
1315 4892 1368 4939 et
1388 4884 1439 4936 6.

97 4949 205 5023 (ξ’ζ)
241 4948 401 5023 Calig.
437 4951 562 5023 Not.
595 4952 870 5023 itth/tron.
904 4948 1281 5023 Pascha—pag.
1310 4956 1442 5023 5'56.

99 5019 205 5088 (58)
235 5021 504 5088 Λοιδορία
541 5021 710 5075 Θεοῦ.
756 5021 1007 5088 Aquilam
1055 5032 1110 5078 et
1157 5019 1586 5079 Tli‘eodotionem

37 5090 144 5144 haec
194 5090 371 5144 eodem
424 5091 587 5144 modo
640 5092 970 5158 reddidisse,
1016 5109 1115 5147 nec
1167 5109 1273 5148 non
1326 5095 1586 5149 Ebionem

40 5160 456 5238 harpsiarchanr
483 5161 923 5238 interpretatum‘
955 5163 1155 5238 fuisse
1184 5182 1198 5217 :
1235 5166 1373 5238 _"Of.:t
1432 5165 1590 5238 ὕϐρις

34 5229 159 5281 Θεοῦ
190 5231 216 5282 ό
245 5231 602 5303 κρεμάμενος,
624 5232 674 5284 id
703 5243 804 5303 est,
834 5233 959 5303 quia
990 5233 1192 5301 injuria
1227 5234 1319 5288 Dei
1351 5246 1428 5288 est
1461 5229 1587 5290 siis-

40 5316 240 5375 pensus:
281 5299 914 5375 7Hierougmusibidem
963 5299 1214 5358 testatur.
1263 5305 1427 5375 Atqui
1477 5307 1590 5361 lucc

39 5361 481 5445 verbal’apiscum
511 5361 698 5445 Iasoni
735 5373 1004 5445 ohjecisse
1036 5375 1234 5445 colligo
1267 5390 1330 5429 ex
1352 5361 1590 5430 'Tertul-

40 5439 164 5512 liani
188 5440 273 5494 lib.
296 5452 477 5494 contra
513 5440 731 5496 Judwos
753 5439 873 5510 cap.
904 5443 1000 5508 10,
1031 5445 1134 5498 sub
1169 5439 1337 5512 ‘cujus
1369 5447 1587 5500 initium

44 5515 106 5584 ita
141 5508 669 5584 Judteosalloquitur
706 5530 718 5565 :
754 5531 774 5563 ι
816 5508 890 5567 De
938 5515 1086 5568 exitu
1122 5508 1282 5584 plane
1312 5517 1589 5584 passionis

40 5579 150 5643 ejus
183 5581 463 5652 ambigitis,
496 5579 757 5652 negantes
789 5584 1095 5651 passionem
1123 5579 1392 5639 erucis-in
1426 5585 1588 5638 Chri-

42 5655 172 5702 stum
213 5651 588 5724 praedicatam,
635 5661 703 5724 et_
739 5663 1181 5724 argumentautes
1222 5657 1444 5724 insuper
1478 5672 1584 5710 non

42 5733 150 5795 esse
179 5722 513 5795 credendum,
541 5731 601 5776 ut
639 5720 706 5775 ad
753 5720 1014 5795 idfgenus
1045 5725 1238 5795 mortis
1272 5720 1589 5795 exposuerit

47 5785 174 5856 Deus
208 5790 390 5858 [filiuni
437 5807 633 5860 suum,
674 5793 820 5869 quod
843 5785 980 5868 ipse
1023 5794 1161 5863 dixit
1209 5816 1220 5852 :
1267 5785 1586 5858 .lla'lcdictus

1698 4532 2076 4588 Tertullianus
2111 4533 2177 4586 ad
2224 4532 2366 4586 hanc
2415 4533 2780 4598 objectionem
2824 4531 3023 4584 ibidem
3061 4545 3287 4598 respon-

1691 4604 1814 4667 det;
1857 4603 2130 4671 integrum
2178 4601 2582 4671 Deuteronomii
2635 4610 2866 4664 textura,
2903 4616 2968 4653 ac
3003 4601 3114 4653 hmo
3149 4616 3286 4667 quo-

1691 4687 1797 4742 que
1829 4670 2065 4726 recitans
2101 4689 2114 4726 :
2145 4670 2461 4742 Met/edictus
2506 4689 2538 4725 a
2577 4671 2686 4724 Deo
2711 4681 2788 4742 est
2820 4671 2990 4723 omnis
3034 4671 3126 4742 qui
3166 4687 3286 4742 sus-

1688 4739 1878 4810 pensus
1917 4741 2080 4809 fuerit
2119 4743 2174 4793 in
2218 4741 2393 4810 ligno,
2423 4750 2555 4808 etc.,
2603 4742 2675 4794 ita
2715 4741 2971 4796 Jasouem
3033 4739 3174 4793 idem
3207 4739 3286 4793 l'e-

1691 4809 1838 4867 eisse
1877 4811 2158 4880 probabile
2206 4809 2308 4865 est.
2349 4811 2485 4867 Dum
2537 4821 2718 4881 autem
2753 4827 2915 4866 unam
2950 4821 3111 4881 atque
3149 4809 3284 4864 alte-

1690 4898 1808 4935 ram
1844 4883 2097 4946 istarum,
2131 4897 2251 4951 qua:
2274 4897 2339 4935 ex
2375 4882 2649 4943 Aristonis
2685 4880 2862 4936 Pellaei
2906 4880 3286 4951 Disputat_i0ne

1692 4962 1876 5006 contra
1902 4951 2121 5007 Judwos
2148 4949 2398 5017 allegatae
2433 4962 2583 5012 sunt.
2617 4949 3014 5006 sententiarum
3059 4952 3110 5003 iu
3149 4949 3282 5004 Ter-

1691 5023 1901 5079 tulliani
1939 5023 2078 5092 libro
2120 5029 2299 5074 contra
2325 5019 2532 5077 Judwos
2575 5023 2927 5092 deprehendi,
2964 5023 3278 5092 memoriam

1691 5093 1861 5147 subiit
1890 5107 2011 5147 mos
2043 5091 2159 5146 Afri
2197 5093 2359 5162 hujus
2401 5090 2710 5160 scriptoris,
2745 5101 3005 5161 perpetuo
3041 5090 3152 5162 fere
3185 5106 3275 5162 rei

1690 5172 1853 5228 teres,
1899 5165 1994 5233 qui
2049 5172 2176 5221 aute
2230 5158 2406 5230 ipsum
2458 5158 3167 5233 scripserantpimitantis.
3224 5158 3279 5233 ιιι

1689 5233 1838 5304 quod
1863 5230 1947 5288 vel
1979 5249 2044 5287 ex
2084 5234 2329 5304 ipsoillo
2361 5243 2550 5304 contra
2577 5230 2817 5304 ‘Judzeos
2845 5232 2988 5304 libro
3020 5239 3188 5304 patet_,
3223 5230 3277 5283 iu

1689 5298 1801 5374 quo
1838 5304 2070 5374 plurima
2098 5298 2163 5358 ex
2197 5303 2399 5357 Justini
2432 5302 2687 5374 Martyris
2728 5301 2952 5374 Dialogo
2993 5298 3112 5374 cum
3147 5298 3252 5368 Try

1689 5372 1857 5442 phone
1887 5373 2080 5427 Iudico
2127 5373 2492 5440 transcripsit.
2529 5372 2669 5437 Quid
2718 5373 2763 5425 si
2814 5373 2978 5442 igitur
3005 5372 3276 5431 dicamus,

1690 5445 1898 5523 aliqua,
1946 5460 2069 5523 qine
2111 5445 2172 5523 in
2229 5442 2466 5523 Dialogo'
2497 5442 3174 5523 isto.nonhrepcriuutur,
3209 5456 3277 5523 ea

1695 5509 2064 5582 Disputatione
2095 5512 2313 5566 Iasonis
2340 5509 2634 5582 Christiani
2665 5521 2714 5564 et
2749 5509 2966 5582 Ραρῖπὶ
2995 5509 3174 5564 Judwt'
3194 5512 3278 5582 Vah

1690 5581 1942 5636 AriStone
1983 5585 2292 5650 conscripta
2324 5597 2448 5636 eum
2497 5581 2905 5650 deprompsisse
2950 5591 3003 5635 et
3049 5581 3274 5650 ulterius

1689 5653 2058 5721 dilucidasse?
2103 5647 2375 5715 Grabius,
2410 5653 2476 5706 ad
2525 5647 2646 5721 pag.
2687 5647 2789 5705 132
2833 5662 2887 5706 et
2918 5652 3058 5711 240.
3092 5652 3198 5704 vol.
3233 5647 3273 5702 ll

1692 5720 1964 5802 Spicilegii
2009 5721 2267 5802 Ifatrunt,
2319 5722 2408 5802 ubi
2452 5720 2689 5802 ad_'_pa_g.
2730 5721 2832 5775 1‘27
2865 5732 2918 5785 et
2961 5737 3113 5802 seqq.
3165 5721 3273 5775 l'ra-

1690 5792 1905 5872 gmcnta
1945 5792 2109 5873 hujus
2141 5794 2425 5861 scriptoris
2454 5793 2696 5861 collegit,
2885 5833 2890 5838 .
