3994 6318
1471 479 2094 572 ELENCHUS
2169 487 2604 577 RERUM

907 851 1145 941 ρυλε
1201 850 1325 928 IN
1385 851 1616 927 HOC
1670 852 2235 934 VOLUMINE
2292 857 3145 942 CONTINENTUB.

372 1708 740 1768 DODWELLI
767 1709 1188 1770 Dissertationes
1221 1709 1559 1783 Cyprianicze
1589 1716 1717 1763 tres.
2086 1704 2164 1762 De
2189 1705 2412 1764 decreto
2434 1707 2594 1767 unico
2623 1707 2767 1782 quod
2793 1705 2956 1768 CAlO
2996 1709 3342 1781 adscribitur,
3368 1711 3513 1770 circa
3541 1711 3688 1772 ordi-

378 1805 565 1862 SIXTI
593 1820 747 1878 papae
771 1804 816 1859 ll
835 1804 1098 1876 Epistolaa
1125 1803 1306 1861 dubia:
1327 1819 1450 1860 cum
1474 1798 1721 1873 Dionysii
1746 1797 1982 1854 Alexan-
2228 1800 2458 1858 nandos.

518 1898 658 1954 drini
680 1897 1045 1968 Fragmentis.
2084 1890 2222 1948 CAII
2254 1908 2403 1964 papae
2429 1893 2671 1966 Epistola
2698 1894 2765 1952 ad
2786 1894 3024 1953 Felicem
3048 1897 3385 1970 episcopum.

377 1993 558 2051 Sancti
605 1991 905 2049 DIONYSII
934 1991 1146 2050 romani
1184 1990 1454 2064 pontiﬁcis
1493 1991 1758 2048 adversus
1785 1987 1981 2046 Sabel-
2085 1983 2514 2049 COMMODIANI
2543 1987 2927 2047 lnstructiones
2950 1989 3210 2049 adversus
3255 1991 3506 2050 Gentium
3555 1992 3689 2050 deos

518 2085 691 2141 lianos
721 2085 1124 2156 Fragmentum.
2225 2096 2324 2152 pro
2365 2081 2661 2139 christiana
2687 2082 2973 2155 disciplina
3004 2100 3016 2137 :
3050 2099 3147 2154 per
3177 2083 3385 2142 litteras
3428 2101 3688 2144 versuum

375 2177 671 2236 DlONYSII
708 2177 1182 2235 ALEXANDRINI
1207 2177 1446 2250 episcopi
1473 2176 1541 2233 ad
1561 2176 1870 2249 Dionysium
1894 2191 1982 2232 ro-
2226 2176 2448 2246 primas.

526 2287 743 2327 manum
775 2273 1121 2343 Fragmenta.
2086 2268 2364 2326 ANTONII
2404 2268 2636 2327 Carmen
2663 2271 2925 2329 adversus
2952 2282 3165 2344 gentes.

455 2364 757 2422 Concilium
781 2381 1062 2422 romanum
1092 2367 1145 2422 in
1175 2381 1334 2422 causa
1367 2363 1606 2438 Dionysii
1630 2363 1982 2426 Alexandrini
2084 2361 2270 2422 Sancti
2311 2359 2660 2424 VICTORINI
2702 2364 2974 2437 martyris,
2995 2365 3400 2436 petavionensis
3426 2366 3686 2441 episcopi,

518 2457 588 2514 de
619 2458 1032 2516 Sabellianismo
1063 2460 1298 2516 accusati
1329 2460 1567 2516 habitum
1592 2475 1735 2515 anno
1761 2473 1978 2528 ccum,
2229 2454 2615 2528 Fragmentum
2645 2457 2715 2514 de
2748 2458 2970 2514 Fabrica
3010 2457 3219 2515 mundi.

523 2561 768 2622 tempore
791 2553 1032 2625 Dionysii
1061 2569 1234 2624 papae.
2085 2550 2267 2607 Sancti
2332 2549 2675 2606 VlCTOBINl
2736 2549 2956 2608 Scholia
3012 2552 3067 2607 in
3117 2552 3480 2626 Apocalypsin
3544 2550 3689 2609 beati

373 2645 557 2702 Sancti
587 2645 854 2702 FELlClS
886 2662 1034 2716 papae
1065 2645 1324 2717 Epistolze
1353 2647 1534 2703 dubia:
1563 2658 1814 2720 quatuor.
2227 2642 2474 2699 Joannis.

375 2741 453 2795 De
481 2749 670 2796 sancto
700 2737 1144 2804 EUTYCHIANO
1173 2756 1328 2813 papm
1354 2741 1590 2798 decretis
1618 2741 1922 2810 adscriptis.
2085 2736 2438 2795 MAGNETIS
2479 2736 2886 2811 Fragmentum.

372 2832 430 2888 S.
461 2831 891 2890 EUTYCHIANI
917 2848 1067 2904 papae
1093 2832 1412 2891 Exhortatio
1440 2835 1508 2891 ad
1540 2835 1886 2912 presbyteros
1913 2850 1983 2892 ex
2086 2831 2364 2890 ARNOBII
2411 2833 2524 2890 Afri
2556 2833 2985 2906 Disputationum
3029 2833 3288 2892 adversus
3331 2842 3522 2908 gentes
3561 2832 3688 2891 libri

514 2925 736 2998 antiquo
760 2927 947 2984 codice
973 2927 1255 2985 Vaticano.
2227 2935 2456 3000 septem.
2643 2990 2663 2998 η

373 3019 433 3078 S.
462 3018 890 3079 EUTYCHIANI
916 3035 1069 3100 papa!
1095 3020 1337 3098 Epistula
1361 3031 1418 3082 et
1441 3021 1663 3087 decreta
1685 3023 1868 3084 dubia.
2156 3020 2495 3094 Appendices
2521 3030 2580 3080 et
2605 3020 2812 3086 iudices
2837 3021 2906 3082 ad
2927 3022 3151 3084 Aruobii
3176 3022 3346 3082 libros
3375 3029 3608 3094 septem.

2016 5777 2326 5848 Succursale,
2350 5794 2412 5833 au
2434 5780 3352 5848 Petit:llop_trouge,_de_l’ynprimerie
3374 5780 3439 5831 de
3456 5779 3617 5840 Sirou,

2443 5859 2535 5899 rue
2555 5846 2648 5898 des
2673 5844 2880 5910 Noyers,
2900 5845 2980 5911 37,
3001 5845 3030 5896 a
3052 5844 3210 5897 Paris.
