3994 6318
299 325 736 340 m

220 347 616 378 ﬂ:

1647 322 3076 332 mm

464 557 525 630 θ
616 355 1853 652 DISSEm'

1969 480 2277 646 διο
2371 480 3149 647 PRIMA

299 334 318 338 η
609 331 620 333 _
685 325 736 333 ,ί
1127 323 1162 331 ..
1629 322 3096 332 ---..__..-_._.__...._______..___.___._____-
3433 329 3436 332 ,

829 355 908 361 __
1841 350 3470 362 _....______________.______.._,___._,___-,-

220 318 3521 378 ψ

846 823 1127 969 AD
1200 820 1579 969 SAN
1589 816 1921 968 ΟΤΙ
1963 815 2857 969 CYPRIAN
2865 823 2933 966 Ι

1231 1097 1885 1258 EPISTOLAM
1918 1095 2496 1282 0G’MVAM,

1488 1354 2283 1440 AUCTonuiipowecLo,

230 1529 329 1594 DE
368 1525 849 1603 VISIONIBUS,
895 1522 1161 1600 UTQUE
1202 1519 1597 1586 VISIONUM
1644 1517 1973 1585 SUARUM
2004 1519 2261 1582 FIDEM
2305 1517 2933 1584 COMPROBARINT
2979 1521 3369 1601 VETERES,
3402 1542 3547 1590 ETC.

836 1699 1828 1744 4

234 1881 262 1958 ς
289 1884 345 1940 1.
388 1880 747 1939 Permansisse
781 1882 1003 1940 visiones
1022 1893 1069 1940 et
1090 1887 1228 1940 dona
1249 1882 1551 1955 prophetica
1580 1897 1612 1936 a
1648 1888 1841 1951 tempo-
1867 1877 1921 1938 Α
1949 1842 1953 1847 1

298 1974 441 2030 ribus
466 1975 830 2047 Apostolorum
870 1991 1030 2047 usque
1063 1976 1132 2029 ad
1166 1973 1485 2048 Cyprianum
1520 1990 1585 2031 ea:
1624 1983 1834 2027 auclore

301 2070 709 2144 Apocalypseos,
737 2068 998 2125 Hermete.
1022 2100 1093 2111 —
1115 2068 1144 2142 §
1170 2070 1227 2125 2.
1260 2068 1518 2124 Clemente
1539 2067 1775 2123 Romano
1796 2073 1842 2120 et

307 2172 515 2218 auctore
542 2161 726 2217 Esdra:
763 2160 1080 2234 Apocryphi.
1122 2191 1195 2203 —
1230 2159 1259 2233 §
1298 2163 1352 2216 3.
1392 2160 1618 2232 lgnatio.
1645 2156 1838 2229 ——§4.

316 2252 606 2319 Quadrato,
632 2251 865 2324 Philippi
882 2253 1317 2323 ﬁliabus,Ammia
1336 2249 1778 2321 Philadelphiensi
1797 2257 1844 2305 et

314 2342 629 2416 Polgcarpo.
659 2375 730 2388 ——
749 2342 777 2416 §
798 2344 849 2399 5.
876 2343 1085 2399 Iustino
1111 2343 1361 2416 Martyre.
1386 2341 1498 2415 —-§
1519 2342 1572 2399 6.
1601 2340 1845 2397 Melitone

313 2434 895 2502 Sardensi,Alexandro
915 2434 1144 2507 Phryge,
1171 2434 1365 2500 Attalo,
1390 2435 1705 2506 aliisque.-—
1728 2432 1756 2505 §
1786 2433 1842 2488 'l.

315 2526 539 2584 Irena’o.
564 2526 687 2600 —§
720 2529 775 2584 8.
802 2526 1060 2599 Perpetua
1081 2537 1127 2582 et
1151 2527 1364 2583 Saturo.
1393 2526 1517 2582 Non
1541 2527 1707 2594 fuisse
1728 2526 1845 2581 illos

314 2621 681 2677 Hontanistas.
700 2651 776 2662 —
794 2621 823 2694 §
842 2622 897 2678 9.
925 2619 1114 2676 Verum
1141 2638 1242 2676 non
1267 2630 1360 2684 est,
1375 2621 1610 2676 relictum
1641 2619 1691 2674 Μ
1698 2630 1848 2676 anta-

314 2714 464 2769 nistis
486 2713 547 2768 ab
564 2712 795 2769 Ecclesia
825 2713 1211 2783 praphetiarunt
1233 2713 1390 2783 (uisse
1429 2722 1753 2784 praetextum.
1775 2742 1849 2756 --

312 2806 462 2879 §i0.
500 2805 690 2863 Contra
719 2814 834 2874 post
872 2806 1144 2877 imperium
1181 2803 1483 2870 Commodi,
1514 2822 1572 2860 eo
1608 2806 1721 2877 ipso
1761 2822 1851 2861 ar-

316 2908 561 2970 gumento
584 2888 881 2971 refutarunl
901 2896 1339 2953 Hon'anistarum
1361 2898 1650 2969 prophetias
1673 2900 1850 2954 cat/too

315 2990 439 3052 lici.
462 2991 601 3060 quod
633 3007 767 3046 verte
792 2992 1078 3062 praphetite
1118 2993 1310 3046 donum
1346 2992 1402 3046 in
1440 2991 1670 3048 Ecclesia
1711 2990 1845 3047 Per-

317 3092 525 3151 petuunt
571 3083 805 3154 futurum
844 3093 1006 3151 esset;
1047 3100 1165 3138 cum
1200 3094 1370 3140 tamen
1412 3083 1852 3141 Montanistarum

321 3173 448 3229 illud
453 3176 573 3246 jam
597 3176 777 3248 {uisset
799 3175 1204 3249 extinctunt.—§
1228 3178 1249 3232 1
1269 3179 1284 3233 1
1304 3219 1315 3232 .
1338 3176 1424 3232 Ita
1440 3177 1671 3233 Asterius
1687 3176 1854 3233 Urba-

322 3283 435 3325 nus.
457 3266 910 3340 Epiphanius.—§
928 3267 1110 3333 12,15.
1129 3267 1319 3323 Auctor
1331 3269 1571 3324 Actorum
1587 3268 1855 3341 Perpetua:

1849 1693 1943 1738 Oti

1908 1694 2922 1739 w—

2017 1880 2117 1928 tate
2143 1872 2489 1928 commendari
2515 1889 2617 1927 non
2651 1880 2868 1944 poterat.
2900 1902 2967 1913 —
2997 1872 3025 1946 §
3078 1873 3161 1930 i0.
3202 1874 3435 1932 Visiones
3452 1877 3546 1948 ju-

2017 1984 2196 2023 venum
2242 1978 2384 2022 erant
2436 1967 2680 2039 propriis.
2721 1966 2857 2039 -—-§
2918 1968 3009 2034 41,
3037 1968 3128 2024 42.
3186 1971 3324 2038 Quid
3349 1971 3415 2025 de
3441 1972 3547 2026 illis

2017 2062 2333 2118 sentiendum
2362 2061 2449 2131 qui
2483 2061 2778 2132 prophetias
2817 2060 2935 2116 illas
2978 2064 3303 2133 antiquorum
3329 2064 3549 2120 ludibrio

2018 2153 2306 2207 habuerint.

2020 2240 2115 2317 μ.
2138 2244 2335 2299 -Νοιι
2354 2244 2591 2315 estquod
2618 2244 2704 2300 hic
2726 2244 3096 2314 rabbinorum,
3116 2247 3435 2317 aliorumve,
3460 2251 3552 2321 qui

1947 2340 2231 2408 prophetia
2284 2347 2511 2408 rgerunl.
2551 2338 2960 2410 visionibusque
2985 2339 3351 2410 pi-Opheticis,
3401 2356 3557 2398 com-

1947 2431 2259 2502 pilationem
2300 2431 2468 2487 lector
2494 2441 2762 2501 expectet.
2794 2430 2903 2487 Nos
2929 2448 2993 2488 ea
3025 2441 3231 2489 tantum
3270 2435 3559 2505 seligemus

1947 2537 2067 2594 quae
2094 2522 2163 2577 ab
2187 2521 2413 2578 eruditis
2458 2524 2859 2593 praetermissa,
2913 2525 3222 2581 nondumve
3264 2526 3397 2581 satis
3442 2527 3561 2582 ani-

1948 2615 2227 2671 madversa
2279 2627 2426 2681 sunt,
2457 2617 2599 2687 quod
2631 2617 2831 2684 sciam,
2858 2633 2978 2687 qua:
3012 2629 3188 2674 tamen
3220 2619 3288 2674 ad
3321 2620 3463 2675 illius
3490 2619 3560 2676 de

1950 2725 2057 2781 quo
2096 2709 2304 2780 agimus
2334 2710 2513 2765 saeculi
2546 2707 2825 2765 historiam
2854 2708 3058 2780 aliquid
3105 2711 3429 2768 videbuntur
3458 2713 3558 2768 ha-

1951 2799 2082 2857 bere
2109 2801 2391 2856 momenti.

2022 2892 2159 2949 Male
2187 2895 2365 2963 itaque
2395 2892 2596 2948 faciunt
2623 2892 2821 2948 eruditi
2850 2894 3082 2965 quiquae
3114 2894 3300 2966 legunt
3330 2897 3382 2951 in
3415 2896 3560 2952 illius

1951 2985 2139 3041 saeculi
2179 2984 2490 3039 auctoribus
2516 2984 2585 3039 de
2633 2984 2970 3053 visionibus,
3021 3000 3085 3041 ea
3133 2987 3199 3041 ad
3245 2987 3555 3043 Montanum

1954 3082 2177 3138 trahunt
2205 3090 2364 3152 atque
2392 3082 2768 3147 montanistas,
2799 3082 2952 3153 quasi
2982 3097 3111 3137 vero
3138 3082 3205 3138 ab
3237 3083 3367 3154 ipsis
3395 3099 3565 3155 usque

1954 3174 2323 3245 apostolorum
2359 3174 2689 3244 temporibus
2711 3173 2947 3229 visiones
2999 3174 3051 3228 in
3086 3173 3325 3231 Ecclesia
3353 3175 3571 3232 defece-

1954 3269 2085 3336 rint,
2128 3272 2416 3338 omnisque
2445 3281 2627 3321 carum
2669 3276 2960 3336 praetextas
2989 3266 3042 3321 in
3073 3268 3303 3323 ecclesia
3336 3283 3560 3339 suspec-

322 3367 370 3414 et
398 3358 822 3433 Felicitatis.—§
844 3362 930 3417 14.
970 3359 1199 3417 Visiones
1217 3359 1426 3417 Natalis
1441 3374 1489 3417 et
1515 3362 1847 3433 Potamiente,
1880 3366 1928 3428 B
1958 3372 2042 3418 tus
2070 3360 2231 3416 fuerit
2253 3372 2417 3432 atque
2447 3360 2803 3430 improbatus,
2834 3361 3075 3433 solisque
3104 3362 3449 3419 tnontanistis
3477 3378 3563 3420 re-

322 3456 480 3527 deque
517 3456 816 3512 Alexandro
859 3454 1361 3528 Hierosolymorum,
1409 3455 1644 3512 Fabiano
1672 3456 1855 3514 Romae

322 3549 687 3609 constituendis
718 3547 1008 3619 Episcopis.
1026 3548 1148 3621 —§
1179 3548 1267 3605 15.
1290 3549 1533 3621 Agnoscit
1561 3551 1855 3621 prophetias

327 3640 592 3712 Origenes.
615 3637 740 3711 -ς
768 3638 851 3694 16.
905 3638 1203 3693 Declinatur
1245 3641 1586 3696 testimonium
1623 3640 1857 3715 Gregorii

325 3728 556 3802 Νεμεεηὶ
576 3729 641 3786 de
661 3729 724 3788 S.
750 3728 997 3802 Gregorio
1020 3728 1425 3805 Thaumaturgo.
1441 3762 1514 3774 —
1542 3734 1571 3807 ᾗ
1594 3735 1676 3789 17.
1717 3734 1855 3791 Visio

328 3824 563 3896 Dionysii
606 3824 961 3879 Alexandrini.
994 3823 1116 3897 -ς
1153 3824 1238 3889 18,
1286 3825 1375 3891 19,
1412 3825 1503 3891 20,
1542 3827 1631 3884 21.
1687 3827 1856 3884 Visio-

323 3934 420 3973 nes
450 3918 612 3988 ipsius
655 3915 923 3989 Cypriani.
970 3917 1098 3989 --§
1149 3919 1241 3974 22.
1294 3918 1432 3975 Visio
1463 3921 1569 3976 alia
1625 3922 1859 3995 Dionysii

322 4008 908 4082 Alexandrini.—§23.
944 4007 1172 4066 Visiones
1197 4012 1369 4083 palam
1389 4014 1644 4068 enuntiari
1672 4015 1856 4084 solitte,

328 4103 493 4175 idque
505 4113 623 4158 ante
648 4112 901 4160 eventum.
928 4132 1000 4144 ——
1028 4102 1168 4177 §24.
1206 4104 1272 4160 Ut
1299 4106 1494 4176 fraudi,
1524 4107 1579 4161 in
1609 4090 1861 4163 visionum

331 4209 580 4267 priuauit
598 4240 613 4268 ,
651 4199 947 4253 subventum
984 4200 1070 4254 sit.
1098 4229 1168 4239 —
1188 4197 1216 4272 §
1235 4198 1327 4265 25,
1359 4199 1452 4264 26,
1480 4200 1571 4256 27.
1604 4200 1681 4257 De
1706 4219 1862 4275 argu—

331 4292 513 4347 ruentis
536 4290 717 4363 quibus
729 4290 1026 4363 probaretur
1044 4292 1295 4347 visionum
1315 4293 1461 4362 ﬁdes,
1481 4296 1758 4365 praesertim
1778 4298 1861 4350 in-

329 4383 584 4440 trinsecis.
621 4382 826 4439 Donum
859 4384 1228 4456 cogitationum
1270 4376 1756 4457 patefaciendarum.
1793 4418 1864 4428 -—

333 4475 480 4550 528,
510 4476 603 4545 29,
629 4477 722 4534 30.
767 4475 1081 4533 Futurorum
1135 4478 1589 4549 prtedicendorum.
1639 4478 1861 4549 Futura,

1957 3454 2136 3509 licius.
2167 3452 2308 3508 Nihil
2353 3464 2435 3508 est
2463 3453 2686 3507 omnino
2730 3467 2827 3507 cur
2872 3452 2946 3507 ita
2985 3455 3243 3510 sentiant.
3285 3454 3469 3510 Potius
3508 3456 3563 3511 in

1957 3549 2103 3604 omni
2132 3547 2225 3602 illo
2252 3547 2555 3613 intervallo,
2587 3547 2658 3601 ab
2695 3547 2953 3617 apostolis
3000 3547 3069 3603 ad
3100 3548 3428 3620 Cyprianum
3473 3565 3565 3606 us-

1958 3657 2083 3713 que,
2124 3648 2417 3713 perpetnus
2457 3650 2573 3695 erat
2613 3640 2879 3695 visionum
2933 3654 3096 3710 usus,
3138 3656 3459 3713 semperque
3498 3645 3568 3699 ab

1962 3734 2201 3791 Ecclesia
2229 3734 2506 3805 probatus.
2539 3732 2651 3790 Sub
2667 3734 2820 3804 primi
2847 3733 3030 3789 surculi
3062 3734 3222 3790 linem
3251 3738 3450 3807 scripta
3472 3737 3564 3793 illa

1960 3838 2072 3894 est,
2122 3843 2282 3898 quam
2333 3827 2593 3883 habemus
2637 3827 3025 3899 Apocalypsis,
3056 3828 3172 3884 sive
3200 3828 3266 3884 ab
3296 3830 3562 3899 apostolo,

1962 3935 2057 3977 seu
2088 3919 2224 3977 forte
2253 3936 2281 3973 a
2320 3918 2527 3975 Joanne
2568 3921 2887 3992 presbytero
2909 3961 2923 3985 ,
2955 3936 3075 3990 qua:
3103 3931 3279 3977 tatnen
3310 3922 3486 3978 omnis
3513 3924 3568 3978 iu

1964 4013 2232 4069 visionum
2274 4020 2592 4084 argumento
2630 4023 2898 4068 versatur.
2949 4012 3151 4069 Eodem
3186 4013 3404 4070 circiter
3435 4025 3568 4070 tem-

1968 4120 2097 4176 pore
2124 4104 2406 4160 Pastorem
2433 4120 2588 4159 suum
2638 4104 2854 4175 scripsit
2885 4104 3134 4165 Hertues.
3164 4105 3264 4160 sub
3289 4104 3570 4162 Clemente

1965 4197 2110 4253 enim
2139 4197 2425 4268 scripsisse
2445 4207 2658 4253 constat
2688 4215 2754 4254 ex
2783 4199 2919 4253 libro
2948 4198 3121 4268 primo
3152 4199 3354 4255 Vision.
3377 4242 3392 4266 ,
3424 4216 3479 4255 n.
3507 4200 3565 4255 2.

1965 4289 2079 4346 Nec
2118 4300 2202 4345 est
2227 4289 2371 4361 quod
2418 4306 2696 4346 moremur
2736 4291 3041 4346 recentiora
3083 4291 3172 4345 illa
3220 4290 3565 4363 Pontiﬁcalis,

1966 4384 2265 4439 carminum
2318 4382 2577 4439 adversus
2615 4383 2913 4440 Macionem
2952 4394 3042 4440 aut
3087 4401 3206 4456 qua:
3261 4386 3340 4441 Pii
3372 4402 3569 4444 nomen

1968 4477 2217 4535 feruntur
2250 4478 2599 4547 epistolarum
2650 4478 2715 4533 ad
2755 4477 2964 4534 Justum
3011 4477 3394 4545 Viennensem,
3446 4481 3571 4538 lidei

327 4584 452 4641 quia
501 4570 631 4624 vires
690 4569 881 4641 alioqui
951 4579 1147 4625 creatas
1199 4587 1299 4625 non
1329 4572 1643 4639 eacederent,
1671 4574 1735 4627 ab
1762 4574 1866 4629 alio
1969 4571 2150 4627 omnia
2177 4580 2471 4640 suspectat,
2524 4570 2851 4625 testimonia.
2887 4571 3056 4643 llujus
3084 4587 3220 4641 opus
3246 4587 3369 4628 cum
3400 4573 3572 4629 tribus

331 4673 533 4731 tamen,
558 4673 895 4735 prwterquam
924 4661 1033 4718 Deo
1059 4662 1295 4734 praedici,
1327 4682 1389 4720 ea:
1415 4664 1557 4720 illius
1599 4667 1693 4722 levi
1722 4669 1865 4738 prin-

1969 4675 2183 4722 constet
2226 4666 2398 4735 libris,
2447 4665 2652 4736 primus
2695 4666 2959 4721 visionum
2994 4666 3207 4720 titulum
3238 4683 3346 4737 pra:
3368 4683 3426 4720 se
3448 4666 3572 4732 l‘ert,

328 4756 517 4829 cipiis,
556 4772 656 4812 non
691 4767 942 4826 poterant.
995 4788 1066 4797 —
1112 4756 1259 4828 §5L
1318 4756 1516 4813 Eodem
1550 4760 1720 4830 redit,
1768 4761 1872 4816 sive
1896 4761 1942 4826 C
1972 4766 2226 4827 totusque
2265 4766 2348 4812 est
2393 4758 2445 4811 in
2487 4772 2552 4813 eo
2582 4767 2921 4829 argumento.
2952 4757 3010 4812 ln
3043 4756 3279 4813 secundo
3317 4760 3477 4814 etiam
3506 4757 3575 4813 de

330 4867 365 4904 a
412 4846 528 4903 Deo
566 4849 677 4917 ipso
716 4850 1023 4913 immediate,
1059 4851 1101 4904 si
1131 4851 1234 4905 sive
1281 4846 1448 4905 media
1493 4850 1668 4922 aliqua
1723 4869 1867 4907 crea-

1974 4852 2361 4924 prophetarutn
2434 4852 2828 4922 Spirituumque
2898 4867 3150 4908 verorum
3212 4851 3578 4922 falsorumque

339 4954 465 4998 tura
491 4945 712 4999 revelata
758 4945 966 5017 fuerint.
1001 4944 1123 5017 -θ
1178 4945 1268 5001 ⁸52.
1318 4944 1669 5017 ligpotheseos
1714 4946 1869 5018 hujus
1972 4944 2318 5000 distinctione
2363 4945 2474 5015 agit
2516 4960 2584 4999 ex
2629 4943 2878 5012 professo
2930 4944 3204 5017 (Mandat.
3232 4988 3246 5012 ,
3294 4945 3378 5011 11,
3436 4946 3502 5000 12
3531 4943 3572 5017 ).

336 5052 458 5091 cum
494 5036 841 5107 pluenomenis
866 5038 1132 5093 consensio
1152 5039 1376 5094 veritatis
1402 5050 1753 5112 argumentum
1773 5051 1866 5098 est.

1975 5037 2242 5105 Quorsum
2302 5037 2455 5104 illud,
2496 5038 2595 5092 nisi
2643 5052 2895 5093 verorum
2936 5052 3151 5109 quoque
3196 5038 3577 5109 prophetarum

338 5161 412 5171 —
440 5131 473 5204 §
499 5132 590 5187 33.
620 5130 705 5187 Ea:
730 5131 948 5186 aliarum
979 5133 1366 5203 prophetiarunt
1421 5135 1524 5203 liae
1567 5143 1623 5190 ut
1653 5135 1872 5188 aliarunt
1976 5129 2118 5186 dOna
2163 5143 2402 5198 eousque
2432 5130 2484 5183 iit
2520 5129 2760 5184 Ecclesia
2811 5131 3173 5199 permansisse
3218 5130 3578 5187 credidisset?

342 5223 504 5293 [idem
541 5224 907 5279 adstruxerim.
930 5253 1002 5264 —
1031 5224 1059 5297 §
1087 5227 1176 5281 3i.
1230 5223 1471 5280 Verorum
1511 5227 1874 5297 prapltetorum
1985 5224 2137 5281 Hunc
2167 5222 2479 5279 Blondellus
2513 5223 2774 5277 larvatum
2808 5223 3122 5293 prophetam
3168 5225 3580 5278 sontniatorem-

347 5319 523 5372 omnia
546 5335 646 5373 non
669 5322 875 5391 fuerunt
901 5318 1339 5391 praphetica.——§
1368 5320 1457 5382 35,
1488 5319 1686 5386 36,37.
1711 5320 1881 5390 Aliqui
1987 5333 2092 5390 que
2130 5317 2393 5388 appellat,
2441 5317 2942 5372 mottlanisticarum
2980 5317 3421 5387 superstitionum
3458 5331 3583 5384 gur-

346 5411 712 5482 prOphetarum
739 5426 930 5465 errores
964 5427 1080 5466 cum
1120 5428 1235 5467 vera
1267 5411 1532 5482 prophetia
1581 5414 1881 5484 consistunt,
1986 5414 2144 5483 gitem
2174 5411 2414 5485 (Apolog.
2441 5426 2534 5481 pro
2560 5409 2705 5465 Sent.
2743 5409 3068 5481 Hierongm.,
3095 5428 3148 5478 p.
3179 5409 3267 5471 16,
3302 5409 3413 5480 17).
3435 5408 3584 5465 Idem

344 5516 394 5561 et
437 5506 648 5578 quinam
676 5506 777 5559 illi.
802 5504 929 5578 -ς
962 5506 1050 5561 38.
1081 5503 1374 5574 Propltetiw
1417 5507 1598 5562 veritas
1643 5524 1705 5563 ea:
1747 5525 1884 5563 com-
1992 5515 2169 5562 tamen
2200 5505 2400 5560 ibidem
2440 5513 2649 5574 patrum
2679 5504 2838 5559 aliter
2872 5503 3218 5559 sentientium
3268 5504 3441 5575 elogia
3493 5519 3589 5574 pro

343 5598 610 5653 munionis
638 5599 720 5652 cui
744 5615 797 5652 se
826 5598 1127 5668 adjunxerat
1156 5596 1424 5668 propheta,
1454 5599 1649 5655 unitate
1675 5600 1887 5672 probata
1992 5616 2142 5657 more
2188 5614 2287 5655 suo
2331 5599 2671 5655 coacervavit
2700 5596 2989 5653 admodum
3033 5596 3351 5663 honoriﬁca,
3394 5608 3446 5653 et
3473 5597 3590 5666 qui-

349 5700 449 5748 est.
493 5721 567 5732 —
611 5690 642 5763 §
686 5688 777 5747 39.
828 5690 1053 5759 Quorum
1121 5689 1402 5763 praphetia:
1455 5707 1628 5748 omnes
1674 5694 1889 5765 fuissent
1996 5696 2118 5754 dem
2163 5711 2193 5751 a
2255 5692 2650 5751 montanisticis
2710 5688 3183 5763 superstitionibus
3235 5690 3592 5746 alienissimo~

346 5788 610 5852 obscuris,
642 5800 820 5840 eorum
848 5784 977 5854 ﬁdes
1002 5784 1152 5841 aliter
1171 5784 1271 5842 nisi
1295 5800 1361 5842 ex
1380 5786 1750 5843 communionis
1774 5790 1925 5858 νηὶ-ν
1998 5804 2138 5846 rum.
2184 5787 2259 5844 Ita
2296 5786 2428 5844 nihil
2457 5786 2511 5843 in
2540 5800 2607 5843 eo
2647 5781 3083 5841 montanisticum
3132 5783 3377 5853 reperire
3405 5791 3594 5855 potuc-

603 5881 881 5946 Pn'mL.
906 5880 996 5943 ν.

3109 5878 3165 5941 1.
