3994 6318
414 265 477 322 li
1434 260 1802 324 DODWELLI
1840 260 2294 355 DISSERTATIO
2337 263 2759 327 CYPRIANICA
3646 274 3718 335 111

412 389 541 440 runt
562 378 904 439 montanistis
942 379 1111 437 comvi
1138 385 1344 451 patres,
1378 381 1580 452 quique
1607 381 1725 438 illas
1751 382 2008 453 superstig-
2032 383 2088 459 Λ
2115 378 2276 450 ﬁlias,
2305 400 2371 441 ex
2402 383 2509 441 illis
2538 382 2819 455 probabile
2843 388 2929 441 est
2956 398 3079 457 quae
3105 385 3324 459 scripsit
3350 386 3419 444 ad
3441 387 3714 446 Victorem

413 478 591 534 tiones
620 477 778 549 primi
807 476 1150 533 damnarunt.
1176 473 1394 533 ludit!
1417 475 1587 534 lcet!"
1609 478 1918 551 φιλάρχαιος
1932 477 2021 533 col

421 573 493 628 sit
519 573 694 643 potius
720 569 1014 628 ﬁdentium.
1948 564 1951 567 ’

493 663 522 736 §
560 664 616 719 2.
639 696 708 706 —
728 664 965 721 Hermeti
989 664 1222 720 diximus
1247 680 1487 722 coxevum
1528 679 1651 722 esse
1679 664 2017 724 Clementem

412 760 714 817 Romanum
745 760 1103 831 eamdemque
1132 759 1399 816 donorum
1441 762 1881 833 propheticorum
1926 775 2019 830 pa-

408 862 648 909 tronum.
683 852 986 910 Istiusmodi
1032 853 1180 910 Inith
1210 853 1350 910 dolia
1395 839 1565 912 luibsu
1604 854 1803 926 quibit
1830 858 2019 925 super-

409 943 632 1000 biebant
654 946 966 1001 schismatis
987 952 1259 1013 auctores,
1289 950 1356 1003 ei
1384 932 1489 1003 illis
1515 944 1631 1017 ejus
1660 934 1839 1004 verbis
1862 936 2018 1002 facile

406 1037 695 1109 colligitur.
717 1036 853 1094 Ἠτω
879 1042 961 1102 τίς
985 1041 1193 1105 πιστὸς,
1213 1040 1319 1099 ’ἤτω
1338 1038 1555 1103 δυνατός
1575 1049 1760 1114 γνῶσιν
1782 1042 2014 1109 ἐξειπεῖν,

405 1132 515 1192 ἤτω
558 1134 712 1206 σοφὸς
755 1135 805 1187 ἐν
832 1130 1006 1209 δικαίᾳ
1049 1154 1214 1210 κρισει
1264 1130 1462 1205 (Clem.
1502 1120 1593 1188 ΑΙ.
1657 1126 1930 1205 Salapiam,
1962 1129 2020 1188 Ol

398 1224 626 1298 rectius)
647 1227 825 1300 λόγων.
861 1224 989 1298 (Ep.
1021 1243 1036 1281 1
1064 1226 1133 1281 ad
1163 1225 1423 1294 Corinth.,
1453 1210 1484 1298 ε
1520 1212 1608 1289 is,
1638 1232 1686 1280 ιι
1716 1228 1779 1280 es
1806 1224 2012 1280 Asteria

407 1319 638 1389 Urbano,
690 1322 780 1376 lib.
812 1338 879 1389 v,
910 1338 961 1378 c.
992 1322 1110 1394 i7.)
1139 1322 1259 1378 Non
1289 1323 1398 1378 alio
1445 1331 1697 1393 spectant
1746 1322 1864 1379 haec
1911 1337 2014 1379 no-

406 1415 553 1471 mina
580 1431 741 1488 quam
768 1415 836 1472 ad
867 1416 1008 1473 dona
1053 1417 1268 1473 illorum
1316 1425 1623 1489 temporum
1670 1417 2012 1489 prophetica.

405 1512 581 1573 Πίστις
624 1510 713 1565 illa
756 1509 825 1567 de
870 1526 973 1581 qua
1014 1510 1232 1583 gloriari
1285 1519 1556 1583 pmennt.
1603 1518 1713 1565 non
1757 1511 1862 1566 alia
1898 1514 2018 1566 tat-at

403 1617 566 1673 quam
598 1596 982 1659 miraculorum
1012 1604 1099 1659 illa
1145 1620 1303 1675 quam
1341 1605 1489 1679 λόγον
1526 1606 1754 1665 πίστεως
1779 1603 2017 1675 appellat

402 1697 717 1766 Apostolus,
767 1711 875 1768 quo
914 1697 1035 1752 loco
1078 1695 1218 1752 dona
1264 1696 1360 1767 Sp.
1410 1697 1468 1754 S.
1513 1698 1651 1773 λόγοι
1688 1695 1832 1769 apud
1862 1692 2014 1752 illum

2030 474 2035 481 ρ

2030 577 2056 613 .·
2120 564 2367 645 pluieusii
2382 579 2437 626 et
2457 570 2572 640 ipse
2598 576 2812 642 Quoque
2830 566 3168 644 prophetissa
3188 573 3257 630 ad
3283 570 3519 632 Montani
3541 585 3716 633 ortum

2124 466 2456 548 βοῐγωιέε.
2517 475 2777 547 Qha’dnti
2855 477 3110 555 διαδοχήν
3173 483 3384 538 Αηηιιίο
3442 483 3714 539 Philadel-

2124 663 2453 720 continuavit
2481 663 2732 739 (Asterius
2764 664 3003 722 Urbanus
3028 685 3118 739 ap.
3150 668 3362 736 Euseb.,
3392 671 3479 725 ubi
3508 670 3711 742 supra).

2123 754 2416 829 Polycarpo
2476 756 2545 812 de
2609 772 2707 813 suo
2751 761 3012 832 martyrio
3057 763 3295 817 omnium
3345 762 3717 836 propheticum

2120 834 2357 902 oblatutii
2401 856 2549 918 esse,
2595 858 2763 906 tostos
2808 848 2935 908 sum
2982 852 3301 925 etceptione
3343 834 3577 926 majores
3617 856 3718 928 ipsi

2120 932 2387 1012 Smyrnaei
2419 942 2471 996 in
2500 957 2563 998 ea
2594 958 2754 1014 quam
2800 943 2871 1000 de
2900 945 3019 1015 ejus
3063 949 3321 1020 martyrio
3358 948 3626 1006 dederunt
3651 949 3718 1007 ad

2121 1032 2567 1091 Pliilomelienses
2590 1036 2841 1107 epistola.
2876 1037 3028 1095 Hunc
3056 1040 3339 1098 Ductorem
3364 1044 3718 1113 apostolicum

2119 1116 2283 1184 iidem
2345 1132 2508 1202 Itque
2574 1131 2946 1203 propheticum
3012 1136 3326 1206 appellant,
3379 1135 3720 1207 fatentur-que

2119 1216 2255 1275 nihil
2284 1224 2406 1278 'es’se
2432 1222 2499 1278 ab
2525 1232 2591 1279 eo
2642 1224 2956 1294 prmdictum
2984 1228 3113 1298 quin
3145 1238 3289 1284 esset
3323 1238 3517 1285 eventu
3570 1244 3721 1285 com-

2120 1315 2427 1386 probatum.
2470 1316 2595 1389 (Ap.
2626 1315 2839 1386 Euseb.,
2869 1318 3008 1374 Hist.
3036 1319 3207 1387 Eccl.,
3238 1338 3310 1388 IV,
3342 1321 3457 1393 15.)
3488 1328 3588 1378 Πᾶν
3616 1325 3720 1400 ’γὰρ

2118 1406 2315 1486 ῥῆμαδ
2356 1412 2539 1483 ἀφῆκεν
2568 1413 2625 1467 ἐκ
2662 1419 2756 1469 τοῦ
2799 1414 3059 1487 στόματος
3096 1417 3259 1472 αὐτοῦ
3315 1420 3401 1471 καὶ
3439 1417 3718 1481 ἐτελειώθη.

2118 1505 2386 1576 inquiunt,
2415 1510 2502 1562 καὶ
2544 1507 2947 1567 uitiatoris-truc.
2980 1508 3134 1565 llunc
3162 1509 3267 1565 An.
3296 1524 3720 1581 cxun.passum

2119 1611 2241 1652 esse
2259 1596 2398 1665 vult,
2430 1609 2484 1653 et
2511 1598 2728 1669 quidem
2749 1600 2983 1655 maxima
3010 1600 3503 1669 verisimilitudine,
3532 1611 3721 1659 noster

2120 1686 2516 1744 eruditissimus
2551 1689 2897 1746 Cestriensis.

402 1785 648 1842 audiunt.
698 1794 890 1849 Γνῶσις
918 1802 1028 1843 non
1055 1786 1310 1858 qumlibet
1333 1797 1449 1843 erat
1470 1788 1728 1859 cognitio,
1761 1787 1858 1845 sed
1884 1804 2013 1845 vero
2040 1790 2089 1852 B
2194 1778 2223 1851 §
2264 1780 2317 1836 5-
2345 1811 2417 1821 —
2442 1779 2522 1836 De
2548 1780 2756 1838 Iustino
2784 1782 3016 1856 Martyrc
3043 1784 3183 1841 idem
3231 1786 3392 1844 habet
3431 1787 3718 1845 Eusebius.

398 1880 782 1952 mysteriorum
808 1879 901 1935 illa
930 1890 1090 1950 quam
1116 1881 1170 1935 in
1197 1880 1467 1936 haereticis
1490 1896 1558 1937 eo
1585 1881 1806 1938 nomine
1825 1896 2016 1953 super-

402 1972 676 2031 bientibus
700 1972 1034 2045 ψιυδόννμον
1075 1981 1262 2046 ’γνῶσιν
1308 1972 1451 2030 idem
1497 1983 1656 2030 vocat
1696 1975 2011 2045 Apostolus.

401 2066 603 2122 Eadem
626 2068 798 2139 σοφία,
822 2081 983 2137 quam
1003 2075 1059 2121 et
1074 2065 1221 2140 λόγον
1242 2068 1427 2141 σοφίας
1443 2076 1736 2139 nuncupat.
1753 2067 2014 2146 Διάκρισις

399 2161 559 2236 λόγων
586 2160 774 2216 eadem
803 2168 887 2215 est
912 2175 1030 2230 qua:
1057 2170 1112 2214 et
1126 2158 1385 2235 διάκρισις
1414 2162 1741 2230 πνευμάτων,
1761 2173 1868 2229 quo
1887 2174 2014 2214 sen-

397 2266 462 2308 su
490 2252 632 2307 dona
657 2252 753 2322 Sp.
783 2251 840 2307 S.
885 2250 1067 2322 λόγους
1112 2252 1413 2322 appellatos
1455 2262 1576 2307 esse
1615 2250 1873 2306 diximus.
1900 2244 2015 2306 Nisi

393 2347 537 2403 forte
562 2348 723 2421 λόγων
778 2360 877 2416 pro
930 2346 1187 2417 λογισμῶν
1233 2345 1637 2416 intelligamus,
1685 2358 1793 2415 quo
1847 2344 2011 2400 etiam

399 2455 561 2498 sensu
610 2438 867 2519 διάκρισιν
910 2440 1219 2512 πνευμάτων
1266 2438 1334 2495 de
1380 2440 1762 2510 cogitationum
1798 2439 2010 2495 revela-

398 2534 550 2589 tione
587 2531 1085 2602 interpretabimur.
1123 2530 1219 2585 His
1250 2529 1481 2587 fortasse
1509 2532 1842 2602 temporibus
1869 2544 2012 2587 coaea

397 2638 498 2680 vus
526 2632 642 2680 erat
671 2631 859 2678 auctor
888 2622 1149 2678 librorum
1175 2622 1364 2678 Esdm
1391 2621 2003 2695 Apocryphorum,quo-

395 2734 516 2776 rum
549 2731 757 2790 partem
783 2718 942 2789 longe
971 2718 1261 2772 maximam
1285 2716 1488 2773 iaciunt
1521 2718 1573 2774 id
1602 2730 1773 2789 genus
1803 2719 2013 2775 visione

398 2824 563 2885 atque
588 2812 979 2868 revelationes.

473 2906 505 2978 δ
537 2909 678 2961 5.-
714 2904 998 2961 Proximus
1024 2912 1106 2959 est
1126 2902 1393 2975 ignatius;
1423 2904 1477 2959 in
1506 2916 1613 2974 quo
1640 2902 1693 2960 id
1728 2904 1903 2975 ipsum
1924 2916 2012 2960 re-

400 3000 745 3073 prehendunt
771 2998 825 3053 111
857 2996 1197 3069 antiquitatis
1225 2998 1390 3054 momi
1412 3039 1426 3062 ,
1451 2996 1593 3069 quod
1624 3004 1709 3055 est
1738 2996 2013 3070 prapbeti-s

400 3095 482 3151 eis
511 3094 660 3149 lusce
690 3091 849 3147 donis
876 3090 1076 3163 magis,
1120 3106 1282 3162 quam
1323 3092 1512 3147 volunt
1560 3091 1672 3159 illi,
1722 3091 2008 3163 propitius.

2114 1873 2321 1948 Γράφει,
2347 1873 2540 1943 inquit,
2568 1877 2639 1938 ὡς
2667 1872 2745 1931 ὅτι
2767 1879 2855 1932 steti
2878 1880 3044 1955 μέχρι
3084 1882 3170 1935 καί
3213 1882 3376 1937 αὐτοῦ
3406 1884 3726 1959 χαρίσματα

2117 1971 2406 2043 προφητικά
2434 1966 2705 2044 διέλαμπεν
2731 1966 2898 2042 (Hist.
2922 1970 3147 2039 Eccles.,
3164 1988 3236 2039 Iv,
3266 1973 3376 2045 18).
3414 1974 3581 2031 Recte
3605 1976 3726 2047 qui-

2117 2057 2240 2114 dem
2269 2059 2381 2115 ille.
2410 2060 2606 2117 Jostini
2627 2060 2694 2117 ad
2718 2062 3063 2134 Tryphonem
3088 2067 3250 2123 verba
3272 2078 3400 2125 sunt
3422 2069 3512 2125 illa
3536 2090 3548 2125 :
3578 2073 3729 2148 Παρά

2117 2155 2219 2229 γάρ
2247 2156 2366 2226 ἡμῖν
2389 2158 2476 2210 καί
2500 2157 2665 2233 μέχρι
2699 2163 2788 2212 νῦν
2815 2164 3105 2234 προφητικά
3134 2165 3447 2240 χαρίσματά
3486 2166 3641 2221 ἐστιν’
3673 2168 3727 2232 ἐξ

2117 2241 2178 2299 οὗ
2207 2248 2298 2300 καὶ
2327 2247 2476 2302 αὐτοὶ
2496 2250 2723 2304 συνιέναι
2750 2251 2990 2323 ὀφείλετε.
3023 2251 3100 2310 ὅτι
3129 2257 3197 2312 τά
3235 2256 3394 2312 πάλαι
3425 2258 3475 2312 ἐν
3499 2265 3571 2331 τῷ
3596 2258 3726 2331 γένει

2117 2335 2260 2406 ὑμῶν
2289 2332 2414 2392 ὄντα
2441 2338 2514 2397 εἰς
2552 2339 2688 2410 ἡμᾶς
2728 2345 2985 2412 μετετέθη.
3021 2342 3254 2416 (Dialog.
3285 2361 3400 2399 cum
3423 2344 3719 2416 Tryphon.,

2118 2448 2172 2500 p.
2202 2424 2329 2495 308,
2361 2430 2437 2501 o.)
2473 2430 2671 2487 Eodem
2718 2444 2902 2504 postea
2955 2452 3085 2492 usus
3110 2446 3193 2494 est
3216 2438 3477 2495 adversus
3506 2436 3725 2497 Judaeos

2117 2536 2458 2596 argumento,
2483 2537 2607 2596 post
2626 2527 2826 2585 Christi
2858 2530 3172 2599 adventum,
3198 2526 3375 2588 nullos
3403 2532 3569 2588 fuisse
3582 2534 3725 2604 apud

2116 2616 2356 2684 Judzeos,
2385 2619 2455 2675 de
2483 2635 2593 2690 quo
2620 2620 2768 2692 ipsos
2808 2636 2997 2679 eorum
3027 2638 3217 2680 sensus
3247 2631 3416 2681 testes
3443 2625 3682 2697 appellat
3708 2645 3722 2682 :

2117 2714 2298 2782 μηκέτι
2318 2714 2369 2766 ἐν
2397 2720 2470 2786 τῷ
2489 2716 2620 2787 γένει
2644 2716 2786 2787 ὐμων
2812 2717 2945 2772 κατὰ
2989 2719 3047 2774 τό
3081 2710 3294 2775 παλαιόν
3324 2718 3431 2781 ἔθος
3460 2725 3727 2798 προφήτας

2115 2810 2417 2880 γινήσεσθαι
2455 2806 2581 2885 ὅπερ
2608 2814 2696 2865 καί
2716 2807 2830 2882 ὄψει
2859 2811 2978 2885 ὑμῖν
3001 2809 3120 2867 ἰδεῖν
3138 2809 3269 2869 ἔστι.
3287 2815 3397 2887 μετ’
3421 2816 3606 2871 ἐκεῖνον
3622 2819 3726 2893 ’γάρ

2117 2896 2283 2960 οὐδεὶς
2310 2898 2436 2961 ὅλως
2461 2905 2725 2976 προφήτης
2770 2902 2896 2978 παρ’
2932 2904 3052 2975 ὑμῖν
3079 2908 3363 2981 γεγένηται.
3406 2906 3565 2979 (Pag.
3599 2908 3725 2977 514,

2119 3008 2169 3059 c,
2205 2989 2287 3063 n.)
2317 2991 2689 3050 Permansisse
2717 3006 2897 3051 autem
2937 2997 3079 3066 apud
3111 3000 3193 3053 sui
3228 3014 3443 3069 quoque
3470 3000 3729 3071 temporis

2116 3083 2441 3141 christianos
2468 3087 2782 3144 earumdem
2813 3104 3069 3146 sensuum
3099 3091 3407 3148 testimonio
3420 3093 3727 3159 conﬁrmat,

398 3188 457 3245 lu
484 3186 513 3259 §
543 3186 599 3253 7,
632 3184 734 3256 Ep.
766 3183 832 3239 ad
882 3182 1219 3255 Philadelplt.
1261 3194 1414 3240 suam
1465 3184 1634 3254 ipsius
1676 3184 2011 3256 prophetiam

2124 3179 2310 3234 eadem
2341 3179 2463 3238 ίδεῑν
2505 3194 2641 3239 voce
2673 3197 2800 3239 usus
2830 3204 2842 3239 :
2877 3189 2964 3241 καὶ
2988 3188 3243 3263 παρ’ἠμῖν
3298 3189 3437 3245 ἐστὶν
3482 3187 3604 3245 ἰδεῖν
3642 3191 3730 3246 καί

408 3284 835 3344 commemorat,
864 3292 1024 3349 quam
1046 3278 1149 3333 sibi
1174 3292 1301 3334 vere
1328 3280 1623 3335 revelatam
1653 3278 1823 3335 fuisse
1849 3278 2017 3334 Deum

404 3376 583 3447 ipsum
616 3382 809 3430 testem
837 3372 1094 3443 appellat.
1126 3376 1183 3428 Ei
1210 3374 1310 3448 γὰρ
1342 3372 1564 3446 (inquit)
1590 3375 1725 3430 κατά
1753 3375 1927 3446 σάρκα
1951 3371 2015 3447 μέ

404 3489 535 3529 τινες
561 3467 797 3525 ίθύλησαν
818 3465 1075 3525 πλανῆσαι
1095 3481 1109 3495 ·
1140 3464 1265 3520 ἀλλά
1305 3467 1367 3520 τὸ
1405 3471 1613 3539 πνεῦμα
1640 3465 1699 3521 οὐ
1737 3464 2016 3534 πλανᾶται,

402 3567 506 3623 άπὸ
531 3567 647 3619 θεοῦ
671 3558 745 3617 όν.
777 3557 908 3617 οἶδεν
930 3564 1033 3637 γάρ
1066 3560 1218 3615 πόθεν
1260 3558 1500 3636 ἔρχεται,
1532 3563 1619 3616 καὶ
1654 3566 1756 3616 ποῦ
1805 3560 2014 3633 errabit,

404 3666 493 3717 καί
516 3663 584 3717 τά
613 3661 822 3737 κρυπτά
850 3659 1053 3732 ἐλέγχει
1078 3673 1092 3686 ⁶
1136 3657 1439 3733 ἐκραύγασα
1468 3657 1660 3729 μεταξύ
1693 3655 1780 3711 ὥν.
1813 3654 2019 3710 ἐλάλουν

405 3752 600 3827 μεγάλῃ
626 3759 782 3825 φωνῇ’
811 3757 885 3823 τῷ
904 3747 1173 3820 ἐπισκόπῳ
1210 3748 1530 3823 προσέχετε,
1560 3748 1647 3802 καί
1681 3754 1755 3821 τῷ
1779 3746 2017 3823 πρεσϐυ-

404 3846 581 3921 τερίῳ,
610 3847 698 3898 καὶ
721 3839 993 3902 διακόνοις.
1024 3841 1070 3895 οε
1112 3839 1168 3896 δὲ
1212 3842 1497 3902 πτίσωτές
1532 3860 1595 3914 με
1632 3844 1701 3902 ὡς
1741 3839 2021 3919 προειδότα

406 3939 496 3994 τόν
518 3938 769 4013 μερισμόν
797 3942 944 3991 τινῶν
973 3934 1133 4007 λέγειν
1158 3939 1349 3989 ταῦτα.
1369 3936 1580 4012 Μάρτυς⁵
1606 3932 1661 3990 δέ
1682 3955 1768 4006 μοι
1793 3934 2020 4007 (rectius

412 4029 580 4086 editio
602 4028 928 4099 interpolata
968 4028 1298 4099 suii'ragante
1326 4027 1489 4084 etiam
1513 4038 1698 4085 vetere
1726 4030 2024 4101 interprete

410 4123 727 4188 Usseriano,
754 4125 813 4178 Εἰ
834 4122 889 4178 δέ
919 4123 1241 4179 ὑποπτεύετᾶ
1265 4143 1327 4195 με
1362 4124 1431 4183 ὡς
1459 4124 1790 4200 προμαθόντα
1819 4125 1905 4180 τόν
1928 4143 2019 4197 με·

411 4221 596 4295 ρισμὸν
624 4225 772 4273 τινῶν
800 4217 960 4291 λέγειν
997 4220 1189 4283 ταῦτα,
1216 4217 1426 4293 Μάρτυς
1458 4215 1584 4287 μοι)
1612 4218 1663 4270 ἐν
1701 4213 1741 4290 ᾧ
1789 4213 2020 4288 δέδεμαι,

412 4309 493 4367 ὅτι
518 4312 622 4366 ἀπὸ
666 4312 861 4385 σαρκὸς
909 4312 1221 4384 ἀνθρωπίνης
1259 4312 1353 4363 οὐκ
1403 4308 1578 4381 ἔγνων.
1612 4311 1671 4363 τό
1715 4308 1769 4363 δὲ
1816 4315 2023 4381 πνεῦμα

410 4406 695 4480 ὶκήρυσσεν
724 4402 879 4475 λέγων
906 4399 1048 4457 τάδε’
1083 4404 1252 4476 χωρὶς
1276 4405 1369 4456 τοῦ
1399 4400 1708 4467 ἐπισκόπου,
1737 4402 1840 4455 etc.
1874 4398 2021 4454 Idem

414 4495 484 4551 de
512 4497 625 4550 suis
656 4495 707 4549 id
739 4507 911 4565 genus
935 4491 1096 4546 donis
1124 4496 1175 4545 iu
1206 4489 1234 4563 ς
1266 4491 1322 4557 4,
1350 4492 1449 4561 Ep.
1472 4491 1539 4546 ad
1568 4491 1870 4547 Trallianos
1892 4489 2019 4546 illa:

2121 3275 2319 3337 θηλείας
2345 3276 2431 3331 καί
2461 3274 2705 3353 ἄρσενάς,
2734 3283 3047 3357 χαρίσματα
3073 3282 3176 3339 άπὸ
3205 3288 3299 3339 τοῦ
3324 3285 3616 3358 πνεύματος
3634 3289 3729 3340 τοῦ

2121 3372 2237 3425 θεοῦ
2280 3369 2524 3444 ἔχοντας.
2574 3370 2734 3446 (Pag.
2780 3374 2908 3440 515,
2942 3376 3023 3447 Β.)
3051 3373 3183 3432 Tum
3227 3391 3356 3449 ergo
3386 3375 3729 3432 manifestum

2123 3461 2222 3517 fuit
2251 3462 2563 3521 christianis
2602 3466 2767 3523 fuisse
2815 3468 3103 3539 prophetas
3142 3484 3302 3540 quam
3342 3468 3545 3526 Iudaeis
3582 3469 3733 3526 dele-

2124 3556 2288 3611 cisse.
2315 3555 2618 3628 Utrumque
2645 3556 2716 3613 ita
2745 3560 3113 3623 manifestum.
3145 3569 3204 3615 ut
3228 3562 3531 3631 argumenti
3556 3561 3730 3617 vicem

2123 3647 2394 3704 sustinere
2440 3661 2626 3719 posset
2672 3650 2935 3707 adversus
2977 3652 3368 3707 adversarium.
3420 3651 3734 3725 Eademque

2125 3744 2537 3813 argumentandi
2572 3745 2742 3800 l‘orma
2768 3761 2900 3803 usus
2927 3755 3012 3802 est
3037 3746 3352 3817 Apostolus,
3382 3744 3527 3816 Gal.,
3560 3762 3641 3816 111,
3669 3745 3728 3815 2,

2128 3850 2225 3909 per
2250 3839 2499 3911 spiritum
2547 3841 2693 3897 enim
2724 3840 3154 3898 extraordinaria
3204 3841 3439 3913 Spiritus
3476 3841 3618 3900 dona
3655 3843 3732 3899 in-

2127 3930 2464 4001 teliiguntur.
2675 3934 2680 3939 ’
3297 4005 3300 4009 ν

2201 4022 2231 4097 §
2259 4024 2315 4080 6.
2341 4055 2414 4067 —-
2436 4026 2550 4083 Sub
2581 4028 2742 4083 linem
2766 4026 2927 4085 Marci
2954 4029 3022 4086 de
3048 4027 3299 4085 Melitone
3314 4026 3571 4086 Sardensi
3603 4028 3733 4084 illud

2128 4117 2391 4174 habemus
2422 4116 2723 4191 Polycratis
2756 4122 3094 4188 Encomium,
3126 4122 3266 4192 quod
3286 4120 3379 4191 Sp.
3404 4122 3463 4175 S.
3493 4118 3729 4191 afﬂatus,

2130 4222 2323 4264 cuncta
2354 4213 2603 4280 gesserit,
2637 4214 2723 4269 τόν
2749 4215 2799 4267 ἓν
2830 4214 2957 4287 ἁγίῳ
2988 4217 3243 4287 πνεύματι
3280 4216 3453 4272 πάντα
3497 4214 3734 4273 πολιτευ-

2131 4306 2351 4375 σάμενον
2402 4303 2524 4375 (Ap.
2570 4302 2785 4373 Euseb.,
2822 4304 2960 4363 Hist.
2992 4307 3163 4376 [ἱρείη
3191 4310 3280 4364 lib.
3310 4327 3365 4379 v,
3402 4304 3520 4380 21).
3549 4311 3609 4367 111
3638 4327 3731 4368 ea-

2129 4397 2253 4453 dem
2284 4400 2661 4467 persecutione
2682 4400 2981 4458 Alexander
3001 4402 3180 4476 Phryx
3207 4402 3508 4462 dicrturodx
3521 4405 3736 4483 ἄμοιρος

2130 4491 2483 4547 Αποστολικοῦ
2523 4496 2860 4569 χαρίσματος
2897 4495 3005 4568 (Ea:
3041 4495 3140 4568 Ep.
3181 4495 3419 4570 Ludgun.
3445 4511 3492 4554 et
3554 4498 3732 4555 Vienn.

411 4593 490 4647 mi
517 4588 577 4642 οὐ
607 4585 830 4661 δύναμαι
852 4588 921 4641 τά
951 4587 1231 4662 ἐπουράνια
1254 4583 1486 4661 γράψαις
1518 4584 1644 4640 άλλά
1670 4584 1924 4658 φοϐοῦμαι
1948 4588 2014 4658 μή

2130 4601 2217 4656 ap.
2264 4582 2479 4652 Euseb.,
2512 4586 2600 4641 lib.
2632 4604 2683 4655 v,
2715 4586 2793 4659 l).
2839 4585 2897 4643 In
2957 4590 3046 4644 illa
3075 4589 3373 4661 apeslolica
3397 4594 3565 4662 gratia
3598 4591 3737 4647 hanc

411 4683 609 4742 νηπίοις
646 4674 794 4735 οὖσιν
840 4680 960 4753 ὑμῖν
997 4677 1191 4750 βλάϐην
1234 4680 1451 4753 παραθῷ
1480 4693 1495 4708 ⁶
1525 4680 1612 4733 καὶ
1656 4685 2014 4751 συγνωμονειτι

2136 4681 2504 4750 propltcticam
2533 4696 2656 4737 esse
2686 4680 3066 4739 inciudendam
3090 4685 3200 4754 jam
3217 4685 3450 4741 vidimus
3477 4703 3542 4742 ex
3572 4686 3736 4741 simili

416 4794 521 4847 μοι,
556 4778 752 4846 μήποτε
780 4774 839 4825 οὐ
864 4770 1154 4831 δυνηθέντες
1186 4778 1432 4846 χωρῆσαι
1461 4771 1906 4847 στραγγαλωθῆτε·
1940 4790 2014 4827 και

2135 4771 2539 4845 Smyrnmorum
2583 4774 2651 4830 de
2681 4774 2978 4846 Polycarpo
3031 4778 3170 4842 loco.
3206 4778 3294 4833 ubi
3325 4779 3440 4835 hare
3464 4780 3572 4834 duo
3600 4794 3734 4835 con-

411 4869 516 4943 γάρ
541 4869 640 4940 ἐγὼ
670 4866 729 4921 οὐ
758 4865 947 4927 καθότι.
976 4867 1063 4918 καί
1088 4861 1366 4935 δυνάμενος
1390 4865 1459 4919 τά
1487 4864 1787 4940 ἐπουράνια,
1818 4867 1906 4919 καί
1932 4866 2032 4925 τάς

413 4960 717 5020 τοποθεσίας
742 4962 837 5019 τάς
862 4957 1152 5031 meum,
1174 4960 1374 5019 καὶτὰς
1400 4959 1687 5019 συστάσεις
1711 4959 1807 5020 τὰς
1835 4961 2028 5035 ἀρχου-

412 5056 581 5119 τικάς,
610 5052 777 5129 ὁρατά
808 5072 864 5107 τε
891 5054 978 5106 καὶ
1003 5051 1226 5126 άόρατα’
1276 5053 1422 5129 παρά
1474 5059 1629 5109 τοῦτο
1682 5051 1778 5113 ἤδη
1806 5056 1892 5110 καί
1920 5074 2024 5127 μα-

412 5149 564 5208 armi;
601 5148 724 5218 εἰμι.
753 5143 862 5199 Nec
893 5159 1022 5199 vero
1046 5145 1376 5215 singularem
1409 5144 1576 5201 luisse
1617 5146 1719 5202 hac
1761 5148 1815 5202 in
1861 5158 2027 5204 causa

418 5238 704 5310 lgnatium,
730 5252 797 5293 ex
825 5236 946 5291 aliis
962 5236 1237 5292 constabit
1257 5236 1401 5292 illius
1426 5236 1528 5292 arvi
1561 5241 1948 5296 monumentis.

493 5330 523 5401 ς
549 5329 941 5401 4.—lgnatitnn
966 5329 1208 5398 proxime
1225 5330 1437 5400 excepit
1448 5330 1776 5400 Quadratus,
1792 5334 1881 5403 qui
1898 5347 2032 5402 apo-

414 5421 612 5492 logiam
641 5436 738 5492 pro
766 5419 1078 5476 christiauis
1116 5418 1388 5477 Hadriano
1443 5424 1658 5478 dicavit.
1718 5424 1870 5480 ilunc
1915 5438 2017 5480 una

413 5528 541 5571 cum
570 5515 805 5586 Philippi
839 5514 1053 5569 filiabus
1077 5528 1211 5585 quas
1238 5515 1295 5571 S.
1321 5515 1494 5571 Lucas
1524 5519 1897 5588 prophetissas
1917 5535 2017 5591 ap-

410 5609 607 5681 pellat,
660 5608 974 5679 pmplietica
1029 5608 1201 5678 ipsum
1260 5624 1471 5681 quoque
1524 5611 1695 5680 gratia
1744 5612 2020 5670 illustrem

408 5703 578 5761 luisse
626 5701 813 5760 scribit
870 5700 1134 5759 Eusebius
1173 5701 1341 5777 (Hist.
1398 5701 1628 5773 Eadem,
1675 5719 1754 5773 ill,
1785 5708 1899 5779 57).
1947 5709 2016 5764 Et

408 5792 626 5869 quidem
668 5793 784 5851 haec
815 5808 983 5864 usque
1030 5802 1269 5865 tempora
1322 5795 1563 5867 attigisse
1611 5795 1733 5854 illas
1779 5794 2015 5871 Philippi

2127 4864 2430 4937 junguntur
2458 4866 2584 4937 (Ap.
2637 4862 2853 4935 Μερόη
2898 4869 2992 4936 ib.,
3016 4866 3096 4941 5).
3130 4869 3534 4928 Reveiationem
3557 4872 3737 4928 Attalo
3852 4898 3859 4905 -

2130 4959 2409 5016 factamde
2442 4960 2718 5018 Alcibiade
2744 4976 3138 5021 commemorat
3172 4965 3414 5023 Ecclesia
3444 4968 3733 5038 gallicana.

2134 5053 2577 5129 Frequentesque
2618 5057 2846 5113 aliorum
2875 5058 3108 5116 diversis
3134 5050 3480 5119 in‘Ecciesiis
3496 5064 3736 5133 pmphe-

2134 5148 2240 5205 tias
2272 5148 2430 5206 iidem
2479 5152 2875 5209 montanisticis
2916 5155 3023 5210 illis
3049 5155 3116 5212 de
3155 5159 3436 5228 prophetia
3467 5161 3738 5229 praetexti-

2134 5241 2236 5298 bus
2282 5244 2498 5311 fecisse,
2551 5252 2741 5300 auctor
2798 5254 2883 5301 est
2945 5246 3232 5305 Eusebius.
3282 5247 3360 5304 Ita
3406 5251 3551 5305 enim
3600 5252 3733 5309 ille:

2131 5337 2371 5393 πλεῖσται
2408 5326 2495 5393 οὗν
2522 5336 2608 5394 καὶ
2636 5338 3064 5419 παραδοξοποιΐαι
3100 5350 3193 5399 τοῦ
3220 5346 3352 5399 θείου
3402 5350 3739 5426 χαρίσματος

2130 5430 2287 5486 εἰσέτι
2316 5431 2431 5488 τότε
2459 5432 2591 5488 κατά
2629 5430 2901 5510 διαφόρους
2930 5434 3196 5498 ἐκκλησίας
3226 5437 3598 5512 ἐπιτελούμεναι,
3616 5445 3739 5498 πίσ-

2130 5546 2208 5580 τιν
2257 5528 2404 5603 παρά
2454 5526 2653 5589 πολλοῖς
2688 5535 2780 5584 τοῦ
2823 5532 3080 5603 κᾴκείνους
3121 5537 3455 5607 προφητεύειν
3480 5522 3736 5614 παρεῖχον

2129 5616 2371 5686 (Euseb.,
2415 5618 2509 5686 ib.,
2538 5636 2585 5675 c.
2612 5620 2691 5690 1i).
2736 5618 2812 5676 ita
2860 5623 3310 5682 moutauistarum
3353 5628 3592 5685 nondum
3622 5640 3740 5686 erat

2131 5711 2387 5782 preprius
2428 5710 2519 5771 hic
2569 5721 2897 5787 praetextas,
2947 5725 3006 5774 ut
3053 5715 3314 5780 hactenus
3357 5724 3740 5784 existimarunt

2130 5803 2351 5862 eruditi.
