3994 6318
290 302 359 374 i5
1433 306 1523 369 es
1559 293 1943 370 vrsromnus
1978 290 2461 361 morositas.
3518 314 3587 377 η

287 430 315 494 ξε
359 420 695 500 §7.—ldem
718 423 784 484 de
813 421 1005 493 illo,'id
1031 428 1140 496 est,
1166 434 1286 492 suo,
1305 436 1517 497 quoque
1543 423 1741 482 saeculo
1772 422 1881 479 lre-
1907 420 1958 481 Α
1985 416 2156 484 milia,
2176 415 2478 473 Exoreistae
2497 413 2644 471 vices
2665 409 2831 471 ’obire
2859 413 3021 483 velle,
3063 429 3186 474 eum
3217 431 3278 476 ea
3311 426 3586 496 tamquam

289 534 438 581 meus
484 522 677 591 (trem,
702 522 788 578 lib.
819 538 878 587 ιι,
910 536 958 579 c.
992 520 1119 594 58),
1146 521 1299 592 cujus
1332 519 1496 577 verba
1539 518 1694 576 nobis
1712 530 1886 589 graeca

283 616 529 673 servavit
554 608 818 674 Eusebius
851 634 865 673 :
894 616 954 672 Οί
980 615 1035 674 δέ
1077 621 1163 673 καί
1205 614 1493 693 πρὸγνωσιν
1534 613 1750 687 ἔχουσιν
1787 620 1887 670 τῶν

284 706 591 784 μελλόντων,
628 712 715 767 καί
758 709 1018 775 ὀπτασίας
1045 713 1133 766 καὶ
1158 711 1334 785 ῥήσεις
1360 708 1685 789 «proponatur
1713 702 1888 779 (Apud

282 799 505 872 Euseb"
544 803 681 864 Hist.
716 801 886 871 Eccl.,
917 816 973 875 v,
1007 800 1089 878 7).
1120 803 1275 874 Quod
1302 803 1395 860 ille
1423 800 1723 873 argumenti
1766 799 1888 855 loco

281 907 444 971 urget
463 896 730 956 adversus
745 897 1052 954 haereticos.
1083 893 1235 954 idem
1263 894 1391 951 alibi
1408 913 1423 952 :
1442 890 1538 951 Ubi
1554 890 1889 959 Ecclesiajbi

282 1001 333 1049 et
358 988 614 1065 Spiritus,
644 1001 691 1048 et
717 990 803 1046 ubi
822 989 1049 1064 Spit-itus
1082 985 1197 1056 Dei,
1224 987 1335 1044 illic
1356 985 1590 1044 Ecclesia
1606 1029 1623 1055 ,
1648 994 1694 1040 et
1721 984 1888 1042 omnis

279 1083 658 1159 gratia(iren.,
679 1087 717 1142 ι.
747 1100 828 1155 ιιι,
857 1102 903 1141 c.
933 1080 1051 1158 40).
1070 1082 1239 1157 Negat
1265 1096 1547 1140 numerum
1575 1081 1698 1137 iniri
1728 1093 1888 1153 posse

278 1176 549 1236 donorum
577 1194 698 1251 qua:
726 1192 826 1235 suo
879 1187 1122 1248 tempore
1170 1187 1391 1250 Operata
1442 1182 1586 1232 esset
1623 1172 1884 1230 Ecclesia.

278 1276 385 1332 Οὐκ
411 1272 555 1334 ἔστιν
584 1274 792 1353 ἀριθμὸν
817 1281 917 1331 τῶν
943 1272 1310 1354 χαρισμάτων,
1336 1264 1401 1327 ὧν
1422 1271 1558 1329 κατὰ
1582 1271 1774 1333 παντὸς
1794 1272 1889 1326 τοῦ

277 1370 480 1446 κὸσμου
508 1371 541 1431 ἦ
570 1369 808 1429 ἐκκλησία
844 1367 991 1440 παρὰ
1026 1366 1140 1422 θεοῦ
1177 1364 1433 1440 λαβοῦσα,
1466 1365 1517 1420 ἐν
1559 1368 1633 1438 τῷ
1679 1362 1891 1436 ὀνόματι

276 1470 432 1525 ιησοῦ
458 1467 691 1540 Χριστοῦ
717 1466 810 1520 τοῦ
846 1460 1229 1541 σταυρωθέντπ
1268 1459 1354 1515 ἐπί
1392 1459 1600 1513 Ποντίου
1645 1454 1887 1520 Πιλάτου,

276 1554 502 1618 ἑκάστης
528 1556 726 1633 ἦμέρας
754 1550 834 1611 ἐπ’
859 1555 1129 1633 εὐεργεσίᾳ
1152 1556 1251 1609 τῶν
1276 1552 1422 1606 ἐθνῶν
1443 1546 1664 1607 ἐπιτελεῖ
1690 1545 1885 1620 (hem,

274 1648 361 1705 lib.
395 1664 459 1715 ιι,
485 1665 535 1703 c.
561 1646 653 1714 58;
676 1664 763 1719 ap.
799 1644 1143 1717 Euseb.,ib.).
1172 1642 1250 1700 Ex
1269 1656 1377 1715 quo
1406 1640 1460 1697 id
1488 1656 1703 1713 quoque
1727 1638 1890 1695 intel—

270 1742 518 1816 ligimus,
559 1756 622 1799 ea
659 1756 820 1814 quam
865 1736 1068 1796 fuerint
1107 1738 1371 1811 vulgaria.
1400 1736 1478 1793 Ne
1494 1751 1625 1793 vero
1648 1734 1758 1791 {alii
1787 1746 1886 1807 po-

1992 509 2323 566 daamoniaca
2368 523 2533 581 agere
2560 546 2574 573 ,
2627 508 2682 563 ni
2717 509 2787 564 ab
2807 508 2928 564 aliis
2951 508 3224 568 cohibitus
3247 513 3467 585 fuisset,
3514 522 3592 576 ait

1990 604 2316 676 Apollonius
2364 603 2487 675 (Ap.
2519 600 2733 670 Euseb.,
2771 602 2912 658 Hist.
2946 605 3098 673 εισι,
3127 622 3183 674 v,
3218 608 3330 681 18).
3364 612 3437 667 De
3460 613 3590 669 Sota

1989 696 2095 753 hoc
2139 696 2281 752 idem
2330 704 2560 751 testatur
2585 692 2762 752 Allius
2800 692 3020 751 Publius
3047 696 3222 754 Julius
3251 700 3456 758 Develti
3482 701 3592 760 Co-

1992 789 2153 846 lonia:
2194 788 2495 859 Episcopus
2539 787 2682 859 apud
2706 787 3083 857 Serapionem,
3118 807 3185 847 ex
3214 792 3414 850 Euseb.
3446 796 3591 853 Hist.

1992 883 2142 950 eccl.,
2192 881 2371 950 lib.v,
2419 894 2469 937 c.
2496 880 2585 937 19.
2621 881 2696 937 De
2735 882 2995 952 praedicto
3036 883 3222 942 Zotico
3265 886 3596 947 Comanensi

1993 976 2264 1047 Episcopo
2292 984 2350 1031 et
2390 973 2609 1031 Juliano
2635 973 2914 1045 Apameno
2942 978 3187 1034 Asterius
3217 979 3466 1038 Urbanus
3493 1001 3585 1054 ap.

1992 1069 2214 1135 Euseb.,
2241 1070 2314 1127 ib.
2340 1115 2354 1139 ,
2398 1086 2451 1138 v,
2474 1068 2543 1125 16
2568 1068 2691 1143 (Ap.
2738 1067 2954 1136 Euseb.,
3001 1071 3073 1126 ib.
3103 1115 3116 1139 ,
3149 1090 3193 1127 c.
3222 1073 3312 1143 16,
3356 1076 3447 1142 17,
3476 1076 3593 1151 18).

1992 1163 2050 1219 ld
2086 1163 2342 1220 catholici
2374 1178 2442 1220 ex
2470 1163 2666 1229 variis,
2712 1163 2909 1235 quibus
2949 1164 3067 1220 veri
3100 1177 3283 1220 essent
3320 1167 3596 1239 prophetae

1991 1257 2060 1313 ab
2107 1257 2470 1313 Enthusiastis
2501 1256 2865 1324 secernendi,
2911 1258 3238 1329 colligebant
3268 1276 3280 1314 :
3306 1260 3446 1330 quod
3470 1261 3597 1319 fuco

1991 1350 2275 1407 oculorum
2306 1351 2595 1422 supercilia
2636 1350 2970 1421 capillosque
3001 1351 3259 1407 ilievisset
3285 1352 3592 1422 Montanus;

1993 1444 2136 1517 quod
2159 1445 2351 1500 salaria
2383 1444 2660 1516 prophetis
2685 1445 2797 1500 suis
2823 1455 3291 1519 mercaturatnque
3309 1451 3598 1518 quamdam

1993 1552 2059 1594 eo
2100 1546 2366 1610 praetextu
2394 1539 2795 1606 constituisset;
2828 1539 2974 1607 quod
3004 1540 3151 1596 viros
3183 1556 3313 1597 suos
3341 1542 3595 1613 reliquis-

1994 1639 2117 1687 sent
2140 1630 2260 1702 ejus
2290 1631 2625 1688 muliercula:
2665 1647 2787 1688 cum
2822 1631 3285 1703 prophetissarum
3312 1650 3510 1690 munus
3540 1636 3597 1691 in

1992 1738 2054 1779 se
2083 1722 2480 1794 suscepissent;
2527 1724 2672 1796 quod
2694 1724 2801 1781 illae
2822 1740 3038 1796 quoque
3062 1727 3303 1782 avaritia:
3334 1728 3596 1797 pecuniis-

272 1838 449 1894 tuisse
474 1835 567 1892 hic
593 1835 934 1907 suspicemur
962 1830 1246 1899 Irenmum,
1278 1829 1331 1886 id
1347 1845 1564 1903 quoque
1594 1827 1888 1893 addit,non
1916 1826 1966 1891 Β
1994 1833 2100 1891 que
2142 1820 2331 1891 quavis
2376 1820 2596 1875 tandem
2646 1829 2764 1877 arte
2791 1820 3139 1876 corradendis
3169 1829 3296 1876 totae
3318 1821 3599 1878 incumbe-

271 1926 452 1989 aliena
481 1928 747 1986 duntaxat
770 1928 877 1986 ﬁde
901 1943 962 1985 se
983 1940 1045 1983 ea
1071 1924 1341 1989 retulisse.
1375 1925 1472 1981 sed
1498 1936 1620 1996 quae
1651 1922 1887 2001 propriis

270 2020 392 2097 ipse
415 2023 638 2081 auribus
664 2023 953 2079 hausisset.
981 2023 1075 2078 Καί
1102 2019 1295 2078 πολλῶν
1315 2016 1567 2091 ἀκούομεν
1590 2011 1809 2090 ἀδελφῶν
1834 2014 1886 2070 ἓν

268 2124 335 2193 τῇ
366 2118 615 2196 balnei;
636 2114 925 2197 προφητικὰ
960 2118 1273 2195 χαρίσματα
1300 2110 1552 2185 ἐχόντων,
1580 2110 1667 2164 καί
1696 2126 1886 2164 παντο-

270 2206 473 2273 δαπαῖς
504 2208 793 2267 λαλούντων
829 2207 915 2265 διὰ
952 2210 1047 2266 τοῦ
1084 2206 1376 2280 πνεύματος
1402 2200 1683 2277 γλώσσαις,
1705 2201 1790 2255 καὶ
1819 2200 1888 2256 τὰ

272 2307 469 2384 aptique:
490 2310 594 2361 τῶν
620 2304 893 2379 ἀνθρώπων
919 2302 991 2364 είς
1026 2300 1238 2379 φανερὸν
1268 2297 1492 2384 ἀγόντων
1532 2295 1615 2350 ἐπὶ
1645 2299 1719 2367 τῷ
1748 2312 1884 2365 συμ-

273 2382 496 2477 φέροντι,
530 2396 618 2455 καί
659 2399 727 2455 τὰ
761 2400 1027 2476 μυστήρια
1068 2397 1163 2451 τοῦ
1200 2390 1315 2448 θεοῦ
1342 2383 1730 2462 ἆκδιηγουμένον
1758 2382 1883 2457 (Δρ.

271 2476 471 2548 Euseb.
502 2489 623 2565 ιιι).
659 2488 752 2546 llis
776 2488 902 2562 quid
934 2484 1041 2544 dici
1067 2482 1245 2559 potuit
1270 2476 1647 2538 manifestius?

350 2584 380 2658 §
405 2584 462 2643 8.
487 2615 564 2629 -
586 2580 903 2641 Tertulliani
927 2577 1229 2639 testimonia
1258 2585 1547 2650 prepterea
1576 2589 1683 2630 non
1704 2568 1886 2630 refero

271 2679 423 2753 quod
446 2678 599 2735 illum
622 2675 969 2735 montanismi
994 2682 1307 2747 suspectum
1328 2672 1455 2728 facit
1472 2666 1763 2742 Rigaltius,
1782 2680 1888 2724 nec

270 2789 441 2854 negat
484 2778 629 2851 apud
672 2795 796 2837 eum
838 2774 1277 2851 prepheticarum
1322 2773 1590 2830 visionum
1637 2767 1886 2840 exempla

270 2886 567 2934 oceurrere
591 2874 722 2933 satis
744 2871 1065 2945 frequentia.
1095 2866 1196 2927 Est
1224 2877 1279 2926 et
1298 2867 1446 2924 aliud
1475 2881 1719 2923 coaevum
1751 2862 1885 2920 Ter-

270 2971 511 3028 tulliano
554 2968 925 3027 testimonium
962 2966 1272 3039 neutiquam
1305 2978 1435 3020 sane
1461 2960 1883 3035 praetermitten-

272 3064 408 3124 dum
435 3108 453 3135 ,
511 3075 757 3122 actorum
788 3061 1074 3135 Perpetua:
1099 3071 1153 3119 et
1178 3056 1492 3117 Felicitatis.
1523 3054 1603 3116 lbi
1644 3056 1884 3113 visiones

271 3159 547 3217 habemus
574 3156 857 3230 Perpetua;
873 3162 930 3214 et
958 3148 1140 3213 Saturi
1177 3160 1277 3222 ;et
1309 3147 1527 3225 quidem
1573 3148 1707 3223 ipsis
1743 3148 1885 3205 Mar-

1991 1917 2141 1975 rellt;
2165 1909 2310 1982 quod
2329 1914 2475 1989 παρὰ
2498 1915 2559 1969 τὸ
2584 1915 2724 1969 κατά
2749 1911 3037 1988 παράδοσιν
3065 1916 3150 1968 καὶ
3178 1915 3313 1970 κατά
3336 1911 3598 1986 διαδοχήν

1990 2002 2172 2062 ἄνωθεν
2200 2014 2294 2068 τῆς
2321 2006 2591 2069 ἐκκλησίας
2615 2004 2726 2069 ἔθος
2747 2007 3061 2063 docuissent
3092 2024 3108 2074 ;
3137 2009 3440 2078 praesertim
3465 2022 3601 2064 vero

1989 2102 2131 2172 quod
2160 2102 2212 2157 in
2236 2103 2498 2159 insaniam
2522 2102 2645 2159 illos
2668 2102 2927 2174 profanus
2948 2104 3038 2159 ille
3057 2104 3279 2173 spiritus
3302 2104 3594 2174 adegisset,

1990 2192 2134 2264 quod
2176 2193 2322 2250 veris
2365 2193 2646 2266 prophetis
2700 2208 2994 2265 numquam
3047 2194 3399 2250 crediderunt
3423 2193 3600 2249 conti-

1987 2286 2135 2356 gisse
2182 2284 2472 2344 Catholici.
2528 2287 2645 2343 Hoc
2672 2289 2907 2344 maxime
2934 2295 3311 2359 argumentum
3353 2288 3597 2343 occasio-

1989 2392 2114 2435 nem
2142 2376 2292 2435 dedit
2317 2378 2657 2437 Tertulliano
2679 2379 2957 2437 scribendi
2983 2378 3054 2435 de
3094 2379 3306 2435 Ecstasi
3332 2379 3598 2436 adversus

1988 2471 2357 2543 Apollonium.

2063 2563 2288 2638 §10.-
2312 2565 2417 2624 Sed
2438 2574 2493 2624 et
2516 2566 2623 2622 alio
2648 2565 2762 2633 illo,
2786 2566 2929 2639 quod
2956 2565 3216 2635 diximus,
3277 2574 3598 2639 argumento

1989 2658 2253 2717 adversus
2298 2658 2422 2717 illos
2460 2661 2540 2717 usi
2567 2667 2695 2716 sunt
2736 2660 3011 2729 catholici,
3058 2660 3160 2718 hac
3200 2672 3414 2733 arrepta
3442 2677 3595 2718 ansa.

1990 2753 2296 2811 Maximilla
2316 2755 2384 2811 de
2421 2770 2482 2813 se
2531 2754 2872 2827 praedixerat,
2926 2766 3051 2827 post
3098 2771 3158 2813 se
3200 2757 3595 2828 prophetissam

1991 2846 2153 2903 aliam
2202 2862 2310 2905 non
2362 2848 2638 2916 futuram,
2686 2848 2781 2905 sed
2836 2852 3382 2905 consummationem.
3417 2849 3600 2906 Verba

1989 2945 2108 3015 ejus
2127 2944 2268 3014 apud
2299 2943 2660 3016 Epiphanium
2683 2943 2773 2999 illa
2792 2954 2918 2999 sunt
2943 2962 2956 2999 :
2985 2945 3104 3001 Μετ’
3129 2947 3217 3017 ἐμὲ
3242 2954 3492 3021 προφῆτις
3520 2947 3605 3000 οὐ-

1989 3040 2096 3096 κὲτι
2125 3037 2294 3104 ἔσται,
2322 3038 2447 3097 ἀλλὰ
2477 3038 2740 3095 συντέλεια
2771 3036 2991 3110 (Epiph.
3019 3080 3034 3105 ,
3063 3036 3209 3092 liter.
3246 3052 3433 3103 xum,
3460 3036 3490 3109 §
3515 3036 3593 3108 9.).

1988 3131 2119 3199 Quae
2160 3132 2293 3188 mihi
2336 3147 2468 3188 sane
2495 3131 2728 3187 suadent
2755 3140 2813 3186 ut
2835 3129 3103 3186 Biondelli
3132 3130 3416 3187 sententiae
3439 3144 3598 3186 acce-

273 3264 461 3331 tyrum
490 3222 742 3311 manibus
766 3252 997 3324 scriptas
1023 3222 1391 3321 consignatas,
1425 3222 1707 3302 Africanas
1723 3244 1887 3300 etiam

1995 3224 2116 3280 dam
2145 3267 2162 3294 ,
2217 3239 2327 3281 non
2357 3223 2576 3298 quidem
2607 3224 2791 3281 omnia
2820 3223 2913 3279 illa
2939 3224 3155 3279 oracula
3190 3222 3450 3295 Sibyllina
3474 3236 3597 3294 quae

271 3345 422 3415 illas,
455 3348 722 3420 planeque
752 3342 819 3401 ad
846 3340 1537 3418 Cyprianicarumlormam
1569 3346 1881 3411 conceptas.

272 3440 557 3498 Habemus
588 3439 753 3497 etiam
786 3437 957 3495 coarvi
980 3435 1218 3491 auctoris
1242 3431 1637 3505 praelationem,
1666 3444 1771 3502 qua
1801 3426 1885 3483 vi-

272 3533 495 3592 sionum
546 3529 850 3589 istiusmodi
896 3540 1051 3585 usum
1094 3543 1125 3584 e
1164 3524 1335 3584 Joelis
1365 3522 1645 3596 prophetia
1692 3520 1885 3594 probat

274 3624 758 3698 commendatque.
786 3622 981 3680 Mirum
1008 3627 1093 3679 est
1115 3620 1257 3695 quod
1281 3619 1409 3676 hinc
1438 3619 1759 3689 scriptorem
1798 3614 1885 3686 ip-

275 3730 483 3791 sosque
525 3716 668 3775 adeo
712 3722 980 3789 martyres
1020 3714 1367 3772 montanistis
1420 3710 1620 3768 lavisse
1671 3705 1889 3780 colligat

274 3808 629 3871 doctissimus
674 3810 869 3868 editor.
896 3808 1016 3865 Non
1048 3814 1131 3866 est
1159 3806 1382 3866 omnino
1406 3803 1722 3872 verisimile,
1754 3801 1809 3858 id
1838 3800 1887 3857 si

275 3904 476 3965 luisset
513 3916 736 3971 verum,
761 3902 879 3961 fore
905 3903 1027 3960 illos
1053 3902 1107 3958 ιη
1147 3910 1445 3974 martyrum
1475 3915 1643 3956 censu
1690 3911 1885 3954 nume-

274 3996 515 4067 randos,
543 3998 935 4069 colendamque
974 4000 1136 4054 etiam
1178 4010 1367 4053 eorum
1415 3994 1468 4050 in
1505 3990 1750 4049 Ecclesia
1796 4005 1889 4048 ca—

273 4090 485 4152 tholica
531 4093 874 4151 memoriam.
905 4088 1014 4149 Nec
1040 4088 1186 4148 enim
1229 4103 1257 4145 a
1288 4086 1557 4161 Cypriane
1610 4085 1885 4141 inductam

273 4197 404 4246 esse
452 4184 604 4242 illam
666 4182 737 4242 de
778 4178 1025 4257 negando
1073 4180 1545 4239 schismaticorum
1616 4175 1879 4249 martyrio

272 4280 611 4339 sententiam
642 4320 660 4348 ,
710 4277 805 4335 sed
852 4277 922 4333 ab
946 4276 1066 4349 ipso
1112 4287 1283 4346 usque
1319 4268 1659 4328 Tertulliano
1707 4268 1887 4325 Africa

274 4370 457 4433 fuisse
494 4382 792 4446 receptam,
823 4372 1070 4444 probavit
1097 4387 1167 4428 ex
1195 4367 1391 4427 eodem
1419 4362 1760 4425 Tertulliano
1797 4363 1885 4422 Cl.

274 4464 629 4528 CeStriensis.
659 4462 729 4523 Et
745 4480 874 4523 vero
899 4474 1086 4522 contra
1120 4464 1496 4530 montanistas,
1525 4458 1704 4534 potius
1726 4474 1887 4533 quam

276 4576 353 4620 ex
379 4576 575 4619 eorum
598 4558 864 4616 sententia
882 4602 899 4627 ,
930 4574 1055 4616 esse
1070 4567 1356 4630 concepta,
1384 4571 1505 4629 qua:
1534 4555 1640 4613 huc
1667 4552 1891 4610 trahunt

277 4656 386 4714 viri
412 4650 634 4721 eruditi,
664 4654 843 4710 statim
872 4652 1242 4709 ostendemus.

352 4745 390 4825 ξ
416 4744 566 4805 9.-
582 4745 737 4815 Quod
763 4747 907 4803 enim
933 4744 1007 4802 illi
1029 4745 1432 4817 prophetiarum
1454 4746 1773 4815 praetextum
1802 4755 1890 4797 re-

276 4840 477 4901 lictum
528 4846 715 4913 putant
754 4839 1097 4896 montanistis
1131 4836 1200 4894 ab
1228 4832 1476 4894 Ecclesia
1499 4877 1515 4903 ,
1560 4849 1749 4891 verum
1781 4842 1891 4889 non

281 4946 393 4997 est.
420 4930 539 4995 Nec
564 4936 708 4993 enim
743 4950 839 5008 pro
872 4935 1017 4993 veris
1040 4933 1322 5006 prOphetis
1350 4942 1663 4988 montanum
1707 4928 1894 5001 ejusve

282 5026 649 5089 mulierculas
702 5030 1003 5086 habuerant
1064 5024 1343 5095 catholici,
1401 5036 1504 5082 nec
1557 5022 1891 5080 defecturam

282 5136 530 5197 unquam
572 5122 920 5182 crediderunt
965 5123 1022 5180 in
1070 5121 1312 5179 Ecclesia
1354 5119 1744 5192 prophetarum
1771 5131 1897 5173 suc—

286 5219 623 5277 cessionem.
668 5213 973 5287 Utrumque
997 5216 1299 5271 docuerant
1324 5222 1512 5270 contra
1536 5210 1896 5267 montanistas

286 5306 583 5379 catholici,
631 5320 963 5381 possuntque
1003 5323 1068 5364 ex
1110 5320 1297 5362 eorum
1330 5305 1594 5361 alterutro
1623 5301 1653 5357 a
1683 5311 1895 5356 monta-

285 5407 561 5463 nistarum
588 5405 943 5476 scriptoribus
980 5401 1230 5458 facillime
1255 5399 1531 5472 distingui.
1568 5397 1685 5453 Non
1708 5397 1854 5452 bono
1877 5435 1893 5462 ,

287 5498 393 5557 sed
444 5498 589 5554 malo
656 5497 868 5571 spiritui
916 5492 1225 5551 tribuebant
1276 5490 1395 5548 illas
1445 5492 1893 5546 montanistarum

284 5583 643 5668 prepbetias,
695 5589 837 5648 unde
870 5590 962 5646 illa
989 5589 1109 5660 ejus
1150 5586 1294 5659 apud
1336 5582 1629 5641 Eusebium
1664 5579 1891 5655 querela

286 5678 516 5763 (Euseb.
542 5729 561 5758 ,
603 5680 741 5744 Hist.
785 5684 935 5755 eccl.,
966 5701 1021 5753 v,
1046 5682 1137 5751 16,
1167 5694 1231 5739 ea:
1247 5679 1450 5738 Asteria
1471 5676 1704 5749 Urbano)
1731 5721 1747 5746 ,
1794 5688 1893 5748 pro

286 5783 424 5858 lupo
446 5798 532 5852 se,
563 5780 652 5856 qui
682 5791 862 5840 tamen
887 5792 1058 5854 agnus
1086 5784 1252 5849 esset,
1280 5774 1496 5833 haberi.
1526 5771 1761 5829 Proinde
1786 5770 1894 5828 Zo-

292 5875 467 5935 ticum
499 5919 515 5949 ,
565 5891 688 5935 cum
717 5890 778 5936 se
799 5876 1123 5948 prophetare
1149 5870 1383 5946 primum
1414 5870 1695 5929 simularet
1720 5865 1892 5926 Maxi-

1988 3326 2176 3374 extaut
2201 3316 2382 3387 hodie,
2422 3333 2455 3375 a
2483 3316 2827 3376 montanistis
2848 3331 2970 3373 esse
2997 3316 3250 3381 conﬁcta,
3281 3315 3380 3371 sed
3407 3329 3599 3370 eorum

1990 3411 2179 3468 saltem
2225 3411 2426 3484 aliqua.
2482 3411 2560 3467 Ibi
2606 3410 2755 3468 enim
2802 3410 2859 3465 in
2898 3408 3061 3465 Marci
3089 3408 3372 3479 imperium
3412 3407 3603 3464 mundi

1989 3506 2106 3563 haec
2135 3509 2399 3564 συντέλεια
2426 3505 2543 3563 sive
2568 3504 2966 3562 consummatio
3004 3502 3273 3574 rejicitnr.
3306 3501 3423 3559 Sub
3447 3500 3594 3557 illius

1990 3606 2172 3657 autem
2209 3598 2422 3670 imperii
2450 3598 2611 3655 linem
2640 3596 3013 3654 Mareellinam
3057 3595 3362 3652 excessisse
3404 3594 3599 3650 verisi~

1990 3694 2277 3751 millimum
2322 3699 2427 3750 est.
2454 3691 2591 3750 Cum
2646 3692 2789 3749 enim
2840 3693 2909 3748 ab
2934 3690 3054 3760 ejus
3073 3704 3302 3746 excessu
3331 3688 3397 3743 ad
3437 3701 3596 3743 suum

1990 3802 2100 3860 quo
2120 3786 2392 3845 scribebat
2411 3800 2633 3854 annum,
2657 3799 2830 3842 annos
2859 3800 2980 3853 xm,
3004 3784 3119 3840 sive
3143 3798 3259 3851 xxv,
3281 3780 3597 3838 inchoatum

1988 3891 2240 3938 numeret
2266 3883 2512 3939 Asterius
2541 3879 2793 3937 Urbanus
2846 3878 2971 3952 (Ap.
3001 3876 3216 3945 Euseb.,
3253 3874 3394 3932 Hist.
3425 3875 3549 3930 εει-1.
3576 3916 3593 3944 ,

1990 3988 2046 4043 v,
2078 3974 2169 4041 16,
2202 3975 2315 4046 17),
2344 3986 2454 4029 non
2483 3973 2588 4029 alio
2610 3972 2698 4027 illa
2726 3985 2886 4042 quam
2916 3968 2982 4026 ad
3000 3969 3281 4027 Commodi
3309 3969 3595 4040 imperium
3672 4022 3679 4029 ,

1992 4067 2172 4138 aptius
2196 4064 2388 4122 referri
2403 4078 2565 4137 posse
2591 4064 2904 4121 existimant
2931 4063 3153 4120 eruditi.
3182 4061 3382 4118 Contra
3409 4060 3597 4117 catho-

1992 4160 2082 4217 lici
2110 4162 2198 4216 vel
2241 4161 2368 4217 hinc
2400 4160 2521 4216 illos
2554 4157 2853 4230 prophetiae
2895 4167 3188 4228 praetextas
3224 4157 3347 4212 falsi
3374 4156 3597 4212 convin-

1993 4256 2196 4314 cendos
2232 4262 2469 4328 putant,
2497 4251 2641 4326 quod
2692 4266 2806 4309 suae
2858 4248 3180 4321 prephetize,
3225 4250 3311 4306 vel
3352 4263 3419 4306 ex
3461 4264 3595 4306 con-

1993 4349 2174 4417 fesso,
2226 4349 2348 4406 ﬁnis
2378 4348 2516 4404 foret
2545 4346 2841 4418 aliquando
2869 4343 3208 4401 statuendus.
3239 4342 3440 4399 Verum
3466 4357 3593 4415 pro-

1994 4442 2232 4515 phetiam
2258 4450 2573 4514 perpetuam
2601 4440 2737 4506 fore,
2765 4449 2820 4496 et
2842 4439 2910 4495 ad
2935 4438 3118 4494 mundi
3146 4452 3316 4509 usque
3340 4452 3593 4494 consum-

1994 4534 2289 4590 mationem
2353 4548 2541 4590 revera
2591 4546 3025 4605 permansuram.
3084 4530 3160 4585 lta
3226 4531 3597 4602 intelligebaut

1867 4674 1875 4679 .
1911 4640 1967 4705 ι)
1996 4626 2315 4699 Apostolum
2337 4627 2453 4705 illo,
2479 4628 2531 4681 ni
2558 4624 2718 4682 fallor
2742 4668 2756 4693 ,
2785 4624 3204 4697 loco(Eph.,1v.
3237 4625 3325 4691 11,
3358 4624 3447 4693 1‘2,
3480 4623 3595 4698 l3).

1997 4723 2071 4779 Ita
2116 4702 2430 4793 prephetas,
2465 4719 2629 4776 Joelis
2652 4762 2667 4788 ,
2700 4728 2759 4775 ut
2787 4718 2998 4791 opinor,
3024 4716 3175 4773 illum
3198 4717 3374 4773 locum
3406 4718 3599 4789 pracci-

1995 4830 2105 4888 pue
2133 4829 2292 4887 quem
2322 4813 2577 4870 diximus.
2609 4814 2724 4880 Qua
2750 4811 3163 4867 ratiocinatione
3192 4810 3268 4866 ita
3307 4809 3600 4866 abfuerunt

2000 4926 2030 4965 ιι
2060 4907 2320 4982 negandis
2345 4922 2566 4963 suorum
2595 4916 2902 4976 temporum
2946 4903 3263 4975 prophetiis,
3297 4914 3358 4959 ut
3388 4904 3441 4959 in
3469 4920 3598 4976 qua-

1997 5017 2228 5073 cumque
2264 5000 2512 5058 Eeclesia
2544 5015 2653 5057 non
2695 4998 2920 5054 fuissent
2940 4999 3240 5070 prophetae,
3272 5012 3334 5055 ea
3360 5014 3429 5055 ne
3455 5006 3601 5055 esset

1998 5100 2214 5171 quidem
2245 5112 2344 5170 pro
2372 5095 2613 5153 Ecclesia
2644 5092 2913 5149 habenda.

2070 5192 2101 5266 ς
2132 5193 2304 5248 11.-
2324 5190 2400 5247 ita
2428 5198 2831 5260 argumentatus
2856 5194 2940 5242 est
2970 5185 3215 5243 Asterius
3245 5185 3512 5242 Urbanus.
3538 5184 3597 5241 Ei

1992 5296 2095 5371 γὰρ
2126 5292 2257 5367 μετᾶ
2286 5289 2537 5368 Κοδράτον
2572 5289 2662 5343 καὶ
2697 5290 2786 5346 τὴν
2830 5284 2881 5339 ἓν
2918 5280 3238 5358 Φιλαδελφείᾳ
3274 5280 3504 5355 Ἂμμίαν,
3530 5282 3601 5344 ὡς

1998 5392 2169 5464 φασὶν,
2197 5388 2252 5444 αἶ
2277 5390 2398 5462 περὶ
2420 5383 2674 5441 Μοντανὸν
2710 5378 2992 5445 διεδέξαντο
3012 5385 3245 5452 γυναῖκες
3264 5379 3323 5432 τὸ
3351 5396 3601 5453 προφητι-

1996 5486 2082 5541 κὸν
2110 5485 2375 5561 χαρίσμα,
2399 5483 2520 5541 τοὺς
2548 5478 2650 5534 ἀπὸ
2667 5479 2946 5541 Μοντανοῦ,
2970 5478 3176 5529 καὶτῶν
3199 5478 3449 5544 γυναικῶν
3469 5474 3603 5534 τίνες

1999 5579 2126 5657 παρ’
2168 5580 2341 5639 αὐτοῖς
2385 5572 2667 5640 διεδέξαντο
2710 5569 3020 5637 δειξάτωσαν
3045 5584 3059 5601 ⁸
3090 5565 3191 5622 δεῖν
3232 5568 3333 5644 γὰρ
3380 5561 3504 5622 εἶναι
3541 5567 3601 5623 τὸ

1998 5673 2310 5754 προφητικὸν
2334 5672 2581 5748 χαρίσμα
2607 5666 2657 5722 ἐν
2682 5666 2828 5739 πάσῃ
2848 5671 2909 5736 τῇ
2941 5661 3180 5736 ἐκκλησίᾳ
3209 5661 3374 5738 μέχρι
3401 5670 3493 5722 τῆς
3519 5681 3604 5717 τε-

1996 5751 2134 5832 λέίας
2160 5751 2454 5842 παρουσίας
2479 5759 2506 5819 ὅ
2530 5759 2837 5820 ’Δπὸστολος
2868 5756 3001 5822 ἀξιοῖ
3024 5752 3164 5827 (Ap.
3219 5752 3408 5809 Euseb.
3462 5751 3605 5808 Hist.

2000 5858 2150 5931 eccl.,
2178 5876 2234 5931 ν,
2270 5858 2334 5917 17
2434 5856 2512 5915 lta
2535 5849 2870 5925 Epiphanius
2910 5866 2924 5904 :
2952 5848 3008 5906 Εἰ
3036 5848 3137 5926 γὰρ
3180 5844 3260 5904 δεῖ
3296 5850 3610 5926 χαρίσματα
