3994 6318
412 273 481 334 15
1377 260 1740 323 DODWELLI
1780 256 2228 322 DISSERTATIO
2274 253 2692 315 CYPRIANICA
3636 255 3707 313 i6

399 389 665 463 δέχεσθαι,
696 390 782 444 καὶ
823 385 902 443 δεῖ
949 386 998 441 ἐν
1044 382 1282 463 ἐκκλησίᾳ
1312 388 1647 463 χαρίσματα.
1676 391 1787 445 πῶς
1833 385 2004 439 οὐκέτι

2115 381 2345 435 visiones
2393 384 2512 432 erat
2549 372 2968 445 complexurus;
3024 384 3329 445 quanquam
3380 377 3591 429 eertum
3640 372 3712 428 sit

404 490 535 553 μετά
560 483 832 546 Μοντανὸν,
873 482 959 534 καὶ
986 477 1302 554 Πρίσκιλλαν,
1351 483 1438 534 καί
1481 478 1788 551 Μαξιμίλλαν
1818 475 2009 549 ἔχουσι

401 580 709 652 «paying;
740 567 844 650 ἆρα
866 572 1085 649 {dy/naso
1110 574 1141 630 ἡ
1167 573 1366 649 χάριςς
1397 573 1487 627 οὐκ
1512 574 1663 646 ἀργεῖ
1700 569 1753 626 δὲ
1790 572 1820 629 ἡ
1846 571 2008 644 χάρις

403 669 456 723 ἐν
481 667 604 742 ἁγίᾳ
628 665 887 740 ἐκκλησίᾳ.
915 669 986 737 μὴ
1009 664 1222 738 γένοιτο.
1254 664 1311 718 Εἰ
1335 661 1388 717 δὲ
1417 663 1512 724 ἕως
1552 664 1687 723 τινὸς
1719 665 2006 736 προφήτευ-

404 781 503 814 σαν
528 759 575 813 οἱ
597 758 1066 834 προφητεύσαντες,
1099 759 1186 810 καὶ
1210 756 1379 810 οὐκέτι
1421 755 1847 832 προφητεύουσιν.
1881 754 2007 808 om

403 853 521 910 οὔτε
544 851 835 931 Πρίσκιλλα,
863 848 984 906 οὔτε
1004 850 1284 923 amittam.“
1310 852 1671 924 προεφήτευσαν
1696 851 1828 920 μετά
1851 849 2006 918 (κατὰ

401 947 568 1002 scrib.
600 948 618 1015 )
668 947 763 1006 τὰς
810 945 1119 1020 προφητείας
1143 949 1238 1004 τὰς
1258 940 1344 997 διὰ
1370 948 1469 997 τῶν
1512 940 1668 1014 ἁγίων
1690 940 2006 997 ’Λποστόλων

400 1042 451 1094 ἐν
480 1048 541 1113 τῇ
571 1038 695 1113 ἁγίᾳ
721 1038 968 1112 ἐκκλησίᾳ
994 1034 1392 1107 δοκιμασθείσας
1426 1032 1598 1105 (Hier.
1631 1049 1814 1099 XLVIII,
1850 1031 1878 1105 §
1904 1031 1940 1087 2
1960 1031 2003 1104 ).

402 1132 570 1190 Plane
601 1132 716 1201 haec
744 1131 1119 1203 Epiphaniano
1147 1130 1346 1186 satequ
1386 1144 1491 1183 non
1523 1127 1870 1192 conveniunt,
1900 1140 2007 1198 quo

396 1226 509 1298 jam
557 1226 610 1280 in
653 1223 901 1280 confesso
939 1231 1057 1278 erat
1096 1221 1210 1277 hcce
1261 1224 1572 1299 χαρίσματα
1622 1234 1862 1291 eousque
1896 1234 2006 1275 non

399 1333 774 1393 permanasse.
823 1317 1087 1373 Existimo
1146 1318 1311 1388 igitur
1366 1332 1433 1372 ex
1488 1314 1790 1385 antiquiore
1826 1313 2008 1385 aliquo

400 1415 671 1484 scriptore
713 1411 864 1467 illum
899 1411 1013 1466 haec
1054 1410 1303 1480 imperite
1327 1408 1704 1481 descripsisse.

476 1505 505 1578 §
528 1504 775 1561 12.-—-Ad
797 1504 1040 1560 eamdem
1062 1503 1288 1559 formam
1309 1511 1713 1575 argumentatur
1734 1508 1888 1557 vetus
1914 1499 2008 1557 illc

403 1609 613 1665 auctor,
647 1599 971 1669 quicumque
999 1596 1116 1663 fuit,
1147 1609 1443 1669 martyrum
1472 1608 1958 1665 contemporaneus
1990 1635 2003 1660 ,

401 1701 647 1749 actorum
673 1690 956 1761 Perpetuae
991 1699 1045 1746 et
1076 1689 1393 1745 Felicitatis.
1434 1689 1484 1745 Is
1511 1689 1622 1757 ubi,
1651 1687 1813 1743 allato
1837 1686 2008 1743 .Ioelis

2112 473 2254 529 hanc
2280 469 2777 542 interpretationem
2806 468 2871 523 ad
2897 476 3131 523 mentem
3163 465 3472 522 Maximilla:
3492 480 3711 523 accom-

2111 565 2316 623 modari
2351 582 2455 620 non
2487 579 2665 637 posse.
2700 563 2831 632 Quae
2861 564 3003 620 enim
3036 572 3158 633 post
3183 577 3243 618 se
3273 563 3565 619 συντέλειαν
3594 561 3710 618 fore

2112 660 2341 727 dixerat,
2364 676 2485 716 eam
2513 676 2728 716 omnem
2759 675 2979 731 prorsus
3013 658 3310 730 praphetize
3341 674 3494 713 usum
3525 658 3713 714 exclu-

2112 771 2289 811 suram
2321 771 2542 811 necesse
2575 764 2711 812 erat.
2765 755 2829 809 5°
2872 754 3009 809 Cum
3057 752 3158 809 hac
3203 752 3316 823 ipsa
3364 760 3712 824 argumenta-

2112 846 2258 902 tione
2278 888 2295 913 ,
2349 858 2476 902 ante
2502 862 2674 902 annos
2701 845 2767 902 ad
2795 846 3077 901 minimum
3105 844 3294 902 decem
3318 885 3335 913 ,
3366 845 3419 901 in
3448 855 3592 901 secta
3621 843 3713 902 illa

2108 939 2400 996 refellenda
2428 956 2557 996 usus
2588 942 2761 996 fuerat
2782 939 3028 995 Asterius
3060 938 3348 1007 Urbanus;
3382 936 3504 1008 quis
3525 935 3714 993 credat

2111 1032 2302 1088 eadem
2324 1031 2798 1103 argumentatione
2836 1045 3058 1085 usurum
3083 1039 3246 1086 secta:
3274 1038 3557 1100 patronum
3583 1028 3607 1083 ’ἒ
3644 1026 3712 1081 4ο

2111 1124 2168 1180 Id
2208 1125 2369 1181 etiam
2420 1140 2487 1180 ex
2536 1123 2730 1180 eodem
2784 1122 3003 1180 Urbano
3032 1131 3244 1179 constat
3295 1121 3363 1178 de
3412 1120 3556 1178 facto
3591 1121 3714 1178 illos

2110 1230 2327 1273 Omnem
2373 1233 2523 1271 suam
2577 1216 2963 1288 prophetarum
3009 1215 3411 1272 successionem
3454 1214 3507 1270 in
3548 1213 3713 1270 Maxi-

2111 1309 2256 1365 milla
2288 1308 2611 1366 terminasse
2633 1352 2648 1378 ,
2689 1323 2788 1365 nec
2828 1309 2992 1364 alium
3024 1309 3269 1379 quemvis
3291 1315 3411 1379 post
3440 1306 3586 1362 illam
3614 1306 3714 1362 ad-

2112 1401 2323 1457 misisse
2364 1416 2756 1458 successorem.
2815 1401 3018 1458 Eadem
3067 1402 3537 1473 argumentatione
3586 1415 3716 1456 usus

2111 1492 2445 1564 Epiphanius
2493 1494 2665 1568 (liter.
2710 1510 2912 1563 XLVIII,
2964 1493 3103 1567 ξε),
3148 1504 3274 1566 post
3321 1495 3465 1550 illius
3508 1494 3717 1551 obitum

2113 1588 2380 1643 neminem
2408 1589 2569 1643 alium
2616 1604 2647 1644 a
2678 1589 3025 1644 montanistis
3044 1588 3113 1644 ad
3142 1604 3240 1645 sua
3272 1605 3441 1660 usque
3472 1600 3716 1660 tempora

2111 1688 2349 1755 agnitum
2407 1699 2529 1740 esse
2569 1685 2876 1741 confirmat.
2927 1682 3069 1740 Fieri
3110 1684 3272 1755 igitur
3307 1700 3416 1739 non
3454 1691 3632 1754 potest
3660 1688 3721 1740 ut

404 1788 545 1854 loco,
580 1784 887 1856 probasset,
920 1784 992 1838 ita
1016 1799 1121 1839 non
1150 1784 1385 1839 deﬁcere
1413 1800 1442 1838 a
1470 1783 1531 1838 Y.
1556 1783 1619 1838 T.
1652 1783 1758 1838 illis
1787 1782 1848 1837 N.
1874 1781 2008 1838 Tes-
2036 1793 2085 1853 Β
2114 1777 2443 1832 montanista
2472 1777 2726 1834 Saturum
2755 1777 3185 1848 Perpetuamqne
3229 1779 3281 1833 in
3322 1777 3713 1849 prophetarum

404 1877 630 1934 tumenti
660 1878 970 1949 prophetias
995 1917 1009 1942 ,
1043 1888 1100 1932 ut
1120 1878 1230 1932 sint
1259 1877 1435 1949 potius
1460 1892 1529 1932 ex
1556 1876 1785 1933 adverso
1811 1876 1913 1931 sub
1938 1874 2002 1932 N.

401 1972 469 2031 Τ.
494 1973 732 2045 potiores
763 1971 1143 2042 expectandae;
1188 1970 1305 2026 hmo
1331 1969 1527 2026 deinde
1554 1968 1827 2040 subjungit
1852 1968 1905 2023 in
1936 1968 2006 2023 il-

402 2063 536 2131 lam,
557 2079 716 2135 quam
748 2064 885 2130 dixi,
915 2063 1270 2119 sententiam:
1298 2081 1318 2115 ‹
1351 2063 1534 2134 Itaque
1550 2072 1603 2120 et
1634 2078 1754 2129 nos,
1784 2061 1873 2133 qui
1902 2063 2007 2118 sic~

401 2166 462 2213 ut
491 2156 837 2229 prophetias,
886 2157 956 2212 ita
997 2166 1052 2212 et
1090 2158 1330 2213 visiones
1376 2173 1549 2214 novas
1575 2158 1780 2228 pariter
1815 2171 2006 2226 repro-

399 2251 597 2306 missas
643 2258 698 2305 et
736 2250 1078 2322 agnoscimus
1130 2261 1186 2305 et
1245 2250 1623 2319 honoramus;
1671 2261 2008 2328 exterasque

401 2345 633 2400 virtutes
680 2344 917 2415 Spiritus
956 2344 1137 2400 Sancti
1179 2344 1245 2400 ad
1289 2346 1704 2402 instrumentum
1746 2350 2009 2409 Ecclesiae

402 2448 719 2508 reputamus
747 2476 763 2502 ,
812 2438 898 2491 cui
928 2447 979 2491 et
1011 2435 1207 2492 missus
1252 2446 1336 2493 est
1365 2437 1507 2493 idem
1536 2440 1715 2494 omnia
1746 2440 2007 2500 donativa

399 2532 789 2591 administrans
818 2532 869 2585 iu
912 2532 1160 2586 omnibus
1186 2571 1202 2598 ,
1234 2540 1394 2601 prout
1420 2533 1708 2604 unicuique
1735 2533 2010 2593 distribuit

401 2623 689 2692 Dominus,
721 2622 1029 2679 necessario
1054 2632 1110 2678 et
1136 2622 1451 2693 digerimus,
1485 2633 1539 2679 et
1568 2625 1634 2680 ad
1657 2626 1885 2697 gloriam
1916 2628 2007 2685 Dei

403 2718 640 2774 lectione
665 2716 1026 2773 celebramus.
1067 2714 1135 2772 Ut
1175 2732 1243 2771 ne
1269 2733 1373 2788 qua
1405 2727 1498 2773 aut
1522 2718 1886 2785 imbecillitas,
1918 2732 2010 2777 aut

405 2811 716 2882 desperatio
748 2809 870 2865 fidei
898 2850 912 2875 ,
967 2808 1110 2880 apud
1153 2817 1369 2866 veteres
1392 2820 1600 2867 tantum
1628 2814 1858 2870 aestimet
1886 2831 2010 2886 gra-

408 2903 540 2959 tiam
576 2902 887 2957 Divinitatis
916 2911 1290 2958 conversatam
1313 2944 1326 2968 ,
1372 2903 1486 2960 sive
1534 2915 1861 2978 martyrum,
1893 2908 2009 2964 sive

406 2997 465 3054 in
505 2996 896 3053 revelationum
934 2996 1242 3066 dignatione
1272 3014 1286 3051 :
1320 3011 1443 3052 cum
1472 3012 1690 3069 semper
1715 3000 1855 3057 Deus
1879 3016 2009 3072 ope-

406 3098 560 3150 retur
589 3105 711 3161 qutc
754 3088 1108 3159 repromisit,
1160 3104 1267 3143 non
1313 3089 1660 3148 credentibus
1686 3092 2009 3150 intestimo-

2110 1869 2291 1926 album
2321 1871 2587 1927 retulerit.
2624 1871 2681 1928 Id
2710 1872 2901 1926 saltem
2931 1887 2997 1927 ex
3044 1871 3134 1926 illa
3165 1871 3399 1929 aliorum
3426 1887 3717 1944 argumen-

2110 1966 2315 2022 tatione
2343 1966 2608 2022 concedat
2633 1966 2805 2023 lector
2825 1981 3049 2024 necesse
3072 1976 3155 2023 est
3176 2009 3191 2034 ,
3216 1968 3307 2039 qui
3341 1969 3416 2024 ita
3439 1983 3720 2041 argumen-

2112 2067 2253 2116 tetur
2286 2075 2397 2116 non
2439 2076 2560 2117 esse
2592 2076 2659 2118 eo
2693 2062 2913 2118 nomine
2942 2076 3040 2133 pro
3090 2063 3415 2118 montanista
3444 2063 3719 2119 aestiman-

2110 2151 2261 2208 dum.
2310 2152 2421 2208 Nec
2464 2162 2644 2209 tamen
2673 2154 2820 2210 aliud
2868 2155 3149 2225 proferunt
3174 2158 3264 2227 qui
3291 2154 3452 2212 aliter
3479 2154 3721 2211 sentiunt

2109 2245 2210 2301 viri
2238 2260 2370 2302 sane
2397 2246 2615 2302 eruditi.
2650 2247 2775 2304 Scio
2814 2247 3068 2319 equidem
3101 2248 3400 2322 luheusque
3429 2248 3670 2306 concedo
3698 2290 3718 2318 ,

2110 2340 2165 2395 iu
2195 2350 2302 2395 tota
2324 2342 2424 2396 hac
2452 2341 2521 2397 de
2549 2342 2957 2413 prophetiarum
2990 2344 3349 2415 perpetuitate
3373 2354 3719 2417 argumenta-

2111 2434 2257 2488 tione
2296 2432 2651 2490 hallucinatos
2678 2450 2800 2491 esse
2822 2444 3036 2492 veteres
3061 2479 3077 2505 ,
3111 2452 3211 2493 nec
3232 2437 3298 2492 ad
3325 2453 3513 2493 eorum
3536 2446 3720 2495 aucto-

2110 2528 2324 2585 ritatem
2356 2530 2700 2585 minuendam
2733 2529 2882 2600 facit,
2913 2533 3055 2603 quod
3087 2532 3135 2587 id
3163 2548 3332 2604 genus
3353 2537 3558 2592 erroris
3582 2535 3720 2591 alios

2113 2620 2534 2694 frequentesque
2583 2638 2965 2696 agnoscamus.
2998 2624 3111 2682 Nec
3154 2628 3298 2682 enim
3335 2626 3477 2683 aliud
3520 2628 3719 2686 habue-

2112 2723 2240 2779 runt
2275 2719 2559 2771 sententite
2588 2731 2702 2772 suae
2741 2718 3148 2774 fundamentum
3176 2735 3334 2790 quam
3367 2729 3552 2776 textus
3595 2722 3718 2780 illos

2118 2821 2255 2876 quos
2305 2807 2565 2876 diximus,
2592 2809 2735 2866 unde
2767 2820 2987 2868 rectene
3010 2813 3373 2884 argumentati
3401 2824 3561 2883 sunt,
3607 2831 3719 2873 non

2111 2897 2178 2955 de
2205 2899 2517 2955 testimonio
2544 2917 2763 2971 eorum,
2817 2904 2912 2960 sed
2944 2920 3074 2961 vero
3116 2904 3187 2961 de
3219 2904 3425 2976 judicio
3459 2918 3539 2964 est
3570 2924 3721 2981 qua:-

2111 2995 2237 3062 stio,
2259 2996 2310 3050 in
2335 3012 2439 3066 qua
2466 2997 2671 3053 nullum
2698 2998 2898 3056 habent
2922 3016 2951 3055 a
2974 3015 3069 3056 sua
3092 3010 3358 3057 vetustate
3384 3002 3715 3072 praesidium.

2112 3088 2266 3160 Quod
2310 3108 2443 3150 vero
2492 3094 2617 3152 inde
2645 3095 2859 3165 infero,
2904 3097 2974 3155 de
3022 3098 3166 3155 facto
3198 3099 3320 3157 illos
3345 3102 3633 3172 agnovisse
3662 3102 3719 3161 in

407 3181 559 3238 nium
591 3222 605 3247 ,
637 3180 985 3255 credentibus
1029 3179 1082 3234 iu
1114 3179 1429 3237 beneficium
1457 3181 1549 3256 (In
1577 3183 1843 3259 Prae/ita).
1886 3207 1904 3241 ι
1932 3188 2012 3246 Eo
2039 3190 2084 3253 C
2117 3198 2217 3240 suo
2247 3202 2459 3259 quoque
2479 3192 2678 3246 saeculo
2703 3191 3034 3264 prophetias,
3059 3194 3112 3251 id
3137 3196 3248 3266 jam
3281 3199 3336 3252 in
3369 3196 3510 3253 facto
3536 3213 3720 3255 versa-

404 3275 630 3331 omuino
657 3282 866 3344 spectat
893 3282 1001 3329 tota
1033 3288 1097 3329 ea
1123 3273 1415 3344 disputatio
1445 3291 1510 3331 ne
1543 3276 1717 3333 fraudi
1746 3290 1892 3335 esset
1916 3296 2007 3336 se-

407 3368 619 3423 cuturis
647 3366 946 3421 visionibus
977 3364 1121 3433 quod
1149 3365 1353 3421 ultimis
1385 3367 1643 3425 Ecclesia:
1675 3374 2011 3443 temporibus

401 3456 527 3514 illas
560 3458 700 3514 Deus
724 3456 963 3512 revelare
993 3457 1240 3528 dignatus
1263 3460 1353 3515 sit.
1382 3459 1437 3515 Id
1467 3477 1534 3517 ne
1559 3473 1723 3531 esset,
1754 3465 1857 3522 hoc
1907 3467 2009 3524 sibi

405 3557 746 3630 probandum
778 3556 1026 3629 sumpsit,
1055 3556 1257 3611 ultimis
1288 3573 1409 3614 esse
1428 3559 1544 3615 illas
1572 3564 1841 3634 praecipue
1874 3575 2009 3622 temo

406 3651 652 3723 poribus,
683 3664 1009 3719 semperque
1046 3652 1113 3705 ad
1140 3654 1666 3711 consummationem
1707 3673 1877 3729 usque
1904 3677 2009 3717 ex-

404 3743 724 3818 pectandas.
767 3743 1025 3798 Poterant
1068 3758 1130 3799 ea
1176 3743 1421 3802 fortassis
1451 3747 1709 3806 adversus
1752 3752 2012 3811 Ethnicos

409 3838 554 3896 dicta
609 3837 775 3895 videri
808 3879 824 3904 ,
876 3846 1128 3908 poterant
1152 3838 1314 3894 etiam
1343 3839 1603 3899 adversus
1630 3848 2005 3904 mantanistas.

408 3930 608 3989 Contra
648 3930 1001 3988 montanistas
1053 3931 1231 4002 pOIius
1277 3932 1419 3990 dicta
1467 3937 1834 4007 crediderim,
1884 3942 2011 4013 quia

403 4046 526 4103 qua:
555 4030 762 4086 dixerant
788 4070 803 4093 ,
832 4044 894 4084 ea
923 4027 1321 4099 Scripturarum
1356 4033 1663 4090 testimonio
1710 4037 2009 4097 confirma-

407 4124 508 4180 vit.
560 4123 618 4178 Id
670 4135 803 4178 sane
831 4119 1174 4176 manifesmm
1194 4131 1282 4179 est
1308 4140 1427 4194 quae
1455 4124 1540 4181 hic
1568 4129 1868 4199 protulerat
1891 4147 2012 4189 esse

411 4215 554 4287 apud
602 4229 729 4270 suos
782 4214 836 4268 in
883 4212 1172 4281 confesso,
1224 4216 1365 4287 quod
1395 4233 1427 4273 a
1470 4222 1795 4279 montanista
1847 4225 2009 4282 scribi

414 4309 637 4367 omnino
663 4321 770 4362 non
797 4315 1027 4377 poterat.

487 4401 518 4475 ᾗ
549 4399 950 4457 15.-Νοιθιιιι·
970 4401 1114 4456 enim
1145 4402 1390 4472 inprimis
1418 4407 1615 4477 scripta
1642 4422 1764 4464 esse
1786 4409 1854 4465 ab
1881 4424 2010 4467 auc-

414 4508 536 4553 tore
579 4508 722 4548 anno
775 4491 985 4546 Domini
1023 4508 1146 4555 CCII.
1178 4494 1228 4549 id
1259 4509 1361 4564 εει,
1391 4512 1535 4553 anno
1556 4501 1625 4554 ab
1655 4501 1800 4557 obitu
1846 4503 2013 4560 Maxi-

2113 3277 2276 3347 bitur,
2308 3280 2377 3336 de
2403 3298 2509 3353 quo
2538 3285 2906 3341 testimonium
2937 3302 3127 3344 eorum
3150 3288 3253 3344 erit
3274 3304 3373 3360 pro
3398 3304 3497 3346 suo
3522 3292 3720 3347 sacculo

2113 3374 2504 3432 certissimum.

2189 3465 2217 3540 §
2249 3467 2522 3525 H.—Sed
2552 3478 2609 3525 ut
2629 3485 2715 3536 eo,
2733 3471 2875 3528 unde
2896 3471 3136 3546 digressa
3164 3484 3268 3543 est,
3298 3473 3486 3532 redeat
3510 3474 3684 3532 oratio
3702 3517 3719 3545 ,

2112 3561 2300 3617 eadem
2330 3577 2432 3634 qua
2463 3577 2635 3633 passre
2659 3577 2784 3620 sunt
2806 3567 3074 3639 Perpetua
3091 3577 3145 3623 et
3172 3566 3426 3626 Felicitas
3452 3611 3469 3639 ,
3525 3569 3721 3626 Severi

2113 3656 2514 3726 persecutione,
2557 3659 2920 3715 occurrebant
2969 3670 3025 3716 et
3069 3661 3174 3716 alia
3221 3661 3488 3717 visionum
3528 3677 3718 3719 exem-

2113 3750 2201 3820 pla
2241 3750 2457 3821 (Auctor
2488 3753 2780 3825 incognitus
2809 3755 2931 3810 adv.
2971 3754 3262 3811 Artemom's
3315 3757 3535 3836 heresin
3559 3798 3576 3826 ,
3626 3773 3718 3828 ap.

2117 3842 2332 3912 Euseb.,
2356 3843 2496 3900 Hist.
2520 3846 2670 3913 eccl.,
2703 3862 2758 3912 v,
2785 3845 2901 3915 28).
2936 3846 3142 3903 Natalis
3167 3848 3413 3919 inprimis
3437 3848 3722 3906 confesso-

2112 3935 2190 3992 ris
2216 3936 2304 3993 illa
2334 3938 2435 3994 sub
2456 3953 2683 3996 romano
2714 3938 2969 4010 pontifice
2990 3940 3322 4014 Zephyrino,
3352 3959 3455 4014 qua
3472 3942 3541 3998 ab
3564 3944 3722 3999 Arte-

2112 4028 2289 4086 monis
2321 4030 2516 4088 haeresi
2536 4032 2605 4088 ad
2635 4032 2961 4090 catholicam
2990 4034 3288 4091 Eeclesiam
3318 4046 3605 4093 revocatus
3630 4043 3719 4092 est

2116 4120 2330 4189 (Euseb.
2366 4164 2381 4191 ,
2430 4122 2570 4180 Hist.
2598 4127 2749 4193 cccl.,
2779 4142 2856 4191 v1,
2886 4125 2966 4196 5).
3011 4125 3150 4181 Tum
3177 4125 3522 4183 Potamitena:
3549 4127 3670 4182 alite
3697 4167 3717 4197 ,

2114 4216 2309 4287 quibus
2339 4232 2445 4273 non
2477 4218 2739 4275 Basilides
2764 4220 2949 4287 modo,
2983 4221 3080 4276 sed
3117 4231 3172 4276 et
3225 4222 3317 4276 alii
3362 4221 3719 4280 Alexandrini

2113 4310 2298 4379 plures
2323 4310 2390 4365 ad
2424 4309 2581 4366 ﬁdem
2611 4311 2962 4369 christianam
2986 4314 3239 4369 conversi
3271 4324 3417 4370 sunt.
3440 4315 3715 4374 Prmterea

2114 4403 2477 4460 revelationes
2497 4405 2843 4478 visionesque
2882 4407 3035 4472 alite,
3072 4422 3301 4479 quarum
3333 4408 3507 4480 prima
3531 4410 3721 4481 jussus

2115 4495 2535 4552 estAlexander
2582 4513 2613 4552 e
2663 4495 3006 4569 Cappadocia
3049 4506 3107 4553 ut
3138 4497 3190 4552 in
3223 4498 3568 4555 Palassdnam
3615 4500 3721 4555 mi-

416 4585 586 4647 mittuc
613 4583 829 4640 circiter
855 4599 1024 4647 xxtu;
1055 4585 1359 4644 decessisse
1389 4590 1531 4645 enim
1577 4592 1723 4648 illam
1772 4595 2015 4654 diximus
2040 4595 2092 4654 D
2118 4600 2301 4666 araret
2338 4587 2579 4664 (Euseb.
2602 4592 2697 4659 56..
2729 4609 2774 4666 c_-
2801 4589 2914 4665 Η),
2955 4592 3189 4648 secunda
3218 4601 3379 4665 atque
3411 4593 3565 4650 tertia
3594 4609 3720 4650 cum

411 4692 557 4736 anno
582 4675 744 4732 Marci
770 4674 961 4729 ultimo
983 4718 999 4742 ,
1028 4676 1077 4730 id
1102 4687 1206 4744 est,
1245 4679 1396 4735 Dom.
1427 4697 1644 4738 caxxrx.
1676 4687 1837 4756 Atqui
1868 4703 1929 4743 ea
1961 4690 2006 4745 si

411 4786 547 4828 vera
580 4770 767 4824 luisset
792 4768 1151 4840 prophetissa,
1170 4788 1276 4827 non
1303 4773 1413 4844 jam
1442 4776 1582 4832 altus
1604 4787 1722 4834 erat
1750 4782 2010 4853 propheta

412 4860 802 4934 expectandus.
836 4862 936 4930 Qui
964 4863 1123 4932 igitur
1150 4865 1286 4921 alios
1308 4868 1485 4924 adhuc
1510 4876 1835 4943 expectavit,
1865 4892 2009 4933 sem-

405 4971 507 5030 per
530 4954 893 5025 cxpeetandos
922 4957 1268 5028 existimavit,
1297 4960 1411 5017 ﬁeri
1438 4979 1543 5019 non
1576 4974 1753 5034 potest
1784 4978 1840 5022 ut
1866 4969 2009 5026 illam

409 5067 514 5123 pro
554 5067 679 5106 vera
710 5049 1054 5122 prophetissa
1089 5052 1377 5120 habuerit,
1409 5073 1508 5113 nec
1538 5059 1770 5130 proinde
1794 5073 2005 5119 monta-

409 5146 552 5203 nista
579 5158 703 5200 esse
730 5146 920 5212 potuit.
943 5143 1273 5215 Quamquam
1300 5148 1442 5202 enim
1476 5164 1538 5205 ea
1566 5150 1792 5209 hmresis
1823 5165 2009 5226 postea

414 5238 469 5294 in
496 5239 674 5293 varias
703 5236 899 5293 deinde
925 5248 1101 5293 sectas
1126 5237 1406 5295 distributa
1438 5239 1629 5307 fuerit;
1657 5244 1708 5298 in
1740 5261 1806 5301 eo
1832 5257 2011 5308 tamen

410 5344 605 5386 omnes
651 5329 1045 5384 conveniebant
1079 5370 1094 5395 ,
1141 5329 1341 5399 primas
1372 5332 1490 5388 illas
1517 5336 1881 5405 mulierculas,
1910 5359 2009 5412 pro

408 5420 768 5495 prophetissis
796 5419 963 5475 fuisse
984 5422 1378 5488 agnoscendas.
1402 5425 1628 5481 Notetur
1665 5428 1730 5483 2°
1759 5440 1817 5485 ut
1841 5447 2004 5490 sensu

403 5513 792 5585 benignissimo
838 5510 1145 5567 Maximilla:
1174 5514 1339 5568 verba
1374 5517 1815 5589 interpretemur,
1855 5526 2005 5583 etde

398 5608 719 5664 mulieribus
768 5604 1127 5674 prophetissis
1153 5648 1168 5673 ,
1205 5624 1310 5662 non
1339 5609 1408 5665 de
1438 5612 1567 5668 viris
1608 5616 1892 5686 prophetis
1920 5621 2004 5677 in-

400 5702 708 5770 telligamus
739 5713 756 5753 :
787 5713 856 5753 ne
879 5699 950 5754 ita
981 5698 1198 5769 quidem
1233 5701 1372 5760 hanc
1388 5708 1755 5777 praefationem
1795 5728 1823 5768 a
1850 5731 2006 5772 mon-

402 5794 599 5857 tanista
636 5788 799 5852 scribi
841 5789 1103 5866 potuisse.
1142 5795 1428 5872 Perpetua:
1462 5802 1605 5860 enim
1647 5807 2003 5879 prophetissa:

2118 4661 2253 4739 voce
2297 4661 2506 4741 eteIeSti
2550 4701 2711 4756 quam
2754 4661 2828 4769 5p
2856 4661 2940 4742 ft:
2973 4687 3251 4756 appellant
3278 4661 3490 4753 iudici,
3524 4686 3721 4759 quibus

2115 4778 2309 4834 moniti
2334 4788 2606 4836 suntcum
2635 4781 2907 4852 Episcopo
2924 4795 3024 4837 suo
3038 4779 3540 4852 Hierosolymitani,
3569 4796 3716 4837 eum-

2115 4873 2236 4929 dem
2288 4876 2654 4931 Alexandrum
2697 4884 2756 4932 ut
2802 4876 2855 4930 in
2914 4875 3297 4946 Episcopatnm
3345 4874 3719 4932 admitterent.

2114 4967 2228 5023 Sub
2277 4968 2565 5025 Maximino
2611 4970 2699 5025 vel
2749 4968 3025 5025 Gordiano
3064 4966 3340 5023 Fabianus
3383 4969 3721 5026 revelatione

2110 5059 2302 5115 Divina
2331 5058 2504 5116 factus
2532 5071 2613 5117 est
2646 5060 2944 5131 Episcopus
2974 5057 3192 5128 (Euseb.
3216 5101 3233 5125 ,
3258 5058 3400 5115 Hist.
3430 5059 3554 5114 εισι.
3575 5101 3590 5125 ,
3619 5075 3673 5115 νι
3700 5099 3718 5127 ,

2113 5153 2228 5224 29),
2280 5152 2375 5222 Sp.
2407 5155 2466 5208 ὃ.
2510 5153 2563 5207 iu
2597 5152 2747 5207 illum
2779 5195 2796 5221 ,
2842 5151 3108 5208 columbae
3132 5152 3314 5222 specie
3343 5149 3569 5221 delapso
3594 5192 3611 5219 ,
3650 5149 3723 5206 ad

2113 5246 2359 5303 eamdem
2405 5246 2569 5318 plane
2615 5246 2842 5302 formam
2869 5263 2973 5318 qua
3009 5247 3063 5302 in
3095 5242 3431 5301 Salvatorem
3461 5244 3720 5317 delapsus

2112 5337 2310 5395 fuerat.

2190 5431 2218 5505 ς
2249 5433 2409 5488 15.-
2436 5430 2553 5489 Sub
2578 5432 2872 5501 Gordiano,
2896 5433 2979 5490 vel
3004 5431 3179 5503 potius
3212 5431 3440 5488 fortasse
3469 5429 3720 5502 Philippo

2115 5542 2245 5583 suos
2269 5528 2532 5585 adversus
2580 5528 2795 5585 Celsum
2830 5539 3007 5585 tomos
3036 5528 3323 5598 scripsisse
3352 5526 3565 5583 videtur
3592 5519 3718 5581 Ori-

2109 5637 2313 5693 genes;
2366 5638 2466 5680 nec
2514 5626 2658 5680 enim
2700 5626 2884 5685 στάσις
2917 5623 3005 5678 illa
3036 5627 3193 5693 cujus
3219 5621 3469 5677 meminit
3499 5635 3552 5690 p.
3588 5617 3714 5689 120,

2109 5715 2179 5772 ad
2203 5732 2373 5789 remp.
2405 5717 2689 5775 referenda
2716 5728 2800 5774 est
2827 5716 2845 5789 (
2868 5714 2985 5772 Lib.
3006 5732 3085 5785 tu,
3114 5714 3233 5771 adv.
3267 5711 3452 5786 ϐείω),
3483 5722 3539 5768 ut
3564 5721 3718 5784 puta-

2112 5812 2187 5871 vit
2240 5812 2506 5886 interpres
2538 5856 2552 5881 ,
2605 5812 2702 5873 sed
2748 5811 2816 5869 ad
2853 5822 3031 5872 sectas
3084 5811 3264 5882 potius
3291 5808 3717 5896 christianoruu!
