3994 6318
259 364 331 421 17
1382 358 1469 414 DE
1508 348 1892 413 VISIONIBUS
1930 347 2400 412 PROPHETICIS.
3487 345 3554 407 l8

260 476 378 536 lam
428 486 608 535 autem
648 479 827 554 χρόνῳ
877 480 1066 536 πλείονι
1109 475 1543 549 persecutionem
1577 470 1719 542 passi
1752 483 1856 524 non
1882 464 2069 536 Ajam
2121 477 2276 524 antea
2328 469 2559 527 futuram
2613 471 2965 530 intellexerat.
3017 473 3084 529 Et
3112 472 3328 546 quidem
3359 476 3450 532 illa
3489 475 3558 530 de

256 580 416 630 erant
457 570 780 633 christiani,
826 586 986 644 quam
1039 570 1204 625 etiam
1257 570 1416 626 πάλαι
1486 565 1652 621 fuisse
1700 562 1851 619 dicit.

254 663 499 735 Longam
529 664 674 719 illam
705 678 892 734 pacem
921 664 1143 719 omnino
1171 663 1432 718 denotare
1464 658 1675 715 videtur
1702 656 1857 728 cujus

253 758 506 815 meminit
528 757 831 830 Cyprianus
862 758 952 830 (de
970 755 1195 829 Laps.);
1228 753 1567 810 intervallum
1603 752 1854 807 nimirum

252 865 286 907 a
336 851 719 921 persecutione
761 849 947 906 Severi
997 849 1063 905 ad
1100 850 1248 904 illam
1292 848 1463 904 Decii.
1504 847 1625 905 Hoc
1672 855 1852 901 autem

252 951 502 1013 tempore
528 942 841 1013 prophetica
869 942 1009 998 dona
1040 941 1181 1011 apud
1212 940 1537 997 christianos
1580 938 1814 1010 viguisse
1839 980 1853 1004 ,

254 1036 408 1092 testis
435 1035 553 1104 ipse
578 1046 662 1091 est
693 1034 762 1090 de
791 1050 892 1090 suo
914 1044 1159 1105 tempore
1187 1034 1290 1089 fide
1316 1033 1666 1105 dignissimus
1694 1073 1710 1098 ,
1762 1031 1854 1102 qui

250 1140 307 1186 et
376 1144 494 1184 rem
559 1143 777 1183 omnem
844 1126 1287 1200 propheticorum
1344 1127 1609 1182 donorum
1671 1124 1855 1194 paucis

250 1220 504 1277 absolvit.
535 1219 666 1278 Οὔτε
696 1229 795 1277 τῶν
824 1230 916 1282 τῆς
940 1224 1165 1282 πίστεως
1197 1221 1467 1296 ἀὶλοτρίων
1495 1217 1854 1295 παραπλήσιόν

248 1341 299 1375 τι
326 1326 435 1380 τοῖς
471 1322 761 1395 προφήταις
806 1322 1139 1381 πεποιήκασι.
1170 1314 1286 1373 οὔτε
1330 1319 1566 1389 νεώτεροι
1606 1316 1693 1368 καί
1723 1314 1855 1385 μιτά

249 1418 336 1473 τὴν
361 1412 531 1472 ἰησοῦ
559 1411 829 1486 ἐπιδημίαν
866 1413 1162 1487 ἱστόρηνται
1205 1414 1255 1466 ἐν
1280 1409 1537 1471 Ἰουδαίοις
1567 1412 1697 1470 τινὶς
1725 1430 1854 1485 προ-

251 1508 616 1581 φητεύσαντες.
646 1507 707 1562 τὸ
747 1509 847 1583 ’γὰρ
876 1504 1017 1579 ἅγιον
1041 1511 1250 1578 πνεῦμα
1289 1504 1608 1577 ὡμολόγηται
1635 1505 1855 1563 ἐκεινους

250 1601 666 1658 καταλελοιπέναι
707 1600 1067 1661 ἀσεϐήσαντας
1098 1601 1169 1661 εἰς
1212 1601 1298 1656 τὸν
1335 1600 1461 1663 θεὸν,
1494 1600 1581 1651 καὶ
1609 1598 1695 1652 τὸν
1726 1616 1853 1671 προ-

247 1697 555 1772 φητευθίντα
601 1695 706 1750 ὑπὸ
752 1702 852 1749 τῶν
888 1693 1014 1770 παρ’
1039 1694 1214 1754 αὐτοῖς·
1241 1697 1510 1769 προφητῶν
1544 1690 1561 1760 (
1593 1686 1708 1743 Lib.
1757 1702 1852 1753 vn,

247 1808 301 1860 p.
332 1788 468 1861 537)
505 1788 648 1844 idem
685 1802 847 1857 supra
870 1786 937 1841 de
966 1786 1171 1865 dudaais
1199 1785 1442 1841 Justinus
1471 1793 1691 1854 martyr.
1726 1782 1855 1838 Per-

1962 563 2329 619 unauimitatis
2353 563 2565 620 defectu
2595 565 2716 623 talis
2742 576 2857 623 erat
2877 567 3089 636 qualem
3115 568 3452 638 descripsitA
3465 583 3559 639 po-

1959 657 2152 724 stolns,
2176 674 2277 729 qua
2329 660 2442 729 ipsa
2490 675 2703 732 quoque
2730 661 2971 717 cordium
3008 664 3215 719 occulta
3272 663 3554 720 manifesta

1961 751 2336 808 redderentur.
2368 754 2492 809 Erat
2525 764 2581 810 et
2625 755 2728 810 alia
2774 757 3031 814 revelatio
3078 773 3238 827 quam
3292 757 3357 812 ad
3392 757 3555 812 mini-

1961 860 2108 899 mum
2156 844 2409 901 famulum
2445 847 2525 918 (se
2568 863 2630 903 ea
2662 849 3009 918 proculdubio
3064 864 3199 905 voce
3252 849 3557 922 denotarat)

1961 936 2267 992 mandatam
2314 940 2408 1004 ait,
2442 939 2529 994 dic
2572 939 2668 1003 illi,
2697 941 2888 1010 inquit,
2933 956 3155 997 securus
3182 943 3273 1009 sit,
3299 942 3419 1013 quia
3453 958 3554 1012 pax

1961 1039 2183 1085 ventura
2215 1038 2317 1086 est.
2348 1030 2463 1086 lam
2488 1031 2644 1102 longe
2674 1033 2901 1089 aberant
2939 1049 2965 1087 a
3001 1034 3144 1103 pacis
3192 1050 3287 1106 spe
3315 1051 3436 1091 cum
3469 1037 3555 1090 illa

1960 1124 2221 1180 scriberet
2245 1123 2564 1197 Cyprianus.
2590 1125 2702 1183 Nec
2731 1137 2906 1183 tamen
2936 1128 3375 1185 dissimulandum
3402 1146 3560 1200 prop-

1962 1228 2111 1274 terea
2164 1218 2422 1285 credidit,
2473 1221 2602 1290 qttin
2638 1222 2813 1291 potius
2858 1221 3028 1291 ipsam
3083 1221 3222 1277 hanc
3269 1222 3553 1293 epistolam

1961 1312 2125 1367 fuisse
2153 1311 2407 1369 fratribus
2427 1314 2728 1386 legendam.
2749 1315 2825 1370 lia
2847 1326 3052 1372 rertnm
3076 1315 3143 1371 de
3171 1327 3366 1371 eventu
3391 1315 3558 1371 fuisse

1959 1414 2193 1471 constat,
2229 1404 2341 1461 fore
2371 1406 2720 1463 nihilominus
2748 1408 2889 1479 quod
2921 1409 3244 1479 promissum
3272 1418 3408 1464 erat.

2030 1498 2158 1555 Orta
2182 1500 2555 1570 persecutione
2577 1502 2822 1558 secessit.
2840 1502 2895 1557 id
2916 1517 3129 1574 quoque
3161 1512 3218 1558 nt
3245 1504 3553 1575 Dionysium

1961 1590 2151 1647 iecisse
2181 1593 2534 1659 ostendimus,
2564 1594 2642 1650 sic
2688 1596 2795 1649 Deo
2844 1597 3044 1664 pariter
3089 1606 3313 1653 auctore
3342 1606 3558 1651 constat

1960 1684 2151 1741 fecisse
2166 1684 2514 1759 Cyprianum.
2530 1706 2549 1740 ι
2565 1689 2623 1743 Et
2652 1688 2900 1757 audietis,
2922 1691 3114 1760 inquit,
3136 1689 3558 1762 omnia,qnando

1957 1777 2024 1832 ad
2054 1793 2147 1833 vos
2191 1780 2442 1835 reducem
2478 1796 2564 1836 mc
2597 1782 2852 1837 Dominus
2884 1781 3088 1847 fecerit,
3119 1784 3207 1854 qtti
3240 1794 3296 1838 ut
3323 1783 3551 1838 secede-

244 1883 318 1954 git
346 1860 530 1937 auitam
562 1880 821 1949 Origenes
851 1897 865 1935 :
897 1860 1084 1951 Σημεῖα
1112 1878 1166 1935 δὲ
1214 1886 1307 1935 τοῦ
1358 1879 1503 1953 ἁγίου
1554 1881 1847 1953 πνεύματος

1961 1887 2063 1927 rem
2091 1872 2250 1941 jussit
2277 1870 2404 1946 (Ep.
2440 1872 2517 1944 χ).
2565 1872 2778 1929 rldcm
2828 1876 2878 1929 in
2927 1890 3014 1944 ep.
3044 1892 3133 1940 xv,
3183 1874 3471 1946 multisque
3502 1875 3555 1928 in

244 1976 356 2033 κατ’
394 1978 578 2055 ἀρχὰς
621 1979 713 2048 μὲν
756 1983 848 2036 τῆς
873 1973 1040 2034 Ἰησοῦ
1091 1971 1447 2036 διδασκαλίας,
1482 1974 1614 2044 μετά
1661 1969 1715 2025 δὲ
1763 1975 1853 2030 τήν

244 2068 492 2141 ἀνάληψιν
523 2070 684 2124 αὐτοῦ
708 2068 914 2122 πλείονα
941 2064 1216 2127 idem-auro,
1265 2065 1480 2141 ὕστερον
1508 2061 1561 2118 δὲ
1579 2064 1849 2119 λάττοντα.

242 2163 368 2222 πλὴν
395 2166 592 2217 acati-1i};
620 2160 697 2219 ἔτι
723 2160 849 2234 ἴχνη
879 2163 1018 2217 ἐστιν
1048 2163 1211 2216 αὐτοῦ
1236 2160 1361 2236 παρ’
1390 2159 1596 2232 ὀλίγοις.
1628 2160 1722 2219 τὰς
1751 2158 1852 2231 ψυ-

246 2259 355 2328 χὰς
373 2263 449 2329 τῷ
471 2255 606 2329 λόγῳ
625 2257 712 2309 καὶ
736 2262 850 2314 ταῖς
878 2253 991 2309 κατ’
1010 2254 1165 2309 αὐτὸν
1191 2254 1411 2330 πράξεσι
1436 2253 1847 2328 κεκαθαρμένοις.

242 2346 397 2416 Quod
428 2361 529 2401 suo
561 2354 806 2415 tempore
835 2344 1060 2415 vestigia
1092 2343 1356 2398 duntaxat
1382 2342 1846 2412 superessedicat,

241 2442 308 2499 ad
352 2441 526 2512 prima
577 2440 663 2495 illa
686 2439 966 2495 christiani
1014 2438 1195 2494 cultus
1220 2436 1511 2508 primordia
1560 2437 1611 2490 in
1654 2444 1851 2507 pente-

240 2544 390 2592 coste
420 2531 776 2604 proculdubio
827 2532 1085 2601 respexit,
1110 2539 1275 2600 utque
1303 2529 1472 2583 voluit
1512 2544 1635 2585 cum
1675 2527 1851 2583 chris-

240 2627 513 2682 tianorum
561 2624 820 2696 cujusque
863 2624 1072 2679 ordinis
1120 2624 1427 2679 communia
1474 2622 1601 2677 olim
1654 2621 1853 2678 fuerint

241 2717 343 2775 sub
367 2717 632 2789 apostolis
686 2716 824 2773 dona
853 2716 993 2784 Ιιιεο,
1033 2732 1152 2788 qua:
1178 2717 1443 2783 diximus,
1497 2713 1811 2787 pr0phctica
1832 2757 1846 2781 ,

239 2814 349 2885 jam
376 2813 668 2869 illustrium
707 2810 969 2868 duntaxat
1006 2810 1272 2881 primique
1316 2808 1491 2864 meriti
1521 2809 1847 2864 christiano-

241 2921 361 2962 rum
394 2904 535 2961 facta
563 2919 684 2961 esse
713 2905 948 2977 propria.
1025 2891 1037 2905 ’

314 2999 344 3070 §
374 3001 392 3053 Ι
406 2996 463 3053 6.
474 3028 542 3039 —
554 2997 846 3068 Benignum
860 2978 946 3052 hic
962 2996 1230 3067 pra‘beret
1247 3004 1617 3066 argumentum
1638 2995 1721 3051 vel
1744 3009 1848 3050 una

244 3070 335 3146 illa
378 3089 625 3156 Gregorii
655 3088 1076 3160 Thaumaturgi,
1108 3088 1353 3159 Origeuis
1383 3087 1651 3158 discipuli,
1688 3088 1792 3143 vita
1816 3103 1844 3141 a

243 3180 491 3255 Nysseno
510 3182 851 3251 conscripta:
874 3181 930 3237 ni
953 3180 1002 3235 id
1035 3192 1327 3235 metuerem
1351 3194 1419 3235 ne
1446 3180 1693 3236 certioris
1721 3178 1844 3234 ﬁdei

1957 1965 2199 2036 ejusdem
2245 1967 2350 2021 vita
2406 1966 2650 2024 Pontius.
2694 1968 2882 2039 Lap~is
2908 1984 3200 2038 pacem,eo
3228 1969 3554 2034 inconsulto,

1960 2067 2164 2115 temere
2193 2071 2573 2115 concesserant
2632 2060 2953 2133 presbyteri.
2985 2060 3059 2115 De
3109 2076 3175 2116 eo
3215 2063 3400 2125 etiam,
3430 2062 3555 2133 quid

1960 2152 2178 2218 faceret,
2229 2152 2394 2206 Deum
2444 2152 2623 2207 ltabuit
2677 2154 2997 2207 monitoretu
3032 2171 3044 2210 :
3083 2172 3101 2206 ι
3132 2153 3408 2222 Castigare
3456 2167 3558 2207 nos

1958 2246 2135 2315 itaque
2154 2244 2328 2299 divina
2346 2259 2573 2300 censura
2588 2261 2689 2302 nec
2711 2248 2957 2303 noctibus
2974 2249 3191 2313 desinit,
3216 2262 3315 2305 nec
3341 2248 3552 2303 diebus.

1960 2338 2165 2395 Pra-ter
2220 2348 2511 2395 nocturnas
2554 2340 2697 2395 enim
2747 2341 3005 2408 visiones,
3059 2356 3154 2413 per
3199 2342 3314 2397 dies
3342 2356 3559 2411 quoque

1962 2433 2217 2504 impletur
2242 2435 2384 2505 apud
2414 2450 2509 2490 nos
2533 2436 2735 2505 Spiritu
2764 2445 2949 2492 sancto
2977 2452 3264 2507 puerorum
3297 2436 3558 2491 innocens

1960 2535 2110 2593 :rlas,
2138 2543 2261 2599 quae
2288 2529 2339 2583 in
2359 2529 2532 2583 extasi
2565 2528 2706 2584 videt
2732 2530 2925 2597 oculis,
2957 2539 3012 2586 et
3038 2530 3204 2595 audit,
3238 2539 3293 2585 et
3321 2530 3562 2600 loquitur

1957 2622 2155 2692 quibus
2188 2636 2286 2679 nos
2314 2622 2575 2678 Dominus
2606 2639 2827 2678 monere
2854 2633 2908 2680 et
2953 2625 3217 2679 instruere
3244 2624 3548 2695 dignatur.)

1955 2717 2203 2787 Quinque
2251 2717 2551 2789 presbyteri
2580 2718 2855 2788 lapsorum
2904 2719 3147 2789 patroni,
3174 2734 3308 2790 quas
3341 2717 3418 2772 illi
3441 2726 3557 2773 tur-

1957 2812 2060 2867 bas
2105 2811 2376 2878 dederint,
2403 2811 2604 2883 ubique
2633 2822 2845 2868 constat
2900 2829 2965 2868 ex
2996 2813 3238 2883 ejusdem
3287 2811 3552 2877 epistolis.

1954 2903 2012 2960 id
2043 2906 2203 2961 etiam
2232 2906 2281 2960 ei
2324 2921 2353 2959 a
2387 2906 2611 2959 Domino
2654 2906 2858 2961 cmlesti
2906 2907 3112 2961 visione
3158 2915 3314 2960 antea
3344 2905 3552 2960 revela-

1959 3008 2069 3053 tum
2104 3007 2205 3054 cst.
2248 3017 2266 3049 ι
2302 2998 2647 3065 Persecutio,
2690 2999 2883 3069 inquit,
2917 3009 3001 3055 cst
3033 3000 3147 3054 hmo
3196 3001 3318 3060 alia,
3353 3008 3409 3053 et
3448 2998 3553 3053 alia

1955 3093 2180 3147 tentatio
2205 3108 2220 3159 ;
2250 3101 2305 3147 et
2334 3092 2569 3162 quinque
2620 3091 2703 3147 isti
2753 3092 3053 3164 presbyteri
3087 3092 3219 3146 nihil
3251 3091 3395 3147 aliud
3427 3102 3559 3146 sunt

1954 3199 2115 3253 quam
2161 3184 2397 3255 quinque
2454 3188 2716 3253 primores
2764 3184 2865 3249 illi,
2898 3186 2986 3256 qui
3019 3184 3198 3240 edicto
3225 3200 3396 3254 nuper
3440 3200 3553 3239 ma-

243 3279 609 3335 monumentis
657 3277 816 3334 fidem
870 3277 1301 3345 detrahercm,si
1348 3280 1632 3334 incertiora
1680 3279 1840 3334 etiam
1870 3279 1916 3342 C
1947 3278 2262 3348 gistratibus
2285 3276 2498 3332 fuerant
2526 3277 2758 3346 c0pulati
2786 3275 2915 3350 (Ep.
2945 3276 3059 3350 XL).
3112 3298 3131 3331 ι
3168 3278 3241 3333 Ita
3291 3277 3556 3333 intellexit

244 3386 643 3427 coacervarem.
675 3370 861 3426 Hausit
883 3371 971 3426 illa
997 3370 1272 3441 Nyssenus
1301 3388 1403 3426 non
1444 3387 1475 3428 e
1504 3372 1701 3429 coaevis
1730 3388 1845 3428 mo-

246 3464 542 3532 numentis,
598 3463 694 3518 sed
745 3478 875 3520 vero
909 3478 973 3519 ex
1022 3463 1153 3518 orali
1192 3465 1509 3536 plerumque
1538 3465 1844 3533 traditione,

247 3573 348 3614 nec
372 3557 461 3612 illa
496 3558 714 3628 prepius
757 3573 913 3628 quam
942 3573 1008 3613 ex
1040 3557 1215 3626 unius,
1243 3558 1307 3612 ad
1339 3560 1643 3625 minimum,
1676 3559 1849 3614 artatis

248 3651 538 3706 intervallo
563 3649 809 3705 deducta.
845 3649 916 3704 Ea
943 3651 987 3705 si
1014 3665 1195 3705 coram
1234 3651 1564 3720 accepisset,
1600 3666 1698 3706 nec
1724 3667 1839 3706 rem

249 3753 453 3815 gestam
477 3744 633 3797 aliter
652 3757 809 3810 quam
838 3750 987 3811 gesta
1012 3753 1116 3809 cst,
1150 3743 1441 3798 ratiociniis
1468 3743 1717 3798 nimirum
1739 3744 1851 3799 suis

251 3836 679 3908 coujecturisque
704 3844 934 3900 auctam,
959 3836 1189 3907 posteris
1236 3845 1678 3906 repracsentaSset
1696 3876 1711 3901 ,
1744 3851 1848 3890 non

252 3929 493 3985 viderem
507 3943 639 3983 sane
658 3942 755 3983 cur
771 3928 1033 4001 Nysseno,
1049 3944 1143 3985 cur
1155 3928 1329 3984 cuivis
1346 3929 1580 3999 probatae
1600 3929 1720 3984 fidei
1736 3929 1851 3984 viro

250 4036 506 4078 assensus
548 4028 691 4076 esset
742 4021 1109 4093 deuegandns.
1157 4021 1305 4076 Talia
1337 4033 1461 4075 sunt
1504 4032 1681 4075 autem
1733 4037 1852 4092 qua:

252 4115 516 4173 hactenus
547 4116 884 4186 protulimus,
914 4131 1141 4187 qumque
1192 4116 1445 4184 deinceps
1496 4114 1849 4183 proferemus.

322 4207 352 4282 ς
383 4208 475 4264 l7.
498 4238 569 4250 —
593 4207 772 4276 Quare
824 4208 1069 4278 suppleat
1093 4208 1208 4279 ejus
1245 4207 1421 4262 locum
1448 4206 1583 4261 alius
1612 4209 1729 4276 ejus
1755 4208 1853 4263 sub

251 4299 483 4371 Origene
533 4301 953 4372 condiscipulus,
998 4301 1281 4373 Dionysius
1310 4300 1731 4356 Alexandrinus.
1759 4301 1855 4357 Hic

252 4395 352 4451 sub
379 4394 541 4451 linem
577 4395 828 4468 Philippi,
857 4395 1138 4466 ingruente
1184 4394 1549 4461 Alexandriae,
1582 4395 1760 4465 pepuli
1800 4396 1854 4451 in

251 4487 581 4546 christianos
632 4487 941 4544 ferocientis
990 4489 1212 4558 impetu,
1250 4489 1643 4558 persecutione,
1673 4488 1855 4546 divino

252 4583 459 4638 monitu
507 4583 692 4653 fugere
732 4583 916 4654 jussus
964 4591 1067 4646 est,
1097 4584 1180 4638 cui
1226 4592 1280 4639 et
1311 4582 1448 4654 fuga:
1474 4582 1614 4637 viam
1662 4592 1856 4653 prmter

1954 3380 2228 3440 reeteque,
2287 3378 2346 3424 ut
2383 3368 2612 3437 videtur,
2643 3369 2918 3425 Pamelius
2969 3388 2982 3425 :
3022 3387 3040 3420 ι
3078 3369 3299 3425 Videtur
3322 3369 3451 3424 mihi
3478 3370 3557 3424 al-

1954 3460 2140 3517 ludere
2184 3460 2249 3516 ad
2312 3462 2574 3518 visionem
2623 3462 2930 3532 quampiam
2986 3463 3038 3516 in
3088 3476 3192 3533 qua
3243 3461 3557 3532 apparuisse

1959 3559 2206 3614 videntur
2235 3572 2355 3613 cum
2405 3557 2809 3628 magistratibus
2849 3558 3085 3627 quinque
3147 3557 3433 3627 primores,
3466 3557 3557 3626 qui

1956 3653 2190 3710 edictum
2214 3662 2401 3709 contra
2431 3654 2713 3724 episcopos
2743 3668 2845 3708 una
2879 3654 3233 3724 publicarent.
3269 3672 3289 3705 ι

2034 3744 2063 3815 §
2094 3745 2269 3800 l9.——-
2298 3744 2602 3802 Secundam
2631 3744 2777 3799 illam
2807 3746 2889 3800 sui
2922 3745 3179 3815 temporis
3200 3746 3300 3799 sub
3320 3742 3474 3800 Gallo
3499 3755 3556 3800 et

1960 3837 2254 3893 Volusiano
2301 3836 2736 3909 persecutionem
2761 3837 2875 3909 jam
2924 3849 3081 3892 antea
3133 3853 3198 3894 ex
3226 3838 3555 3894 revelationc

1958 3929 2139 3985 divina
2170 3929 2491 3994 didicerant,
2518 3929 2696 4001 deque
2745 3946 2805 3986 ea
2836 3931 3089 4002 populum
3133 3932 3326 3987 litteris
3366 3931 3559 3987 etiam-

1960 4041 2087 4081 nttm
2136 4025 2450 4079 extantibus
2520 4024 2847 4080 monendum
2903 4025 3303 4081 existimarunt.
3356 4025 3432 4079 Ita
3491 4023 3559 4078 ad

1960 4117 2174 4188 plebem
2219 4116 2624 4172 Tbiharitanam
2675 4116 2975 4189 Cyprianus
3024 4134 3037 4170 :
3075 4136 3094 4170 ι
3128 4117 3260 4172 Nam
3292 4132 3413 4172 cum
3452 4117 3558 4171 Do-

1960 4209 2091 4263 mini
2142 4208 2460 4264 instruentis
2487 4207 2798 4279 dignatione
2839 4208 3156 4280 instigemur
3192 4210 3413 4281 smpius,
3440 4224 3559 4263 am-

1960 4302 2101 4373 plius
2129 4311 2183 4356 et
2208 4301 2619 4367 admoneamur,
2658 4301 2725 4357 ad
2752 4311 2986 4358 vestram
3028 4318 3243 4374 quoque
3272 4305 3560 4359 conscien-

1961 4396 2089 4452 tiam
2141 4396 2529 4454 admonitionis
2583 4407 2783 4453 nostrae
2832 4396 3248 4454 sollicitudinem
3316 4398 3560 4470 perferre

1913 4534 1919 4540 .
1959 4488 2240 4545 debemus.
2269 4488 2422 4545 Scire
2445 4489 2589 4545 enim
2617 4489 2823 4546 debetis
2864 4498 2917 4545 et
2941 4505 3038 4560 pro
3067 4499 3217 4546 certo
3246 4491 3471 4548 credere
3495 4506 3559 4548 ac

1961 4592 2170 4650 tenere,
2190 4597 2474 4653 prmssurm
2500 4581 2641 4640 diem
2669 4599 2830 4655 super
2849 4594 3011 4656 caput
3030 4601 3150 4641 esse
3177 4587 3408 4657 cmpisse
3428 4587 3556 4659 (Ep.

252 4675 563 4747 opinionem
592 4678 822 4746 aperuit.
852 4674 927 4731 Ita
956 4677 1024 4733 de
1056 4693 1115 4733 sc
1167 4679 1281 4750 ipse
1308 4679 1360 4733 in
1392 4694 1484 4734 sua
1516 4680 1582 4734 ad
1632 4680 1854 4736 Germa-
1877 4678 1932 4740 D
1961 4674 2087 4745 LVI),
2108 4675 2481 4741 etc.»Deinde,
2511 4677 2695 4747 paucis
2728 4676 3056 4747 interpositis
3087 4696 3101 4732 :
3131 4698 3150 4731 ι
3174 4678 3284 4733 Nec
3313 4688 3560 4750 putemus

254 4785 382 4826 num
409 4772 634 4841 epistola
659 4787 675 4824 :
700 4773 1029 4834 κελεύσαντος
1049 4794 1135 4846 μοι
1149 4784 1465 4846 μεταστῆναι
1490 4779 1582 4830 τοῦ
1602 4781 1752 4840 Θεοῦ,
1776 4776 1863 4830 καὶ

254 4866 564 4947 παραδόξως
594 4866 995 4930 ὁδοποιὴσαντος
1020 4911 1034 4935 ,
1077 4876 1180 4922 etc.
1229 4868 1408 4937 (Apud
1451 4866 1664 4936 Euseb.,
1715 4866 1858 4923 Hist.

254 4961 464 5029 calca,
493 4977 568 5027 γι,
616 4960 734 5034 40).
772 4962 898 5018 Ha-c
938 4977 1065 5016 vera
1107 4974 1245 5023 esse.
1307 4961 1471 5017 Dettm
1539 4962 1712 5033 ipsum
1750 4972 1859 5017 tes-

254 5065 363 5113 tem
409 5058 685 5130 appellat:
726 5062 826 5132 ἐγὼ
872 5058 926 5114 δὲ
958 5062 1043 5113 καὶ
1088 5061 1294 5114 ἐνώπιον
1321 5064 1413 5116 τοῦ
1442 5061 1744 5125 θεοῦ,λαλῶ,
1776 5060 1863 5113 καὶ

256 5154 417 5213 αὐτὸς
459 5147 593 5208 οἶδεν
630 5149 709 5208 ὅτι
742 5154 803 5207 οὐ
849 5149 1104 5225 ψεύδομαι
1130 5167 1143 5180 ⁶
1209 5150 1323 5207 οὐδέ
1370 5155 1490 5225 μίαν
1530 5150 1612 5209 ἐπ’
1637 5154 1863 5225 ἐμαυτοῦ

256 5246 589 5323 βαλλόμενος,
620 5249 751 5303 ἁθιεί
790 5248 1072 5319 πεποίημαι
1116 5252 1205 5307 τὴν
1229 5251 1406 5322 φυγήν.
1433 5245 1570 5313 Quid
1594 5246 1677 5300 hic
1704 5245 1865 5300 facie-

257 5339 426 5396 mus?
453 5337 581 5394 Viro
608 5339 948 5395 sanctissimo
992 5353 1061 5395 ne
1090 5338 1269 5409 jurato
1289 5338 1503 5411 quidem
1538 5338 1866 5395 credemus?

330 5429 364 5501 ς
386 5429 566 5488 18.-
590 5430 672 5487 Ad
700 5431 812 5502 ipsa
831 5430 942 5501 jam
973 5429 1229 5502 Cypriani
1260 5440 1499 5502 tempora
1523 5430 1859 5496 devenimus,

260 5524 424 5598 cuius
444 5525 493 5583 si
522 5525 682 5582 unius
724 5524 1027 5580 testimonia
1069 5525 1432 5590 consulamus,
1463 5540 1563 5581 nec
1585 5524 1689 5580 erit
1732 5538 1865 5581 sane

262 5618 412 5693 quod
437 5618 767 5688 dubitemus,
797 5618 962 5675 fuisse
989 5619 1223 5674 visiones
1250 5618 1487 5689 aliasque
1526 5617 1858 5690 prophetias,

265 5728 371 5772 nec
401 5713 568 5770 fuisse
588 5713 753 5769 etiam
784 5712 903 5768 illas
922 5712 1316 5768 veracissimas.
1351 5709 1409 5765 In
1436 5709 1537 5766 hac
1564 5711 1676 5782 ipsa
1698 5725 1858 5781 quam

270 5819 566 5869 tractamus
584 5808 813 5883 epistola
861 5808 1106 5865 meminit
1132 5804 1355 5863 visionis
1384 5803 1532 5876 prius
1572 5804 1731 5875 longe
1768 5818 1861 5859 os-

267 5920 443 5967 tensa:
461 5919 622 5981 quam
653 5913 944 5980 tempestas
970 5901 1233 5959 vastitatis
1254 5901 1397 5957 illius
1423 5897 1676 5967 oriretur,
1703 5912 1862 5969 quam

1963 4768 2089 4823 talia
2114 4782 2236 4823 esse
2252 4785 2372 4838 qua:
2402 4769 2646 4833 veniunt,
2668 4771 2842 4840 qualia
2874 4769 3089 4825 fuerunt
3113 4771 3200 4826 illa
3232 4787 3351 4841 qua:
3385 4783 3560 4829 trans-

1963 4860 2160 4915 ierunt.
2213 4859 2438 4917 Gravior
2486 4878 2626 4917 nunc
2652 4872 2706 4916 et
2757 4861 2986 4929 ferocior
3037 4878 3209 4933 pugna
3260 4864 3557 4931 imminet,»

1963 4968 2070 5013 etc.
2090 4956 2299 5011 Rursus
2317 4956 2456 5011 idem
2471 4972 2590 5011 eum
2607 4956 2812 5028 synodo
2825 4955 3123 5028 Cyprianus
3135 4958 3199 5012 ad
3215 4959 3521 5013 Cornelium
3545 4974 3559 5011 :

1970 5068 1990 5101 ι
2027 5046 2132 5104 Sed
2164 5048 2306 5104 cnim
2334 5064 2456 5104 cum
2484 5048 2759 5103 videamus
2797 5049 2938 5104 diem
2988 5065 3174 5104 rursus
3223 5051 3447 5106 alterius
3477 5051 3562 5105 in-

1963 5142 2271 5198 festationis
2312 5142 2742 5213 appropinquare
2788 5143 3040 5213 coepisse,
3066 5151 3123 5198 et
3162 5144 3367 5199 crebris
3395 5153 3562 5213 atque

1967 5234 2199 5290 assiduis
2231 5234 2635 5289 ostensionibus
2664 5237 3076 5302 admoneamur,
3109 5244 3166 5290 ut
3194 5235 3259 5290 ad
3288 5243 3563 5290 certamen

1918 5350 1927 5355 -
1965 5328 2108 5399 quod
2131 5328 2285 5384 nobis
2317 5327 2486 5382 hostis
2505 5325 2713 5395 indicit,
2743 5330 2933 5384 armati
2960 5338 3014 5385 et
3037 5329 3205 5399 parati
3228 5328 3417 5391 simus.
3451 5327 3564 5397 ple-

1968 5421 2090 5478 bem
2115 5423 2275 5476 etiam
2301 5421 2455 5477 nobis
2473 5421 2543 5477 de
2559 5420 2736 5477 divina
2760 5422 3069 5495 dignatione
3082 5422 3448 5491 commissam,
3469 5437 3565 5478 ex-

1969 5514 2365 5572 hortationibus
2396 5515 2598 5571 nostris
2624 5525 3016 5588 paremus,etc.
3050 5516 3175 5588 (Ep.
3210 5514 3374 5588 ιιν).›
3410 5516 3566 5575 Post-

1970 5624 2033 5666 ea
2054 5627 2066 5663 :
2094 5609 2613 5682 «Obtemperandum
2631 5619 2716 5666 est
2736 5626 2968 5683 namque
2979 5609 3378 5666 ostensionibus
3401 5621 3566 5683 atque

1969 5704 2424 5763 admonitionibus
2470 5705 2647 5775 justis,
2680 5715 2738 5761 ut
2780 5722 2810 5761 a
2844 5704 3147 5776 pastoribus
3175 5719 3304 5761 oves
3336 5705 3387 5761 in
3422 5708 3562 5775 peri-

1971 5800 2094 5856 culo
2124 5814 2229 5855 non
2256 5799 2600 5868 deserantur,
2629 5809 2733 5855 etc.
2771 5817 2789 5852 ι
2828 5798 3036 5854 Rursus
3066 5815 3079 5853 :
3118 5796 3359 5855 «Placuit
3385 5797 3566 5863 nobis,

1973 5896 2177 5967 Spiritu
2232 5905 2420 5952 sancto
2465 5903 2789 5966 suggerente
2839 5901 2893 5952 et
2922 5893 3153 5953 Domino
3192 5908 3291 5967 per
3320 5892 3565 5951 visiones
