3994 6318
400 316 472 377 «ιθ
1376 302 1746 363 noowenu
1783 301 2237 369 DlSSER'l‘A'l‘Io
2285 303 2697 369 CYPRIANICA
3620 306 3695 367 ao

401 433 605 491 multas
646 436 702 489 et
728 424 1044 484 manifestas
1092 418 1420 477 admonente
1446 416 1571 489 quia
1621 417 1795 475 hosus
1847 418 2004 475 nobis
2030 420 2085 491 Α
2110 430 2233 495 post
2277 428 2529 481 exactum
2575 435 2777 481 annum
2823 425 3141 483 coronatum
3194 431 3321 479 esse
3358 417 3522 485 tradit
3555 418 3705 484 Pon-

401 526 693 586 imminere
720 517 1112 594 praenuntiatur
1139 522 1195 570 et
1228 510 1557 577 ostenditur,
1584 512 1845 585 colligere
1866 512 2007 573 intra

410 630 590 681 castra
618 617 818 675 milites
847 610 1048 669 Christi
1074 651 1089 676 ,
1114 618 1220 665 etc.
1261 626 1281 660 ι
1309 605 1427 663 Νοη
1481 604 1704 661 credent
1750 605 1867 662 huic
1893 604 2005 664 for-

408 725 557 772 tasse
581 709 747 767 athei.
779 705 884 764 Sed
939 702 1068 776 quid
1115 700 1317 757 habent
1343 714 1450 771 quo
1476 699 1654 755 minus
1699 699 1805 755 fide
1847 699 2008 768 digna

410 821 534 865 esse
576 798 880 859 censeant?
922 796 1171 853 Visiones
1200 792 1289 849 hic
1344 793 1626 861 habemus,
1657 807 1762 849 non
1813 792 2010 851 multas

407 897 593 965 modo,
635 893 732 949 sed
774 902 830 948 et
876 886 1226 953 manifestas;
1258 900 1359 942 nec
1409 885 1528 941 illas
1583 894 1705 957 post
1758 895 2009 942 eventum

407 990 690 1055 confictas,
720 984 816 1042 sed
868 997 998 1037 vero
1043 988 1200 1036 antea
1260 978 1667 1049 prmnuntiatas,
1710 989 2013 1050 eventuque

411 1083 792 1157 comprobatas
821 1095 836 1145 ;
871 1091 973 1134 nec
1001 1075 1052 1132 id
1083 1074 1310 1131 obscura
1335 1071 1530 1144 privati
1559 1071 1856 1143 cujuspiam
1887 1072 2010 1141 tide,

405 1181 503 1239 sed
532 1176 723 1251 synodi
751 1172 915 1229 totius
934 1170 1311 1227 consentiente
1324 1166 1599 1236 suffragio.
1617 1168 2012 1239 mansurisque,

411 1275 457 1330 si
503 1272 653 1329 falsa:
701 1267 966 1332 fuissent,
1000 1264 1053 1319 in
1090 1261 1171 1317 rei
1223 1260 1541 1315 memoriam
1570 1259 1792 1316 aeternis
1821 1275 2014 1321 monu-

413 1364 640 1431 mentis,
667 1361 991 1433 scriptisque
1035 1355 1382 1426 consignatas
1405 1352 1543 1418 sole,
1574 1361 1633 1408 ut
1653 1352 2015 1427 Hieronymus

415 1463 512 1529 ait,
536 1455 892 1517 clarioribus;
925 1467 1031 1507 non
1058 1449 1216 1507 video
1241 1446 1371 1520 quid
1403 1455 1665 1519 przeterea
1704 1446 1843 1505 velle
1886 1461 2016 1518 pos-

416 1564 539 1612 sent
568 1550 636 1606 ad
665 1565 776 1605 rem
808 1546 934 1602 facti
967 1539 1449 1615 comprobandam,
1480 1539 1526 1596 si
1556 1538 1717 1595 modo
1763 1554 1828 1595 ex
1860 1554 2017 1613 (equo

409 1646 657 1721 judicare
682 1641 906 1709 vellent,
938 1651 1040 1694 nec
1089 1634 1252 1695 fidem
1282 1648 1508 1707 prorsus
1536 1648 1752 1695 omnem
1783 1633 2017 1693 homini-

414 1741 520 1796 bus
541 1738 823 1806 derogare.

2114 515 2239 584 tius,
2264 531 2372 588 quo
2415 516 2517 573 hoc
2538 516 2612 571 illi
2639 524 2767 577 ante
2791 529 2992 577 annum
3022 514 3195 577 fuerat
3220 521 3497 583 ostensum
3519 513 3708 581 (Pent.

2109 608 2165 665 in
2201 605 2319 669 Vita
2345 605 2636 683 Cypriani).
2665 605 2803 677 Quid
2830 606 2917 663 hic
2954 603 3306 667 dubitamus?
3340 605 3414 667 De
3444 606 3657 669 somnio
3683 608 3708 663 Ἰ

2115 703 2187 761 At
2207 719 2236 761 a
2269 702 2544 776 Cypriane
2575 703 2695 776 ipso
2734 702 2921 759 habuit
2944 700 3172 765 Pontius
3194 699 3524 765 domesticus
3552 709 3715 773 atque

2124 798 2275 857 exilii
2303 812 2508 857 comes.
2543 798 2619 855 De
2645 796 2873 859 Pontio?
2904 795 2973 857 At
3009 795 3119 867 jam
3152 805 3278 855 ante
3305 796 3547 871 martyrii
3575 795 3717 855 diem

2116 891 2371 951 omnibus
2403 893 2737 961 innotuerat,
2765 899 2824 949 ut
2853 905 2922 949 ne
2964 889 3094 967 quid
3121 889 3349 951 Pontius
3379 891 3722 951 comminisci

2118 998 2304 1058 posset
2327 987 2373 1047 si
2403 988 2488 1045 vel
2516 986 2749 1045 maxime
2776 985 3058 1047 voluisset.
3083 1004 3101 1045 ι
3135 985 3313 1045 Medio
3330 987 3498 1056 enim,
3527 987 3721 1059 inquit,

2125 1088 2373 1152 tempore
2399 1079 2686 1139 imminens
2712 1078 2894 1153 passio
2930 1092 3027 1151 pro
3046 1086 3195 1137 certo
3219 1066 3293 1135 ab
3308 1079 3559 1137 omnibus
3585 1080 3727 1135 scie-

2118 1171 2279 1233 batur
2309 1171 2515 1249 (Pont.,
2549 1172 2666 1242 αλ).
2699 1191 2718 1229 ι
2746 1171 2885 1241 Quid
2933 1170 3079 1247 quod
3105 1170 3197 1231 illa
3229 1169 3460 1233 ediderit
3499 1170 3726 1231 Pontius

2125 1279 2236 1337 quo
2268 1272 2516 1339 tempore
2560 1265 2669 1337 jam
2717 1279 2909 1329 recens
2954 1273 3070 1325 erat
3114 1264 3370 1339 Cypriani
3418 1265 3724 1331 memoria;

2121 1374 2229 1433 quo
2250 1359 2405 1419 multi
2427 1359 2605 1421 adhuc
2631 1366 2983 1430 superessent
3010 1357 3265 1433 Cypriani
3297 1357 3482 1421 bootes
3499 1358 3591 1435 qui
3625 1372 3725 1423 no-

2122 1450 2258 1511 mini
2285 1452 2402 1523 ejus
2432 1460 2617 1513 essent
2665 1449 2884 1516 infensi.
2910 1450 3162 1527 gentiles,
3186 1449 3343 1528 lapsi,
3373 1449 3577 1517 aemuli,
3620 1449 3728 1527 ipsi

2122 1545 2285 1607 etiam
2340 1542 2604 1605 haeretici.
2641 1542 2825 1603 Hosne
2875 1543 3039 1617 igitur
3094 1541 3459 1610 indormiisse.
3493 1541 3728 1619 factique

2122 1638 2423 1705 historiam,
2454 1637 2502 1697 si
2546 1638 2677 1697 falsa
2716 1647 2892 1709 esset,
2918 1645 3025 1701 tam
3053 1636 3286 1698 refutatu
3318 1636 3550 1705 facilem,
3576 1652 3721 1711 pra:-

2126 1731 2496 1799 termissuros,
2533 1740 2721 1801 putant
2752 1745 2873 1787 esse
2917 1729 3253 1793 verisimile?
3287 1729 3360 1791 De
3387 1730 3584 1789 somnii
3621 1731 3723 1791 ita-

493 1825 888 1905 sem—Adeo
916 1823 1216 1881 familiares
1231 1822 1504 1897 Cypriane
1523 1829 1681 1877 erant
1705 1817 2015 1891 huiusmodi
2048 1828 2095 1898 Β
2123 1840 2228 1898 que
2256 1825 2404 1885 fide?
2424 1824 2587 1902 Atqui
2613 1826 2763 1883 illam
2805 1824 3282 1889 manifestissimus
3322 1824 3578 1896 omnique
3623 1839 3722 1883 ex-

411 1925 670 1991 visiones,
702 1930 761 1975 ut
791 1921 845 1974 in
889 1916 1192 1989 disciplinae
1236 1914 1403 1977 etiam
1444 1912 1829 1970 ecclesiasticae
1858 1926 2014 1968 exer-

411 2018 541 2077 citio
571 2018 691 2073 illas
745 2013 1037 2085 acceperit,
1084 2012 1328 2084 aliasque
1384 2009 1644 2079 deinceps
1676 2014 2013 2080 expectaret.

411 2113 490 2170 Ita
515 2112 607 2167 ille
636 2110 704 2166 de
729 2107 1005 2164 Florentio
1035 2103 1295 2176 Pupiano,
1320 2101 1438 2158 fore
1464 2119 1484 2153 ι
1516 2101 1564 2155 si
1593 2099 1911 2172 plenissime
1933 2113 2019 2153 sa-

410 2204 701 2263 tisfecisset
746 2211 803 2257 ut
829 2195 1329 2255 communicationis
1379 2193 1495 2265 ejus
1542 2200 1766 2265 possent
1816 2191 2019 2248 habere

412 2300 679 2357 rationem
708 2301 961 2352 manente
984 2301 1185 2356 tamen,
1210 2288 1385 2361 inquit
1403 2286 1530 2361 (Ep.
1564 2284 1736 2359 Lm),
1760 2284 1901 2357 apud
1919 2301 2018 2343 nos

413 2395 609 2452 divinae
636 2404 884 2447 censurae
923 2394 1175 2457 respectu
1206 2392 1261 2440 et
1288 2392 1456 2447 metu;
1477 2390 1536 2436 ut
1556 2381 1706 2453 prius
1730 2380 2015 2439 Dominum

411 2501 594 2544 meum
622 2481 900 2539 consulam
930 2494 998 2533 an
1039 2476 1133 2532 tibi
1164 2489 1350 2547 pacem
1391 2472 1509 2528 dari
1535 2514 1549 2541 ,
1581 2481 1637 2528 et
1665 2481 1716 2529 te
1762 2471 1831 2527 ad
1858 2487 2011 2528 com-

412 2577 837 2637 municationem
888 2571 1145 2627 Ecclesiae
1182 2583 1294 2624 suae
1321 2566 1534 2622 admitti
1583 2580 1678 2621 sua
1706 2566 2020 2627 ostensione

414 2683 471 2731 et
523 2669 893 2729 admonitione
942 2666 1237 2738 permittat.
1288 2659 1505 2716 Memini
1560 2659 1704 2714 enim
1736 2659 1864 2731 quid
1905 2659 2018 2731 jam

414 2766 549 2824 mihi
579 2766 649 2821 sit
679 2773 981 2829 ostensum,
1008 2761 1174 2815 immo
1196 2755 1321 2828 qttid
1352 2767 1512 2810 servo
1528 2752 1848 2823 obsequenti
1866 2762 1921 2809 et
1949 2753 2018 2809 ti-

420 2856 585 2913 menti
620 2855 689 2910 de
719 2853 897 2908 divina
926 2859 980 2905 et
1009 2846 1280 2904 dominica
1306 2844 1627 2899 auctoritate
1650 2853 2017 2915 praeceptum;

423 2955 513 3026 qui
547 2953 688 3007 inter
716 2960 913 3004 caetera
953 2960 1074 3017 qua:
1104 2941 1397 2998 ostendere
1424 2949 1478 2995 et
1507 2938 1749 2997 revelare
1770 2938 2022 3010 dignatus

413 3054 497 3102 est
518 3052 574 3099 et
600 3044 717 3098 haec
735 3040 940 3097 addidit
963 3036 1153 3108 (verba
1174 3043 1333 3089 erant
1359 3032 1714 3104 proculdubio
1733 3032 1937 3088 Christi
1966 3033 2019 3091 in

415 3137 627 3193 visione
661 3150 783 3207 quae
814 3127 1108 3206 subjungit)
1142 3130 1320 3200 itaque
1351 3129 1439 3198 qui
1472 3127 1689 3183 Christo
1714 3143 1820 3185 non
1846 3128 2018 3186 credit

2123 1920 2374 1990 ceptione
2430 1918 2605 1987 major
2643 1917 3019 1990 comprobavit
3081 1927 3330 1979 eventus.
3384 1916 3723 1993 Quamquam

2124 2026 2256 2089 ergo
2275 2007 2579 2071 defuissent
2626 2009 2719 2071 illa
2743 2052 2758 2076 ,
2791 2023 2912 2081 qua
2951 2007 3184 2071 vidimus
3209 2008 3278 2071 de
3313 2007 3583 2077 visionum
3625 2023 3726 2071 usu

2124 2104 2226 2161 alia
2260 2114 2368 2159 tam
2417 2104 2625 2163 diserta
2671 2104 3003 2175 testimonia,
3035 2103 3168 2183 ipsa:
3218 2113 3399 2167 tamen
3447 2104 3549 2165 sibi
3575 2119 3729 2167 eom-

2126 2194 2425 2267 probandis
2450 2196 2535 2252 vel
2566 2195 2696 2259 sola:
2739 2194 3083 2259 sutl‘ecissent
3110 2196 3471 2269 cyprianicm.
3525 2196 3732 2269 letique

2129 2287 2267 2347 adeo
2296 2287 2476 2345 cultus
2502 2287 2783 2347 christiani
2805 2302 2985 2346 causae
3013 2288 3480 2353 commendandae.

2196 2379 2225 2457 §
2253 2379 2344 2437 22.
2373 2411 2447 2422 -
2472 2380 2689 2440 Ultimis
2731 2378 2985 2461 Cypriani
3015 2381 3381 2453 temporibus,
3417 2382 3733 2454 pontificatu
3780 2373 3799 2389 ’

2127 2476 2385 2538 nimirum
2438 2476 2596 2550 Xysti
2618 2517 2632 2542 ,
2657 2476 2749 2539 ille
2778 2479 2934 2548 cujus
2964 2491 3124 2551 supra
3156 2479 3504 2543 meminimus
3532 2480 3733 2553 Diony-

2129 2572 2244 2633 sius
2291 2571 2712 2641 Alexandrinus,
2745 2573 2970 2633 visionis
3000 2574 3246 2635 meminit
3272 2589 3377 2646 qua
3422 2573 3620 2635 factum
3648 2577 3731 2643 di-

2127 2664 2203 2723 cit
2229 2663 2366 2723 utin
2408 2663 2796 2723 haereticorum
2823 2665 3084 2725 librorum
3112 2665 3345 2729 lectiOne
3374 2667 3732 2730 confirmaro-

2130 2764 2238 2819 tur.
2271 2755 2347 2811 lta
2376 2756 2520 2813 enim
2548 2756 2737 2814 scribit
2762 2756 2815 2815 in
2845 2758 3075 2829 epistola
3104 2757 3174 2815 ad
3204 2758 3582 2827 Philemonem
3630 2761 3735 2821 Ec-

2128 2842 2308 2896 clesiae
2335 2857 2574 2898 romanae
2606 2843 2978 2915 presbyterum
3013 2860 3026 2897 :
3056 2842 3231 2923 ὅραμα
3256 2846 3573 2921 θεόπιμπτον
3602 2868 3733 2925 προ-

2126 2938 2297 2997 σελθὸν
2319 2939 2582 3015 ἐπὲῥρωσὲ
2608 2959 2694 3012 με,
2724 2940 2809 2995 καὶ
2849 2938 2995 3013 λόγος
3032 2939 3163 3019 πρὸς
3196 2960 3261 3013 με
3285 2940 3570 3015 γενόμενος,
3600 2963 3731 3020 προ-

2125 3037 2304 3102 σέταξε
2333 3034 2610 3112 διαρρἠην
2637 3035 2808 3110 λέγων’
2842 3042 3004 3095 πᾶσιν
3044 3038 3333 3111 ἐντυγχανε
3358 3032 3430 3099 οἷς
3457 3031 3517 3093 ἂν
3542 3038 3735 3115 χεῖρὰς

2124 3131 2321 3198 λάϐοις,
2350 3129 2617 3189 διευθύνειν
2656 3137 2757 3205 ’γὰρ
2786 3129 2985 3188 ἕκαστα
3018 3133 3104 3193 καὶ
3147 3128 3434 3205 δοκιμάζειν
3459 3130 3628 3195 ἱκανὸς
3666 3127 3731 3197 εἴ,

419 3230 756 3289 sacerdotem
789 3227 1029 3291 facienti,
1060 3236 1243 3296 postea
1292 3223 1518 3278 credere
1559 3223 1746 3295 incipit
1770 3225 2018 3282 sacerdo«

2127 3226 2212 3281 καὶ
2238 3244 2321 3279 σοι
2345 3224 2516 3301 γέγονε
2566 3228 2720 3284 τοῦτο
2758 3224 2811 3287 ἐς
2861 3224 3038 3297 ἀρχῆς
3086 3224 3174 3281 καὶ
3197 3230 3290 3286 τῆς
3317 3226 3543 3287 πὶστιως
3569 3222 3733 3283 αἴτιον

414 3332 524 3379 tem
568 3320 877 3377 vindicanti.
921 3340 940 3372 ι
977 3319 1051 3374 Ita
1102 3326 1257 3373 erant
1294 3315 1608 3389 frequentes
1633 3331 1696 3372 ea
1742 3326 1902 3381 aetate
1940 3317 2024 3375 di-

416 3416 559 3471 vinae
598 3412 977 3480 revelationes,
1014 3419 1161 3466 utne
1194 3408 1261 3466 de
1288 3407 1643 3480 resipiscente
1673 3409 1887 3480 quidem
1920 3410 2026 3467 Pu-

423 3508 586 3579 piano
615 3506 858 3578 polliceri
884 3504 1111 3560 auderet
1139 3502 1266 3575 quid
1289 3510 1434 3556 esset
1462 3510 1780 3570 statuturus,
1800 3503 2025 3561 nealiud

425 3600 659 3657 fortasse
689 3614 719 3654 a
752 3598 861 3653 Deo
901 3597 1201 3669 jnberctur,
1236 3604 1293 3650 ut
1320 3594 1487 3649 Deum
1532 3595 1757 3666 proinde
1794 3597 2024 3668 primum

422 3696 677 3750 innueret
706 3708 827 3748 esse
854 3691 1272 3761 consulendum,
1304 3697 1363 3744 ut
1390 3689 1606 3745 tandem
1637 3691 1734 3746 Dei
1763 3691 1817 3751 in
1844 3690 2025 3746 rebel-

421 3787 528 3844 lem
553 3802 769 3857 poenam
802 3791 1138 3856 expectaret,
1173 3783 1337 3839 talem
1369 3783 1526 3854 plane
1555 3785 1767 3856 qualem
1801 3795 2021 3857 aposto-

418 3880 647 3937 licarum
678 3893 1032 3935 censurarum
1069 3875 1324 3931 comitem
1369 3873 1536 3931 fuisse
1582 3875 1724 3947 apud
1748 3875 1941 3933 doctos
1971 3876 2026 3934 in

419 3972 680 4029 confesso
729 3978 831 4027 est.
867 3969 1067 4025 lterum
1124 3966 1195 4023 de
1225 3967 1556 4039 presbyteris
1586 3967 1701 4040 qui,
1731 3983 1792 4025 se
1837 3968 2026 4026 incon-

421 4067 589 4137 sulto,
623 4064 785 4138 lapsis
839 4063 1378 4121 communicaverunt
1408 4106 1424 4135 ,
1489 4082 1508 4114 ι
1545 4072 1686 4135 utar,
1716 4062 1930 4137 inquit‘,
1960 4080 2025 4120 ea

419 4160 790 4216 admonitione
819 4199 833 4226 ,
873 4172 977 4229 qua
1008 4172 1096 4212 me
1144 4156 1407 4219 Dominus
1455 4154 1649 4229 jubet,
1702 4165 1761 4214 ut
1806 4157 2022 4217 interim

422 4255 815 4328 prohibeantur
840 4253 1060 4321 offerre,
1080 4259 1188 4308 etc.
1213 4250 1342 4323 (Ep.
1374 4249 1454 4324 ι).
1501 4268 1521 4304 ›

497 4349 525 4422 §
551 4348 645 4402 9.1.
667 4377 737 4388 ——
758 4345 834 4400 lta
864 4353 1077 4400 constat
1104 4342 1367 4414 gravionis
1389 4342 1649 4403 momenti
1670 4343 1870 4412 omnia,
1901 4360 2022 4417 quo:

421 4444 641 4518 quidem
687 4442 958 4515 publicum
1007 4438 1267 4495 Ecclesia:
1314 4446 1516 4494 statum
1544 4439 1864 4510 attinerent,
1897 4455 2022 4501 esse

423 4535 732 4599 istiusmodi
786 4532 1080 4588 visionibus
1131 4528 1411 4603 praedicta.
1479 4531 1801 4603 Designatus
1860 4543 1944 4589 est
1992 4548 2022 4588 a

2132 3314 2257 3387 (Ap.
2282 3312 2501 3383 Euseb.,
2537 3314 2673 3371 Hist.
2700 3306 2913 3387 eadem,
2943 3330 3040 3382 vn,
3073 3315 3152 3389 7).
3196 3316 3280 3377 Ah
3305 3316 3498 3374 horum
3532 3315 3734 3388 Diony-

2129 3412 2195 3475 sii
2228 3419 2531 3487 temporum
2563 3410 2672 3471 line
2716 3424 2938 3473 suorum
2969 3419 3273 3481 temporum
3302 3409 3514 3471 initium
3539 3424 3729 3468 arces-

2129 3512 2202 3573 sit
2237 3508 2504 3569 Eusebius
2532 3507 2698 3582 (Hist.
2727 3506 2935 3575 etclam,
2965 3523 3057 3573 vn,
3090 3506 3205 3580 52).
3236 3506 3338 3575 Qui
3374 3520 3495 3563 cum
3545 3506 3647 3562 hoc
3676 3507 3729 3569 in

2129 3610 2227 3667 sua
2257 3604 2479 3661 historia
2507 3611 2692 3660 notatu
2735 3602 2954 3674 dignum
2986 3602 3222 3669 duxerit,
3251 3616 3530 3674 quousque
3557 3601 3731 3657 dono-

2130 3712 2248 3757 rttm
2299 3696 2742 3769 propheticorum
2800 3696 3078 3756 successio
3109 3694 3484 3767 permanavit;
3518 3694 3569 3750 id
3597 3709 3729 3755 sane

2129 3791 2305 3851 innuit
2343 3808 2443 3848 suo
2468 3792 2581 3863 jam
2625 3801 2871 3862 tempore
2893 3791 3039 3851 illam
3068 3790 3352 3853 defecisse.
3387 3791 3560 3860 Atque
3589 3788 3727 3846 adeo

2129 3894 2252 3959 post
2276 3884 2619 3945 Constantini
2653 3894 2897 3957 tempora
2926 3887 3162 3958 primum
3190 3900 3221 3941 a
3241 3884 3552 3947 doctoribus
3570 3901 3723 3957 quat-

2128 3981 2233 4045 sita
2261 3991 2345 4039 est
2370 3980 2514 4045 illius
2539 3977 2783 4045 defectus
2808 3980 2946 4037 ratio
2970 3994 3293 4053 quamquam
3318 3995 3387 4037 ne
3414 3979 3483 4037 ita
3505 3979 3722 4050 quidem

2129 4074 2499 4139 omnimodam
2531 4090 2720 4131 eorum
2744 4073 3104 4133 defectionem
3132 4073 3468 4143 agnoverint.
3493 4071 3559 4126 At
3582 4069 3725 4131 Con-

2128 4170 2367 4229 stantino
2417 4168 2777 4238 antiquiorem
2833 4166 3106 4227 neminem
3166 4162 3332 4219 fuisse
3361 4170 3490 4231 puto
3517 4161 3608 4233 qui
3634 4162 3726 4219 illa

2127 4262 2395 4325 defecisse
2414 4259 2743 4326 crediderit;
2770 4256 2968 4319 nedum
2992 4265 3051 4313 ut
3073 4255 3141 4312 de
3169 4253 3488 4315 defectionis
3514 4254 3728 4316 ratione

2127 4352 2477 4413 laborandum
2508 4366 2631 4409 esse
2659 4359 2928 4413 censeret.

2202 4446 2231 4521 ς
2258 4447 2350 4505 25.
2378 4474 2452 4488 --
2478 4444 2574 4505 Est
2602 4453 2657 4503 et
2679 4443 2809 4500 illud
2839 4438 3400 4506 animadvertendum,
3424 4438 3570 4511 quod
3595 4453 3729 4501 sane

2125 4541 2193 4603 ad
2213 4541 2476 4601 visionem
2506 4538 2652 4597 illius
2678 4537 2860 4601 saeculi
2886 4532 3413 4595 commendationem
3436 4532 3729 4604 plurimum

423 4633 697 4706 Cypriano
725 4628 896 4685 lector
920 4625 1205 4681 Celerinus
1235 4623 1519 4683 confessor
1547 4624 1676 4699 (Ep.
1718 4625 1931 4698 xxxiv).
1967 4626 2017 4684 Is
2042 4631 2095 4697 D
2124 4634 2282 4699 facit,
2333 4645 2662 4705 quamquam
2726 4637 2889 4691 noctu
2960 4635 3145 4685 essent
3190 4624 3708 4695 dormientibusque,

425 4734 615 4782 contra
644 4737 743 4795 pro
775 4720 1080 4776 humilitate
1120 4732 1216 4777 sua
1237 4732 1363 4773 cum
1406 4719 1717 4778 consentire
1746 4719 2021 4777 dubitaret

424 4818 704 4885 Ecclesiae,
737 4815 832 4871 Dei
860 4814 1029 4885 ipsius
1053 4812 1331 4868 admonitu
1359 4822 1415 4867 et
1444 4811 1666 4871 hortatu
1718 4813 1771 4871 in
1815 4813 2023 4869 visione

426 4928 523 4986 per
554 4920 766 4967 noctem
817 4908 1130 4979 compulsus
1166 4915 1250 4962 est
1295 4920 1364 4961 ne
1405 4913 1646 4978 negaret.
1687 4905 1801 4963 Nec
1835 4906 2023 4967 deerat

423 5020 531 5078 quo
555 5003 623 5059 de
666 5003 925 5075 martyrio
951 5014 1051 5056 suo
1092 4998 1327 5055 monitus
1382 5008 1466 5055 est
1510 5001 1594 5055 vir
1622 5000 2018 5068 sanctissimus,

424 5098 695 5155 somnium
751 5094 967 5165 quidem
1013 5090 1167 5157 illud,
1214 5090 1310 5148 sed
1366 5091 1771 5165 propheticum,
1805 5102 1862 5148 et
1891 5107 2024 5148 sane

425 5186 947 5251 manifestissimum.
1000 5184 1119 5252 Quo
1164 5183 1398 5255 primum
1428 5183 1518 5238 die
1569 5182 1624 5245 in
1676 5183 2023 5247 exiliiCuru-

424 5283 595 5342 bitani
621 5283 738 5338 loco
771 5277 989 5347 mansit,
1018 5290 1165 5331 mors
1192 5276 1312 5347 ejus
1336 5286 1392 5332 et
1417 5275 1635 5348 quidem
1665 5276 1843 5348 ipsum
1874 5292 2022 5341 mar-

428 5376 553 5447 tyrii
584 5386 758 5446 genus
787 5369 1101 5443 prophetico
1129 5366 1379 5440 symbolo
1434 5377 1818 5438 repraesentata
1871 5376 2018 5431 sunt.

425 5466 521 5521 Ille
567 5462 881 5520 dilationem
925 5462 1086 5516 unius
1128 5458 1237 5515 diei
1270 5459 1423 5537 petiit
1477 5460 1815 5532 accepitque,
1845 5460 2020 5525 donec

426 5572 516 5613 res
555 5570 680 5612 suas
720 5555 957 5628 legitima
1001 5551 1341 5610 ordinatione
1392 5551 1727 5624 disponeret,
1760 5553 2019 5613 Ecclesiae

427 5648 674 5704 fortassis
702 5648 839 5702 illas.
873 5646 997 5702 Dies
1047 5646 1137 5700 ille
1184 5660 1281 5717 pro
1311 5643 1567 5701 idiomate
1601 5644 1834 5702 Danielis
1858 5658 2020 5719 atque

422 5732 829 5816 Apocalypseos
881 5738 1197 5812 prophetico
1265 5752 1466 5793 annum
1519 5737 1569 5793 d:
1589 5739 1856 5811 signabat.
1910 5739 2020 5799 Re.

426 5835 753 5910 sponditque
777 5841 1003 5892 eventus
1029 5829 1462 5891 accuratissime.
1513 5831 1592 5891 Eo
1621 5833 1766 5891 enim
1784 5833 1903 5911 ipso
1929 5835 2018 5897 die

2131 4738 2190 4795 ιιι
2241 4726 2528 4800 plurimum
2562 4723 2777 4791 oblatm,
2810 4737 2918 4785 non
2972 4730 3153 4783 tamen
3196 4718 3338 4781 intra
3391 4719 3724 4789 privatorum

2128 4819 2392 4881 duntaxat
2439 4816 2717 4879 hominum
2762 4829 2957 4870 arcana
2984 4828 3106 4877 esse
3129 4819 3452 4885 reservatas,
3479 4811 3573 4867 sed
3598 4825 3725 4879 vero

2129 4917 2306 4989 palam
2353 4922 2409 4971 et
2446 4913 2498 4969 in
2542 4912 2679 4975 facie
2709 4910 2987 4977 Ecclesiaa,
3015 4910 3185 4983 prima
3214 4922 3421 4981 quaque
3442 4904 3728 4967 occasione

2128 5008 2454 5075 enuntiatas.
2490 5004 2548 5067 Id
2589 5005 2657 5065 ab
2687 5006 2816 5085 ipsis
2848 5019 3017 5082 usque
3071 5003 3437 5075 apostolorum
3466 5000 3727 5071 tempori-

2126 5102 2227 5167 bus
2248 5101 2593 5165 observatum
2621 5111 2743 5159 esse
2766 5107 2996 5158 constat.
3026 5094 3330 5166 Propltetiae
3360 5093 3467 5155 illae
3487 5107 3716 5163 quarum

2128 5194 2375 5255 meminit
2424 5191 2651 5269 epistola
2701 5190 2769 5255 ad
2821 5189 3176 5263 Corinthios,
3224 5185 3717 5251 ecclesiasticarum

2126 5294 2282 5347 crant
2309 5283 2530 5349 omnino
2567 5292 2828 5351 emtuum,
2861 5281 2993 5343 Inde
3020 5290 3163 5339 tanta
3212 5286 3449 5340 coetuum
3498 5276 3719 5337 illorum

2130 5379 2399 5449 conlusio,
2431 5377 2571 5452 quod
2615 5377 2778 5437 simul
2817 5376 3000 5455 plures
3039 5375 3409 5447 loquerentur.
3434 5385 3533 5432 nec
3555 5384 3724 5442 expe-

2124 5482 2337 5539 ctarent
2384 5471 2745 5549 prnpltetandi
2775 5471 2959 5537 vices;
3009 5466 3154 5537 quod
3202 5465 3343 5529 dona
3371 5464 3461 5523 illa
3500 5477 3723 5525 exerce-

2122 5581 2246 5639 rent
2288 5570 2484 5643 quibus
2530 5566 2779 5629 Ecclesia
2831 5562 3086 5625 :editicari
3128 5576 3235 5619 non
3284 5569 3490 5635 posset,
3544 5560 3719 5633 utqui

2122 5663 2267 5729 dono
2295 5662 2599 5736 linguarum
2629 5666 2911 5722 uterentur
2938 5658 3057 5717 sine
3102 5654 3248 5715 dono
3279 5651 3667 5727 interpretandi
3698 5670 3715 5725 ;

2122 5755 2266 5830 quod
2292 5755 2549 5814 mulieres
2590 5751 2780 5822 etiam,
2805 5747 3162 5824 prophetissae
3185 5743 3456 5813 nimirum,
3486 5744 3539 5803 in
3565 5744 3719 5805 coeti-

2122 5850 2226 5915 bus
2265 5848 2506 5909 virorum
2548 5854 2749 5923 praeter
2784 5858 2948 5905 sexus
2993 5841 3272 5912 decorum,
3319 5838 3572 5912 quodque
3600 5838 3717 5898 sine
