3994 6318
263 303 329 375 2t
1400 305 1495 381 Illi
1531 302 1867 378 γιδιοιιιθι

1975 304 2431 377 DBOPHRTK‘JS.
3234 362 3244 369 .
3495 322 3568 383 32

263 425 418 497 velis,
439 423 617 498 passis
642 424 874 483 fortasse
899 426 1133 498 capillis.
1161 425 1229 487 ad
1258 425 1479 495 modum
1506 425 1857 499 Sibyllarllm.
1889 425 1937 497 Α
1967 425 2096 491 dum
2121 431 2485 501 suspicionem
2501 431 2711 499 attinet,
2731 434 3061 497 alienissima
3074 446 3193 497 erat
3213 445 3347 499 atas
3370 451 3567 511 puero-

264 521 678 595 prophetarent.
704 518 818 578 Nec
840 520 1003 591 aliter
1024 521 1242 594 Agabus
1295 522 1492 585 famem
1519 521 1667 579 illam
1714 534 1864 581 tecu—

261 615 535 685 lactucam
564 614 835 687 praedixit,
863 630 987 687 quae
1015 616 1315 688 imperante
1343 613 1571 677 Claudio
1595 613 1857 686 contigit;

259 730 364 788 qua
395 725 581 770 tamen
610 712 966 785 prrdictione
1004 713 1193 783 moniti
1229 713 1410 775 statim
1444 720 1732 783 antequam
1784 707 1863 777 fa-

261 821 380 871 mes
408 806 527 879 ipsa
578 806 879 877 evenisset,
928 806 1187 875 subsidiis
1212 805 1539 877 Pecuniariis
1575 802 1863 875 subvenie-

263 898 413 967 ιλιι,
443 896 514 963 ad
542 898 791 967 eamdem
822 898 982 971 plane
1008 897 1235 959 formant
1262 914 1367 970 qua
1388 897 1718 971 Cyprianum
1744 894 1863 967 iam

262 993 499 1065 vidimus
542 993 908 1065 persecutioni
954 993 1208 1063 similiter
1254 991 1524 1064 praedicta
1566 991 1864 1061 etiamnum

258 1086 453 1147 futurae
475 1094 828 1155 oecus-eatea:
859 1086 999 1155 (Act.
1031 1102 1108 1153 ιι,
1134 1086 1224 1154 28,
1247 1085 1340 1151 29,
1374 1085 1491 1158 ΞΟ).
1513 1084 1680 1151 Erant
1716 1083 1861 1141 enim

258 1180 492 1254 publica
530 1192 589 1235 ut
635 1181 927 1252 plurimum
970 1181 1307 1245 calamitates
1354 1181 1756 1252 prophetiarum
1786 1179 1860 1243 is-

259 1274 517 1337 tiusmodi
563 1283 963 1346 arguntentum.
1026 1276 1113 1334 vel
1142 1289 1499 1347 personarum
1537 1274 1729 1339 saltem
1760 1288 1861 1345 pu-

257 1367 545 1431 blicarum.
571 1366 676 1429 ista
707 1368 763 1425 S.
800 1368 950 1427 Pauli
976 1368 1185 1427 vincula
1214 1365 1860 1439 praedixitAgabus,Act.

257 1478 369 1526 ur,
412 1462 507 1527 l0.
558 1461 1045 1525 il.Pra3dixerunt
1072 1472 1126 1519 et
1145 1461 1235 1523 alii
1262 1460 1534 1531 discipuli.
1566 1462 1693 1526 v.4;
1720 1474 1860 1530 Pras-

258 1556 390 1613 dixit
437 1562 648 1631 πνεῦμα
709 1558 846 1617 κατά
895 1558 1059 1621 πόλιν,
1119 1571 1237 1627 cap.
1283 1571 1351 1613 xx
1382 1596 1396 1620 ,
1430 1553 1523 1622 23,
1577 1553 1631 1619 id
1674 1563 1778 1620 est,
1805 1562 1864 1613 ut

255 1662 357 1719 ego
409 1649 671 1715 arbitror,
712 1654 1051 1725 πνευματικοὶ
1098 1647 1434 1719 singularum
1483 1646 1860 1713 ecclesiarum,

258 1755 381 1810 qua
402 1755 473 1797 ea
512 1740 679 1798 etiam
723 1750 883 1801 :ntate
928 1739 1223 1803 secundum
1268 1739 1512 1803 civitates
1560 1737 1861 1805 distributae

1966 538 2105 593 rum,
2134 539 2269 596 quos
2297 526 2550 599 Cypriani
2573 529 2773 587 saeculo
2795 531 3148 601 prophetasse
3165 533 3278 603 jam
3308 532 3561 593 vidimus.

2039 616 2069 690 ς
2100 618 2265 676 25.-
2290 620 2500 679 Fraude
2528 623 2708 693 itaque
2734 632 2960 691 remota,
2976 624 3079 683 alia
3101 634 3281 687 tamen
3307 635 3564 699 suppete-

1966 710 2096 771 bant
2135 726 2451 785 argumenta
2508 717 2705 787 quibus
2747 732 2777 773 a
2829 718 2940 777 Deo
2964 729 3186 779 auclore
3242 722 3565 793 proﬂuxisse

1966 804 2375 873 probareturea
2404 808 2708 878 prepltetia.
2739 811 2823 871 vel
2844 812 2990 869 enim
3037 813 3145 871 alio
3198 802 3348 875 edito
3395 816 3565 875 mira-

1965 897 2090 957 culo
2115 912 2176 954 se
2203 914 2231 955 a
2263 898 2376 961 Deo
2404 902 2628 963 missum
2679 904 2941 974 propheta
2978 904 3368 974 confirmabat,
3420 906 3567 977 quod

1964 993 2176 1061 signum
2209 992 2491 1066 propheta!
2520 996 2724 1059 veteris
2768 1000 3077 1063 testamenti
3126 999 3420 1070 scriptores
3470 1015 3571 1072 ap-

1966 1083 2203 1154 pellant;
2237 1084 2321 1147 vel
2354 1086 2663 1151 intrinsecis
2693 1087 2993 1158 prophetiae
3033 1091 3365 1162 argumentis
3391 1106 3422 1148 a
3455 1091 3568 1149 Deo

1966 1179 2112 1241 illam
2138 1194 2424 1243 emanasse
2454 1181 2738 1250 probabat.
2785 1182 2840 1241 Si
2871 1174 3135 1249 miraculo
3179 1200 3239 1241 se
3282 1200 3568 1247 commen-

1966 1270 2098 1363 dare
2126 1272 2321 1339 vellet,
2345 1273 2491 1335 aliud
2523 1263 2725 1331 donum
2759 1274 2983 1337 haberet
3008 1292 3233 1335 necesse
3263 1279 3367 1335 erit
3385 1319 3402 1346 ,
3425 1284 3570 1348 quod

1966 1374 2145 1429 tamen
2169 1382 2274 1427 non
2302 1376 2407 1432 est,
2433 1382 2499 1427 ex
2525 1368 2800 1440 Evangelii
2822 1371 3151 1439 meonomia,
3173 1372 3568 1429 necessarium.

1966 1457 2384 1531 Intrinsecorum
2413 1470 2592 1522 autem
2619 1471 3097 1533 argumentorum,
3152 1480 3271 1535 quae
3314 1480 3381 1521 eo
3434 1480 3572 1537 pra:-

1965 1551 2124 1622 cipue
2152 1552 2468 1623 spectabant
2496 1562 2555 1610 ut
2598 1555 2986 1619 revelationem
3040 1558 3185 1617 illam
3240 1557 3568 1630 probarent,

1963 1654 2172 1711 naturze
2200 1648 2344 1705 vires
2372 1662 2666 1718 superare,
2709 1659 3025 1721 naturarque
3078 1651 3307 1722 proinde
3361 1653 3572 1711 auctori

1965 1741 2069 1798 soli
2092 1740 2452 1810 tribuendam,
2474 1742 2582 1798 duo
2604 1753 2761 1801 erant
2785 1760 3003 1816 genera.
3028 1744 3131 1817 νει
3146 1746 3291 1803 enim
3327 1748 3569 1807 occultas

254 1844 399 1895 sunt.
459 1833 537 1891 Ita
583 1834 818 1906 denique
884 1845 1280 1905 postremorum
1350 1841 1651 1904 temporum
1721 1847 1860 1902 prfe-
1892 1832 1943 1903 Β
1968 1833 2247 1899 hominum
2273 1837 2627 1908 cogitationes
2649 1838 3029 1911 proferebant,
3081 1840 3170 1899 vel
3200 1839 3378 1899 futura
3432 1854 3569 1898 con-

253 1927 381 1985 dicti
411 1935 542 1987 sunt
585 1942 800 1991 errores
850 1927 895 2001 (ι
925 1926 1085 1994 Τέω..
1117 1924 1191 1998 iv)
1224 1944 1238 1981 :
1266 1931 1471 1999 πνεῦμα
1522 1925 1683 1993 etiam
1715 1924 1769 1983 in
1795 1938 1863 1981 eo

256 2020 478 2081 locode
515 2030 877 2083 conventuum
926 2018 1207 2091 prophetis
1259 2018 1524 2090 intelligo,
1574 2031 1710 2088 quos
1737 2031 1861 2087 cum

256 2115 388 2175 dicit
435 2114 554 2173 haec
582 2114 752 2190 ῥητῶς
783 2113 1118 2184 pmdixisse,
1151 2113 1204 2179 id
1245 2128 1441 2181 nempe
1470 2112 1664 2180 innuit,
1692 2110 1863 2177 diser-

265 2208 335 2265 tis
361 2206 483 2269 haec
511 2205 694 2262 verbis
741 2220 861 2263 esse
905 2206 1182 2277 praedicta.
1214 2212 1414 2276 praeter
1452 2204 1707 2263 usitatum
1738 2219 1865 2275 pro-

261 2299 571 2369 phetiarum
601 2312 809 2361 morem
840 2313 963 2369 qua:
1007 2296 1268 2368 symbolis
1305 2305 1362 2355 ut
1392 2296 1678 2367 pluritpntn
1702 2296 1862 2355 intel-

258 2396 403 2455 lectu
418 2391 759 2451 difficillimis
779 2402 935 2450 erant
966 2394 1241 2457 involutae.
1266 2393 1323 2453 Id
1342 2393 1535 2457 saltem
1565 2392 1863 2459 verisimil-

261 2488 449 2545 limum
470 2494 557 2544 est
573 2488 908 2559 privatorum
933 2487 1111 2545 nullas
1133 2496 1381 2558 receptas
1407 2502 1530 2547 esse
1553 2485 1864 2558 prophetiae

260 2583 423 2654 quise
440 2582 660 2653 publico
677 2583 914 2643 examini
931 2598 1037 2643 non
1059 2584 1400 2655 probassent.
1419 2582 1499 2639 lta
1521 2592 1669 2641 certe
1697 2585 1750 2639 in
1768 2599 1865 2653 pn—

261 2678 403 2735 blico
433 2691 634 2737 munus
654 2690 812 2737 suum
841 2678 1155 2739 exercuisse
1180 2678 1416 2737 vidimus
1444 2677 1722 2749 Ignotium.
1754 2676 1864 2733 Pu-

261 2768 464 2831 blicure
510 2771 565 2825 in
619 2786 772 2829 usum
820 2770 1132 2842 propltetias
1159 2787 1287 2833 suas
1308 2771 1547 2831 scribere
1577 2770 1713 2842 iussi
1741 2779 1867 2831 sunt

260 2863 506 2933 ejusdem
519 2864 702 2920 saeculi
720 2864 1016 2935 propheta).
1045 2866 1105 2922 S.
1132 2864 1390 2933 Joannes,
1408 2862 1862 2936 pseqdo-Esdras.

262 2955 350 3026 qui
389 2954 507 3011 veri
546 2954 826 3027 prophetae
868 2971 1151 3027 personam
1181 2957 1407 3014 induere
1429 2957 1617 3023 voluit,
1650 2965 1703 3013 et
1731 2955 1864 3017 liero

263 3050 662 3122 mas.Cypt-iani
678 3051 839 3115 etiam
864 3061 1109 3122 tempore
1126 3051 1298 3122 palam
1312 3061 1366 3108 et
1381 3052 1435 3108 in
1451 3050 1586 3113 faeie
1604 3050 1861 3113 Ecclesia)

264 3141 743 3205 communicabant
770 3156 897 3201 suas
924 3143 1182 3203 visiones.
1215 3143 1489 3209 Visipnem
1518 3141 1666 3207 illam
1698 3140 1866 3211 ipsius

1966 1929 2244 1999 tingentia.
2310 1929 2515 1993 Horum
2564 1942 2893 2001 utrumque,
2953 1946 3023 1991 ex
3073 1931 3216 1989 illius
3270 1932 3572 2004 przesertim

1967 2021 2150 2083 saeculi
2180 2021 2481 2096 principiis.
2503 2022 2606 2087 soli
2638 2023 2747 2087 Deo
2776 2024 3074 2094 proprium,
3096 2038 3391 2096 omnesque
3419 2038 3575 2083 crea-

1968 2122 2209 2179 turarum
2239 2114 2385 2175 vires
2434 2114 2743 2185 superabat.
2802 2114 2960 2179 Prius
3013 2114 3299 2186 equidem;
3347 2116 3473 2187 quia
3522 2115 3573 2177 is

1967 2205 2117 2269 solus
2145 2204 2585 2281 καρδιογνώστης,
2616 2222 2797 2271 rerum
2823 2215 2985 2279 atque
3010 2207 3253 2267 cordium
3279 2216 3571 2278 scrutator.

1967 2300 2054 2365 cui
2081 2301 2263 2361 omnia
2293 2311 2418 2363 sunt
2443 2302 2585 2363 nuda
2627 2312 2791 2373 atque
2815 2303 3291 2379 τετραχηλισμένα.
3340 2301 3577 2369 Proinde

1969 2408 2165 2452 arcana
2200 2394 2295 2452 Dei
2320 2410 2483 2457 nemo
2536 2396 2866 2466 investigare
2917 2407 3129 2470 poterat
3182 2397 3287 2455 nisi
3342 2394 3575 2466 Spiritus

1970 2488 2071 2547 Dei
2113 2487 2158 2560 (Ι
2209 2487 2355 2558 Cor.,
2396 2504 2467 2557 tt,
2520 2486 2631 2560 ll).
2700 2488 2963 2560 Spiritum
3013 2488 3175 2545 etiam
3218 2487 3573 2553 discretorem

1969 2581 2360 2654 cogitationum
2387 2591 2443 2640 et
2470 2582 2833 2645 intentionum
2865 2580 3047 2645 cordis
3074 2581 3311 2652 appellat
3340 2582 3573 2650 Aposto-

1969 2676 2053 2734 lus
2089 2674 2272 2745 (Heb.,
2305 2692 2379 2744 tv,
2406 2676 2522 2744 l2).
2563 2676 2666 2745 Qui
2686 2691 2817 2749 ergo
2838 2676 3042 2737 alienas
3065 2675 3419 2747 cogitationes
3443 2689 3574 2746 ape-

1969 2779 2187 2840 ruerat,
2244 2770 2292 2831 is
2320 2770 2409 2831 ubi
2439 2769 2644 2831 fraudis
2691 2771 2870 2829 omnis
2891 2770 3132 2842 suspicio
3157 2780 3366 2831 remota
3420 2777 3572 2836 erat,

1973 2876 2079 2923 non
2108 2861 2219 2919 alio
2244 2876 2404 2932 quam
2432 2861 2619 2923 divino
2644 2862 2847 2933 Spiritu
2877 2860 3090 2918 afﬂatus
3116 2861 3457 2919 credebatur.

2043 2953 2073 3027 δ
2101 2954 2280 3015 36.-—
2305 2954 2496 3017 Fuisse
2519 2966 2701 3017 autem
2728 2957 2869 3015 inter
2892 2956 3270 3027 πνευματικῶς
3307 2954 3570 3013 Ecclesia:

1968 3049 2149 3119 quieo
2171 3048 2333 3104 etiam
2361 3057 2543 3107 essent
2572 3048 2715 3105 dono
2747 3048 2989 3120 pwditi,
3036 3056 3250 3111 constat
3294 3064 3363 3104 ex
3419 3047 3574 3119 Apo-

1974 3140 2116 3201 stolo
2141 3156 2161 3201 ι
2189 3138 2341 3207 Cor.,
2385 3140 2616 3208 “v.24,
2644 3140 2759 3198 25:
2796 3160 2816 3194 ι
2855 3140 2912 3198 Si
2942 3150 3145 3210 autem,
3170 3140 3360 3211 inquit,
3384 3155 3576 3203 omnes,

266 3238 321 3295 in
361 3237 535 3297 exilio
582 3238 835 3293 omnibus
883 3238 1184 3297 innotuisse
1232 3236 1345 3307 jam
1397 3234 1757 3303 ostendimus,
1791 3233 1866 3295 uti
1893 3231 1939 3296 C
1974 3232 2327 3304 prophetent,
2375 3234 2541 3293 intret
2567 3245 2745 3295 autem
2792 3235 2913 3307 quis
2954 3234 3185 3299 inﬁdelis
3228 3235 3314 3305 vel
3360 3235 3569 3297 idiota:

267 3332 427 3391 etiam
458 3338 515 3393 et
537 3330 657 3387 illas
680 3330 748 3386 de
777 3331 1011 3389 instante
1040 3331 1434 3401 persecutione.
1472 3328 1634 3398 quue
1661 3344 1726 3387 ex
1752 3328 1864 3398 ipsa

268 3424 534 3480 visionum
550 3424 831 3481 mentione
859 3439 991 3480 sane
1010 3421 1414 3495 abruptissima,
1440 3422 1727 3493 colligitur,
1752 3432 1865 3491 tum

272 3518 323 3573 in
350 3516 452 3573 hac
484 3516 741 3587 epistola,
766 3525 878 3575 tum
908 3518 960 3573 in
992 3532 1080 3589 ep.
1116 3532 1183 3573 χι
1221 3516 1290 3573 de
1318 3518 1555 3589 quinque
1592 3512 1869 3586 presbyte-

270 3608 364 3675 ris,
390 3618 503 3665 tum
537 3609 590 3664 in
622 3624 711 3680 ep.
744 3626 865 3666 Lstx
899 3608 967 3665 de
999 3608 1271 3667 Florentio
1312 3609 1571 3680 Pupiano.
1603 3608 1677 3664 Ita
1721 3619 1869 3665 certe

271 3704 631 3775 perstrinxit,
681 3720 782 3760 nec
838 3704 999 3761 ullam
1059 3719 1310 3775 umquam
1364 3704 1570 3771 καθεξῆς
1625 3702 1866 3773 exponit,

268 3802 418 3869 quasi
448 3814 564 3855 rem
607 3810 1064 3855 commemoraret
1082 3799 1191 3870 jam
1222 3799 1474 3857 omnibus
1502 3798 1864 3865 notissimam,

273 3909 498 3965 quaeque
524 3892 664 3949 adeo
701 3894 1014 3949 narratione
1056 3908 1162 3950 non
1189 3893 1472 3963 indigeret.

338 3986 570 4059 994.-
595 3985 751 4055 Quod
775 4001 898 4041 cum
927 3987 997 4042 ita
1027 4001 1085 4041 se
1104 3985 1346 4049 haberet,
1374 3985 1485 4053 jam
1514 3983 1718 4053 Optime
1742 3996 1870 4041 eau-

276 4085 383 4133 tum
417 4076 709 4135 videbatur
729 4093 797 4133 ne
826 4077 918 4148 qui
950 4076 1290 4135 falsariorum
1332 4075 1443 4135 doli
1486 4075 1733 4135 lidelibus
1763 4075 1869 4141 im,-

275 4184 558 4244 ponerent.
609 4172 860 4244 lnprimis
906 4174 1052 4233 enim
1098 4173 1228 4230 nulli
1284 4171 1352 4228 ad
1403 4171 1506 4227 hoc
1548 4186 1742 4233 munus
1771 4170 1869 4227 ad-

275 4266 412 4323 mitti
438 4276 730 4337 potuerunt
750 4267 853 4323 nisi
893 4282 1119 4338 quorum
1171 4266 1373 4337 optima
1418 4273 1561 4331 esset
1599 4264 1872 4323 exisrima—

275 4358 370 4421 tio,
402 4359 619 4428 vitaque
662 4359 730 4413 ab
772 4360 917 4414 omni
960 4359 1161 4414 fraudis
1198 4360 1515 4425 astutiaque
1563 4358 1869 4429 suspicione

275 4449 621 4509 alienissima.
651 4450 728 4509 lta
757 4450 952 4507 factum
982 4460 1039 4509 ut
1065 4451 1366 4523 pr0phetm,
1396 4451 1543 4507 omni
1568 4451 1873 4522 suspicione

276 4553 507 4611 remota,
527 4544 597 4600 de
623 4545 740 4614 ejns
765 4545 1023 4602 duntaxat
1046 4560 1169 4602 esse
1194 4544 1474 4616 prophetia
1497 4545 1867 4615 iudicandum.

1971 3325 2311 3385 convincitur
2348 3326 2417 3383 ab
2467 3328 2751 3394 omnibus,
2799 3326 3126 3399 dijudicatur
3175 3328 3243 3383 ab
3296 3328 3570 3395 omnibus.

1971 3418 2194 3475 Occulta
2245 3420 2392 3477 enim
2442 3420 2624 3481 cordis
2674 3421 2793 3491 ejus
2841 3421 3125 3481 manifesta
3180 3420 3316 3483 ﬁunt
3348 3438 3361 3478 :
3390 3431 3445 3477 et
3495 3420 3571 3481 ita

1971 3511 2173 3583 cadens
2206 3511 2259 3568 in
2286 3510 2475 3569 faciem
2500 3514 2749 3575 adorabit
2794 3516 2962 3579 Deum
2984 3556 2999 3581 .
3044 3514 3396 3584 Pronuntians
3425 3512 3573 3586 quod

1971 3619 2099 3667 vere
2130 3604 2275 3665 Deus
2308 3606 2362 3663 in
2406 3607 2560 3665 vobis
2599 3612 2689 3669 sit.
2728 3628 2748 3663 ι
2782 3608 2840 3671 1η
2890 3608 2991 3666 hoc
3036 3608 3270 3667 quidelis
3318 3608 3574 3678 exemplo

1971 3707 2181 3761 eertum
2205 3711 2320 3757 erat
2344 3702 2476 3767 nihil
2496 3704 2580 3774 agi
2606 3704 2845 3773 potuisse
2873 3718 2939 3763 ex
2967 3702 3241 3769 condicto,
3262 3710 3321 3758 ut
3348 3700 3575 3772 proinde

1971 3793 2336 3853 certissimum
2365 3804 2547 3863 esset,
2589 3798 2679 3867 qui
2713 3798 2782 3857 ita
2829 3797 3185 3868 cogitationes
3233 3795 3351 3868 ejus
3392 3795 3573 3853 mani-

1951 3884 2229 3963 }estaret,
2263 3901 2369 3944 non
2401 3887 2509 3957 alio
2540 3888 2694 3957 illas,
2717 3905 2877 3959 quam
2905 3890 3084 3949 divino
3116 3890 3321 3961 Spiritu
3350 3889 3569 3951 afllante

1972 3981 2249 4037 didicisse.
2303 3980 2472 4052 Hujus
2523 3983 2711 4054 gratia:
2757 3984 3011 4055 frequens
3055 3984 3116 4038 ﬁt
3169 3984 3223 4039 in
3277 3982 3573 4041 Salvatoris

1972 4074 2197 4135 historia
2243 4078 2451 4133 mentio
2489 4077 2578 4148 (S.
2630 4078 2788 4145 Han,
2832 4095 2911 4146 Ix,
2951 4078 3008 4146 2,
3047 4080 3117 4145 4;
3149 4094 3249 4146 xu,
3274 4077 3380 4145 25;
3410 4077 3569 4144 Luc.,

1975 4186 2033 4239 v,
2065 4168 2171 4237 93;
2198 4186 2273 4237 VI,
2307 4170 2371 4238 8;
2402 4187 2477 4236 XI,
2510 4170 2627 4243 17),
2660 4187 2690 4227 a
2719 4187 2827 4245 quo
2854 4175 3014 4252 χάριν
3042 4175 3154 4231 ἀντὶ
3203 4175 3428 4254 χάριτος
3481 4186 3575 4237 εοε-

1974 4268 2119 4338 cepit
2136 4265 2398 4323 Ecclesia.
2420 4265 2619 4323 Eadem
2642 4281 2770 4324 usus
2791 4276 2875 4324 est
2897 4269 2950 4323 in
2973 4268 3197 4324 Ananiae
3212 4277 3268 4323 et
3288 4266 3572 4337 Sapphiras

1976 4362 2116 4418 utin
2142 4359 2379 4416 Simonis
2404 4358 2565 4419 etiam
2614 4359 2940 4432 Magieausa
2987 4359 3049 4417 S.
3100 4359 3314 4417 Petrus.
3367 4359 3442 4416 De
3485 4359 3572 4417 Si-

1976 4470 2137 4515 mone
2163 4456 2235 4510 ita
2270 4473 2283 4510 :
2313 4456 2346 4515 ἡ
2387 4453 2575 4535 καρδία
2603 4477 2699 4512 σου
2729 4457 2822 4511 οὐκ
2847 4453 2988 4512 ἔστιν
3023 4457 3189 4512 cedria
3222 4457 3435 4513 ἐνώπιον
3476 4458 3575 4515 τοῦ

1974 4551 2088 4605 θεοῦ
2115 4546 2277 4619 (Act,
2310 4562 2425 4612 VIII,
2459 4547 2573 4619 91).
2619 4548 2826 4603 Rursus
2852 4550 2974 4610 :Eic
3009 4550 3112 4623 γὰρ
3159 4549 3319 4621 χολήν
3358 4550 3581 4621 ,πικρίας

278 4633 397 4693 Hoc
424 4645 605 4692 autem
628 4635 903 4706 iudicandi
934 4652 1150 4703 munus,
1183 4646 1239 4701 ιιι
1279 4653 1438 4709 quam
1469 4638 1867 4695 accuratissime

1978 4645 2065 4697 καὶ
2088 4641 2375 4714 σύνδεσμον
2396 4639 2597 4703 ἀδικίας
2626 4640 2730 4716 ὁρῶ
2770 4661 2829 4697 σε
2866 4637 3008 4698 ὄντα.
3060 4640 3118 4695 In
3172 4654 3334 4695 causa
3384 4639 3578 4695 Elimtn

280 4737 655 4800 praestaretur,
686 4730 886 4800 optima
919 4729 1081 4786 etiam
1110 4739 1267 4786 erant
1289 4731 1340 4785 in
1366 4728 1578 4800 publico
1601 4728 1871 4799 pratsidia.

275 4818 519 4885 Aderant
545 4822 690 4877 enim
721 4830 777 4877 et
803 4821 900 4879 alii
929 4822 1225 4893 prophetae,
1251 4822 1477 4881 aderant
1499 4831 1552 4877 et
1575 4820 1869 4891 propheta-

275 4929 401 4979 tum
423 4914 656 4986 iudices,
677 4915 769 4987 qui
795 4915 940 4973 dono
953 4925 1135 4975 essent
1155 4916 1499 4975 discernendi
1523 4915 1753 4986 Spiritus
1783 4916 1873 4975 iu-

282 5009 501 5077 structi,
542 5008 643 5080 ipsi
673 5009 835 5071 etiam
880 5007 1039 5067 fuitne
1089 5007 1442 5078 proculdubio
1490 5008 1873 5078 integerrimas.

280 5103 490 5165 Horum
530 5103 578 5159 si
609 5118 732 5159 cum
780 5103 964 5173 aliquo
1013 5112 1274 5174 pugnaret
1303 5117 1423 5163 eum
1467 5101 1520 5159 id
1548 5102 1601 5159 in
1627 5100 1877 5163 confosso

279 5209 450 5265 esset,
480 5198 734 5256 eumdem
764 5198 855 5255 Dei
878 5197 1136 5267 Spiritum
1164 5197 1268 5255 sibi
1290 5210 1411 5255 esse
1433 5212 1541 5261 non
1571 5210 1728 5266 posse
1757 5211 1882 5257 conc

278 5292 552 5359 trariutn;
604 5293 764 5364 plane
807 5291 1136 5359 sequebatur
1178 5292 1288 5362 jam
1340 5291 1517 5348 locum
1546 5305 1667 5349 esse
1706 5291 1884 5360 suspi-

283 5387 456 5445 cioni.
504 5386 840 5458 Quamquam
885 5387 1030 5445 enim
1081 5395 1288 5443 certum
1343 5394 1460 5445 erat
1488 5385 1667 5449 omnia
1713 5381 1884 5440 divini

287 5481 526 5552 Spiritus
549 5480 691 5538 dona
712 5496 837 5539 esse
865 5482 1067 5553 pariter
1092 5481 1410 5547 infallibilia;
1440 5480 1493 5536 id
1518 5489 1695 5536 tamen
1718 5480 1879 5535 etiam

283 5584 518 5642 eorum,
569 5576 751 5646 quoad
807 5575 1363 5646 credibilitatis,qua:
1416 5574 1882 5640 vocant,motiva,

286 5669 523 5726 certiora
543 5684 666 5725 esse
686 5677 1006 5740 argumenta
1035 5684 1132 5724 cur
1168 5681 1309 5724 unus
1335 5666 1649 5723 crederetur
1675 5665 1887 5723 afﬂatus

287 5777 450 5835 quam
476 5777 574 5819 cur
598 5761 708 5828 alii;
723 5764 1035 5833 iustumque
1059 5776 1179 5823 esse
1208 5762 1380 5834 utqui
1412 5763 1591 5818 minus
1616 5771 1891 5819 essetcre-

1983 4734 2154 4805 magis
2193 4734 2254 4791 S.
2284 4733 2483 4790 Paulus
2512 4732 2653 4804 (Act.
2685 4749 2799 4800 xm,
2832 4733 2887 4800 9,
2917 4730 3031 4800 ID).
3082 4731 3136 4789 Is
3190 4734 3333 4791 enim
3383 4733 3577 4803 plenus

1981 4827 2074 4899 Sp.
2121 4826 2355 4892 Sancto,
2405 4840 2514 4882 non
2565 4825 2697 4882 illud
2744 4825 2907 4881 modo
2956 4825 3160 4896 Etyma;
3189 4823 3421 4891 factum,
3477 4822 3577 4881 sed

1984 4922 2229 4978 dolosam
2268 4920 2430 4977 etiam
2490 4918 2727 4976 indolem
2797 4919 3184 4990 reprehendit,
3250 4932 3579 4991 quamquam

1984 5024 2145 5071 antea
2172 5013 2361 5085 ignoti.
2413 5012 2582 5069 Usum
2622 5013 2785 5070 etiam
2840 5011 3072 5070 vidimus
3111 5011 3408 5084 lgnatium,
3452 5026 3578 5068 cum

1983 5105 2451 5163 sehismaticorurn
2500 5105 2713 5162 occulta
2764 5104 2990 5163 consilia
3044 5104 3251 5175 primus
3301 5105 3354 5161 in
3400 5104 3578 5161 lucem

1984 5197 2229 5270 protulit.
2256 5197 2325 5254 Et
2352 5197 2570 5269 quidem
2610 5198 2799 5256 nescio
2819 5213 3000 5256 annon
3028 5197 3132 5257 hoc
3158 5196 3388 5255 fortasse
3415 5195 3580 5253 fuerit

1984 5289 2185 5348 donum
2246 5288 2550 5362 διακρίσεως
2599 5293 2904 5367 πνευμάτων
2952 5292 3107 5363 cujus
3152 5290 3397 5347 meminit
3437 5299 3585 5359 Apo-

1988 5384 2181 5441 stolus.
2238 5383 2509 5443 Affinibus
2556 5394 2706 5442 certe
2754 5385 2934 5446 verbis
2982 5386 3066 5442 usi
3114 5392 3240 5441 sunt
3290 5383 3585 5455 scriptores

1985 5476 2124 5537 sacri
2152 5476 2204 5532 in
2230 5474 2336 5533 hoc
2360 5477 2481 5548 ipso
2524 5476 2758 5548 Spiritus
2803 5476 3040 5550 negotio.
3095 5476 3299 5533 Dicitur
3352 5481 3584 5557 κριτικὸς

1987 5570 2338 5643 ἕνθυμήσςων,
2385 5578 2493 5627 etc.
2523 5569 2683 5637 Rob...
2724 5587 2795 5639 IV,
2850 5568 2940 5637 13,
2986 5570 3331 5644 ἀνακριτικός.
3384 5568 3587 5639 [Cor.,

1992 5677 2104 5732 stv,
2130 5662 2220 5732 ει,
2254 5671 2310 5723 et
2333 5677 2465 5723 vero
2506 5663 2738 5736 Spiritus
2786 5678 2887 5735 pro
2934 5662 3100 5719 corde
3143 5662 3588 5735 cogitationibus-

1994 5770 2100 5826 que
2127 5769 2258 5815 usus
2295 5756 2631 5831 frequentior
2658 5764 2746 5817 est
2785 5770 2948 5828 quam
2987 5764 3044 5815 ut
3069 5754 3139 5815 de
3175 5769 3244 5815 eo
3287 5756 3593 5817 monendus

288 5852 494 5927 dihilis,
516 5855 561 5915 is
590 5870 622 5917 ι
648 5854 981 5915 eredibiliori
1003 5855 1291 5928 iudicetur.
1310 5854 1466 5926 Quod
1479 5856 1640 5915 etiam
1669 5854 1737 5914 ad
1753 5854 1895 5919 frate-
1995 5849 2068 5914 sit
2092 5847 2284 5913 lector.
