3994 6318
398 313 469 369 25
1402 304 1774 364 DODWELLI
1811 304 2264 364 DlSSERTATlO
2312 308 2724 368 CYPRIANICA
3633 319 3706 376 2.1.

402 436 428 485 ί·
477 429 699 502 §27.-—-
715 428 830 484 Duo
857 424 1215 484 autem'erant
1240 425 1519 482 hominum
1559 441 1757 498 genera
1789 439 2013 496 quorum
2046 423 2097 484 Α
2123 436 2344 496 possent
2369 427 2473 482 nisi
2505 443 2570 484 ex
2599 429 2686 485 illa
2723 444 2884 487 causa
2923 431 3146 506 intelligi
3171 433 3335 490 futuri
3363 433 3446 491 cui
3481 434 3706 494 aliarum

401 525 757 593 cositationes
799 523 870 578 ita
916 523 1255 594 patefierent.
1293 521 1383 576 Vel
1425 521 1568 576 enim
1595 521 1821 576 aliorum
1875 534 2004 590 pro-

397 619 688 691 phetarum
747 619 1098 687 cogitationes
1123 615 1491 688 patefecerunt
1511 631 1632 670 cum
1663 614 1855 684 quibus
1878 612 2002 667 nul-

402 713 513 768 lum
561 713 658 778 ipsi
687 711 1070 767 commercium
1105 709 1406 774 habebant,
1451 725 1516 762 ex
1557 723 1665 778 quo
1689 721 1877 777 magna
1906 721 1998 760 ac-

405 807 572 864 cessit
599 805 677 862 rei
707 805 977 874 przedictm
1002 803 1359 858 confirmatio.
1387 803 1460 858 Ita
1489 801 1557 856 de
1582 800 1865 856 Timotheo
1895 815 1998 855 non

401 914 509 956 una
567 909 683 954 erat
730 898 825 954 sed
864 897 1045 952 multae
1076 898 1320 966 interque
1355 910 1413 950 se
1440 893 1840 950 consentientes
1871 909 1998 963 pro-

399 991 602 1062 phetia:
629 991 697 1047 de
729 992 786 1049 S.
814 992 978 1046 Paulo
1007 993 1310 1064 πνευμάτων
1339 992 1472 1046 κατὰ
1501 990 1689 1049 πόλεις,
1739 997 1797 1042 ut
1839 1002 1997 1057 supra

402 1085 659 1140 vidimus.
691 1085 785 1140 His
812 1095 989 1140 autem
1019 1084 1193 1154 major
1220 1094 1338 1140 erat
1361 1082 1663 1138 adhibenda
1695 1081 1827 1136 fides
1854 1080 1998 1150 quod

402 1191 508 1232 n0u
535 1178 891 1233 humanorum
936 1178 1231 1244 duntaxat,
1292 1176 1383 1232 sed
1439 1176 1741 1231 divinorum
1787 1192 2000 1247 quoque

401 1285 720 1326 arcanorum
754 1272 956 1326 conscii
1009 1271 1341 1326 viderentur.
1403 1270 1768 1325 Humanarum
1818 1279 1996 1324 autem

399 1364 782 1433 cogitationum
831 1365 936 1419 duo
960 1375 1116 1420 erant
1136 1379 1330 1433 genera
1363 1379 1482 1434 qure
1513 1363 1614 1418 hoc
1641 1363 1786 1418 dono
1816 1372 1998 1419 essent

397 1456 818 1512 manifestanda.
879 1457 975 1513 Vel
1020 1459 1164 1513 enim
1218 1458 1455 1512 fidelium
1512 1467 1665 1512 erant
1711 1457 1852 1524 ilhc,
1912 1458 1998 1512 vel

395 1549 717 1604 infidelimn.
784 1551 1081 1606 Iofidelium
1118 1551 1367 1622 equidem
1395 1556 1438 1606 si
1479 1552 1603 1622 quis
1641 1551 1786 1606 malo
1816 1551 1998 1606 animo

395 1643 452 1696 in
477 1643 882 1698 ecclesiasticos
908 1653 1206 1700 conventus
1234 1645 1536 1715 irrepsisset
1561 1686 1574 1709 ,
1617 1645 1700 1699 vel
1733 1642 1995 1713 prodendi

397 1748 558 1791 causa
581 1775 597 1800 ,
634 1736 716 1788 vel
747 1735 980 1790 ludibrio
1011 1736 1353 1807 exponendi,
1383 1737 1466 1792 vel
1497 1746 1556 1791 ut
1599 1736 1873 1790 mundano
1902 1734 1989 1789 af-

2109 524 2348 578 omnium
2381 541 2665 582 causarum
2689 529 3000 600 complexio
3017 530 3086 588 de
3111 530 3251 588 facto
3277 539 3424 589 esset
3442 531 3699 589 obnoxia.

2109 614 2240 670 Eam
2271 625 2450 673 autem
2492 634 2596 672 non
2628 619 2789 675 aliam
2817 621 3160 678 crediderunt
3187 622 3499 691 christiani,
3545 639 3706 697 quam

2109 713 2363 782 primum,
2395 714 2658 783 optimum
2693 716 3096 787 maximumque
3123 718 3314 774 Deum.

2179 803 2757 876 §29.—Crediderunt
2788 809 3051 880 imprimis
3077 827 3183 866 non
3211 827 3338 866 casu
3369 811 3564 867 factum
3587 827 3709 870 esse

2107 900 2402 966 mundum,
2445 909 2505 956 ut
2533 903 2786 958 volebant
2821 903 3092 974 epicurei,
3141 904 3237 960 sed
3287 914 3433 960 certa
3475 905 3706 976 quadam

2109 995 2468 1065 providentia,
2500 995 2807 1068 factumque
2845 998 3141 1053 etiamnum
3175 999 3363 1054 eadem
3415 999 3528 1070 regi
3575 1014 3707 1068 pro-

2110 1087 2346 1142 videntia
2373 1103 2475 1156 qua
2510 1087 2682 1144 factus
2708 1098 2810 1144 est.
2843 1088 3204 1146 Crediderunt
3244 1089 3441 1146 deinde
3473 1090 3703 1146 liberum

2107 1179 2389 1234 arbitrium
2423 1179 2553 1234 nulli
2595 1195 2718 1236 esse
2747 1195 2924 1237 causa:
2950 1181 3104 1237 alteri
3153 1182 3254 1236 nisi
3301 1183 3411 1238 Deo
3457 1182 3558 1236 soli
3602 1181 3706 1237 ob-

2109 1274 2354 1328 noxium.
2403 1272 2640 1328 Proinde
2681 1272 2773 1328 fati
2796 1289 2987 1328 omnes
3017 1273 3139 1328 illos
3167 1289 3359 1330 sensus
3399 1273 3491 1346 qui
3522 1281 3706 1330 essent

2105 1381 2133 1418 a
2165 1366 2404 1436 supremi
2435 1367 2526 1421 Dei
2551 1367 2771 1423 decreto
2801 1367 3080 1433 distincti,
3113 1369 3327 1435 penitus
3356 1367 3699 1438 rejieiehant,

2105 1459 2221 1514 sive
2267 1459 2644 1529 epicureorum
2680 1459 2830 1515 illum
2859 1474 2887 1513 a
2921 1459 3280 1515 materialium
3311 1473 3594 1514 causarum
3623 1458 3706 1514 in-

2104 1551 2319 1606 ﬂuentia
2349 1551 2595 1622 petitum,
2617 1552 2731 1606 sive
2757 1552 3152 1622 astrologorum
3171 1552 3325 1606 illum
3349 1566 3378 1606 a
3402 1550 3704 1606 caelestium

2103 1644 2338 1699 siderum
2368 1646 2482 1700 sive
2507 1653 2656 1699 motu
2686 1643 3002 1710 deductum,
3028 1645 3142 1699 sive
3169 1643 3333 1699 etiam
3365 1642 3700 1699 causalitate.

2102 1737 2156 1794 Si
2180 1752 2309 1808 ergo
2336 1739 2436 1793 soli
2471 1737 2580 1793 Deo
2620 1737 2851 1794 liberum
2883 1737 3164 1792 arbitrium
3214 1737 3510 1792 obnoxium
3557 1735 3704 1792 fece-

393 1829 559 1884 fectui
617 1830 1034 1899 gratificaretur,
1119 1833 1171 1884 id
1223 1832 1395 1900 ipsum
1451 1831 1654 1903 Spiritu
1715 1830 1990 1886 revelante
2021 1829 2227 1899 Briut,
2259 1833 2415 1902 plane
2445 1833 2690 1903 sequitur
2739 1843 3030 1888 eventuum
3083 1846 3272 1887 eorum
3319 1829 3701 1886 certitudiuem

393 1920 759 1992 prodebatur;
813 1921 955 1976 unde
1002 1922 1168 1977 ﬁebat
1219 1931 1278 1976 ut
1327 1923 1370 1976 si
1421 1937 1488 1978 ex
1545 1938 1731 1978 eorum
1771 1935 1995 1976 numero

385 2015 615 2080 fuisset,
665 2031 803 2085 quos
846 2016 1018 2072 Graeci
1061 2020 1502 2090 εὺγδωμονοῦντας
1547 2017 1852 2088 appellant,
1885 2032 1992 2070 non

390 2117 502 2163 tam
536 2118 883 2164 succenseret
913 2110 1298 2180 prodentibus,
1323 2125 1480 2179 quam
1512 2112 1562 2166 in
1593 2126 1781 2167 eorum
1814 2110 1995 2181 potius

389 2201 807 2258 admirationem
836 2213 1140 2272 raperetur,
1175 2213 1230 2258 ut
1261 2204 1310 2258 in
1340 2205 1599 2272 przedieto
1644 2205 1765 2260 loco
1815 2205 1995 2261 innui-

387 2305 481 2351 tur
514 2296 769 2365 Epistolas
814 2297 878 2350 ad
927 2296 1256 2352 Corinthios.
1309 2297 1572 2353 Fidelinm
1619 2307 1798 2352 autem
1849 2300 1996 2370 cogi-

390 2390 625 2444 tationes
665 2389 1054 2459 prodebantur,
1077 2391 1232 2460 siqui
1265 2402 1447 2446 essent
1471 2391 1521 2445 in
1552 2391 1756 2446 clerum
1785 2391 1992 2446 adscri-

391 2481 582 2546 bendi,
616 2492 672 2535 ιιι
717 2482 768 2536 in
799 2483 1050 2552 exemplo
1071 2482 1379 2546 Timothei;
1430 2483 1514 2538 vel
1567 2483 1611 2538 si
1647 2498 1750 2554 qua
1803 2483 1993 2539 fraude

388 2575 472 2630 usi
522 2583 733 2638 essent,
789 2585 844 2628 ut
898 2575 951 2629 iu
995 2575 1201 2630 Anania
1234 2585 1284 2629 et
1333 2575 1633 2646 Sappbira;
1691 2577 1774 2632 vel
1829 2577 1992 2632 etiam

390 2666 626 2733 insidiis,
649 2675 706 2720 ut
723 2665 914 2721 Judam
937 2668 1169 2737 prodidit
1199 2669 1538 2724 insidiantem
1565 2669 1678 2738 ipse
1702 2669 1990 2731 Dominus;

387 2759 473 2815 vel
498 2759 604 2814 alio
631 2759 864 2830 denique
893 2762 1122 2816 fortasse
1168 2763 1358 2832 quovis
1401 2765 1614 2818 occulto
1668 2762 1891 2834 flagitio.
1934 2763 1991 2819 ld

388 2853 534 2909 enim
599 2854 772 2922 ipsum
827 2854 1178 2923 reprehendit
1238 2855 1288 2909 in
1345 2856 1552 2910 Anania
1621 2866 1676 2911 et
1727 2857 1992 2926 Sapphira

389 2947 560 3018 (Act.,
589 2963 642 3012 v,
669 2950 720 3013 4,
757 2947 812 3018 9)
842 2948 899 3003 S.
931 2948 1122 3002 Petrus
1164 2949 1306 3019 quod
1346 2951 1461 3004 ausi
1513 2960 1695 3006 essent
1743 2965 1851 3006 non
1892 2951 1992 3007 ho-

388 3039 626 3096 minibus
671 3043 920 3108 mentiri,
973 3043 1067 3098 sed
1100 3044 1245 3109 Deo;
1299 3045 1440 3114 quod
1468 3045 1725 3115 Spiritum
1777 3047 1989 3104 Domini

386 3142 680 3190 tentarent.
729 3135 892 3204 Quasi
922 3135 972 3190 id
1000 3137 1417 3206 exprobrasset,
1466 3140 1607 3208 quod
1651 3154 1772 3194 cum
1819 3141 1883 3194 iis
1932 3155 1990 3196 se

2099 1928 2189 1997 qui
2219 1927 2302 1982 vel
2329 1927 2397 1982 ab
2424 1927 2540 1998 ipso
2569 1926 2742 1982 libero
2769 1927 3016 1993 arbitrio,
3034 1926 3163 1981 vela
3183 1924 3495 1981 conditione
3521 1923 3699 1994 aliqua

2101 2034 2197 2091 per
2243 2019 2472 2075 libermn
2521 2019 2802 2075 arbitrium
2843 2019 3090 2090 ponenda
3141 2017 3476 2088 penderent,
3529 2032 3558 2071 a
3589 2017 3700 2072 Deo

2099 2112 2220 2167 solo
2259 2127 2381 2168 esse
2408 2113 2477 2168 de
2509 2112 2651 2168 facto
2676 2112 3070 2169 deducendam.
3111 2110 3264 2181 Quod
3314 2125 3446 2166 vero
3484 2109 3551 2165 ad
3585 2125 3698 2165 ma-

2103 2206 2370 2262 terialium
2427 2221 2709 2262 causarum
2757 2217 2984 2264 eventus
3037 2205 3263 2272 attinet,
3318 2212 3568 2274 poterant
3619 2203 3696 2258 illi

2098 2310 2276 2356 motus
2307 2301 2629 2356 universalis
2656 2303 2763 2356 vim
2811 2302 3044 2370 aliquam
3077 2298 3445 2355 mechanicam
3492 2311 3692 2367 agnos-

2097 2407 2241 2448 cere.
2269 2392 2374 2449 Sed
2399 2407 2499 2448 nec
2521 2393 2591 2446 ita
2623 2393 2780 2447 talem
2809 2393 2955 2447 illam
2978 2400 3328 2460 agnoverunt,
3363 2398 3419 2442 ut
3448 2396 3699 2444 creatura

2097 2485 2307 2554 aliqua,
2340 2501 2461 2540 cum
2504 2500 2607 2555 qua
2640 2486 2796 2541 nobis
2844 2494 2926 2539 est
2975 2484 3394 2546 commercium,
3438 2482 3525 2538 vel
3582 2483 3699 2552 ipsa

2100 2578 2271 2647 possit
2323 2593 2389 2634 ex
2440 2578 2735 2633 universali
2797 2577 2886 2633 illo
2942 2585 3123 2632 motus
3175 2590 3480 2637 consensu.
3523 2574 3697 2630 futura

2099 2675 2464 2744 contingentia
2490 2689 2842 2744 cognoscere,
2867 2674 2947 2727 vel
2981 2672 3136 2728 nobis
3161 2672 3414 2727 indicare.
3451 2670 3697 2728 Iudicare

2098 2777 2247 2822 certe
2274 2768 2419 2822 nulla
2453 2770 2626 2836 potuit
2655 2769 2756 2822 nisi
2787 2767 3195 2830 intellectualis,
3228 2781 3388 2837 quam
3421 2765 3698 2822 christiani

2099 2861 2348 2931 angelum
2401 2863 2758 2932 appellamus.
2814 2863 2885 2917 At
2929 2861 3021 2931 qui
3049 2875 3171 2915 eum
3207 2861 3363 2915 nobis
3415 2869 3701 2916 versantur

2095 2955 2336 3027 angelos,
2391 2971 2486 3011 eos
2531 2958 2695 3012 certis
2721 2965 3092 3012 creaturarum
3136 2955 3426 3024 provinciis
3453 2955 3699 3025 assigna-

2096 3049 2261 3115 bant,
2312 3050 2688 3105 universorum
2739 3049 3136 3119 provinciarum
3183 3049 3358 3121 iam,
3406 3047 3694 3116 prtesidem

2095 3144 2508 3210 existimabant,
2543 3152 2598 3196 ut
2629 3141 2851 3212 proinde
2879 3140 3214 3212 angelorum.
3246 3155 3382 3211 quos
3411 3139 3543 3204 dixi,
3570 3153 3694 3195 cum

389 3229 622 3286 coetibus
654 3229 1058 3299 adjunxisseut,
1114 3232 1164 3286 in
1212 3233 1406 3300 quibus
1455 3231 1689 3303 Spiritus
1717 3233 1854 3287 dona
1886 3233 1985 3304 ipsi
2015 3226 2059 3288 C
2095 3236 2253 3291 nobis
2302 3235 2671 3303 vcrsantium,
2721 3234 2902 3289 nullus
2969 3234 3138 3288 motui
3188 3232 3478 3288 universali
3533 3230 3692 3287 fuerit

388 3333 762 3395 agnoverant;
797 3325 1043 3393 interque
1072 3327 1173 3381 alia
1217 3327 1342 3381 illud
1373 3345 1588 3398 quoque
1633 3345 1738 3398 quo
1793 3345 1986 3386 arcana

386 3416 798 3480 revelarentur;
851 3417 952 3487 ipsi
1009 3428 1186 3474 tamen
1219 3421 1429 3475 occulta
1461 3436 1554 3474 sua
1589 3421 1786 3492 flagitia
1821 3423 1990 3479 latere

384 3523 551 3580 anse
597 3511 901 3579 sperariut,
953 3526 1120 3582 seque
1171 3527 1231 3567 ca
1291 3513 1507 3582 impune
1555 3513 1777 3568 laturos.
1826 3514 1990 3584 quue

387 3604 563 3671 ipsum
585 3617 834 3672 maguum
855 3603 1206 3673 proculdubio
1230 3605 1452 3659 incussit
1469 3605 1800 3659 occultorum
1825 3606 1986 3660 etiam

383 3695 709 3766 ﬂagitiorum
744 3707 977 3763 metum,
1003 3713 1124 3753 cum
1159 3699 1332 3753 nullas
1382 3699 1576 3754 deinde
1629 3699 1862 3754 latebras
1901 3715 1988 3755 se-

383 3804 546 3844 curas
575 3790 688 3846 fore
721 3789 1154 3856 intellexissent,
1187 3807 1242 3844 v.
1272 3793 1326 3846 5.
1379 3791 1488 3846 Nec
1526 3800 1606 3845 est
1633 3790 1775 3862 quod
1809 3792 1860 3844 in
1887 3793 1986 3848 hac

383 3881 499 3952 ipsa
531 3882 884 3938 ratiocinandi
916 3883 1087 3938 forma
1113 3883 1195 3939 vel
1221 3882 1320 3953 ipsi
1351 3883 1494 3938 athei
1519 3893 1770 3953 poterunt
1793 3886 1985 3940 merito

386 3975 816 4045 reprehendere.

462 4066 490 4139 ᾗ
521 4065 1017 4124 28.-—Erattamen
1047 4078 1100 4123 et
1120 4068 1262 4123 aliud
1284 4078 1680 4139 argumentum,
1697 4070 1983 4140 etquidem

375 4161 486 4233 ipsi
519 4162 816 4232 prophetiae
845 4161 986 4216 dono
1009 4163 1359 4217 intrinsecum
1384 4206 1398 4226 ,
1445 4179 1552 4231 quo
1583 4163 1982 4233 prophetiarum

380 4268 601 4309 suarum
661 4254 820 4309 fidem
894 4265 1105 4310 veteres
1173 4255 1597 4315 confirmabant,
1679 4256 1979 4310 futurorum

379 4362 582 4418 nempe
605 4349 1029 4417 contingentium
1061 4348 1358 4418 praedictio.
1410 4349 1542 4416 Qua:
1568 4347 1782 4416 quidem
1834 4358 1978 4402 certa

382 4456 542 4506 esse,
587 4451 640 4496 et
686 4458 714 4495 a
770 4441 883 4496 Deo
931 4452 1150 4496 auctore
1196 4441 1359 4496 fuisse
1407 4441 1675 4496 intellecta
1719 4451 1830 4504 est,
1859 4457 1978 4496 cum

377 4535 553 4603 ipsam
581 4534 956 4589 conﬁrmasset
996 4542 1244 4589 eventus.
1273 4533 1509 4603 Eratque
1549 4531 1664 4586 ltrrc
1691 4547 1982 4602 argumen-

2095 3331 2376 3398 admotus,
2425 3340 2481 3385 ut
2521 3330 2686 3400 possit
2715 3345 2782 3385 ex
2809 3329 3122 3384 causalitate
3151 3343 3244 3382 sua
3291 3326 3359 3382 de
3395 3325 3694 3381 futurorum

2095 3425 2517 3494 contingentium
2577 3433 2772 3479 eventu
2820 3423 3083 3494 judicare.
3141 3420 3249 3477 Sed
3310 3435 3408 3475 nec
3461 3434 3555 3474 eos
3608 3419 3680 3473 ita

2096 3520 2449 3586 incorporeus
2469 3525 2802 3589 agnoverunt
2828 3527 2884 3571 ut
2933 3524 3153 3586 possent
3191 3515 3370 3569 omnia
3409 3524 3586 3569 creata
3640 3514 3691 3568 in

2095 3605 2318 3674 specqu
2382 3605 2644 3658 creatoris
2695 3603 2912 3657 intueri.
2977 3601 3083 3656 Nec
3135 3601 3312 3655 omnia
3363 3609 3542 3655 creata
3590 3599 3696 3655 illis

2094 3699 2432 3753 innotescere
2459 3697 2826 3762 crediderunt,
2861 3696 2962 3750 nisi
2989 3710 3107 3764 qua:
3147 3694 3285 3747 Deus
3313 3693 3416 3748 illis
3444 3691 3687 3748 revelare

2092 3791 2344 3861 dignatus
2366 3800 2545 3854 esset,
2587 3805 2688 3846 nec
2737 3791 2900 3845 etiam
2949 3789 3129 3844 omnia
3184 3787 3289 3842 illis
3339 3787 3578 3843 revelare
3621 3787 3691 3844 de

2092 3883 2235 3940 facto
2261 3899 2382 3940 esse
2410 3885 2707 3955 dignatum.
2741 3881 3052 3954 Mysterium
3081 3879 3149 3936 dc
3205 3879 3575 3935 incarnatione
3618 3879 3688 3934 ab

2095 3977 2331 4032 Ecclesia
2355 3975 2605 4030 didicisse
2650 3977 2868 4045 angelos
2900 3975 3048 4030 testis
3075 3981 3158 4027 est
3199 3971 3486 4043 Apostolus
3520 3969 3686 4042 (Eph.

2091 4085 2168 4135 tu,
2203 4069 2325 4140 10).
2370 4069 2492 4123 Tria
2525 4069 2685 4123 etiam
2709 4111 2723 4135 ,
2767 4079 2894 4122 ante
2926 4067 3348 4122 incarnationem
3378 4065 3679 4120 daemonem

2090 4163 2312 4218 latuisse
2337 4205 2351 4227 ,
2387 4172 2660 4217 auctorem
2695 4161 2956 4215 habemus
2985 4161 3247 4230 lgnatium
3299 4157 3526 4231 (lgnnt.,
3581 4159 3684 4228 Ep.

2089 4257 2156 4308 ad
2185 4253 2408 4323 Ephes.,
2455 4253 2627 4324 §l9).
2657 4252 2760 4307 Sed
2815 4267 2920 4307 non
2967 4260 3122 4306 vacat
3167 4251 3313 4306 hisce
3365 4262 3422 4305 ut
3462 4250 3687 4322 singulis

2088 4345 2456 4399 immoremur.

2163 4439 2189 4509 §
2223 4437 2388 4493 30.—
2409 4437 2602 4506 Liquet
2624 4437 2862 4501 interim,
2891 4436 3012 4490 data
3043 4436 3141 4491 hac
3168 4435 3475 4508 hypotbesi,
3506 4436 3682 4493 futura

2086 4533 2453 4601 contingentia
2476 4573 2491 4598 ,
2521 4532 2634 4586 sive
2664 4547 2692 4585 a
2735 4532 2906 4586 libero
2935 4529 3188 4595 arbitrio,
3221 4531 3335 4586 sive
3365 4530 3432 4585 ab
3463 4531 3679 4586 univer-

378 4627 514 4682 tatio
573 4643 636 4681 ex
690 4625 1109 4680 cbrisdanorum
1164 4625 1443 4695 principiis
1485 4625 1809 4678 certissima.
1858 4622 2058 4691 IpseD
2085 4627 2184 4681 sali
2233 4635 2417 4687 motu,
2465 4624 2789 4695 pendentia,
2831 4623 3312 4692 neminemposso,
3348 4625 3448 4679 nisi
3471 4638 3682 4679 summo

376 4719 522 4776 Deus
555 4735 620 4775 eo
653 4728 908 4788 provocat
933 4719 1072 4788 apud
1123 4718 1315 4773 Isaiam
1361 4717 1523 4789 (lsa.,
1566 4733 1677 4781 xu,
1707 4716 1822 4789 Q3).
1870 4717 1981 4772 Nec

375 4827 514 4869 vero
564 4813 718 4868 alteri
770 4828 929 4881 quam
967 4813 1078 4868 Deo
1128 4813 1289 4867 tribui
1342 4812 1408 4866 de
1458 4813 1600 4865 facto
1647 4812 1818 4881 potuit
1866 4811 1982 4866 hmc

378 4904 684 4960 futurorum
732 4906 1159 4976 contingentium
1218 4906 1556 4975 praescientia
1594 4920 1659 4960 ex
1705 4905 1982 4975 principiis

380 5000 824 5056 christianorum.
877 4998 946 5053 Ut
976 4999 1119 5053 enim
1149 4999 1341 5055 demus
1376 4999 1577 5054 multos
1604 5013 1726 5054 esse
1754 5008 1980 5055 eventus

378 5094 468 5164 qui
530 5093 671 5148 vires
719 5101 1090 5148 creaturarum
1146 5109 1251 5148 non
1303 5093 1666 5158 excederent;
1719 5106 1978 5147 concessa

381 5197 560 5244 tamen
609 5186 728 5253 illa,
763 5202 922 5258 quam
946 5185 1222 5242 christiani
1252 5187 1558 5255 tut-bantur,
1589 5186 1932 5256 providentia
1960 5228 1976 5254 ,

378 5289 537 5335 erant
580 5279 932 5335 nihilominus
979 5280 1109 5334 certi
1159 5278 1374 5350 quidam
1408 5287 1633 5334 eventus
1663 5279 1749 5348 qui
1777 5278 1978 5332 nullam

379 5373 656 5430 habebant
703 5389 920 5430 causam
968 5389 997 5428 a
1025 5381 1216 5428 natura
1248 5375 1697 5440 determinatam,
1757 5389 1818 5428 ex
1871 5388 1978 5443 qua

377 5477 630 5537 poterant
659 5477 815 5524 antea
867 5467 1156 5538 eognosri;
1211 5475 1266 5521 et
1311 5481 1440 5522 vero
1493 5467 1584 5537 qui
1630 5483 1736 5521 non
1778 5483 1844 5522 ex
1872 5483 1976 5524 una

376 5558 557 5628 aliqua
576 5573 759 5628 causa,
793 5561 886 5616 sed
915 5576 980 5614 ex
1009 5561 1250 5615 omnium
1281 5573 1550 5614 consensu
1577 5560 1974 5632 complexuque

375 5650 646 5705 orirentur
695 5652 929 5725 (quales
975 5662 1132 5709 erant
1186 5653 1274 5723 qui
1324 5651 1592 5722 publicum
1655 5655 1974 5723 Spectabant

372 5742 664 5814 plerique),
707 5744 826 5800 illos
853 5747 936 5801 vel
965 5747 1123 5800 unius
1162 5759 1340 5800 causa:
1375 5743 1640 5811 defectus,
1676 5747 1756 5801 vel
1803 5749 1964 5804 etiam

372 5835 534 5893 unius
579 5836 949 5910 interpositio,
983 5840 1220 5897 incertos
1249 5838 1410 5908 fecit,
1468 5848 1526 5897 ut
1577 5838 1802 5912 proinde
1857 5857 1964 5901 non

2088 4718 2178 4772 illo
2228 4717 2338 4772 Deo
2391 4717 2668 4772 revelante
2716 4731 3061 4787 cognoscere.
3109 4715 3214 4772 Sed
3248 4732 3345 4771 nec
3375 4717 3420 4771 si
3475 4727 3679 4772 motum

2085 4811 2234 4866 illum
2268 4811 2628 4866 univcrsalem
2658 4811 3069 4882 cognovissent,
3103 4812 3185 4867 vel
3232 4814 3301 4866 ita
3350 4823 3569 4880 possent
3611 4813 3680 4870 de

2085 4919 2373 4962 eventuum
2403 4907 2556 4962 istius
2578 4907 2721 4962 modi
2750 4905 3073 4962 certitudine
3100 4905 3362 4974 judicare.
3396 4906 3505 4962 Nec
3533 4907 3677 4962 enim

2085 5001 2156 5056 ita
2197 4999 2456 5056 mundum
2505 5000 2811 5055 universum
2847 4997 3158 5054 mechanice
3185 5013 3213 5050 a
3247 4998 3358 5053 Deo
3405 4998 3515 5069 regi
3561 5011 3681 5053 cre-

2084 5093 2316 5159 debant,
2353 5104 2409 5148 ut
2446 5109 2551 5148 non
2582 5091 2872 5162 aliquando
2898 5100 3085 5146 contra
3117 5101 3318 5146 motum
3359 5091 3507 5145 illum
3558 5092 3678 5145 uni-

2084 5187 2381 5251 versalem,
2437 5185 2635 5254 saepius
2679 5193 2859 5240 tamen
2887 5192 3083 5254 praeter
3110 5184 3259 5239 illum
3281 5226 3294 5249 ,
3344 5183 3484 5237 Deus
3513 5183 3678 5240 inter-

2080 5292 2286 5348 ponere
2331 5285 2388 5333 et
2437 5276 2600 5332 vellet
2653 5287 2708 5332 et
2749 5277 2983 5343 soleret;
3035 5288 3222 5332 contra
3273 5274 3564 5345 equidem,
3621 5277 3673 5333 in

2084 5371 2359 5426 miraculis
2390 5387 2402 5424 :
2435 5379 2632 5440 praeter
2679 5370 2827 5425 illum
2849 5413 2864 5435 ,
2898 5371 3108 5441 quoties
3155 5368 3320 5424 vellet
3371 5370 3675 5426 ordinarias

2082 5465 2244 5519 etiam
2313 5465 2608 5519 electorum
2660 5479 2850 5535 preces
2907 5461 3185 5518 exaudire.
3251 5460 3472 5517 Frustra
3526 5463 3672 5518 enim

2082 5566 2265 5614 essent
2293 5557 2498 5628 piorum
2527 5572 2717 5628 preces
2748 5568 2804 5612 ut
2844 5556 3162 5627 plurimum,
3196 5569 3294 5619 pro
3335 5556 3491 5611 bouis
3531 5571 3674 5627 prae-

2077 5652 2264 5706 sertim
2314 5651 2727 5722 temporalibus;
2778 5650 2823 5703 si
2870 5647 3003 5702 nihil
3052 5657 3233 5717 posset
3280 5647 3420 5702 Deus
3471 5657 3672 5718 praeter

2075 5747 2398 5803 universalis
2430 5755 2635 5802 natura:
2666 5757 2905 5809 cursum,
2936 5741 3053 5797 sine
3075 5741 3358 5807 miraculo,
3389 5751 3668 5811 praestare.

2069 5842 2256 5902 Toties
2285 5841 2430 5901 enim
2456 5839 2662 5899 edenda
2691 5847 2872 5896 essent
2893 5835 3192 5896 istiusmodi
3217 5834 3494 5904 miracula,
3527 5849 3669 5906 quo-
