3994 6318
249 308 320 363 25
1381 303 1468 360 DE
1509 301 1889 363 VISIONIBUS
1924 302 2398 362 PROPHETfClS.
3477 308 3549 362 26

249 424 350 480 ties
399 422 669 482 bonorum
723 419 908 478 essent
961 434 1148 492 preces
1195 419 1499 476 audiendaz.
1579 417 1735 487 Quod
1801 420 1844 474 si
1875 419 1925 480 Α
1953 420 2371 489 expectandum.
2416 420 2642 493 Quoque
2671 422 2870 492 saepius
2915 423 3213 496 prophetiis
3241 424 3360 496 ejus
3383 437 3548 480 even-

250 525 448 588 przeter
507 515 868 571 universalem
915 514 1066 569 illttm
1113 522 1316 568 motum
1370 513 1534 568 multa
1592 513 1732 568 Deus
1790 521 1846 567 et

247 609 377 663 velit
426 616 684 678 prmstare
732 607 1073 677 soleretque;
1117 608 1360 677 sequitur
1397 620 1462 660 ex
1504 605 1630 670 illo,
1663 605 1706 658 si
1759 604 1843 659 vel

246 701 488 756 maxime
510 701 865 766 innotuisset,
897 699 1029 753 nihil
1056 714 1176 754 esse
1205 698 1272 754 de
1302 697 1497 754 futuris
1524 700 1840 769 contingen-

247 795 388 851 tibus
416 805 567 850 certo
599 793 1071 864 pronuntiandum.

317 889 346 962 §
376 891 468 945 5t.
493 919 566 928 —
593 889 745 958 Quod
787 889 833 943 si
875 887 1022 954 haec,
1059 894 1115 941 ut
1139 894 1350 942 creatas
1382 885 1524 942 vires
1550 900 1614 940 ex
1649 895 1840 940 natura

245 997 339 1038 sua
367 997 475 1037 non
509 991 862 1053 superarent,
896 997 1001 1036 non
1034 992 1213 1036 tamen
1249 991 1469 1051 possent
1495 996 1522 1033 a
1553 991 1801 1034 creatura
1824 1021 1838 1045 ,

246 1077 349 1132 nisi
386 1079 498 1132 Deo
530 1078 844 1144 revelante,
879 1077 1167 1148 cognosci;
1203 1075 1254 1131 id
1284 1091 1448 1130 unum
1492 1077 1704 1131 alnmde
1731 1073 1842 1130 suf-

243 1173 374 1240 ficit,
413 1182 469 1226 ut
489 1173 709 1243 quoties
741 1172 1048 1228 hominibus
1071 1172 1431 1226 innotuissent
1455 1213 1470 1238 ,
1520 1173 1631 1226 Deo
1662 1181 1838 1225 tamen

243 1281 455 1321 summo
482 1275 670 1322 essent
711 1266 906 1321 merito
940 1264 1243 1319 tribuenda.
1297 1262 1406 1318 Nec
1435 1264 1577 1317 enim
1612 1263 1661 1317 id
1691 1278 1840 1334 qua:-

241 1357 466 1414 rendum
495 1399 512 1422 ,
571 1359 781 1413 Deusne
830 1357 979 1428 ipse,
1031 1372 1098 1411 an
1127 1356 1419 1428 ejusjussu
1469 1355 1840 1426 permissuque

243 1464 488 1510 creatura
521 1453 732 1524 aliqua,
762 1453 812 1508 ei
844 1461 1021 1508 tamen
1054 1451 1268 1508 subdita
1302 1451 1609 1506 hominibus
1641 1466 1703 1506 ea
1747 1465 1837 1506 re-

244 1548 486 1604 velaret?
519 1547 616 1604 sed
636 1589 651 1613 ,
682 1563 786 1614 an,
827 1562 894 1603 eo
919 1548 1140 1603 nolente
1161 1589 1176 1614 ,
1211 1546 1291 1601 vis
1316 1545 1488 1616 aliqua
1521 1545 1838 1601 contraria?

239 1641 295 1698 lu
323 1658 393 1699 eo
422 1645 572 1698 enim
618 1653 867 1698 versatur
895 1644 1098 1698 erroris
1127 1641 1442 1714 periculum.
1487 1642 1682 1712 Atqui,
1715 1640 1837 1696 data

239 1736 358 1805 hac,
388 1753 553 1808 quam
586 1737 1117 1808 reprazsentavimus,
1167 1736 1490 1808 hypothesi;
1524 1736 1575 1792 id
1626 1746 1834 1791 certum

1952 522 2040 568 tus
2066 515 2503 586 respondissent,
2548 532 2612 571 eo
2661 518 2861 572 certius
2911 523 3193 575 constabat
3244 535 3349 575 non
3399 520 3550 576 casui

1951 608 2096 676 lure,
2155 611 2249 664 sed
2308 627 2436 665 vero
2467 611 2630 667 certis
2659 613 2835 667 causis
2875 628 2994 669 esse
3043 614 3346 670 tribuenda.
3407 613 3544 670 Cum

1951 717 2080 755 vero
2108 701 2336 757 duorum
2365 714 2547 758 es.~eut
2576 720 2834 775 generum
2870 707 3166 776 pr0plietiae
3190 751 3202 774 ,
3235 708 3356 762 alia:
3385 710 3547 764 clarzn

1948 795 2241 864 facilesque
2284 796 2596 864 intellectu,
2631 799 2682 852 in
2712 800 2907 869 quibus
2940 800 3082 854 nulla
3115 815 3237 858 esse
3267 812 3451 872 posset
3480 803 3548 860 de

1947 901 2077 941 vero
2131 887 2412 958 ριορΙιριιῐι
2469 905 2630 944 sensu
2680 891 2977 958 dubitatio;
3035 894 3156 948 alia:
3213 911 3399 950 rursus
3451 911 3548 966 pro

1946 982 2143 1034 usitato
2192 982 2593 1052 prophetiarum
2639 985 2925 1048 idiomate,
2976 987 3238 1058 symbolis
3292 992 3548 1060 {enigma-

1946 1074 2190 1146 tibusque
2240 1075 2494 1130 involutae
2519 1119 2533 1145 ,
2566 1087 2619 1131 ut
2649 1093 2792 1150 :egre
2822 1080 3045 1150 intelligi
3080 1091 3262 1150 posset
3291 1098 3541 1154 quaenam

1945 1169 2222 1237 prophetze
2274 1180 2416 1224 esset
2448 1180 2539 1224 aut
2587 1172 2820 1225 numinis
2851 1174 3121 1228 sententia
3152 1193 3164 1226 :
3197 1189 3260 1228 ex
3299 1176 3535 1244 priorum

1947 1263 2174 1316 veritate
2231 1262 2300 1318 de
2352 1264 2746 1335 posterioribus
2776 1275 2893 1320 erat
2942 1267 3266 1322 solidissitne
3289 1268 3542 1339 judiCan-

1943 1354 2090 1411 dum.
2124 1356 2179 1413 Si
2210 1373 2399 1414 omnes
2420 1360 2663 1414 obscura:
2694 1370 2894 1427 essent,
2933 1372 2988 1416 ut
3017 1363 3068 1417 in
3100 1365 3332 1419 oraculis
3377 1365 3544 1437 Apol-

1943 1448 2070 1504 linis
2128 1451 2344 1519 Loxize,
2407 1464 2823 1526 nostrormnque
2887 1455 3272 1512 hodiernorum
3343 1459 3542 1514 enthu-

1943 1549 2228 1602 siastarum
2286 1548 2534 1613 deliriis;
2583 1550 2725 1604 nulla
2770 1550 2883 1620 jam
2915 1559 3070 1606 erant
3100 1551 3397 1608 intrinseca
3427 1569 3544 1610 cre-

1941 1639 2220 1695 dibilitatis
2273 1653 2632 1711 argumenta,
2703 1652 2759 1696 ut
2815 1643 2917 1697 nisi
2984 1642 3122 1700 forte
3169 1660 3293 1700 eum
3360 1646 3540 1702 locum

1941 1733 2246 1790 extrinseca
2304 1734 2684 1804 supplessent,
2743 1737 3086 1806 quantumvis
3114 1751 3260 1793 vei-ie
3311 1748 3540 1796 essent:

243 1839 357 1886 erat
378 1829 693 1899 hujusmodi
742 1829 1103 1885 revelationes
1152 1844 1183 1883 a
1233 1829 1281 1883 vi
1337 1829 1513 1900 aliqua
1566 1828 1834 1884 contraria
1867 1834 1997 1894 Bat
2050 1827 2257 1881 nullum
2306 1837 2453 1882 certe
2504 1827 2776 1882 habebant
2829 1830 3104 1898 veritatis,
3152 1848 3257 1903 quo
3303 1849 3334 1888 a
3389 1832 3542 1890 falsis

237 1937 356 1980 esse
383 1938 497 1977 non
539 1938 718 1994 posse.
753 1921 865 1978 Nec
905 1923 1050 1978 enim
1099 1931 1216 1978 erat
1263 1932 1510 1977 creatura
1539 1939 1656 1992 quae
1678 1962 1694 1989 ,
1729 1922 1838 1978 Deo

238 2017 493 2084 nolente,
523 2032 587 2070 ea
633 2026 816 2086 posset
843 2031 1200 2086 cognoscere;
1235 2031 1332 2071 nec
1364 2017 1658 2072 verisimile
1688 2027 1836 2082 erat,

234 2109 447 2180 angelis
471 2110 761 2165 contrariis
788 2118 841 2165 et
865 2110 976 2163 suis
1005 2125 1332 2181 suorumque
1360 2093 1616 2164 hostibus
1659 2110 1835 2165 infen-

236 2204 492 2271 sissimis,
526 2204 692 2259 Deum
727 2218 788 2258 ea
819 2205 1200 2270 revelaturutn,
1232 2220 1350 2275 quae
1379 2220 1484 2258 non
1508 2216 1689 2260 essent
1711 2204 1836 2258 illo-

237 2315 357 2354 rum
389 2311 600 2354 natura:
630 2297 810 2354 debita
830 2341 845 2366 ,
879 2314 978 2354 nec
1007 2309 1262 2369 possent,
1299 2301 1398 2356 nisi
1440 2315 1506 2355 eo
1537 2301 1833 2367 revelante,

234 2409 588 2466 cognoscere.
625 2391 880 2464 Sequitur
904 2409 1068 2466 ergo,
1103 2405 1161 2450 ut
1187 2399 1501 2466 angelorum
1536 2396 1837 2450 ministerio

235 2487 289 2542 in
331 2486 667 2542 revelatione
697 2486 1008 2542 hominibus
1039 2488 1404 2557 patefacienda
1438 2499 1702 2554 uteretur,
1733 2489 1836 2544 nisi

234 2579 395 2635 bonis
427 2587 608 2635 tamen
641 2581 863 2636 minime
906 2597 1152 2636 usurum.
1183 2581 1292 2636 Nec
1324 2583 1669 2637 metuendum
1703 2585 1832 2653 quin

232 2671 306 2727 illi
362 2687 593 2727 munere
647 2673 750 2728 sibi
801 2674 1091 2728 commisso
1119 2673 1530 2746 diligentissime
1582 2676 1835 2732 ﬁdelissi-

230 2779 430 2835 meque
485 2765 860 2836 fungerentur.
913 2767 988 2821 lta
1037 2769 1324 2822 constabat
1374 2783 1528 2824 veras
1569 2769 1729 2825 hasce
1769 2771 1836 2826 de

235 2857 435 2914 futuris
465 2860 906 2930 contingentibus
949 2860 1309 2917 revelationes
1347 2863 1452 2916 nisi
1498 2878 1529 2918 a
1555 2863 1673 2920 Deo
1709 2879 1835 2921 auc-

232 2959 349 3007 tore
373 2965 502 3007 esse
533 2966 640 3007 non
671 2967 845 3022 posse.

302 3044 530 3117 §32.—
543 3045 873 3118 Quamquam
901 3057 1080 3102 autem
1111 3047 1472 3119 hypotlteseos
1495 3050 1711 3119 veritas,
1740 3066 1836 3108 cu-

224 3136 312 3209 jus
356 3139 537 3208 justas
567 3137 730 3194 hasce
759 3139 992 3194 diximus
1020 3155 1139 3194 esse
1164 3150 1324 3212 atque
1349 3142 1615 3212 legitimas
1640 3160 1834 3202 conse—

1946 1921 2473 1986 internoscerentur,
2502 1921 2896 1990 characterem,
2954 1940 3054 1979 nec
3103 1926 3240 1981 alios
3293 1927 3538 1997 proinde,

1942 2023 1999 2066 ut
2027 2028 2152 2068 vera
2194 2014 2570 2080 crederentur,
2605 2015 2934 2085 obligabant.
2987 2017 3079 2071 Sin
3140 2019 3334 2088 aliqum
3393 2035 3542 2090 pers-

1943 2107 2155 2176 picuw;
2197 2107 2307 2176 jam
2353 2107 2508 2162 facile
2541 2107 2804 2177 judicium
2853 2120 3002 2178 erat,
3053 2111 3120 2166 de
3164 2112 3384 2182 reliquis
3411 2112 3540 2184 quid

1942 2213 2088 2256 esset
2116 2201 2481 2256 statuendum.
2531 2203 2589 2257 Si
2630 2213 2856 2258 eventus
2899 2205 2986 2259 vel
3039 2206 3199 2260 unius
3245 2206 3540 2277 perspicua:

1944 2295 2250 2366 prephetite
2282 2312 2387 2350 non
2417 2297 2820 2367 respondisset;
2872 2298 3032 2368 plane
3059 2300 3389 2370 sequebatur
3441 2315 3541 2355 nec

1943 2389 2170 2458 reliquis
2199 2403 2321 2446 esse
2347 2390 2620 2445 lidcndum
2643 2432 2658 2458 ,
2694 2391 2820 2460 quin
2849 2393 3024 2461 potius
3046 2393 3164 2448 illas
3191 2393 3276 2450 vel
3309 2395 3540 2450 naturali

1940 2481 2351 2550 enthusiasmo,
2413 2485 2492 2538 vel
2535 2483 2722 2551 alteri,
2776 2485 2954 2554 potius
3006 2485 3272 2541 diabolico
3327 2486 3538 2556 spiritui

1940 2591 2099 2647 quam
2143 2576 2324 2630 divino
2369 2591 2490 2631 esse
2540 2577 2876 2632 tribucmlas.
2932 2579 3002 2632 Ita
3059 2579 3366 2634 Maximillae
3418 2593 3544 2649 pro-

1940 2668 2153 2739 phetias
2184 2685 2242 2723 re
2267 2669 2382 2724 ellit
2413 2669 2660 2724 Asterius
2705 2669 2955 2725 Urbanus
2994 2671 3122 2743 (Ap.
3157 2670 3370 2739 Euseb.,
3401 2669 3539 2725 Hist.

1938 2761 2089 2822 εισι..
2125 2775 2181 2826 v,
2217 2760 2329 2830 l6).
2373 2760 2708 2818 Praedixerat
2754 2762 2845 2816 illa
2878 2763 3161 2818 imminere
3208 2765 3460 2838 πολέμους
3489 2773 3545 2820 et

1938 2857 2358 2921 ἀκαταστασίας,
2412 2870 2532 2909 cum
2561 2866 2736 2912 tamen
2765 2864 2886 2926 post
2913 2871 3112 2911 annum
3174 2860 3387 2912 tertium
3446 2858 3541 2913 de-

1938 2949 2139 3004 cimum
2191 2949 2301 3020 jam
2358 2950 2636 3019 elapsum,
2685 2965 2783 3005 nec
2843 2950 3167 3020 partieulare
3221 2951 3418 3006 bellum
3447 2960 3542 3006 aut

1939 3043 2241 3098 universale
2291 3043 2342 3097 iii
2375 3045 2532 3099 terris
2581 3042 2798 3108 fuisset,
2845 3044 3162 3100 Christianis
3217 3047 3379 3100 etiam
3439 3061 3538 3115 pax

1940 3139 2092 3193 ﬁrma
2124 3137 2437 3208 stabilisque
2466 3138 2870 3207 permansisset.
2901 3137 3031 3192 Inde
3059 3137 3337 3192 concludit
3375 3137 3539 3193 fidem

228 3235 502 3304 quentias,
537 3248 605 3290 ex
633 3233 944 3289 docentium
972 3236 1292 3290 auctoritate
1325 3235 1546 3306 probata
1574 3248 1676 3305 est,
1710 3254 1830 3310 qua:
1857 3236 1901 3298 C
1934 3234 1982 3290 ei
2007 3249 2221 3288 omnem
2251 3247 2372 3288 esse
2401 3230 2788 3302 derogandam.
2818 3231 2972 3296 Quod
3000 3231 3045 3286 si
3073 3232 3382 3286 evenissent
3409 3246 3530 3302 qua:

230 3337 283 3383 et
317 3329 437 3399 ipsa
461 3329 582 3383 aliis
607 3339 723 3384 erat
748 3329 1024 3384 miraculis
1055 3329 1463 3396 commendata;
1497 3332 1622 3386 facit
1653 3342 1829 3388 tamen

230 3422 483 3477 nonnihil
512 3422 581 3477 ad
624 3425 1026 3494 prmmissarum
1057 3440 1270 3495 quoque
1299 3425 1610 3489 veritatem,
1641 3441 1832 3482 conse-

235 3514 582 3586 quentiarum
609 3531 825 3589 quoque
871 3518 984 3588 ipsa
1022 3517 1407 3587 probabilitas,
1442 3528 1658 3588 tamque
1707 3529 1830 3590 apta

228 3609 368 3668 inter
395 3626 457 3667 se
477 3621 532 3667 et
560 3626 680 3667 cum
711 3613 1080 3684 pha-nomenis
1105 3615 1389 3669 connexio.
1410 3613 1540 3668 Nam
1563 3615 1614 3669 in
1638 3615 1829 3685 hujus-

229 3707 374 3764 modi
425 3708 605 3763 causis
653 3723 788 3778 quas
816 3707 962 3779 ipsas
1004 3707 1146 3763 nulla
1181 3718 1364 3762 nostra
1391 3727 1418 3761 ει
1465 3709 1628 3779 priori
1659 3710 1831 3764 ratio-

229 3801 430 3858 einatio
457 3801 705 3872 attingit,
746 3801 797 3856 id
828 3818 992 3856 unum
1040 3802 1256 3856 student
1287 3802 1568 3870 homines,
1624 3811 1682 3857 ut
1727 3803 1831 3858 sibi

229 3895 520 3969 quamdam
566 3896 769 3966 ﬁngant
798 3894 1123 3966 hypothesin
1153 3910 1272 3965 qua:
1299 3910 1419 3950 cum
1461 3896 1831 3965 plueuomenis

229 4001 353 4062 apte
381 3990 695 4054 conveniat,
722 4004 820 4045 nec
841 3989 999 4045 aliam
1019 3998 1268 4058 quzerunt
1289 3989 1406 4058 ejus
1436 3989 1829 4058 probationem,

228 4100 389 4156 quam
419 4095 602 4153 aptam
640 4083 786 4138 illam
817 4098 940 4138 cum
971 4081 1344 4152 phtenomeuis
1371 4083 1830 4151 convenientiam,

228 4193 462 4250 eamque
506 4156 772 4232 vert'orem
799 4177 1039 4247 judicant
1070 4191 1190 4248 qua:
1240 4175 1614 4247 phzeuomeuis
1665 4177 1833 4246 pluri-

228 4270 328 4326 bus
374 4270 664 4341 aptiusque
689 4269 999 4340 τρειιοιιάθι.
1056 4269 1131 4324 Ita
1179 4269 1422 4338 judicant
1477 4269 1546 4325 de
1597 4269 1833 4325 motibus

228 4364 444 4419 orbium
481 4364 809 4427 caelesti-um,
863 4361 1090 4416 marium
1115 4404 1128 4426 ,
1160 4372 1588 4431 ventorumque:
1619 4361 1686 4416 de
1716 4377 1833 4416 ma-

227 4458 406 4529 gnetis
463 4465 655 4511 natura
713 4455 1049 4526 aliorumque
1105 4454 1156 4510 id
1205 4469 1376 4526 genus
1429 4456 1691 4510 omnium.
1725 4454 1835 4511 Nec

231 4560 416 4608 tamen
449 4552 630 4606 minus
656 4560 738 4606 est
764 4566 792 4605 a
837 4551 993 4605 nobis
1020 4550 1229 4605 occulta
1261 4549 1397 4605 ratio
1442 4549 1794 4619 providentiae
1818 4592 1832 4617 ,

1939 3327 2195 3398 prtedicta
2224 3335 2370 3392 sunt,
2405 3341 2503 3396 pro
2528 3326 2711 3380 talium
2751 3335 3042 3380 eventuum
3071 3326 3366 3396 frequentia
3406 3340 3534 3395 pro-

1939 3420 2116 3490 pheta:
2148 3420 2280 3473 lides
2312 3419 2480 3487 magis
2529 3431 2645 3474 erat
2693 3419 2939 3473 minusve
2989 3417 3244 3472 stabilita.
3300 3417 3536 3473 Omnino

1937 3510 2266 3568 solidiSsima
2295 3519 2413 3564 erat
2446 3508 2755 3580 linjusniodi
2780 3511 3213 3580 argumentatio,
3248 3525 3347 3565 nec
3380 3509 3538 3567 video

1937 3604 2062 3674 quid
2126 3604 2178 3657 in
2236 3617 2300 3658 ea
2342 3601 2746 3672 reprehendere
2775 3607 3018 3674 possint,
3074 3602 3271 3656 nedum
3326 3602 3538 3670 ridere,

1937 3712 2139 3753 scurrae
2160 3696 2340 3765 athei;
2394 3712 2492 3752 nec
2519 3697 2644 3768 quid
2677 3698 2853 3752 simile
2884 3696 3179 3752 obtendere
3206 3697 3413 3766 possint
3444 3711 3540 3765 pro

1936 3792 2048 3844 suis
2071 3834 2085 3856 ,
2117 3805 2250 3860 quas
2274 3789 2430 3844 hodie
2460 3789 2733 3845 venditant
2782 3789 3101 3860 prophctiis,
3145 3789 3267 3844 heri
3317 3787 3538 3844 nudius-

1939 3886 2232 3956 tertiusque
2274 3885 2383 3939 nati
2427 3884 2678 3951 fanatici,
2729 3885 2842 3939 sive
2886 3899 3072 3940 eorum
3129 3885 3216 3954 qui
3263 3884 3536 3939 communi

1939 3980 2355 4049 protestantium
2389 3979 2650 4033 vocabulo
2681 3988 2993 4046 censentur,
3017 3978 3131 4033 sive
3160 3979 3319 4033 etiam
3352 3993 3538 4031 eorum

1859 4088 1862 4092 '
1938 4089 2072 4143 quos
2105 4077 2360 4144 mysticos
2387 4075 2661 4142 appellant
2701 4072 2980 4144 theologos
3022 4072 3300 4144 pontiﬁcii.
3355 4071 3536 4126 Neutri

1939 4165 2273 4235 argumentis
2331 4166 2653 4220 extrinsecis
2704 4175 2959 4233 utuntur,
3035 4166 3153 4220 sive
3221 4164 3536 4233 miraculis,

1939 4273 2120 4313 coram
2147 4269 2197 4313 et
2230 4260 2280 4312 in
2312 4259 2624 4329 propatulo,
2671 4259 2832 4330 inque
2856 4257 3149 4314 infidelium
3183 4258 3316 4314 facie
3343 4258 3536 4325 editis,

1941 4354 2055 4409 sive
2086 4354 2338 4421 aliorum,
2371 4369 2400 4407 a
2433 4353 2587 4409 nobis
2613 4354 2774 4409 etiam
2807 4354 3110 4424 agnitorutn
3147 4355 3537 4425 prophetarum

1942 4453 2290 4508 testimoniis.
2364 4450 2549 4505 Neutri
2618 4449 2941 4505 testimoniis
3008 4449 3352 4514 intrinsecis,
3426 4449 3540 4505 sive

1941 4547 2182 4602 cordium
2215 4545 2508 4600 infidelium
2539 4545 2814 4616 patefactis
2859 4545 3105 4610 occultis,
3157 4545 3271 4599 sive
3316 4543 3531 4599 futuro-

227 4660 393 4718 quam
421 4645 638 4700 orbium
662 4642 985 4698 caelestium.
1027 4641 1134 4696 Nec
1180 4643 1358 4696 minus
1405 4650 1530 4712 apte
1580 4642 1834 4696 convenit
1860 4639 1912 4698 D
1940 4655 2058 4694 rum
2091 4639 2518 4708 contingentium
2550 4637 2934 4707 praedictione,
2955 4636 3064 4707 jam
3096 4635 3184 4691 diu
3213 4647 3340 4691 ante
3368 4650 3536 4691 even-

227 4754 351 4796 cnm
395 4739 771 4810 phteuomenis
800 4737 918 4794 inec
945 4736 1363 4792 christimorum
1393 4735 1460 4790 de
1489 4737 1830 4807 providentia

229 4833 583 4907 hypothesis,
622 4848 782 4904 quam
814 4833 1088 4887 Ptolemzei
1121 4831 1246 4894 illa,
1279 4829 1396 4885 sive
1432 4830 1593 4884 etiam
1624 4829 1828 4900 Cuper-

229 4927 376 4990 nici,
414 4929 530 4983 sive
567 4925 789 4981 alterius
831 4927 1067 4995 cujusvis
1094 4923 1404 4978 Astronomi
1430 4939 1552 4978 cum
1585 4931 1828 4977 motuum

229 5018 451 5074 illorum
490 5017 888 5090 pbaenomenis.
917 5017 1118 5072 Contra
1151 5019 1328 5086 potius
1375 5016 1531 5087 loitge
1569 5015 1832 5072 certiores

227 5120 386 5168 erant
407 5109 828 5166 Christianorum
852 5110 1012 5164 etiam
1043 5119 1248 5162 natura:
1275 5107 1825 5176 imperitissimorum,

228 5202 298 5260 de
354 5202 550 5258 futuris
599 5203 1038 5275 contingentibus
1089 5202 1421 5272 praplietiaz,
1475 5217 1635 5273 quam
1681 5201 1826 5272 peri-

229 5297 566 5352 tissimorutn
627 5298 788 5350 etiam
839 5295 1235 5367 astrologorum
1294 5295 1514 5366 judicia.
1586 5295 1664 5350 Ex
1721 5310 1828 5366 quo

229 5391 286 5448 id
323 5393 487 5448 etiam
514 5393 844 5463 sequebatur
875 5390 1032 5462 longe
1073 5405 1198 5445 esse
1236 5391 1615 5457 verisimilius,
1643 5405 1673 5443 a
1717 5391 1828 5445 Deo

228 5497 353 5541 esse
385 5485 524 5549 haec,
558 5500 719 5557 quam
746 5500 775 5538 a
805 5486 996 5555 quovis
1027 5483 1347 5539 naturalium
1379 5499 1662 5540 causarum
1693 5497 1825 5538 con-

229 5591 396 5635 sensu
421 5576 733 5648 repetenda.

303 5670 334 5742 ᾗ
353 5670 753 5727 lii—Probata
781 5686 910 5743 ergo
927 5670 1325 5742 prophetiarum
1347 5671 1614 5740 prazterita
1624 5685 1740 5725 rum
1759 5685 1827 5726 ex

235 5775 428 5821 eventu
461 5765 720 5832 veritate,
756 5765 828 5820 ita
855 5764 1051 5821 deinde
1080 5762 1356 5836 prophetae
1401 5765 1695 5818 auctoritas
1743 5777 1831 5818 ac-

239 5861 403 5919 cessit
428 5859 496 5917 ad
527 5861 754 5918 aliarum
784 5860 1190 5933 prophetiarum
1242 5872 1550 5917 successum
1581 5857 1830 5916 similiter

1938 4744 2049 4788 tum
2084 4732 2391 4796 manifesta,
2427 4731 2801 4801 publicamque
2830 4730 2881 4784 in
2913 4729 3084 4784 lucem
3118 4729 3283 4785 edita.

2006 4825 2149 4896 §5i.
2183 4855 2254 4865 —
2285 4823 2534 4880 Monendi
2581 4833 2707 4878 sunt
2748 4821 2960 4876 interim
3005 4821 3232 4876 lectores
3279 4835 3384 4876 non
3414 4836 3536 4877 esse

1934 4929 2112 4975 tamen
2170 4919 2311 4990 quod
2365 4919 2749 4988 prolihetarum
2810 4918 2989 4971 omnia
3054 4917 3370 4987 prophetico
3425 4919 3534 4972 sint

1934 5014 2147 5084 spiritui
2207 5011 2510 5069 tribuenda.
2562 5012 2640 5066 Ne
2683 5013 2784 5066 hoc
2830 5010 3048 5079 quidem
3089 5010 3261 5066 Judaei
3292 5010 3361 5066 de
3403 5012 3536 5078 suis,

1935 5126 2036 5166 nec
2081 5111 2150 5165 de
2184 5110 2390 5182 Pythiis
2419 5108 2592 5164 ϐιωθί
2622 5150 2635 5172 ,
2693 5122 2790 5162 nec
2835 5108 2903 5162 de
2937 5108 3215 5178 pr0plietis
3247 5107 3358 5162 suis
3403 5121 3536 5178 gen-

1934 5207 2054 5262 tiles
2099 5205 2220 5270 alii,
2273 5205 2559 5262 Plimnices
2597 5212 2756 5274 atque
2811 5202 3082 5274 Egyptii,
3131 5218 3230 5257 nec
3272 5201 3361 5270 qui
3409 5215 3536 5270 pro-

1930 5300 2122 5371 phetas
2174 5307 2542 5368 agnoverunt,
2587 5297 2725 5352 ullos
2785 5295 3038 5352 docuisse
3102 5295 3355 5349 arbitror.
3423 5293 3537 5347 Eli-

1933 5407 2098 5447 saeum
2129 5391 2283 5445 latuit
2311 5389 2662 5447 Suuamitidis
2692 5389 3063 5444 infortunium.
3100 5388 3345 5441 Humano
3370 5384 3533 5440 etiam

1931 5485 2123 5554 Spiritu
2156 5483 2324 5539 edidit
2367 5483 2619 5539 nonnulla
2651 5483 3026 5538 sanctissimus
3056 5478 3372 5551 Apostolus.
3412 5477 3530 5534 Non

1932 5585 2014 5633 est
2065 5577 2226 5648 igitur
2281 5577 2556 5648 propheta:
2609 5576 2744 5632 fides
2790 5577 2840 5630 in
2875 5577 3094 5630 dubimn
3145 5572 3424 5641 vocanda,
3489 5575 3536 5630 si

1932 5685 2037 5741 qua
2085 5669 2158 5723 illi
2220 5668 2529 5724 humanitus
2574 5668 2713 5724 dicta
2766 5667 3096 5733 exciderint,
3154 5665 3257 5720 hoc
3311 5676 3429 5733 est,
3481 5668 3535 5722 in

1935 5763 2000 5820 iis
2047 5780 2168 5835 qua:
2225 5781 2324 5821 nec
2367 5767 2481 5837 ipse
2531 5763 2754 5834 Spiritui
2809 5743 3092 5830 Dei,.sed
3149 5779 3247 5819 stto
3307 5765 3531 5835 potius,

1936 5858 2144 5915 tribuit.
2180 5858 2250 5916 Ut
2289 5860 2337 5916 si
2365 5857 2657 5931 Apostolus
2703 5855 2755 5912 in
2801 5856 2863 5912 iis
2901 5871 3022 5928 qua:
3070 5873 3162 5927 se,
3207 5872 3314 5914 non
3353 5856 3533 5912 Domi-
