3994 6318
387 252 457 313 ιιι
826 208 829 211 ’
1346 251 1715 315 aonweeu
1756 250 2207 323 messorum
2241 251 2657 315 CYPRIANICA
3612 261 3683 317 es

389 384 520 433 nutu
569 367 773 437 hortari
815 370 1054 439 monuit,
1119 380 1385 440 errasset;
1431 387 1542 433 non
1597 372 1782 431 debuit
1829 373 1884 430 id
1930 373 1982 429 in
2008 374 2062 436 Α
2088 369 2430 427 revelaverat
2471 371 2728 443 Spiritus.
2760 371 3099 447 Colligebant
3129 376 3308 448 potius
3334 390 3403 443 es
3434 386 3542 441 tam
3573 377 3687 436 fre-

390 461 634 523 fraudem
699 465 897 529 cedere
959 465 1185 529 aliarum
1229 467 1347 540 ejus
1400 469 1822 539 prophetiarum.
1881 468 1985 527 Ne-

392 573 499 631 que
526 573 656 617 vero
688 559 760 617 ita
790 560 997 617 incerta
1025 570 1104 619 est
1127 604 1140 625 ,
1175 570 1234 618 ut
1262 563 1431 625 voluit
1471 562 1725 632 profanus
1750 561 1986 619 Theolo-

390 650 751 722 gicoivPolitici
815 662 1036 720 auctor,
1086 654 1281 713 horum
1343 657 1620 727 utriusque
1685 655 1981 713 distinctio.

392 746 512 815 Quo
565 744 687 811 loco
744 747 1049 811 cautionem
1098 749 1535 820 interposuerunt
1574 752 1714 807 sacri
1760 751 1987 822 scripto—

392 855 513 908 res,
563 854 626 901 ea
669 842 784 913 ipsa
833 840 1014 907 cautio
1058 843 1270 914 signum
1318 854 1463 913 erat,
1510 845 1824 914 excipienda
1865 860 1988 902 esse

391 931 509 993 sola
557 932 626 995 de
674 934 870 1004 quibus
931 933 1108 993 fuerat
1171 947 1419 1003 cautum,
1497 938 1702 1009 reliqua
1760 938 1828 994 de
1886 938 1990 995 alio

392 1042 515 1085 esse
559 1028 755 1101 spiritu
788 1029 1157 1101 intelligenda.
1188 1031 1260 1089 ita
1292 1034 1413 1102 quia
1447 1032 1498 1087 in
1534 1033 1748 1102 scriptis
1791 1034 1993 1105 episto-

392 1122 489 1193 lis,
535 1123 580 1187 si
645 1139 750 1196 qua
808 1140 908 1181 suo
959 1125 1150 1196 spiritu
1200 1127 1515 1197 protulisset
1566 1127 1893 1198 Apostolus,
1939 1127 1991 1184 id

393 1220 571 1289 ipsum
644 1218 873 1279 duxerat
930 1234 1052 1277 esse
1113 1222 1477 1284 monendum.
1533 1223 1693 1291 plane
1748 1222 1993 1292 sequitur

395 1310 731 1383 reliquorum
797 1320 1071 1371 auctorem
1112 1312 1352 1369 divinqu
1421 1315 1680 1382 Spiritum
1731 1329 1850 1369 esse
1892 1313 1991 1371 ha-

394 1401 655 1462 bendum.
713 1405 914 1461 Contra
943 1406 1065 1477 quia
1106 1405 1375 1477 ignatius.
1414 1423 1536 1477 quae
1567 1406 1746 1461 divino
1791 1405 1992 1475 Spiritu

395 1504 616 1557 auctore
688 1495 888 1562 edidit,
948 1512 1136 1557 eorum
1206 1498 1425 1554 disertis
1486 1497 1665 1557 verbis
1734 1497 1991 1569 Spiritum

394 1597 669 1655 auctorem
700 1590 1056 1661 praeferebat,
1089 1590 1143 1646 id
1173 1606 1386 1663 quoque
1407 1592 1675 1663 sequitur,
1709 1591 1773 1651 iis
1794 1607 1995 1659 excep-

395 1681 495 1753 tis,
531 1681 736 1753 reliqua
780 1683 991 1753 privato
1035 1698 1156 1739 esse
1195 1684 1382 1754 lgnatii
1423 1684 1637 1755 spiritui
1686 1684 1988 1747 tribuenda.

2092 464 2281 533 qttenli
2327 475 2695 523 extremorum
2729 475 3032 539 temporum
3075 471 3349 529 mentione
3376 471 3431 527 in
3470 471 3728 530 Veteris.

2092 555 2426 615 Testamenti
2457 561 2790 631 prophetiis,
2829 564 3042 634 quoties
3069 564 3137 621 de
3165 565 3328 622 rebus
3366 567 3691 637 evangelicis

2093 652 2334 709 occurrit
2379 654 2584 710 mentio
2607 696 2622 723 ,
2653 670 2773 726 quae
2804 665 2982 715 tamen
3013 657 3081 715 de
3118 658 3347 729 jndaieze
3376 660 3693 719 oeconomia

2093 747 2292 802 ultimis
2338 749 2669 819 temporibus
2718 750 2849 805 satis
2898 753 3180 809 commode
3229 764 3476 823 poterant
3526 754 3690 811 intel—

2093 838 2207 910 ligi.
2265 839 2501 897 Omnino
2540 857 2753 913 aequum
2788 858 2893 901 non
2923 853 3006 907 est
3045 855 3103 901 ut
3146 845 3270 902 illos
3298 847 3572 905 hominum
3604 863 3692 903 er-

2096 947 2249 991 rores
2301 934 2522 1003 Spiritui
2578 934 2906 1005 imputemus
2957 952 3094 1007 quos
3146 954 3248 995 nec
3294 940 3408 1008 ipse
3457 940 3693 1008 Spiritus

2096 1037 2409 1096 susceperat
2438 1028 2818 1097 corrigendos;
2851 1046 2950 1084 nec
2976 1031 3029 1085 id
3056 1031 3229 1101 ipsum
3260 1032 3572 1088 asserebant
3598 1031 3694 1103 qui

2096 1121 2165 1179 ab
2208 1121 2300 1176 illo
2344 1123 2534 1192 Spiritu
2558 1121 2722 1183 afﬂati
2754 1133 2944 1191 erant,
2972 1140 3093 1181 esse
3118 1125 3170 1181 id
3199 1140 3229 1180 a
3275 1126 3464 1196 spiritu
3508 1139 3695 1181 susce-

2098 1223 2266 1283 ptum.
2323 1214 2657 1285 Suppetebat
2712 1216 2928 1271 interim
2981 1218 3113 1275 satis
3159 1224 3306 1273 certa
3354 1218 3478 1279 illa,
3529 1232 3692 1289 quam

2096 1304 2361 1371 diximus,
2413 1305 2693 1376 judicandi
2726 1309 2882 1365 ratio.
2934 1308 2989 1364 Si
3020 1310 3163 1367 enim
3207 1310 3292 1365 vel
3323 1311 3533 1365 illorum
3566 1318 3690 1381 qua:

2097 1400 2381 1469 perspicua
2416 1410 2602 1467 erant,
2654 1415 2758 1455 nec
2814 1401 2984 1459 ullum
3032 1402 3302 1457 habebant
3351 1403 3696 1459 obscuritatis

2098 1493 2391 1564 effugium,
2424 1510 2655 1566 qumque
2695 1497 2922 1566 spiritus
2974 1497 3193 1561 nomine
3238 1506 3420 1555 essent
3467 1512 3494 1551 a
3535 1518 3697 1559 msu-

2096 1597 2332 1660 ματικοῖς
2365 1589 2639 1647 venditata
2665 1631 2680 1656 ,
2720 1600 2985 1660 perpetuo
3016 1591 3301 1649 constabat
3334 1590 3466 1647 fides
3486 1633 3501 1658 ,
3535 1605 3634 1646 nec
3661 1605 3693 1645 ιι

2098 1695 2158 1739 se
2199 1683 2352 1739 ullibi
2383 1682 2713 1741 dissentiens
2736 1725 2752 1751 ,
2779 1684 2832 1738 id
2863 1685 3037 1756 ipsum
3065 1695 3384 1757 argumento
3409 1693 3527 1743 erat
3561 1684 3695 1741 satis

470 1774 500 1855 δ
539 1775 630 1832 55.
654 1805 725 1816 —-
745 1774 851 1833 Sed
882 1785 937 1833 et
962 1776 1013 1832 id
1042 1778 1354 1841 existimant
1378 1778 1643 1846 nonnulli,
1665 1792 1821 1841 veros
1844 1776 1997 1833 affla-
2015 1786 2072 1862 Β
2099 1773 2387 1831 manifesto
2431 1783 2487 1832 et
2537 1777 2729 1848 spiritu
2771 1775 2985 1845 amatos
3023 1791 3147 1835 esse
3186 1777 3276 1847 qui
3307 1792 3370 1833 ea
3422 1775 3697 1848 praedixe-

395 1875 588 1941 tosque
632 1869 722 1925 Dei
754 1869 957 1945 Spiritu
995 1872 1324 1943 prophetas,
1370 1873 1423 1928 in
1473 1872 1833 1933 revelatorum
1876 1887 1991 1928 ma-

397 1959 745 2027 nifestatione
774 1978 875 2023 suo
902 1978 1023 2020 esse
1052 1965 1263 2036 spiritui
1298 1967 1625 2037 permissos,
1671 1977 1727 2025 ut
1768 1983 1862 2036 pro
1894 1982 1993 2023 suo

396 2064 556 2131 captu
600 2071 663 2113 ea
694 2056 814 2117 aliis
843 2060 1267 2128 ennuntiarent,
1318 2060 1409 2132 qui
1452 2060 1593 2117 alius
1639 2070 1756 2119 erat
1800 2060 1853 2116 in
1886 2061 1992 2123 alio

395 2148 661 2207 excultior
698 2159 861 2222 atque
888 2153 1225 2213 exornatior.
1266 2152 1322 2209 Si
1364 2153 1545 2224 itaque
1592 2154 1642 2208 in
1698 2154 1860 2209 rebus
1899 2153 1996 2209 ob-

396 2242 503 2305 iter
531 2242 783 2301 notandis
803 2285 819 2312 ,
842 2260 944 2303 nec
974 2244 1042 2301 ad
1070 2245 1401 2317 praecipuum
1426 2246 1728 2317 prophetiae
1749 2261 1993 2317 scopum,

396 2335 683 2409 quicquam
744 2336 1102 2407 facientibus,
1153 2338 1267 2397 sive
1323 2353 1436 2401 suae
1485 2339 1765 2399 memoriae
1806 2339 1993 2410 lapsu,

398 2429 512 2487 sive
549 2428 675 2485 dum
718 2445 779 2489 se
822 2431 1129 2489 auditorum
1156 2432 1399 2488 erroneis
1445 2432 1662 2503 quidem
1714 2432 1851 2499 illis,
1901 2432 1998 2488 sed

398 2523 638 2593 receptis
668 2531 849 2580 tamen
900 2525 1230 2597 pra-judiciis
1278 2526 1727 2595 accommodant,
1762 2540 1882 2595 quae
1913 2534 1997 2581 ta-

402 2630 526 2673 men
564 2627 722 2679 eraut
760 2620 1353 2689 argumentationibus,
1384 2636 1545 2693 quam
1586 2621 1699 2691 ipsa
1727 2620 1995 2688 revelata,

399 2712 571 2787 magis
616 2712 845 2783 idonea,
894 2715 1018 2785 quia
1050 2713 1166 2773 haec
1218 2714 1493 2785 probanda
1522 2725 1711 2782 erant,
1769 2715 1871 2773 illis
1925 2715 2001 2775 uti

401 2812 649 2875 poterant
690 2815 747 2863 ut
800 2808 1072 2865 concessis
1131 2826 1144 2863 :
1194 2807 1240 2863 si
1291 2808 1341 2864 in
1390 2807 1474 2869 his
1510 2809 1724 2879 inquam
1776 2807 2002 2871 halluci-

401 2899 511 2957 nati
536 2911 751 2969 essent,
799 2917 870 2961 ne
920 2903 965 2958 is
995 2902 1215 2973 quidem
1241 2917 1397 2967 error
1427 2913 1571 2965 esset
1610 2903 1823 2975 spiritui
1872 2919 2000 2975 pro-

401 2991 620 3064 phetico
688 2992 1053 3066 imputandus.
1114 2995 1270 3062 Quod
1329 2997 1507 3068 itaque
1570 3012 1669 3067 pro
1741 2996 2001 3055 Zacharia

402 3084 690 3145 Jeremiam
721 3088 901 3149 laudat
927 3088 1269 3160 Evangelista
1294 3108 1307 3158 ;
1351 3089 1493 3160 quod
1517 3090 1624 3151 450
1655 3106 1826 3149 annos
1852 3090 2004 3147 Judi-

2097 1876 2250 1934 rant,
2284 1866 2581 1939 etquidem
2606 1869 2956 1928 veracissimo
2982 1869 3074 1924 illo
3119 1878 3279 1941 atque
3316 1867 3453 1923 adeo
3478 1866 3695 1932 divino,

2097 1973 2156 2017 ut
2196 1964 2422 2033 proinde
2501 1973 2721 2032 essent,
2777 1964 2833 2020 in
2894 1962 3014 2021 aliis
3079 1978 3294 2035 quoque
3360 1961 3696 2030 manifestis,

2097 2056 2428 2127 spiritusque
2472 2057 2690 2113 nomine
2739 2054 3024 2113 manifesto
3067 2055 3392 2123 venditatis,
3448 2055 3700 2111 similiter

2096 2152 2377 2209 credendi.
2436 2152 2493 2209 Si
2542 2162 2731 2208 contra
2791 2152 3198 2223 perspicuorum
3256 2150 3417 2207 fidem
3472 2159 3699 2205 eventus

2097 2244 2375 2309 fefellisset
2392 2289 2407 2314 ,
2424 2247 2479 2303 id
2509 2248 2642 2311 satis
2662 2256 2782 2311 erat
2806 2249 2873 2311 ad
2891 2247 3150 2305 similium
3174 2247 3510 2319 reliquorum
3530 2245 3694 2305 fidem

2101 2341 2493 2413 abrogandam.

2172 2432 2200 2507 δ
2229 2432 2319 2490 58.
2342 2465 2412 2476 -
2435 2434 2599 2493 Recte
2634 2434 2850 2506 quidem
2883 2434 3180 2505 hucusque,
3212 2436 3265 2491 ni
3297 2435 3473 2500 fallor,
3503 2435 3698 2497 obscu-

2100 2541 2281 2583 rarum
2312 2526 2715 2599 prophetiarmn
2764 2526 2925 2582 fidem
2955 2544 3020 2583 ex
3062 2528 3363 2587 manifestis
3401 2528 3695 2593 confirma-

2100 2621 2276 2685 vimus
2293 2662 2307 2689 ,
2336 2636 2456 2687 cum
2478 2620 2722 2690 ejusdem
2749 2620 3026 2691 prophetat
3056 2622 3285 2677 fuissent
3311 2620 3559 2677 obscura:
3585 2620 3696 2677 illa:

2103 2716 2257 2787 cujus
2289 2715 2608 2772 manifesta}.
2657 2714 2875 2783 Quterct
2925 2724 3103 2775 autem
3149 2716 3380 2772 fortasse
3404 2757 3420 2783 ,
3458 2730 3561 2771 nec
3599 2714 3700 2771 im-

2103 2811 2295 2873 merito
2316 2851 2330 2877 ,
2363 2811 2556 2877 lector,
2584 2825 2706 2867 cum
2736 2810 2803 2865 ad
2831 2810 3079 2869 diversos
3107 2811 3211 2867 illae
3249 2810 3549 2882 prophetiae
3578 2824 3701 2881 pet"

2104 2902 2370 2970 tinerent,
2412 2912 2470 2956 ut
2492 2902 2716 2957 alterius
2748 2902 3051 2958 manifesta:
3107 2912 3323 2969 essent,
3354 2902 3579 2958 alterius
3606 2901 3704 2958 ob-

2104 3010 2277 3063 scurae
2306 3010 2495 3057 omnes
2516 3037 2529 3061 ,
2562 2995 2721 3059 nulla:
2770 2997 3103 3063 manifestae,
3134 3009 3241 3066 quo
3273 3003 3431 3065 pacto
3469 3002 3695 3062 essent,

2106 3090 2159 3153 iu
2203 3104 2269 3147 eo
2308 3104 2473 3157 casu,
2528 3089 2775 3147 obscurae
2829 3105 2859 3145 a
2895 3090 3193 3151 manifestis
3238 3088 3703 3160 comprobanda?

403 3181 575 3250 cibus,
626 3182 699 3240 ιο
743 3181 889 3240 Sauli
942 3185 1140 3243 tribuat
1182 3186 1500 3256 Apostolus,
1547 3186 1690 3257 quod
1732 3184 1995 3241 incertum
2025 3190 2070 3261 (ζ
2104 3183 2321 3249 Poterat
2348 3182 2563 3254 quidem
2595 3199 2660 3238 ex
2700 3182 2907 3243 indubii
2949 3182 3225 3254 propheta:
3256 3181 3565 3243 testimonio
3597 3180 3703 3237 du-

404 3272 698 3333 stadiorum
747 3290 1028 3337 numerum
1070 3287 1336 3335 memorat
1377 3278 1431 3335 S.
1482 3276 1689 3342 Lucas.
1737 3278 1999 3342 incertum

404 3367 805 3440 Baptizatorum
858 3370 915 3427 S.
972 3371 1196 3439 Paulus;
1264 3373 1421 3443 plane
1494 3373 1725 3431 inuunnt
1785 3371 2001 3435 relictas

405 3477 525 3520 esse
566 3465 886 3535 scriptorum
942 3466 1190 3525 humanis
1249 3468 1496 3538 captibns
1538 3464 1851 3535 huiusmodi
1900 3465 2001 3521 mi-

406 3556 613 3621 nutias,
658 3572 757 3615 nec
799 3574 921 3615 esse
961 3566 1242 3630 propterea
1284 3559 1427 3630 quod
1471 3559 1525 3615 iu
1557 3558 1817 3630 Spiritum
1867 3557 2003 3615 divi-

406 3666 532 3713 num
570 3650 894 3713 referantur.

481 3744 510 3818 ς
542 3745 707 3809 56.—
722 3745 818 3809 Est
845 3756 898 3801 et
924 3745 1067 3807 aliud
1097 3746 1400 3816 exemplum
1428 3746 1480 3801 in
1514 3760 1621 3817 quo
1650 3759 1755 3805 non
1788 3743 2003 3803 illorunt

407 3839 571 3895 modo
624 3841 713 3911 qui
781 3840 1092 3913 proplietias
1131 3840 1442 3907 audissent,
1497 3839 1593 3896 sed
1648 3849 1703 3894 et
1764 3839 2002 3907 ipsorum

407 3948 623 4005 quoque
673 3938 1058 4006 preplietarum
1117 3934 1361 4004 irrepere
1408 3934 1613 4003 possint
1672 3946 1914 3998 errores,
1952 3932 2004 3987 in

409 4028 813 4101 prophetiarum
866 4028 1071 4089 scilicet
1120 4027 1472 4087 obscurarum
1540 4025 1999 4096 interpretatione.

412 4122 580 4181 Erant
609 4123 754 4180 enim
798 4121 1073 4181 nonnulla:
1105 4121 1401 4192 prephetim
1440 4128 1589 4176 certe
1615 4118 1848 4191 quodam
1889 4116 2009 4189 Spi—

410 4218 545 4281 ritus
591 4217 849 4285 consilio,
913 4217 985 4277 ita
1031 4216 1315 4281 obscura},
1369 4223 1558 4275 utnon
1615 4223 1838 4284 possent
1892 4211 2010 4267 sine

410 4310 515 4369 alia
555 4310 885 4367 revelatione
936 4309 1192 4379 intelligi;
1243 4316 1299 4363 ut
1344 4308 1532 4377 primm
1584 4322 1691 4361 non
1743 4304 1908 4361 alium
1954 4304 2008 4358 in

415 4403 575 4461 [itiem
620 4402 758 4459 datae
807 4400 1149 4468 viderentur,
1198 4414 1358 4470 quam
1413 4407 1470 4455 ut
1534 4406 1842 4457 sanctorum
1896 4409 2011 4466 pro-

415 4494 699 4566 phetarum
744 4493 1114 4551 curiositatem
1163 4491 1603 4563 diligentiamque
1631 4505 1729 4563 pro
1758 4488 2010 4547 secundis

2103 3278 2226 3341 bitts
2252 3276 2644 3339 commendari.
2675 3277 2809 3335 Erat
2836 3285 3015 3337 tamen
3044 3289 3096 3343 et
3122 3276 3226 3333 alia
3270 3275 3535 3347 probandi
3566 3275 3704 3330 ratio

2103 3388 2133 3431 a
2158 3372 2431 3437 communi
2457 3373 2681 3442 Spiritus
2712 3373 2921 3429 unitate
2948 3374 3137 3444 petita.
3182 3373 3259 3437 ita
3286 3372 3429 3429 enim
3462 3387 3528 3435 ex
3559 3370 3703 3426 illius

2103 3467 2204 3531 sevi
2268 3467 2547 3538 principiis
2616 3467 2768 3523 licuit
2816 3467 3218 3545 argumentari,
3278 3467 3368 3539 qui
3425 3465 3491 3521 ad
3539 3479 3705 3521 uuam

2105 3561 2456 3634 eamdemque
2482 3564 2919 3629 communionem
2940 3564 3301 3634 pertinerent,
3324 3577 3512 3619 eorum
3539 3576 3706 3617 unum

2106 3670 2228 3719 esse
2263 3656 2547 3726 spiritum,
2581 3672 2645 3712 ex
2688 3656 2880 3713 iisdem
2922 3658 3308 3725 sacramentis,
3363 3654 3554 3715 iisdem
3599 3655 3708 3711 sci-

2108 3752 2233 3815 licet
2281 3752 2467 3824 gratite
2493 3752 2804 3819 canalibus,
2837 3752 3189 3822 ejusdemque
3236 3752 3466 3806 instituti
3508 3750 3705 3813 virtute

2108 3844 2435 3902 derivatum.
2471 3845 2582 3909 Nec
2603 3862 2666 3903 ea
2701 3846 2982 3903 dumtaxat
3037 3846 3275 3917 generali
3322 3848 3531 3907 ratione
3569 3856 3705 3899 con-

2109 3941 2401 4002 ctudebant
2430 3956 2594 3999 unum
2624 3956 2746 3999 esse
2787 3942 2946 3997 unius
2977 3940 3374 3999 communionis
3418 3937 3704 4008 spiritum,

2110 4037 2256 4109 quod
2295 4037 2409 4108 pari
2443 4038 2653 4093 ratione
2692 4036 2884 4095 fuisset
2929 4035 3119 4097 iisdem
3154 4032 3506 4089 sacramentis
3544 4030 3711 4086 colla-

2113 4144 2200 4191 tus
2219 4173 2235 4200 ,
2265 4148 2384 4202 quae
2411 4146 2533 4189 cum
2565 4130 2810 4201 symbola
2840 4138 3025 4185 essent
3046 4137 3319 4183 certorum
3346 4122 3709 4194 quorumdam

2113 4225 2475 4295 legalinmqne
2504 4232 2782 4292 pactorum
2804 4262 2820 4287 ,
2851 4220 2919 4276 de
2947 4221 3065 4291 ipso
3103 4219 3197 4275 illo
3224 4218 3477 4273 nimirum
3514 4216 3711 4286 spiritu

2114 4316 2480 4382 conferendo,
2513 4329 2618 4371 non
2649 4320 2898 4385 poterant
2931 4326 3063 4369 sane
3104 4311 3241 4366 alios
3270 4309 3509 4379 obligare
3547 4323 3710 4378 quam

2115 4423 2346 4479 quorum
2375 4407 2466 4465 illa
2508 4417 2691 4462 essent
2735 4405 3011 4477 symbols,
3051 4412 3109 4461 ut
3154 4420 3260 4461 non
3313 4402 3484 4474 possit
3536 4400 3711 4456 malus

2116 4503 2340 4574 spiritus
2386 4502 2440 4557 in
2486 4502 2736 4561 homines
2780 4501 3023 4568 irrepere
3069 4497 3174 4555 nisi
3205 4501 3295 4569 qui
3324 4496 3560 4553 vicissim
3587 4508 3714 4560 cum

415 4588 766 4662 impetrandis
791 4589 1108 4653 excitarent.
1152 4586 1209 4644 1d
1239 4587 1483 4653 videmus
1526 4586 1579 4643 in
1614 4586 1835 4642 Danielc
1874 4600 2011 4657 prae-
2035 4597 2089 4659 Ι)
2113 4611 2180 4653 eo
2207 4596 2344 4667 pacti
2374 4603 2590 4660 essent;
2634 4608 2735 4651 nec
2772 4606 2906 4648 vero
2929 4607 3054 4649 cum
3085 4591 3181 4647 illo
3230 4589 3427 4660 pacisci
3460 4586 3714 4645 homines

416 4686 604 4755 cipue,
654 4684 707 4740 in
748 4700 854 4756 quo
892 4684 1148 4754 frequens
1197 4692 1281 4743 est
1324 4681 1682 4741 secundarum
1742 4682 2013 4739 visionum

418 4795 514 4851 pro
565 4779 860 4850 primarum
918 4779 1369 4850 interpretatione
1422 4779 1644 4839 ruentia.
1706 4776 1762 4833 Si
1835 4778 2015 4849 itaque

417 4883 544 4931 ante
579 4874 847 4931 secundas
876 4875 1114 4931 visiones
1146 4874 1262 4946 ipse
1292 4875 1495 4945 primas
1520 4888 1683 4931 ausus
1714 4873 1904 4931 fuisset
1934 4874 2019 4931 in-

422 4966 741 5037 terpretari,
803 4965 1041 5023 humano
1098 4966 1340 5033 omnino,
1386 4981 1493 5021 non
1548 4965 1750 5032 divino,
1804 4964 2017 5035 spiritui

420 5060 711 5123 tribuenda
754 5061 949 5116 fuisset
992 5060 1299 5118 istiusmodi
1345 5060 1756 5130 interpretatio,
1801 5069 1859 5121 ut
1889 5074 2017 5130 pro-

422 5154 548 5213 inde
572 5155 689 5224 ejus
720 5168 910 5221 error,
942 5154 987 5210 si
1016 5154 1136 5225 quis
1157 5152 1351 5210 fuisset
1373 5193 1388 5221 ,
1417 5154 1755 5225 iniquissime
1785 5162 1933 5215 esset
1960 5153 2012 5209 in

424 5248 686 5321 Spiritum
708 5256 956 5307 sanctum
1000 5246 1338 5307 referendus.

501 5342 530 5416 ς
561 5341 890 5401 57.—ldem
919 5342 1233 5399 statuebant
1252 5351 1461 5401 veteres
1487 5342 1767 5401 christiani
1786 5341 1853 5397 de
1880 5342 2021 5403 seris

423 5436 531 5508 ptis
575 5451 792 5509 quoque
838 5434 1178 5515 prophetiis,
1232 5435 1405 5493 sicubi
1451 5435 1680 5492 fuissent
1734 5436 2017 5505 obscurat,

425 5531 527 5591 nisi
555 5530 747 5591 eodem
774 5546 882 5603 quo
906 5530 1121 5587 dictatm
1163 5529 1393 5587 fuissent
1433 5532 1625 5600 spiritu
1654 5530 1723 5586 de
1765 5545 1906 5588 novo
1937 5545 2025 5591 re-

429 5623 651 5683 velante
682 5626 991 5697 neutiquam
1019 5639 1143 5681 esse
1183 5633 1332 5680 certo
1363 5624 1761 5696 intelligendas.
1792 5624 1908 5683 Neu
1941 5634 2026 5685 est

429 5719 613 5791 itaque
642 5719 782 5789 quod
826 5718 1087 5781 miremur
1127 5728 1371 5779 veterum
1412 5718 1481 5778 de
1511 5718 1813 5790 propinquo
1843 5718 2029 5777 mundi

2117 4703 2215 4759 per
2259 4687 2561 4759 symbolae
2614 4685 2759 4743 bono
2810 4684 3002 4755 spiritu
3058 4684 3384 4747 constituta;
3418 4680 3513 4738 sed
3565 4679 3711 4751 quod

2115 4780 2279 4837 etiam
2309 4780 2530 4850 spiritus
2558 4778 2732 4848 ipsum
2759 4785 2905 4832 esset
2929 4775 3148 4832 unitatis
3177 4774 3230 4830 in
3257 4774 3444 4833 eadem
3467 4787 3715 4831 commu-

2118 4872 2279 4928 nione
2311 4870 2602 4927 vinculum.
2647 4868 2717 4925 Ut
2757 4870 2917 4939 igitur
2945 4882 3013 4929 ex
3041 4866 3131 4923 illa
3174 4866 3427 4923 exteriori
3467 4880 3717 4921 commu-

2122 4967 2284 5025 nione
2311 4974 2428 5021 erat
2456 4964 2525 5023 de
2547 4964 2757 5021 interna
2784 4963 2947 5019 etiam
2975 4960 3355 5017 communione
3379 4966 3712 5031 prtesumené-

2121 5063 2280 5130 dum,
2316 5063 2387 5118 ita
2433 5063 2595 5119 etiam
2625 5060 2949 5131 sequebatur
2988 5061 3077 5132 qui
3125 5058 3440 5116 eorumdem
3488 5059 3719 5117 fuissent

2122 5165 2589 5219 sacramentorum
2667 5155 2996 5225 participes,
3066 5151 3234 5209 fuisse
3304 5150 3465 5207 etiam
3514 5152 3717 5221 pariter

2124 5253 2282 5311 unius
2312 5249 2664 5322 ejusdemque
2686 5248 2909 5318 spiritus
2934 5246 3244 5318 participes.
3268 5244 3397 5298 Data
3425 5257 3554 5314 ergo
3575 5257 3717 5311 prae-

2125 5344 2441 5405 ternaturali
2499 5341 2678 5414 aliqua
2733 5340 3001 5406 motione,
3052 5352 3173 5408 quae
3218 5350 3318 5391 nec
3381 5352 3410 5388 a
3453 5348 3718 5404 corporeo

2124 5437 2306 5508 aliquo
2331 5434 2528 5493 effectu
2549 5478 2565 5502 ,
2606 5449 2706 5493 nec
2734 5449 2765 5494 a
2806 5430 3032 5493 naturali
3062 5427 3431 5484 entltusiasmo
3452 5424 3723 5497 proﬁcisci

2126 5538 2370 5601 poterat,
2407 5527 2502 5584 sed
2529 5537 2672 5583 esset
2702 5527 2863 5597 plane
2889 5525 2939 5576 in
2968 5521 3217 5591 spiritum
3257 5518 3490 5589 aliquem
3524 5515 3719 5572 confe-

2128 5624 2326 5691 renda;
2380 5623 2431 5682 id
2481 5623 2726 5694 inprimis
2764 5616 3174 5689 supponendnm
3215 5623 3354 5682 erat,
3391 5627 3500 5671 non
3553 5612 3718 5669 alium

2129 5732 2251 5774 esse
2290 5716 2440 5776 illum
2484 5716 2732 5787 spiritum
2775 5726 2935 5783 quam
2977 5710 3066 5781 qui
3099 5708 3152 5763 in
3206 5708 3428 5778 reliquis
3474 5705 3723 5776 ejusdem

433 5814 544 5879 fine
570 5804 1046 5878 Itallueinationes.
1079 5813 1187 5872 Nec
1235 5813 1379 5875 enim
1407 5812 1555 5877 illum
1601 5812 1820 5877 disertis
1849 5813 2033 5875 verbis
2132 5810 2527 5877 communionis
2572 5805 2827 5871 intembris
2852 5811 3188 5875 operaretur.
3216 5799 3293 5863 Ita
3322 5809 3470 5860 recte
3502 5798 3623 5869 Quis
3653 5814 3724 5856 ex
