3994 6318
276 289 345 347 ω
1399 285 1491 349 DE
1531 282 1915 347 VlSlONlBUS
1955 284 2428 353 PROPHETIOIS.
3506 298 3579 353 30

264 405 612 479 reliquorum
642 402 1009 465 membrorum
1038 403 1445 477 operationibus
1465 403 1579 463 sive
1605 405 1878 482 ὶνιργείαις
1905 407 1955 467 Α
1984 404 2141 463 video
2179 407 2325 478 quod
2362 405 2509 467 athei
2558 405 2803 467 hodierni
2848 407 2974 481 jure
3023 410 3234 482 possint
3280 410 3578 485 reprehen-

277 500 344 561 de
380 499 549 570 hujus
575 513 792 575 quoque
833 498 1061 557 membri
1116 500 1309 572 spiritu
1349 498 1595 572 judicare
1642 508 1873 568 poterat.

279 593 333 653 Si
363 594 546 657 bonus
572 590 764 656 fuisset
792 592 844 653 in
891 592 1042 661 aliis,
1074 592 1249 651 malus
1290 593 1474 664 utique
1522 593 1574 648 in
1624 593 1727 649 hoc
1756 606 1879 648 esse

276 701 386 747 non
433 684 628 756 potuit.
661 685 794 754 Quae
823 684 961 742 forte
1004 686 1233 745 deerant
1277 686 1334 745 in
1369 686 1473 743 hoc
1510 685 1754 741 membro
1793 700 1880 741 ar-

272 788 527 852 gumenta
566 778 761 850 quibus
799 777 1053 853 distingui
1114 786 1294 850 posset
1345 788 1604 835 utrumne
1657 777 1725 833 ad
1781 777 1880 832 bo-

280 893 476 943 norum
516 886 692 945 esset,
733 892 800 937 an
847 879 1026 949 potius
1058 879 1321 939 malorum
1363 894 1586 935 censum
1633 878 1877 937 referen-

283 971 421 1036 dus;
478 985 546 1028 ea
600 979 776 1029 tamen
828 971 881 1029 in
927 971 1048 1027 aliis
1094 972 1338 1043 ejusdem
1386 971 1632 1043 corporis
1663 971 1877 1043 mystici

281 1063 544 1123 membris
588 1079 698 1119 non
725 1063 968 1123 deerant.
1004 1065 1078 1121 Ita
1121 1066 1336 1125 tandem
1369 1080 1435 1121 eo
1478 1064 1876 1121 deveniendum

274 1167 394 1216 erat
453 1167 513 1215 ut
567 1157 750 1217 omnia
805 1173 1160 1230 quaecumque
1216 1159 1449 1217 aliorum
1508 1159 1875 1215 membrorum

274 1251 456 1321 dona,
490 1266 591 1308 uec
633 1250 772 1309 dona
813 1252 1014 1318 modo,
1066 1252 1163 1309 sed
1207 1262 1263 1309 et
1298 1264 1645 1323 argumenta,
1685 1252 1879 1323 quibus

277 1346 384 1407 ltoc
446 1346 623 1419 ipsum
678 1345 878 1403 donum
943 1346 997 1405 in
1046 1346 1168 1403 aliis
1212 1346 1619 1418 comprobatum
1667 1346 1874 1411 fuerat;

276 1456 335 1501 ea
366 1456 590 1512 quoque
613 1439 681 1497 ad
710 1439 871 1511 hujus
909 1442 1075 1501 etiam
1122 1442 1283 1501 ﬁdem
1340 1442 1622 1499 referenda
1655 1448 1872 1509 essent,

275 1545 569 1604 utcumque
598 1534 828 1605 propriis
859 1534 1054 1593 fuisset
1083 1537 1411 1606 argumentis
1440 1535 1781 1592 destitutum.

339 1627 370 1700 ᾗ
398 1628 495 1685 39.
513 1627 653 1683 --ld
681 1639 858 1684 tamen
877 1629 1038 1684 etiam
1058 1629 1403 1699 sequebatur,
1422 1630 1625 1687 nullum
1654 1643 1777 1686 esse
1798 1636 1874 1685 ta-

274 1721 404 1779 lium
435 1722 792 1783 obscurarum
823 1721 1231 1794 prophetiarnm
1260 1723 1363 1783 nisi
1392 1723 1444 1779 in
1475 1722 1732 1781 Ecclesia:
1758 1722 1875 1777 uni-

1981 500 2131 557 dere.

2055 594 2195 668 διο.
2224 625 2295 641 υ·-
2323 596 2400 653 De
2430 597 2732 655 visionibus
2764 607 2940 656 tamen
2971 598 3023 655 id
3044 598 3221 657 obiter
3239 601 3583 659 animadver-

1980 687 2232 755 tendum,
2259 690 2443 745 nescio
2471 705 2540 749 an
2564 690 2632 749 ab
2658 690 2779 746 aliis
2816 691 3250 749 animadversum
3276 736 3292 762 ,
3319 694 3579 765 juvenum

1983 781 2104 841 illas
2127 781 2291 840 fuisse
2313 784 2579 854 propr-ias.
2602 783 2659 839 Id
2681 799 2713 841 e
2759 784 3115 842 celeberrimo
3141 785 3237 841 illo
3264 786 3431 844 Joelis
3456 788 3580 845 loco

1980 874 2178 945 colligo
2214 893 2228 930 :
2261 874 2649 945 Prophetabunt
2668 878 2766 947 ﬁlii
2791 887 2839 932 et
2868 878 2992 948 ﬁlia
3016 889 3233 946 uestra;
3262 895 3407 935 senes
3428 880 3579 936 uestri

1981 967 2180 1023 somnia
2219 968 2574 1031 somniabunt,
2608 979 2656 1024 et
2676 971 2889 1041 juvenes
2917 971 3068 1025 vestri
3095 972 3311 1027 visiones
3338 972 3578 1027 videbunt

1986 1060 2157 1134 (Joel,
2187 1077 2259 1129 tt,
2298 1062 2423 1131 28).
2474 1062 2640 1119 Plane
2680 1063 2906 1119 senibus
2937 1064 3008 1121 ita
3049 1065 3256 1121 somnia
3302 1074 3573 1136 aptantur,

1980 1166 2038 1212 ut
2064 1157 2354 1227 juvenibus
2385 1158 2646 1215 visiones.
2696 1157 3007 1214 Vehemens
3057 1160 3312 1216 nimirum
3343 1160 3431 1215 illa
3478 1159 3579 1217 bu—
3683 1230 3688 1235 ν

1981 1264 2192 1311 morum
2246 1250 2468 1321 agitatio
2523 1264 2629 1306 non
2682 1260 2800 1306 erat
2855 1252 2957 1309 nisi
3025 1252 3079 1308 in
3153 1254 3331 1307 artatis
3395 1253 3579 1324 vigore

1980 1345 2287 1403 toleranda.
2329 1344 2594 1403 Maximus
2638 1345 2783 1401 enim
2834 1345 3153 1403 imminebat
3187 1346 3240 1401 in
3283 1346 3580 1403 visionibus

1979 1452 2010 1493 a
2040 1438 2171 1493 visis
2200 1447 2403 1502 terror,
2438 1454 2598 1510 quem
2642 1439 2936 1495 etiamnum
2979 1450 3184 1495 tantum
3229 1441 3581 1511 experiuntur

1978 1530 2068 1605 qui
2095 1545 2207 1589 rem
2254 1530 2455 1588 habent
2503 1546 2624 1589 cum
2659 1532 3157 1602 phantasmatibus,
3184 1544 3242 1589 ut
3280 1534 3479 1589 inacies
3513 1534 3580 1589 il-

1978 1624 2060 1688 los
2106 1637 2160 1683 et
2203 1627 2377 1698 pallor
2424 1639 2687 1700 occupet,
2720 1630 3029 1702 sensimque
3078 1632 3130 1687 in
3171 1632 3577 1690 vitiosissimam

1978 1719 2225 1790 corporis
2288 1720 2659 1783 habitudinem
2716 1725 2989 1795 conjiciat.
3056 1726 3282 1782 Accedit
3339 1736 3579 1801 κατοχῆς

270 1823 383 1873 tate
440 1814 775 1887 prasidium.
847 1814 917 1873 Ut
960 1816 1105 1871 enim
1150 1815 1260 1875 illa:
1313 1830 1413 1872 suo
1463 1816 1683 1875 nomine
1737 1813 1949 1891 nihilB
1979 1812 2147 1883 ipsius
2191 1814 2580 1875 violentissima
2625 1816 2911 1885 distortio,
2971 1818 3150 1874 vultus
3223 1830 3386 1886 trux,
3436 1819 3579 1876 oculi

267 1906 474 1971 habent
495 1948 512 1978 ,
559 1922 666 1980 quo
700 1908 1241 1975 commendarentur;
1270 1909 1342 1967 ita
1362 1951 1378 1975 ,
1409 1909 1608 1966 violata
1632 1908 1873 1975 unitate,

266 2001 404 2063 nihil
436 2001 506 2063 ad
535 2016 724 2061 earum
756 2002 916 2061 ﬁdem
951 2003 1216 2063 iaciebant
1241 2003 1542 2061 extrinseca
1572 2004 1723 2070 haec,
1755 2019 1875 2074 qua:

267 2096 377 2159 dixi
411 2137 430 2166 ,
481 2107 824 2168 argumenta.
856 2097 912 2155 Si
945 2113 1103 2169 quem
1143 2097 1306 2159 alium
1334 2098 1649 2168 prophetam
1682 2105 1872 2155 testem

267 2176 647 2256 adhibuisset,
681 2205 752 2249 ne
798 2190 916 2260 ipse
942 2190 1157 2261 quidem
1189 2191 1340 2251 testis
1364 2231 1379 2258 ,
1421 2198 1575 2247 extra
1614 2190 1872 2249 unitatem

270 2279 581 2341 habebatur
608 2280 860 2341 idoneus.
907 2280 1061 2350 Quod
1090 2296 1219 2339 vero
1258 2281 1486 2341 aliorum
1532 2280 1673 2336 dona
1699 2281 1874 2336 mani-

267 2370 696 2444 festationesque
723 2372 949 2438 attinet,
979 2373 1113 2433 nihil
1140 2374 1230 2431 illa
1269 2373 1336 2429 ad
1372 2372 1693 2446 prephetam
1719 2382 1872 2430 extra

266 2466 534 2527 unitatem
581 2466 908 2529 attinebant.
938 2467 1078 2538 Quin
1135 2468 1348 2540 potius,
1390 2483 1452 2524 ea
1496 2469 1610 2540 ipsa
1665 2467 1873 2524 ratione

266 2573 526 2635 suspecta
575 2572 729 2630 erat,
788 2578 856 2620 ex
914 2563 999 2623 his
1054 2565 1367 2635 principiis,
1417 2562 1672 2635 quatlibet
1719 2573 1872 2620 extra

263 2655 568 2715 Ecclesium
614 2656 937 2728 prepltetia,
981 2672 1012 2719 a
1046 2657 1189 2715 bono
1215 2656 1407 2730 spiritu
1449 2673 1571 2715 esse
1620 2669 1868 2730 propter-

263 2765 328 2811 ea
356 2766 473 2809 nou
505 2765 668 2822 posse
690 2752 834 2824 quod
871 2762 1017 2811 esset
1055 2764 1204 2810 extra
1237 2754 1522 2811 unitatem.
1559 2752 1695 2809 Cum
1725 2755 1870 2810 enim

263 2843 410 2905 Deus
449 2845 630 2903 media
682 2845 998 2903 conferendi
1045 2848 1269 2917 spiritus
1311 2848 1631 2907 instituisset
1684 2863 1869 2905 sacra-

261 2951 450 3001 menta
476 2984 493 3009 ,
546 2941 599 2997 id
632 2941 784 2999 illum
817 2944 1061 3000 voluisse
1091 2956 1316 3001 necesse
1353 2953 1471 2999 erat
1494 2984 1509 3009 ,
1551 2944 1641 3014 qui
1688 2943 1867 2999 media

258 3054 289 3095 a
332 3054 395 3096 se
441 3040 688 3097 instituta
736 3039 997 3096 adhibere
1044 3039 1212 3108 nolit,
1262 3055 1385 3096 eum
1429 3054 1531 3096 nec
1562 3038 1863 3107 beneﬁcia,

260 3148 357 3201 per
382 3132 478 3191 illa
508 3132 689 3189 media
720 3133 1039 3201 obtinenda,
1088 3144 1527 3190 consecuturum.
1580 3132 1634 3188 ld
1683 3134 1734 3188 ni
1765 3148 1863 3189 vo-

259 3227 484 3295 luisset,
514 3225 661 3282 nulla
705 3228 895 3284 luisset
926 3228 1225 3283 mediorum
1267 3227 1698 3284 adltibendornm
1729 3229 1865 3284 ohli-
1891 3217 1937 3280 C

258 3319 427 3391 gatio.
474 3318 550 3376 Et
591 3334 713 3375 cum
762 3320 857 3375 illa
905 3320 1081 3376 media
1112 3337 1139 3374 a
1173 3321 1285 3375 Deo
1319 3320 1595 3386 instituta,
1625 3336 1732 3377 non
1762 3322 1867 3379 alia

258 3413 370 3470 sint
413 3428 578 3484 quam
618 3414 841 3469 unitatis
867 3414 1110 3486 symbola
1142 3413 1232 3487 (in
1281 3430 1446 3470 unum
1477 3415 1622 3470 enim
1665 3430 1866 3485 corpus

258 3510 620 3580 baptisamur,
633 3507 809 3578 deque
826 3523 934 3567 uno
962 3509 1055 3563 illo
1075 3523 1212 3579 pane
1229 3508 1609 3579 participantes
1628 3510 1680 3565 itt
1700 3523 1865 3564 unum

257 3615 465 3672 corpus
510 3599 902 3670 coalescimus)
957 3594 1303 3657 id‘innuisse
1357 3600 1573 3656 videtur
1621 3601 1762 3657 nolle
1805 3616 1865 3658 se

257 3692 378 3753 aliis
394 3694 649 3765 spiritum
668 3708 826 3749 suum
848 3692 1097 3749 conferre
1113 3694 1215 3750 nisi
1234 3693 1286 3749 in
1310 3693 1517 3750 unitate
1532 3692 1858 3751 constitutis.

258 3786 566 3860 Utcumque
594 3787 647 3844 id
674 3797 882 3847 eertum
902 3830 916 3854 ,
949 3788 1018 3843 de
1049 3786 1190 3844 iacto
1212 3787 1357 3843 illam
1385 3787 1685 3845 obtinuisse
1721 3788 1861 3859 apud

255 3890 474 3939 veteres
510 3881 836 3939 sententiam
860 3921 876 3946 ,
910 3895 1018 3936 non
1068 3880 1300 3937 aliorum
1323 3894 1444 3937 esse
1475 3880 1567 3937 Dei
1602 3880 1859 3950 Spiritum

252 3990 418 4047 quam
447 3975 744 4032 unitorum.
792 3974 869 4030 Ita
920 3974 973 4031 itt
1003 3974 1106 4030 hoc
1155 3975 1271 4044 ipso
1296 3973 1559 4031 donorum
1607 3975 1859 4044 spiritua-

251 4069 385 4126 lium
448 4077 769 4140 argumento
821 4068 1099 4136 inferunt,
1141 4084 1265 4125 cum
1317 4070 1407 4139 qui
1463 4068 1517 4124 in
1560 4070 1857 4127 non-unitis

250 4171 506 4219 versatur
549 4164 799 4235 spiritum
833 4178 937 4218 non
964 4177 1087 4219 esse
1133 4162 1286 4218 illum
1320 4161 1413 4217 Dei
1456 4160 1715 4231 Spiritum
1758 4162 1848 4233 qui

252 4257 482 4313 unitatis
534 4265 618 4313 est
678 4257 977 4314 vinculum.
1020 4257 1112 4312 Illa
1143 4257 1257 4328 ipsa
1299 4257 1506 4312 ratione
1538 4255 1855 4327 Apostolttm

248 4367 413 4408 usum
441 4351 854 4407 observavimus
896 4352 949 4406 in
992 4351 1228 4407 secunda
1257 4360 1442 4406 nostra
1469 4350 1538 4406 de
1563 4350 1855 4408 schismate

246 4457 409 4518 parte
440 4446 682 4503 nondum
721 4446 885 4502 edita.
920 4445 1248 4516 Baptistntnn
1268 4486 1283 4513 ,
1314 4462 1420 4518 quo
1446 4447 1680 4518 Spiritus
1724 4462 1853 4503 con-

244 4538 449 4606 iertur,
509 4540 936 4610 regenerationis
986 4540 1260 4596 lavacrum
1312 4541 1604 4611 appellant.
1657 4541 1853 4612 Ecquis

242 4633 464 4690 dubitet
488 4634 691 4688 nullum
744 4647 866 4689 esse
893 4634 946 4688 in
992 4650 1098 4695 non
1140 4634 1340 4691 renatis
1386 4634 1684 4705 spiritualis
1734 4625 1935 4690 vitmD

246 4728 623 4801 principium?
670 4726 811 4797 Quin
857 4728 1191 4785 exorcismos
1244 4729 1582 4800 baptizandis
1626 4728 1851 4787 adhibe-

243 4823 375 4880 bant
418 4823 584 4895 paulo
627 4823 998 4890 recentiores,
1029 4821 1081 4877 id
1124 4823 1284 4894 plane
1325 4837 1514 4879 rursus
1563 4824 1851 4879 innuentes

242 4918 298 4975 in
331 4933 446 4975 non
474 4917 646 4973 unitis
672 4916 925 4988 spiritum
966 4930 1088 4971 esse
1136 4916 1296 4986 plane
1336 4915 1680 4973 diabolicum.
1723 4916 1851 4973 Haec

245 5010 459 5067 utinam
489 5024 677 5066 secum
723 5010 867 5065 serio
906 5008 1242 5080 perpendant
1277 5009 1368 5081 qui
1403 5009 1563 5065 hodie
1609 5009 1680 5065 ita
1726 5024 1851 5069 sen-

240 5105 385 5160 tiunt
432 5103 723 5175 magniﬁce
775 5102 844 5158 de
880 5117 981 5158 suo
1027 5111 1181 5159 extra
1224 5103 1486 5158 unitatem
1532 5102 1747 5175 spiritu.
1793 5103 1850 5159 Id

239 5199 438 5255 saltem
506 5197 753 5252 viderent
824 5211 930 5252 non
991 5212 1114 5253 esse
1180 5196 1327 5252 illam
1389 5211 1511 5252 cum
1577 5196 1846 5267 primavis

240 5289 561 5346 cbristianis
603 5287 919 5344 afﬁnitatem
950 5304 1109 5359 quam
1140 5298 1421 5354 tantOpere
1462 5289 1667 5358 iactant
1709 5304 1844 5344 ven-

238 5382 566 5455 ditantque,
618 5383 670 5437 in
700 5383 814 5438 suis
857 5383 966 5439 illis
1006 5382 1074 5438 de
1128 5382 1318 5450 spiritu
1348 5383 1714 5453 praetextibus.
1745 5383 1847 5451 Qui

239 5477 367 5533 aliis
414 5484 638 5532 utuntur
666 5492 826 5547 quam
872 5490 902 5531 a
935 5477 1046 5532 Deo
1088 5476 1356 5532 institutis
1388 5477 1621 5548 Spiritus
1662 5478 1846 5534 conie-

238 5569 398 5626 rendi
422 5569 637 5635 mediis,
659 5569 823 5625 alium
854 5569 963 5624 illis
989 5585 1110 5625 esse
1129 5585 1287 5641 quam
1312 5570 1549 5625 divinum
1582 5570 1841 5642 Spiritum

235 5662 386 5734 justa
436 5671 521 5719 est
572 5663 843 5733 suspicio,
912 5662 1291 5719 deﬁcientibus
1336 5666 1636 5733 praesertim
1696 5665 1838 5733 illis,

240 5773 369 5829 qua:
387 5758 520 5825 disi,
539 5758 869 5830 argumentis
889 5757 988 5830 ipsi
1009 5760 1306 5830 prophetico
1328 5759 1650 5814 intrinsecis.
1669 5761 1842 5830 Atque

244 5848 368 5908 inec
393 5849 459 5908 de
497 5859 741 5910 veterum
772 5849 1179 5923 prophetiarum
1229 5848 1368 5922 ﬁde;
1401 5849 1679 5921 inquibus
1702 5851 1839 5910 nihil

1979 1906 2268 1976 ardentes,
2322 1925 2417 1965 ora
2464 1912 2812 1981 spumantia,
2859 1914 3236 1985 palpitantium
3294 1923 3575 1985 pectorum

1977 2001 2328 2070 gravissimus
2356 2003 2648 2061 anhelitus.
2680 2005 2755 2062 lta
2785 2019 2845 2065 se
2875 2006 3094 2077 quidem
3125 2006 3315 2062 habuit
3359 2006 3413 2063 in
3444 2022 3575 2078 gen-

1978 2092 2111 2155 tium
2164 2095 2481 2165 prephetis,
2553 2108 2614 2153 ut
2661 2098 2954 2168 Tripodem
3020 2100 3341 2156 lnvitissima
3389 2115 3577 2159 acces-

1977 2184 2110 2245 serit
2153 2186 2295 2258 apud
2336 2187 2613 2251 Lucanum
2664 2190 2899 2262 Pythia,
2953 2201 3008 2251 et
3054 2193 3329 2249 nonnullae
3378 2192 3577 2251 fuerint

1976 2278 2091 2348 ipsa
2119 2280 2429 2350 agitationis
2455 2283 2712 2340 violentia
2741 2285 3014 2341 extincttn.
3041 2285 3117 2343 Ita
3136 2286 3281 2344 enim
3325 2286 3575 2345 Lucanus

1976 2371 2135 2444 (Bell.
2166 2375 2261 2435 ciu.
2287 2416 2302 2443 ,
2335 2375 2424 2433 lib.
2455 2392 2509 2446 v,
2530 2392 2580 2433 υ.
2611 2377 2739 2450 H6)
2774 2394 2788 2432 :

2125 2572 2141 2583 ν
2158 2511 2294 2583 Nam
2305 2513 2345 2562 si
2370 2527 2464 2578 qua
2492 2511 2631 2565 Deus
2644 2516 2737 2565 sub
2760 2523 2959 2583 pectora
2981 2515 3136 2575 venit,

2098 2572 2429 2645 lfuiniuisatit
2454 2590 2597 2645 pcena
2621 2585 2699 2629 est
2721 2572 3135 2645 m'orsimmatura
3147 2581 3357 2645 recepti,

2097 2635 2197 2691 Aut
2216 2641 2428 2704 pretium
2454 2635 2469 2688 Ξ
2495 2643 2678 2753 quippe
2702 2642 2897 2753 stiuiullo
2921 2643 3172 2753 ΠυθιυἙιθ
3198 2635 3373 2703 turbnt

2097 2699 2370 2753 Compages
2387 2703 2594 2753 humana
2636 2706 2765 2753 abat.
2790 2719 2850 2753 nu
2872 2720 3057 2753 susoue
3130 2720 3301 2753 eorum

2097 2699 2370 2771 gont'pages
2387 2699 2594 2771 humana
2618 2699 2765 2771 labat,
2790 2699 3057 2771 pulsusque
3082 2699 3301 2763 Deorum

2098 2762 2391 2817 Concutiunt
2409 2765 2614 2829 fragiles
2634 2762 2837 2819 animas.

2044 2889 2113 2945 Et
2151 2889 2394 2948 Valerius
2432 2893 2695 2950 Maximus
2724 2895 2791 2951 de
2837 2896 3090 2971 delpltico
3121 2899 3376 2957 oraculo:
3403 2918 3423 2958 t
3453 2899 3569 2961 Un-

1972 2981 2041 3039 dc
2094 2999 2153 3039 ut
2211 2995 2375 3041 cerne
2436 2988 2844 3044 consulentibus
2915 3000 3089 3053 sortes
3149 3002 3440 3071 petuntur,
3496 2993 3573 3055 ita

1971 3079 2169 3135 nimius
2214 3079 2380 3136 divini
2427 3081 2658 3153 Spiritus
2702 3086 2924 3143 haustus
2954 3084 3309 3151 reddentibus
3341 3086 3569 3159 pestifer

1970 3173 2151 3228 existit
2195 3172 2346 3253 (Lib.
2385 3191 2439 3242 ι,
2494 3193 2539 3230 c.
2583 3176 2647 3239 8,
2706 3176 2921 3253 Exemp.
2977 3197 3107 3241 ram.
3147 3180 3281 3250 10).
3319 3202 3338 3237 s
3387 3182 3572 3256 Longe

1974 3266 2223 3334 equidem
2285 3268 2577 3325 violentior
2622 3282 2737 3326 erat
2790 3272 3418 3349 pseudo-prophetarum
3470 3290 3567 3331 en-

1975 3359 2469 3434 thusiastarumque
2511 3372 2720 3437 motus,
2768 3374 2827 3418 ut
2876 3364 2978 3423 hoc
3027 3368 3145 3445 ipso
3193 3367 3448 3431 catholici
3480 3384 3570 3425 ve-

1970 3470 2062 3511 ros
2107 3472 2136 3511 a
2182 3459 2629 3517 montanistarum
2671 3460 2778 3517 illis
2823 3461 3233 3533 distinguendae
3277 3478 3397 3529 esse
3436 3478 3568 3520 00n-

1969 3551 2193 3611 suerint.
2251 3551 2407 3609 Nulla
2466 3564 2586 3608 erat
2654 3555 2706 3609 in
2767 3555 2910 3617 veris
2962 3556 3241 3626 prophetis
3313 3556 3562 3626 insania,

1968 3642 2112 3697 nulla
2182 3655 2417 3727 κατοχῆς
2487 3646 2579 3703 illa
2652 3656 2757 3702 tam
2823 3646 3119 3713 vehemens
3166 3648 3405 3723 jactatio.
3454 3647 3568 3709 Sibi

1968 3735 2099 3805 ipsis
2124 3739 2444 3795 constabant
2491 3739 2668 3810 potius
2689 3783 2704 3811 ,
2735 3742 3026 3817 prudentes
3052 3742 3395 3817 Scientesque
3425 3757 3565 3817 prtu-

1966 3826 2192 3885 dicenda
2224 3830 2590 3903 proferebant.
2624 3834 2751 3889 Erat
2785 3843 2963 3895 tamen
2992 3835 3231 3899 visorum
3261 3844 3438 3895 terror
3466 3835 3566 3891 ltu-

1967 3939 2144 3981 manae
2201 3937 2410 3982 natura:
2475 3927 2753 4003 lragilitati
2813 3927 3036 3989 difﬁcile
3092 3928 3370 3987 ferendus.
3414 3926 3562 3983 Hor-

1968 4018 2070 4072 ruit
2101 4016 2306 4077 Danieli
2330 4022 2545 4091 spiritus
2587 4020 2777 4093 (Dan.,
2807 4038 2901 4089 vn,
2933 4020 3039 4098 15)
3078 4038 3091 4076 :
3121 4023 3380 4095 collapsus
3405 4031 3477 4078 est
3506 4021 3563 4077 in

1962 4120 2149 4166 terram
2191 4113 2350 4184 (vnt,
2405 4113 2539 4189 l9);
2589 4130 2693 4169 non
2736 4115 3057 4175 remansitin
3082 4131 3140 4169 eo
3171 4113 3563 4187 fortitudo,sed

1962 4213 2009 4259 et
2038 4206 2229 4277 species
2273 4207 2383 4279 ejus
2430 4206 2697 4262 immutata
2737 4216 2809 4267 est
2840 4209 2893 4263 in
2944 4223 3039 4273 eo,
3073 4218 3119 4264 et
3144 4209 3427 4277 emarcuit,
3469 4223 3561 4265 nec

1961 4296 2135 4355 habuit
2175 4301 2447 4375 quicquam
2484 4300 2667 4354 virium
2701 4301 2757 4379 (κ
2782 4344 2797 4369 ,
2824 4300 2932 4373 8);
2972 4302 3141 4373 jacuit
3195 4310 3553 4356 consternatus

1957 4408 2113 4463 super
2129 4393 2309 4465 faciem
2334 4409 2477 4453 suam
2495 4404 2540 4448 et
2564 4392 2729 4448 vultus
2747 4395 2857 4468 ejus
2872 4393 3090 4455 hauebat
3109 4391 3320 4468 terer
3325 4394 3429 4451 bid.
3442 4434 3457 4460 ,
3476 4389 3560 4467 9);

1958 4487 2095 4541 stetit
2124 4497 2338 4542 tremens
2369 4486 2583 4565 (Ibid.,
2622 4489 2762 4560 ll);
2804 4489 2855 4547 in
2900 4489 3090 4547 visions
3132 4487 3393 4547 dissoluta?
3441 4494 3559 4545 sunt

1966 4598 2237 4655 compages
2280 4586 2430 4658 ejus,
2478 4594 2523 4639 et
2567 4583 2697 4638 nihil
2746 4584 2801 4641 in
2849 4600 2908 4638 eo
2952 4582 3195 4639 remansit
3231 4582 3437 4649 virium,
3467 4581 3557 4637 sed

1959 4688 2006 4732 et
2035 4678 2238 4733 habitus
2282 4680 2391 4750 ejus
2436 4680 2741 4739 interclusus
2766 4687 2839 4734 est
2875 4675 3208 4750 (Ibid.,l7).
3249 4674 3359 4733 Nec
3407 4673 3545 4730 alius

1958 4786 2118 4843 quam
2165 4771 2387 4830 visionis
2417 4772 2745 4845 proplteticm
2776 4781 2950 4831 terror
2994 4770 3047 4826 in
3096 4768 3234 4826 Jobo
3264 4767 3434 4842 (Jab.,
3466 4781 3546 4837 tv,

1958 4866 2060 4933 15,
2092 4864 2182 4940 id)
2208 4864 2563 4931 describitur,
2596 4877 2650 4922 et
2676 4866 2727 4921 in
2762 4866 3069 4925 Abraltamo
3113 4862 3262 4937 (Gen.
3303 4877 3396 4933 xv,
3428 4860 3547 4933 12).

1955 4957 2071 5017 Non
2099 4968 2184 5016 est
2212 4960 2389 5033 itaque
2417 4959 2559 5032 quod
2604 4960 2863 5021 miremur
2906 4960 3196 5031 juvenibus
3238 4957 3353 5013 haec
3389 4970 3549 5029 quam

1954 5052 2173 5109 senibus
2229 5052 2397 5109 fuisse
2453 5053 2837 5113 tolerabiliora.
2895 5052 3131 5113 Proinde
3192 5052 3353 5111 etiam
3401 5048 3545 5121 apud

1951 5144 2199 5203 etlnticos
2250 5145 2489 5201 Tiresias
2542 5145 2800 5221 juvenum
2843 5160 2965 5202 esse
2994 5150 3227 5220 κατοχὴν
3262 5144 3439 5201 docet.
3472 5139 3547 5196 ita

1951 5240 2096 5299 enim
2135 5239 2276 5317 apud
2321 5240 2582 5299 Senecam
2624 5241 2715 5299 ille
2752 5239 3000 5315 (CEdip.,
3042 5256 3095 5305 υ,
3140 5239 3291 5317 29);

2324 5378 2379 5430 Si
2398 5377 2527 5430 foret
2551 5378 2715 5429 viridis
2736 5379 2926 5430 mihi....

2077 5440 2368 5506 Calidusque
2391 5442 2609 5503 sanguis,
2637 5450 2840 5505 pectore
2864 5448 3153 5492 excuterem
3176 5437 3354 5488 Deum.

1952 5569 2256 5643 Cyprianus
2297 5578 2482 5625 noster
2509 5584 2632 5624 cum
2682 5567 3021 5623 distinxisset
3048 5565 3286 5619 visiones
3316 5572 3539 5621 noctur-

1948 5681 2043 5721 nas
2064 5707 2079 5732 ,
2108 5680 2229 5736 qum
2270 5673 2397 5720 sunt
2434 5663 2501 5719 ad
2541 5678 2730 5719 senum
2772 5664 2950 5731 potius
2978 5660 3188 5714 somnia
3220 5657 3538 5727 referenda,

1947 5776 1974 5813 a
2034 5758 2247 5814 diurnis
2302 5738 2632 5830 pr0pltetiis,
2701 5753 2974 5810 innocenti
3044 5768 3331 5825 puerorum
3397 5754 3541 5808 tutati

1946 5854 2110 5913 hasce
2155 5850 2342 5909 tribuit
2404 5850 2597 5924 (Epist.
2644 5843 2717 5919 ι)
2766 5864 2784 5903 :
2837 5851 3072 5919 κατοχὴν
3125 5845 3415 5913 nimirum,
3478 5843 3533 5900 id
