  <div class='ocr_page' id='page_1' title='image "/cluster/home/n/w/nwhite01/storage/ocr_20150623/5/hvd.32044015466758/021.png"; bbox 0 0 3994 6318; ppageno 0'>
   <div class='ocr_carea' id='block_1_1' title="bbox 383 227 3672 299">
    <p class='ocr_par' dir='ltr' id='par_1_1' title="bbox 383 227 3672 299">
     <span class='ocr_line' id='line_1_1' title="bbox 383 227 3672 299; baseline -0.004 -2"><span class='ocrx_word' id='word_1_1' title='bbox 383 245 448 299; x_wconf 72' lang='grc'><strong>51</strong></span> <span class='ocrx_word' id='word_1_2' title='bbox 1336 234 1700 296; x_wconf 80' lang='lat' dir='ltr'><strong>DODWELLI</strong></span> <span class='ocrx_word' id='word_1_3' title='bbox 1744 234 2195 295; x_wconf 80' lang='lat' dir='ltr'><strong>DISSERTATIO</strong></span> <span class='ocrx_word' id='word_1_4' title='bbox 2232 234 2646 294; x_wconf 79' lang='lat' dir='ltr'><strong>CYPRIANICA</strong></span> <span class='ocrx_word' id='word_1_5' title='bbox 3603 227 3672 289; x_wconf 74' lang='lat'><strong>&#39;59.</strong></span> 
     </span>
    </p>
   </div>
   <div class='ocr_carea' id='block_1_2' title="bbox 382 351 3676 429">
    <p class='ocr_par' dir='ltr' id='par_1_2' title="bbox 382 351 3676 429">
     <span class='ocr_line' id='line_1_2' title="bbox 382 351 3676 429; baseline -0.003 -11"><span class='ocrx_word' id='word_1_6' title='bbox 382 361 528 418; x_wconf 89' lang='lat' dir='ltr'><strong>enim</strong></span> <span class='ocrx_word' id='word_1_7' title='bbox 574 361 803 417; x_wconf 91' lang='lat' dir='ltr'><strong>innuunt</strong></span> <span class='ocrx_word' id='word_1_8' title='bbox 851 359 968 429; x_wconf 89' lang='lat' dir='ltr'><strong>ejus</strong></span> <span class='ocrx_word' id='word_1_9' title='bbox 1016 357 1178 412; x_wconf 89' lang='lat' dir='ltr'><strong>verba</strong></span> <span class='ocrx_word' id='word_1_10' title='bbox 1236 357 1482 426; x_wconf 85' lang='lat' dir='ltr'><strong>superius</strong></span> <span class='ocrx_word' id='word_1_11' title='bbox 1520 357 1820 424; x_wconf 81' lang='lat' dir='ltr'><strong>exscripta,</strong></span> <span class='ocrx_word' id='word_1_12' title='bbox 1850 356 1970 427; x_wconf 87' lang='lat' dir='ltr'><strong>Spi-</strong></span> <span class='ocrx_word' id='word_1_13' title='bbox 2004 357 2049 415; x_wconf 88' lang='lat' dir='ltr'><strong>A</strong></span> <span class='ocrx_word' id='word_1_14' title='bbox 2079 369 2201 411; x_wconf 90' lang='lat' dir='ltr'><strong>esse</strong></span> <span class='ocrx_word' id='word_1_15' title='bbox 2265 354 2498 421; x_wconf 85' lang='lat' dir='ltr'><strong>dicitur,</strong></span> <span class='ocrx_word' id='word_1_16' title='bbox 2548 369 2614 410; x_wconf 89' lang='lat' dir='ltr'><strong>ne</strong></span> <span class='ocrx_word' id='word_1_17' title='bbox 2684 353 2828 410; x_wconf 89' lang='lat' dir='ltr'><strong>illius</strong></span> <span class='ocrx_word' id='word_1_18' title='bbox 2894 353 3098 425; x_wconf 91' lang='lat' dir='ltr'><strong>impetu</strong></span> <span class='ocrx_word' id='word_1_19' title='bbox 3171 352 3286 408; x_wconf 75' lang='lat' dir='ltr'><strong>lnrc</strong></span> <span class='ocrx_word' id='word_1_20' title='bbox 3347 351 3459 409; x_wconf 83' lang='lat' dir='ltr'><strong>fieri</strong></span> <span class='ocrx_word' id='word_1_21' title='bbox 3527 351 3676 408; x_wconf 88' lang='lat' dir='ltr'><strong>dicc-</strong></span> 
     </span>
    </p>
   </div>
   <div class='ocr_carea' id='block_1_3' title="bbox 386 449 1983 522">
    <p class='ocr_par' dir='ltr' id='par_1_3' title="bbox 386 449 1983 522">
     <span class='ocr_line' id='line_1_3' title="bbox 386 449 1983 522; baseline -0.004 -12"><span class='ocrx_word' id='word_1_22' title='bbox 386 453 493 510; x_wconf 87' lang='lat' dir='ltr'><strong>ritu</strong></span> <span class='ocrx_word' id='word_1_23' title='bbox 540 465 730 510; x_wconf 91' lang='lat' dir='ltr'><strong>sancto</strong></span> <span class='ocrx_word' id='word_1_24' title='bbox 801 449 1048 522; x_wconf 91' lang='lat' dir='ltr'><strong>impleri,</strong></span> <span class='ocrx_word' id='word_1_25' title='bbox 1106 459 1426 518; x_wconf 86' lang='lat' dir='ltr'><strong>raptumque</strong></span> <span class='ocrx_word' id='word_1_26' title='bbox 1480 465 1508 504; x_wconf 89' lang='lat' dir='ltr'><strong>a</strong></span> <span class='ocrx_word' id='word_1_27' title='bbox 1563 449 1844 515; x_wconf 79' lang='lat' dir='ltr'><strong>sensibus,</strong></span> <span class='ocrx_word' id='word_1_28' title='bbox 1897 450 1983 516; x_wconf 93' lang='lat' dir='ltr'><strong>qni</strong></span> 
     </span>
    </p>
   </div>
   <div class='ocr_carea' id='block_1_4' title="bbox 386 541 1986 610">
    <p class='ocr_par' dir='ltr' id='par_1_4' title="bbox 386 541 1986 610">
     <span class='ocr_line' id='line_1_4' title="bbox 386 541 1986 610; baseline -0.004 -7"><span class='ocrx_word' id='word_1_29' title='bbox 386 546 442 604; x_wconf 94' lang='lat' dir='ltr'><strong>in</strong></span> <span class='ocrx_word' id='word_1_30' title='bbox 491 547 598 602; x_wconf 88' lang='lat' dir='ltr'><strong>illis</strong></span> <span class='ocrx_word' id='word_1_31' title='bbox 649 545 910 601; x_wconf 66' lang='lat' dir='ltr'><strong>Ecclesiae</strong></span> <span class='ocrx_word' id='word_1_32' title='bbox 967 551 1157 598; x_wconf 90' lang='lat' dir='ltr'><strong>contra</strong></span> <span class='ocrx_word' id='word_1_33' title='bbox 1213 542 1566 597; x_wconf 88' lang='lat' dir='ltr'><strong>montanistas</strong></span> <span class='ocrx_word' id='word_1_34' title='bbox 1609 541 1986 610; x_wconf 72' lang='grc' dir='ltr'><strong>ἀὶευυιειιίοηί-</strong></span> 
     </span>
    </p>
   </div>
   <div class='ocr_carea' id='block_1_5' title="bbox 387 633 1987 707">
    <p class='ocr_par' dir='ltr' id='par_1_5' title="bbox 387 633 1987 707">
     <span class='ocr_line' id='line_1_5' title="bbox 387 633 1987 707; baseline -0.003 -12"><span class='ocrx_word' id='word_1_35' title='bbox 387 637 527 706; x_wconf 85' lang='lat' dir='ltr'><strong>bus,</strong></span> <span class='ocrx_word' id='word_1_36' title='bbox 575 637 774 695; x_wconf 77' lang='lat' dir='ltr'><strong>extasis</strong></span> <span class='ocrx_word' id='word_1_37' title='bbox 827 636 1150 706; x_wconf 74' lang='lat' dir='ltr'><strong>appellatur.</strong></span> <span class='ocrx_word' id='word_1_38' title='bbox 1201 634 1268 689; x_wconf 92' lang='lat' dir='ltr'><strong>Ut</strong></span> <span class='ocrx_word' id='word_1_39' title='bbox 1318 635 1477 705; x_wconf 86' lang='lat' dir='ltr'><strong>igitur</strong></span> <span class='ocrx_word' id='word_1_40' title='bbox 1520 633 1793 707; x_wconf 81' lang='lat' dir='ltr'><strong>Cypriano</strong></span> <span class='ocrx_word' id='word_1_41' title='bbox 1843 649 1987 690; x_wconf 81' lang='lat' dir='ltr'><strong>Som-</strong></span> 
     </span>
    </p>
   </div>
   <div class='ocr_carea' id='block_1_6' title="bbox 390 727 1986 798">
    <p class='ocr_par' dir='ltr' id='par_1_6' title="bbox 390 727 1986 798">
     <span class='ocr_line' id='line_1_6' title="bbox 390 727 1986 798; baseline -0.003 -11"><span class='ocrx_word' id='word_1_42' title='bbox 390 732 479 787; x_wconf 90' lang='lat' dir='ltr'><strong>nia</strong></span> <span class='ocrx_word' id='word_1_43' title='bbox 509 730 611 787; x_wconf 89' lang='lat' dir='ltr'><strong>sub</strong></span> <span class='ocrx_word' id='word_1_44' title='bbox 643 730 764 784; x_wconf 62' lang='lat' dir='ltr'><strong>vitae</strong></span> <span class='ocrx_word' id='word_1_45' title='bbox 795 729 956 784; x_wconf 83' lang='lat' dir='ltr'><strong>linem</strong></span> <span class='ocrx_word' id='word_1_46' title='bbox 988 727 1202 798; x_wconf 83' lang='lat' dir='ltr'><strong>objecta</strong></span> <span class='ocrx_word' id='word_1_47' title='bbox 1229 741 1348 782; x_wconf 88' lang='lat' dir='ltr'><strong>esse</strong></span> <span class='ocrx_word' id='word_1_48' title='bbox 1375 728 1633 793; x_wconf 77' lang='lat' dir='ltr'><strong>discimus</strong></span> <span class='ocrx_word' id='word_1_49' title='bbox 1656 742 1720 783; x_wconf 75' lang='lat' dir='ltr'><strong>ex</strong></span> <span class='ocrx_word' id='word_1_50' title='bbox 1754 729 1946 783; x_wconf 92' lang='lat' dir='ltr'><strong>Pontio</strong></span> <span class='ocrx_word' id='word_1_51' title='bbox 1971 770 1986 794; x_wconf 92' lang='lat'><strong>,</strong></span> 
     </span>
    </p>
   </div>
   <div class='ocr_carea' id='block_1_7' title="bbox 390 819 1988 892">
    <p class='ocr_par' dir='ltr' id='par_1_7' title="bbox 390 819 1988 892">
     <span class='ocr_line' id='line_1_7' title="bbox 390 819 1988 892; baseline 0 -15"><span class='ocrx_word' id='word_1_52' title='bbox 390 822 463 878; x_wconf 89' lang='lat' dir='ltr'><strong>ita</strong></span> <span class='ocrx_word' id='word_1_53' title='bbox 505 823 550 878; x_wconf 89' lang='lat' dir='ltr'><strong>si</strong></span> <span class='ocrx_word' id='word_1_54' title='bbox 595 821 842 886; x_wconf 90' lang='lat' dir='ltr'><strong>illarum,</strong></span> <span class='ocrx_word' id='word_1_55' title='bbox 892 835 1116 891; x_wconf 90' lang='lat' dir='ltr'><strong>quarum</strong></span> <span class='ocrx_word' id='word_1_56' title='bbox 1157 819 1426 874; x_wconf 80' lang='lat' dir='ltr'><strong>meminit.</strong></span> <span class='ocrx_word' id='word_1_57' title='bbox 1477 820 1741 876; x_wconf 83' lang='lat' dir='ltr'><strong>visionum</strong></span> <span class='ocrx_word' id='word_1_58' title='bbox 1795 822 1988 892; x_wconf 75' lang='lat' dir='ltr'><strong>aliqua:</strong></span> 
     </span>
    </p>
   </div>
   <div class='ocr_carea' id='block_1_8' title="bbox 392 914 1991 986">
    <p class='ocr_par' dir='ltr' id='par_1_8' title="bbox 392 914 1991 986">
     <span class='ocr_line' id='line_1_8' title="bbox 392 914 1991 986; baseline -0.001 -16"><span class='ocrx_word' id='word_1_59' title='bbox 392 915 494 986; x_wconf 90' lang='lat' dir='ltr'><strong>ipsi</strong></span> <span class='ocrx_word' id='word_1_60' title='bbox 551 914 805 984; x_wconf 73' lang='lat' dir='ltr'><strong>revelata:</strong></span> <span class='ocrx_word' id='word_1_61' title='bbox 854 914 1084 980; x_wconf 90' lang='lat' dir='ltr'><strong>fuerint,</strong></span> <span class='ocrx_word' id='word_1_62' title='bbox 1129 922 1385 984; x_wconf 89' lang='lat' dir='ltr'><strong>sequetur</strong></span> <span class='ocrx_word' id='word_1_63' title='bbox 1427 914 1584 984; x_wconf 87' lang='lat' dir='ltr'><strong>paulo</strong></span> <span class='ocrx_word' id='word_1_64' title='bbox 1637 923 1756 985; x_wconf 84' lang='lat' dir='ltr'><strong>post</strong></span> <span class='ocrx_word' id='word_1_65' title='bbox 1799 915 1991 984; x_wconf 86' lang='lat' dir='ltr'><strong>juven-</strong></span> 
     </span>
    </p>
   </div>
   <div class='ocr_carea' id='block_1_9' title="bbox 395 1007 1988 1078">
    <p class='ocr_par' dir='ltr' id='par_1_9' title="bbox 395 1007 1988 1078">
     <span class='ocr_line' id='line_1_9' title="bbox 395 1007 1988 1078; baseline 0.001 -15"><span class='ocrx_word' id='word_1_66' title='bbox 395 1014 564 1063; x_wconf 91' lang='lat' dir='ltr'><strong>tutem</strong></span> <span class='ocrx_word' id='word_1_67' title='bbox 586 1049 602 1073; x_wconf 93' lang='lat'><strong>,</strong></span> <span class='ocrx_word' id='word_1_68' title='bbox 631 1016 886 1078; x_wconf 80' lang='lat' dir='ltr'><strong>vergente</strong></span> <span class='ocrx_word' id='word_1_69' title='bbox 928 1007 1035 1076; x_wconf 89' lang='lat' dir='ltr'><strong>jam</strong></span> <span class='ocrx_word' id='word_1_70' title='bbox 1070 1007 1122 1061; x_wconf 90' lang='lat' dir='ltr'><strong>in</strong></span> <span class='ocrx_word' id='word_1_71' title='bbox 1154 1007 1362 1062; x_wconf 91' lang='lat' dir='ltr'><strong>senium</strong></span> <span class='ocrx_word' id='word_1_72' title='bbox 1395 1017 1554 1061; x_wconf 85' lang='lat' dir='ltr'><strong>aetate</strong></span> <span class='ocrx_word' id='word_1_73' title='bbox 1586 1021 1802 1078; x_wconf 89' lang='lat' dir='ltr'><strong>passum</strong></span> <span class='ocrx_word' id='word_1_74' title='bbox 1835 1022 1988 1076; x_wconf 91' lang='lat' dir='ltr'><strong>esse,</strong></span> 
     </span>
    </p>
   </div>
   <div class='ocr_carea' id='block_1_10' title="bbox 397 1099 1992 1172">
    <p class='ocr_par' dir='ltr' id='par_1_10' title="bbox 397 1099 1992 1172">
     <span class='ocr_line' id='line_1_10' title="bbox 397 1099 1992 1172; baseline 0 -17"><span class='ocrx_word' id='word_1_75' title='bbox 397 1100 540 1172; x_wconf 91' lang='lat' dir='ltr'><strong>quod</strong></span> <span class='ocrx_word' id='word_1_76' title='bbox 566 1109 648 1156; x_wconf 87' lang='lat' dir='ltr'><strong>est</strong></span> <span class='ocrx_word' id='word_1_77' title='bbox 674 1116 807 1156; x_wconf 83' lang='lat' dir='ltr'><strong>sane</strong></span> <span class='ocrx_word' id='word_1_78' title='bbox 845 1099 1314 1156; x_wconf 87' lang='lat' dir='ltr'><strong>verisimillimum.</strong></span> <span class='ocrx_word' id='word_1_79' title='bbox 1361 1099 1419 1155; x_wconf 92' lang='lat' dir='ltr'><strong>Si</strong></span> <span class='ocrx_word' id='word_1_80' title='bbox 1460 1101 1603 1155; x_wconf 91' lang='lat' dir='ltr'><strong>enim</strong></span> <span class='ocrx_word' id='word_1_81' title='bbox 1657 1111 1992 1158; x_wconf 84' lang='lat' dir='ltr'><strong>senectutem</strong></span> 
     </span>
    </p>
   </div>
   <div class='ocr_carea' id='block_1_11' title="bbox 397 1191 1994 1266">
    <p class='ocr_par' dir='ltr' id='par_1_11' title="bbox 397 1191 1994 1266">
     <span class='ocr_line' id='line_1_11' title="bbox 397 1191 1994 1266; baseline 0.003 -20"><span class='ocrx_word' id='word_1_82' title='bbox 397 1203 710 1262; x_wconf 84' lang='lat' dir='ltr'><strong>provectam</strong></span> <span class='ocrx_word' id='word_1_83' title='bbox 751 1194 1048 1263; x_wconf 82' lang='lat' dir='ltr'><strong>attigisset,</strong></span> <span class='ocrx_word' id='word_1_84' title='bbox 1099 1191 1213 1247; x_wconf 84' lang='lat' dir='ltr'><strong>ﬁeri</strong></span> <span class='ocrx_word' id='word_1_85' title='bbox 1261 1193 1344 1246; x_wconf 80' lang='lat' dir='ltr'><strong>vix</strong></span> <span class='ocrx_word' id='word_1_86' title='bbox 1397 1193 1569 1262; x_wconf 88' lang='lat' dir='ltr'><strong>potuit</strong></span> <span class='ocrx_word' id='word_1_87' title='bbox 1620 1203 1678 1248; x_wconf 92' lang='lat' dir='ltr'><strong>ut</strong></span> <span class='ocrx_word' id='word_1_88' title='bbox 1728 1211 1834 1249; x_wconf 89' lang='lat' dir='ltr'><strong>non</strong></span> <span class='ocrx_word' id='word_1_89' title='bbox 1892 1195 1994 1266; x_wconf 89' lang='lat' dir='ltr'><strong>ipsi</strong></span> 
     </span>
    </p>
   </div>
   <div class='ocr_carea' id='block_1_12' title="bbox 399 1283 1996 1361">
    <p class='ocr_par' dir='ltr' id='par_1_12' title="bbox 399 1283 1996 1361">
     <span class='ocr_line' id='line_1_12' title="bbox 399 1283 1996 1361; baseline 0.003 -21"><span class='ocrx_word' id='word_1_90' title='bbox 399 1283 733 1342; x_wconf 89' lang='lat' dir='ltr'><strong>Tertulliano</strong></span> <span class='ocrx_word' id='word_1_91' title='bbox 774 1287 1108 1352; x_wconf 89' lang='lat' dir='ltr'><strong>innotuerit,</strong></span> <span class='ocrx_word' id='word_1_92' title='bbox 1157 1300 1279 1341; x_wconf 93' lang='lat' dir='ltr'><strong>cum</strong></span> <span class='ocrx_word' id='word_1_93' title='bbox 1330 1295 1504 1341; x_wconf 89' lang='lat' dir='ltr'><strong>tamen</strong></span> <span class='ocrx_word' id='word_1_94' title='bbox 1554 1301 1818 1358; x_wconf 89' lang='lat' dir='ltr'><strong>nusquam</strong></span> <span class='ocrx_word' id='word_1_95' title='bbox 1851 1288 1996 1361; x_wconf 86' lang='lat' dir='ltr'><strong>lega-</strong></span> 
     </span>
    </p>
   </div>
   <div class='ocr_carea' id='block_1_13' title="bbox 400 1379 1598 1450">
    <p class='ocr_par' dir='ltr' id='par_1_13' title="bbox 400 1379 1598 1450">
     <span class='ocr_line' id='line_1_13' title="bbox 400 1379 1598 1450; baseline 0.001 -16"><span class='ocrx_word' id='word_1_96' title='bbox 400 1392 522 1434; x_wconf 92' lang='lat' dir='ltr'><strong>mus</strong></span> <span class='ocrx_word' id='word_1_97' title='bbox 555 1381 657 1435; x_wconf 93' lang='lat' dir='ltr'><strong>nisi</strong></span> <span class='ocrx_word' id='word_1_98' title='bbox 687 1381 739 1434; x_wconf 92' lang='lat' dir='ltr'><strong>in</strong></span> <span class='ocrx_word' id='word_1_99' title='bbox 774 1380 928 1436; x_wconf 88' lang='lat' dir='ltr'><strong>libris</strong></span> <span class='ocrx_word' id='word_1_100' title='bbox 957 1381 1075 1450; x_wconf 88' lang='lat' dir='ltr'><strong>ejus</strong></span> <span class='ocrx_word' id='word_1_101' title='bbox 1106 1379 1271 1436; x_wconf 89' lang='lat' dir='ltr'><strong>fuisse</strong></span> <span class='ocrx_word' id='word_1_102' title='bbox 1304 1391 1598 1436; x_wconf 89' lang='lat' dir='ltr'><strong>versatum.</strong></span> 
     </span>
    </p>
   </div>
   <div class='ocr_carea' id='block_1_14' title="bbox 473 1470 1994 1549">
    <p class='ocr_par' dir='ltr' id='par_1_14' title="bbox 473 1470 1994 1549">
     <span class='ocr_line' id='line_1_14' title="bbox 473 1470 1994 1549; baseline 0.002 -22"><span class='ocrx_word' id='word_1_103' title='bbox 473 1470 501 1542; x_wconf 84' lang='lat'><strong>§</strong></span> <span class='ocrx_word' id='word_1_104' title='bbox 529 1471 624 1528; x_wconf 76' lang='lat' dir='ltr'><strong>M.</strong></span> <span class='ocrx_word' id='word_1_105' title='bbox 656 1501 727 1511; x_wconf 90' lang='grc'><strong>--</strong></span> <span class='ocrx_word' id='word_1_106' title='bbox 753 1471 950 1528; x_wconf 89' lang='lat' dir='ltr'><strong>Fateor</strong></span> <span class='ocrx_word' id='word_1_107' title='bbox 1000 1472 1249 1542; x_wconf 86' lang='lat' dir='ltr'><strong>equidem</strong></span> <span class='ocrx_word' id='word_1_108' title='bbox 1297 1471 1465 1528; x_wconf 87' lang='lat' dir='ltr'><strong>fuisse</strong></span> <span class='ocrx_word' id='word_1_109' title='bbox 1492 1473 1654 1528; x_wconf 85' lang='lat' dir='ltr'><strong>etiam</strong></span> <span class='ocrx_word' id='word_1_110' title='bbox 1695 1484 1854 1531; x_wconf 58' lang='lat' dir='ltr'><strong>aetate</strong></span> <span class='ocrx_word' id='word_1_111' title='bbox 1891 1473 1994 1549; x_wconf 86' lang='lat' dir='ltr'><strong>Cy-</strong></span> 
     </span>
    </p>
   </div>
   <div class='ocr_carea' id='block_1_15' title="bbox 401 1565 1999 1640">
    <p class='ocr_par' dir='ltr' id='par_1_15' title="bbox 401 1565 1999 1640">
     <span class='ocr_line' id='line_1_15' title="bbox 401 1565 1999 1640; baseline 0.005 -22"><span class='ocrx_word' id='word_1_112' title='bbox 401 1565 600 1636; x_wconf 87' lang='lat' dir='ltr'><strong>priani,</strong></span> <span class='ocrx_word' id='word_1_113' title='bbox 627 1567 717 1633; x_wconf 86' lang='lat' dir='ltr'><strong>qui</strong></span> <span class='ocrx_word' id='word_1_114' title='bbox 744 1569 952 1622; x_wconf 89' lang='lat' dir='ltr'><strong>somnia</strong></span> <span class='ocrx_word' id='word_1_115' title='bbox 975 1568 1316 1640; x_wconf 85' lang='lat' dir='ltr'><strong>visionesque</strong></span> <span class='ocrx_word' id='word_1_116' title='bbox 1340 1569 1570 1624; x_wconf 90' lang='lat' dir='ltr'><strong>ludibrio</strong></span> <span class='ocrx_word' id='word_1_117' title='bbox 1588 1569 1871 1627; x_wconf 88' lang='lat' dir='ltr'><strong>haberent.</strong></span> <span class='ocrx_word' id='word_1_118' title='bbox 1893 1571 1999 1627; x_wconf 87' lang='lat' dir='ltr'><strong>Sed</strong></span> 
     </span>
    </p>
   </div>
   <div class='ocr_carea' id='block_1_16' title="bbox 403 1659 2002 1733">
    <p class='ocr_par' dir='ltr' id='par_1_16' title="bbox 403 1659 2002 1733">
     <span class='ocr_line' id='line_1_16' title="bbox 403 1659 2002 1733; baseline 0.006 -21"><span class='ocrx_word' id='word_1_119' title='bbox 403 1659 590 1729; x_wconf 88' lang='lat' dir='ltr'><strong>quales</strong></span> <span class='ocrx_word' id='word_1_120' title='bbox 630 1659 857 1716; x_wconf 87' lang='lat' dir='ltr'><strong>fuissent</strong></span> <span class='ocrx_word' id='word_1_121' title='bbox 885 1660 995 1726; x_wconf 90' lang='lat' dir='ltr'><strong>illi,</strong></span> <span class='ocrx_word' id='word_1_122' title='bbox 1045 1661 1221 1732; x_wconf 88' lang='lat' dir='ltr'><strong>prodit</strong></span> <span class='ocrx_word' id='word_1_123' title='bbox 1274 1663 1389 1733; x_wconf 89' lang='lat' dir='ltr'><strong>ipse</strong></span> <span class='ocrx_word' id='word_1_124' title='bbox 1421 1664 1470 1718; x_wconf 92' lang='lat' dir='ltr'><strong>in</strong></span> <span class='ocrx_word' id='word_1_125' title='bbox 1507 1664 1733 1733; x_wconf 89' lang='lat' dir='ltr'><strong>epistola</strong></span> <span class='ocrx_word' id='word_1_126' title='bbox 1773 1664 1838 1720; x_wconf 88' lang='lat' dir='ltr'><strong>ad</strong></span> <span class='ocrx_word' id='word_1_127' title='bbox 1877 1665 2002 1721; x_wconf 90' lang='lat' dir='ltr'><strong>Flo-</strong></span> 
     </span>
    </p>
   </div>
   <div class='ocr_carea' id='block_1_17' title="bbox 402 1753 2380 1832">
    <p class='ocr_par' dir='ltr' id='par_1_17' title="bbox 402 1753 2380 1832">
     <span class='ocr_line' id='line_1_17' title="bbox 402 1753 2380 1832; baseline 0.001 -23"><span class='ocrx_word' id='word_1_128' title='bbox 402 1753 636 1810; x_wconf 87' lang='lat' dir='ltr'><strong>rentium</strong></span> <span class='ocrx_word' id='word_1_129' title='bbox 657 1753 976 1828; x_wconf 89' lang='lat' dir='ltr'><strong>Pupianum.</strong></span> <span class='ocrx_word' id='word_1_130' title='bbox 1017 1775 1036 1808; x_wconf 74' lang='grc' dir='ltr'>ι</span> <span class='ocrx_word' id='word_1_131' title='bbox 1074 1756 1434 1827; x_wconf 86' lang='lat' dir='ltr'><strong>Quamquam,</strong></span> <span class='ocrx_word' id='word_1_132' title='bbox 1463 1758 1636 1830; x_wconf 88' lang='lat' dir='ltr'><strong>inquit</strong></span> <span class='ocrx_word' id='word_1_133' title='bbox 1662 1757 1792 1832; x_wconf 86' lang='lat' dir='ltr'><strong>(Ep.</strong></span> <span class='ocrx_word' id='word_1_134' title='bbox 1826 1758 1997 1831; x_wconf 82' lang='lat' dir='ltr'><strong>thx),</strong></span> <span class='ocrx_word' id='word_1_135' title='bbox 2027 1765 2079 1823; x_wconf 71' lang='grc' dir='ltr'><strong>Β</strong></span> <span class='ocrx_word' id='word_1_136' title='bbox 2109 1755 2330 1827; x_wconf 88' lang='lat' dir='ltr'><strong>poribus</strong></span> <span class='ocrx_word' id='word_1_137' title='bbox 2367 1797 2380 1820; x_wconf 91' lang='lat'><strong>,</strong></span> 
     </span>
    </p>
   </div>
   <div class='ocr_carea' id='block_1_18' title="bbox 404 1847 2004 1924">
    <p class='ocr_par' dir='ltr' id='par_1_18' title="bbox 404 1847 2004 1924">
     <span class='ocr_line' id='line_1_18' title="bbox 404 1847 2004 1924; baseline 0.004 -22"><span class='ocrx_word' id='word_1_138' title='bbox 404 1847 574 1903; x_wconf 86' lang='lat' dir='ltr'><strong>sciam</strong></span> <span class='ocrx_word' id='word_1_139' title='bbox 624 1849 834 1903; x_wconf 88' lang='lat' dir='ltr'><strong>sonmia</strong></span> <span class='ocrx_word' id='word_1_140' title='bbox 885 1849 1114 1905; x_wconf 89' lang='lat' dir='ltr'><strong>ridicula</strong></span> <span class='ocrx_word' id='word_1_141' title='bbox 1159 1863 1211 1906; x_wconf 90' lang='lat' dir='ltr'><strong>et</strong></span> <span class='ocrx_word' id='word_1_142' title='bbox 1253 1851 1492 1907; x_wconf 84' lang='lat' dir='ltr'><strong>visiones</strong></span> <span class='ocrx_word' id='word_1_143' title='bbox 1531 1853 1741 1922; x_wconf 85' lang='lat' dir='ltr'><strong>ineptas</strong></span> <span class='ocrx_word' id='word_1_144' title='bbox 1779 1853 2004 1924; x_wconf 91' lang='lat' dir='ltr'><strong>quibus-</strong></span> 
     </span>
    </p>
   </div>
   <div class='ocr_carea' id='block_1_19' title="bbox 404 1938 2008 2014">
    <p class='ocr_par' dir='ltr' id='par_1_19' title="bbox 404 1938 2008 2014">
     <span class='ocr_line' id='line_1_19' title="bbox 404 1938 2008 2014; baseline 0.005 -20"><span class='ocrx_word' id='word_1_145' title='bbox 404 1938 528 1994; x_wconf 89' lang='lat' dir='ltr'><strong>dam</strong></span> <span class='ocrx_word' id='word_1_146' title='bbox 582 1939 788 2008; x_wconf 84' lang='lat' dir='ltr'><strong>videri,</strong></span> <span class='ocrx_word' id='word_1_147' title='bbox 854 1940 948 1996; x_wconf 91' lang='lat' dir='ltr'><strong>sed</strong></span> <span class='ocrx_word' id='word_1_148' title='bbox 1012 1943 1198 2013; x_wconf 89' lang='lat' dir='ltr'><strong>utique</strong></span> <span class='ocrx_word' id='word_1_149' title='bbox 1241 1942 1348 1999; x_wconf 88' lang='lat' dir='ltr'><strong>illis</strong></span> <span class='ocrx_word' id='word_1_150' title='bbox 1397 1945 1487 2014; x_wconf 92' lang='lat' dir='ltr'><strong>qui</strong></span> <span class='ocrx_word' id='word_1_151' title='bbox 1541 1945 1750 2000; x_wconf 90' lang='lat' dir='ltr'><strong>malunt</strong></span> <span class='ocrx_word' id='word_1_152' title='bbox 1821 1955 2008 2002; x_wconf 90' lang='lat' dir='ltr'><strong>contra</strong></span> 
     </span>
    </p>
   </div>
   <div class='ocr_carea' id='block_1_20' title="bbox 403 2033 2010 2107">
    <p class='ocr_par' dir='ltr' id='par_1_20' title="bbox 403 2033 2010 2107">
     <span class='ocr_line' id='line_1_20' title="bbox 403 2033 2010 2107; baseline 0.005 -17"><span class='ocrx_word' id='word_1_153' title='bbox 403 2033 720 2091; x_wconf 85' lang='lat' dir='ltr'><strong>sacerdotes</strong></span> <span class='ocrx_word' id='word_1_154' title='bbox 749 2035 974 2092; x_wconf 87' lang='lat' dir='ltr'><strong>credere</strong></span> <span class='ocrx_word' id='word_1_155' title='bbox 1021 2052 1181 2107; x_wconf 87' lang='lat' dir='ltr'><strong>quam</strong></span> <span class='ocrx_word' id='word_1_156' title='bbox 1236 2037 1526 2093; x_wconf 86' lang='lat' dir='ltr'><strong>sacerdOti.</strong></span> <span class='ocrx_word' id='word_1_157' title='bbox 1565 2060 1584 2092; x_wconf 79' lang='grc' dir='ltr'><strong><em>ι</em></strong></span> <span class='ocrx_word' id='word_1_158' title='bbox 1620 2040 1786 2096; x_wconf 85' lang='lat' dir='ltr'><strong>Plane</strong></span> <span class='ocrx_word' id='word_1_159' title='bbox 1836 2042 2010 2098; x_wconf 86' lang='lat' dir='ltr'><strong>innuit</strong></span> 
     </span>
    </p>
   </div>
   <div class='ocr_carea' id='block_1_21' title="bbox 405 2129 2010 2200">
    <p class='ocr_par' dir='ltr' id='par_1_21' title="bbox 405 2129 2010 2200">
     <span class='ocr_line' id='line_1_21' title="bbox 405 2129 2010 2200; baseline 0.006 -17"><span class='ocrx_word' id='word_1_160' title='bbox 405 2129 498 2200; x_wconf 90' lang='lat' dir='ltr'><strong>qui</strong></span> <span class='ocrx_word' id='word_1_161' title='bbox 531 2129 603 2185; x_wconf 88' lang='lat' dir='ltr'><strong>ita</strong></span> <span class='ocrx_word' id='word_1_162' title='bbox 633 2130 971 2197; x_wconf 89' lang='lat' dir='ltr'><strong>sensissent,</strong></span> <span class='ocrx_word' id='word_1_163' title='bbox 1015 2132 1196 2188; x_wconf 90' lang='lat' dir='ltr'><strong>alieno</strong></span> <span class='ocrx_word' id='word_1_164' title='bbox 1242 2132 1407 2190; x_wconf 87' lang='lat' dir='ltr'><strong>fuisse</strong></span> <span class='ocrx_word' id='word_1_165' title='bbox 1453 2135 1506 2188; x_wconf 93' lang='lat' dir='ltr'><strong>in</strong></span> <span class='ocrx_word' id='word_1_166' title='bbox 1549 2135 1849 2192; x_wconf 77' lang='lat' dir='ltr'><strong>Ecclesium</strong></span> <span class='ocrx_word' id='word_1_167' title='bbox 1893 2138 2010 2192; x_wconf 87' lang='lat' dir='ltr'><strong>ani-</strong></span> 
     </span>
    </p>
   </div>
   <div class='ocr_carea' id='block_1_22' title="bbox 409 2221 2012 2294">
    <p class='ocr_par' dir='ltr' id='par_1_22' title="bbox 409 2221 2012 2294">
     <span class='ocr_line' id='line_1_22' title="bbox 409 2221 2012 2294; baseline 0.005 -18"><span class='ocrx_word' id='word_1_168' title='bbox 409 2236 520 2278; x_wconf 91' lang='lat' dir='ltr'><strong>mo.</strong></span> <span class='ocrx_word' id='word_1_169' title='bbox 594 2221 749 2290; x_wconf 86' lang='lat' dir='ltr'><strong>Quod</strong></span> <span class='ocrx_word' id='word_1_170' title='bbox 797 2233 975 2278; x_wconf 89' lang='lat' dir='ltr'><strong>autem</strong></span> <span class='ocrx_word' id='word_1_171' title='bbox 1039 2224 1172 2279; x_wconf 88' lang='lat' dir='ltr'><strong>tales</strong></span> <span class='ocrx_word' id='word_1_172' title='bbox 1227 2224 1298 2278; x_wconf 89' lang='lat' dir='ltr'><strong>ita</strong></span> <span class='ocrx_word' id='word_1_173' title='bbox 1361 2227 1666 2294; x_wconf 87' lang='lat' dir='ltr'><strong>sentirent,</strong></span> <span class='ocrx_word' id='word_1_174' title='bbox 1736 2243 1842 2282; x_wconf 93' lang='lat' dir='ltr'><strong>non</strong></span> <span class='ocrx_word' id='word_1_175' title='bbox 1893 2237 2012 2284; x_wconf 88' lang='lat' dir='ltr'><strong>erat</strong></span> 
     </span>
    </p>
   </div>
   <div class='ocr_carea' id='block_1_23' title="bbox 409 2315 2011 2392">
    <p class='ocr_par' dir='ltr' id='par_1_23' title="bbox 409 2315 2011 2392">
     <span class='ocr_line' id='line_1_23' title="bbox 409 2315 2011 2392; baseline 0.003 -21"><span class='ocrx_word' id='word_1_176' title='bbox 409 2315 597 2387; x_wconf 88' lang='lat' dir='ltr'><strong>utique</strong></span> <span class='ocrx_word' id='word_1_177' title='bbox 626 2316 948 2372; x_wconf 87' lang='lat' dir='ltr'><strong>mirandum.</strong></span> <span class='ocrx_word' id='word_1_178' title='bbox 982 2315 1221 2372; x_wconf 86' lang='lat' dir='ltr'><strong>Fuerunt</strong></span> <span class='ocrx_word' id='word_1_179' title='bbox 1247 2319 1388 2374; x_wconf 90' lang='lat' dir='ltr'><strong>enim</strong></span> <span class='ocrx_word' id='word_1_180' title='bbox 1438 2320 1536 2390; x_wconf 91' lang='lat' dir='ltr'><strong>ipsi</strong></span> <span class='ocrx_word' id='word_1_181' title='bbox 1565 2319 1681 2376; x_wconf 88' lang='lat' dir='ltr'><strong>fere</strong></span> <span class='ocrx_word' id='word_1_182' title='bbox 1711 2322 2011 2392; x_wconf 59' lang='lat' dir='ltr'><strong>prophetia:</strong></span> 
     </span>
    </p>
   </div>
   <div class='ocr_carea' id='block_1_24' title="bbox 411 2394 2012 2484">
    <p class='ocr_par' dir='ltr' id='par_1_24' title="bbox 411 2394 2012 2484">
     <span class='ocr_line' id='line_1_24' title="bbox 411 2394 2012 2484; baseline 0.003 -19"><span class='ocrx_word' id='word_1_183' title='bbox 411 2409 618 2477; x_wconf 57' lang='lat' dir='ltr'><strong>coaevi,</strong></span> <span class='ocrx_word' id='word_1_184' title='bbox 668 2409 722 2465; x_wconf 90' lang='lat' dir='ltr'><strong>id</strong></span> <span class='ocrx_word' id='word_1_185' title='bbox 776 2410 1058 2466; x_wconf 82' lang='lat' dir='ltr'><strong>hominum</strong></span> <span class='ocrx_word' id='word_1_186' title='bbox 1105 2426 1276 2482; x_wconf 83' lang='lat' dir='ltr'><strong>genus</strong></span> <span class='ocrx_word' id='word_1_187' title='bbox 1330 2427 1466 2484; x_wconf 91' lang='lat' dir='ltr'><strong>quos</strong></span> <span class='ocrx_word' id='word_1_188' title='bbox 1523 2415 1798 2484; x_wconf 84' lang='lat' dir='ltr'><strong>Scriptura</strong></span> <span class='ocrx_word' id='word_1_189' title='bbox 1870 2394 2012 2471; x_wconf 59' lang='grc' dir='ltr'><strong>ειτπὸ</strong></span> 
     </span>
    </p>
   </div>
   <div class='ocr_carea' id='block_1_25' title="bbox 411 2504 2013 2580">
    <p class='ocr_par' dir='ltr' id='par_1_25' title="bbox 411 2504 2013 2580">
     <span class='ocr_line' id='line_1_25' title="bbox 411 2504 2013 2580; baseline 0.004 -20"><span class='ocrx_word' id='word_1_190' title='bbox 411 2504 685 2576; x_wconf 89' lang='lat' dir='ltr'><strong>appellat,</strong></span> <span class='ocrx_word' id='word_1_191' title='bbox 734 2506 825 2577; x_wconf 92' lang='lat' dir='ltr'><strong>qui</strong></span> <span class='ocrx_word' id='word_1_192' title='bbox 855 2505 1001 2577; x_wconf 89' lang='lat' dir='ltr'><strong>quod</strong></span> <span class='ocrx_word' id='word_1_193' title='bbox 1048 2507 1382 2578; x_wconf 78' lang='lat' dir='ltr'><strong>argumentis</strong></span> <span class='ocrx_word' id='word_1_194' title='bbox 1413 2523 1702 2580; x_wconf 87' lang='lat' dir='ltr'><strong>numquam</strong></span> <span class='ocrx_word' id='word_1_195' title='bbox 1745 2509 2013 2567; x_wconf 83' lang='lat' dir='ltr'><strong>conficere</strong></span> 
     </span>
    </p>
   </div>
   <div class='ocr_carea' id='block_1_26' title="bbox 417 2599 2013 2672">
    <p class='ocr_par' dir='ltr' id='par_1_26' title="bbox 417 2599 2013 2672">
     <span class='ocr_line' id='line_1_26' title="bbox 417 2599 2013 2672; baseline 0.004 -20"><span class='ocrx_word' id='word_1_196' title='bbox 417 2606 744 2668; x_wconf 85' lang='lat' dir='ltr'><strong>potuerunt,</strong></span> <span class='ocrx_word' id='word_1_197' title='bbox 788 2599 839 2653; x_wconf 90' lang='lat' dir='ltr'><strong>id</strong></span> <span class='ocrx_word' id='word_1_198' title='bbox 894 2600 1004 2654; x_wconf 91' lang='lat' dir='ltr'><strong>risu</strong></span> <span class='ocrx_word' id='word_1_199' title='bbox 1054 2609 1230 2655; x_wconf 87' lang='lat' dir='ltr'><strong>tamen</strong></span> <span class='ocrx_word' id='word_1_200' title='bbox 1277 2611 1438 2672; x_wconf 90' lang='lat' dir='ltr'><strong>atque</strong></span> <span class='ocrx_word' id='word_1_201' title='bbox 1473 2601 1650 2672; x_wconf 86' lang='lat' dir='ltr'><strong>jocis,</strong></span> <span class='ocrx_word' id='word_1_202' title='bbox 1698 2605 2013 2659; x_wconf 91' lang='lat' dir='ltr'><strong>scommati-</strong></span> 
     </span>
    </p>
   </div>
   <div class='ocr_carea' id='block_1_27' title="bbox 423 2689 2017 2766">
    <p class='ocr_par' dir='ltr' id='par_1_27' title="bbox 423 2689 2017 2766">
     <span class='ocr_line' id='line_1_27' title="bbox 423 2689 2017 2766; baseline 0.003 -20"><span class='ocrx_word' id='word_1_203' title='bbox 423 2689 526 2746; x_wconf 87' lang='lat' dir='ltr'><strong>bus</strong></span> <span class='ocrx_word' id='word_1_204' title='bbox 556 2698 717 2761; x_wconf 90' lang='lat' dir='ltr'><strong>atque</strong></span> <span class='ocrx_word' id='word_1_205' title='bbox 766 2691 1004 2747; x_wconf 88' lang='lat' dir='ltr'><strong>dicteriis</strong></span> <span class='ocrx_word' id='word_1_206' title='bbox 1049 2702 1377 2748; x_wconf 85' lang='lat' dir='ltr'><strong>conarentur</strong></span> <span class='ocrx_word' id='word_1_207' title='bbox 1423 2704 1479 2748; x_wconf 92' lang='lat' dir='ltr'><strong>ut</strong></span> <span class='ocrx_word' id='word_1_208' title='bbox 1523 2694 1838 2766; x_wconf 89' lang='lat' dir='ltr'><strong>religionem</strong></span> <span class='ocrx_word' id='word_1_209' title='bbox 1879 2697 2017 2751; x_wconf 88' lang='lat' dir='ltr'><strong>ludi-</strong></span> 
     </span>
    </p>
   </div>
   <div class='ocr_carea' id='block_1_28' title="bbox 417 2779 2018 2858">
    <p class='ocr_par' dir='ltr' id='par_1_28' title="bbox 417 2779 2018 2858">
     <span class='ocr_line' id='line_1_28' title="bbox 417 2779 2018 2858; baseline 0.004 -21"><span class='ocrx_word' id='word_1_210' title='bbox 417 2779 537 2837; x_wconf 88' lang='lat' dir='ltr'><strong>brio</strong></span> <span class='ocrx_word' id='word_1_211' title='bbox 577 2793 931 2853; x_wconf 81' lang='lat' dir='ltr'><strong>exponerent.</strong></span> <span class='ocrx_word' id='word_1_212' title='bbox 968 2784 1031 2839; x_wconf 89' lang='lat' dir='ltr'><strong>Et</strong></span> <span class='ocrx_word' id='word_1_213' title='bbox 1080 2800 1212 2840; x_wconf 81' lang='lat' dir='ltr'><strong>vero</strong></span> <span class='ocrx_word' id='word_1_214' title='bbox 1257 2785 1310 2840; x_wconf 90' lang='lat' dir='ltr'><strong>in</strong></span> <span class='ocrx_word' id='word_1_215' title='bbox 1343 2785 1616 2856; x_wconf 84' lang='lat' dir='ltr'><strong>prophetis</strong></span> <span class='ocrx_word' id='word_1_216' title='bbox 1645 2798 1830 2858; x_wconf 84' lang='lat' dir='ltr'><strong>gestus</strong></span> <span class='ocrx_word' id='word_1_217' title='bbox 1862 2800 2018 2844; x_wconf 88' lang='lat' dir='ltr'><strong>erant</strong></span> 
     </span>
    </p>
   </div>
   <div class='ocr_carea' id='block_1_29' title="bbox 417 2875 2017 2954">
    <p class='ocr_par' dir='ltr' id='par_1_29' title="bbox 417 2875 2017 2954">
     <span class='ocr_line' id='line_1_29' title="bbox 417 2875 2017 2954; baseline 0.006 -24"><span class='ocrx_word' id='word_1_218' title='bbox 417 2875 487 2930; x_wconf 89' lang='lat' dir='ltr'><strong>ab</strong></span> <span class='ocrx_word' id='word_1_219' title='bbox 523 2890 620 2930; x_wconf 88' lang='lat' dir='ltr'><strong>usu</strong></span> <span class='ocrx_word' id='word_1_220' title='bbox 662 2875 944 2932; x_wconf 87' lang='lat' dir='ltr'><strong>hominum</strong></span> <span class='ocrx_word' id='word_1_221' title='bbox 988 2879 1264 2934; x_wconf 91' lang='lat' dir='ltr'><strong>communi</strong></span> <span class='ocrx_word' id='word_1_222' title='bbox 1328 2880 1574 2936; x_wconf 87' lang='lat' dir='ltr'><strong>nonnihil</strong></span> <span class='ocrx_word' id='word_1_223' title='bbox 1629 2882 1831 2949; x_wconf 90' lang='lat' dir='ltr'><strong>alieni,</strong></span> <span class='ocrx_word' id='word_1_224' title='bbox 1879 2899 2017 2954; x_wconf 91' lang='lat' dir='ltr'><strong>quos</strong></span> 
     </span>
    </p>
   </div>
   <div class='ocr_carea' id='block_1_30' title="bbox 421 2968 2019 3044">
    <p class='ocr_par' dir='ltr' id='par_1_30' title="bbox 421 2968 2019 3044">
     <span class='ocr_line' id='line_1_30' title="bbox 421 2968 2019 3044; baseline 0.004 -20"><span class='ocrx_word' id='word_1_225' title='bbox 421 2968 580 3025; x_wconf 80' lang='lat' dir='ltr'><strong>facile</strong></span> <span class='ocrx_word' id='word_1_226' title='bbox 628 2980 745 3026; x_wconf 88' lang='lat' dir='ltr'><strong>erat</strong></span> <span class='ocrx_word' id='word_1_227' title='bbox 794 2971 1032 3027; x_wconf 90' lang='lat' dir='ltr'><strong>ridiculis</strong></span> <span class='ocrx_word' id='word_1_228' title='bbox 1087 2972 1396 3029; x_wconf 88' lang='lat' dir='ltr'><strong>hominibus</strong></span> <span class='ocrx_word' id='word_1_229' title='bbox 1444 2986 1840 3044; x_wconf 62' lang='lat' dir='ltr'><strong>repraesentare</strong></span> <span class='ocrx_word' id='word_1_230' title='bbox 1883 2986 2019 3031; x_wconf 86' lang='lat' dir='ltr'><strong>tam-</strong></span> 
     </span>
    </p>
   </div>
   <div class='ocr_carea' id='block_1_31' title="bbox 424 3053 2021 3137">
    <p class='ocr_par' dir='ltr' id='par_1_31' title="bbox 424 3053 2021 3137">
     <span class='ocr_line' id='line_1_31' title="bbox 424 3053 2021 3137; baseline 0.006 -21"><span class='ocrx_word' id='word_1_231' title='bbox 424 3077 584 3134; x_wconf 89' lang='lat' dir='ltr'><strong>quam</strong></span> <span class='ocrx_word' id='word_1_232' title='bbox 618 3063 764 3134; x_wconf 92' lang='lat' dir='ltr'><strong>ipsos</strong></span> <span class='ocrx_word' id='word_1_233' title='bbox 810 3065 973 3120; x_wconf 91' lang='lat' dir='ltr'><strong>etiam</strong></span> <span class='ocrx_word' id='word_1_234' title='bbox 1010 3066 1289 3121; x_wconf 90' lang='lat' dir='ltr'><strong>ridiculos.</strong></span> <span class='ocrx_word' id='word_1_235' title='bbox 1324 3053 1616 3137; x_wconf 78' lang='lat' dir='ltr'><strong>Josephum</strong></span> <span class='ocrx_word' id='word_1_236' title='bbox 1649 3068 1846 3126; x_wconf 83' lang='lat' dir='ltr'><strong>fratres</strong></span> <span class='ocrx_word' id='word_1_237' title='bbox 1875 3086 2021 3125; x_wconf 88' lang='lat' dir='ltr'><strong>som-</strong></span> 
     </span>
    </p>
   </div>
   <div class='ocr_carea' id='block_1_32' title="bbox 2092 445 3686 520">
    <p class='ocr_par' dir='ltr' id='par_1_32' title="bbox 2092 445 3686 520">
     <span class='ocr_line' id='line_1_32' title="bbox 2092 445 3686 520; baseline -0.002 -15"><span class='ocrx_word' id='word_1_238' title='bbox 2092 458 2298 505; x_wconf 84' lang='lat' dir='ltr'><strong>tcutur.</strong></span> <span class='ocrx_word' id='word_1_239' title='bbox 2331 449 2653 520; x_wconf 75' lang='lat' dir='ltr'><strong>Experimur</strong></span> <span class='ocrx_word' id='word_1_240' title='bbox 2704 457 2879 504; x_wconf 88' lang='lat' dir='ltr'><strong>tamen</strong></span> <span class='ocrx_word' id='word_1_241' title='bbox 2931 447 3122 512; x_wconf 85' lang='lat' dir='ltr'><strong>hodie,</strong></span> <span class='ocrx_word' id='word_1_242' title='bbox 3182 448 3234 502; x_wconf 90' lang='lat' dir='ltr'><strong>in</strong></span> <span class='ocrx_word' id='word_1_243' title='bbox 3282 446 3443 502; x_wconf 92' lang='lat' dir='ltr'><strong>simili</strong></span> <span class='ocrx_word' id='word_1_244' title='bbox 3491 445 3686 502; x_wconf 77' lang='lat' dir='ltr'><strong>adver-</strong></span> 
     </span>
    </p>
   </div>
   <div class='ocr_carea' id='block_1_33' title="bbox 2091 539 3682 612">
    <p class='ocr_par' dir='ltr' id='par_1_33' title="bbox 2091 539 3682 612">
     <span class='ocr_line' id='line_1_33' title="bbox 2091 539 3682 612; baseline -0.001 -16"><span class='ocrx_word' id='word_1_245' title='bbox 2091 542 2356 597; x_wconf 91' lang='lat' dir='ltr'><strong>sariorum</strong></span> <span class='ocrx_word' id='word_1_246' title='bbox 2408 557 2638 612; x_wconf 87' lang='lat' dir='ltr'><strong>genere.</strong></span> <span class='ocrx_word' id='word_1_247' title='bbox 2689 557 2852 612; x_wconf 86' lang='lat' dir='ltr'><strong>quam</strong></span> <span class='ocrx_word' id='word_1_248' title='bbox 2905 541 3059 596; x_wconf 78' lang='lat' dir='ltr'><strong>facile</strong></span> <span class='ocrx_word' id='word_1_249' title='bbox 3119 539 3500 596; x_wconf 83' lang='lat' dir='ltr'><strong>olficiariorum</strong></span> <span class='ocrx_word' id='word_1_250' title='bbox 3552 554 3682 595; x_wconf 88' lang='lat' dir='ltr'><strong>con-</strong></span> 
     </span>
    </p>
   </div>
   <div class='ocr_carea' id='block_1_34' title="bbox 2097 632 3679 708">
    <p class='ocr_par' dir='ltr' id='par_1_34' title="bbox 2097 632 3679 708">
     <span class='ocr_line' id='line_1_34' title="bbox 2097 632 3679 708; baseline -0.004 -16"><span class='ocrx_word' id='word_1_251' title='bbox 2097 648 2328 708; x_wconf 89' lang='lat' dir='ltr'><strong>temptus</strong></span> <span class='ocrx_word' id='word_1_252' title='bbox 2398 636 2450 691; x_wconf 92' lang='lat' dir='ltr'><strong>in</strong></span> <span class='ocrx_word' id='word_1_253' title='bbox 2522 645 2892 706; x_wconf 89' lang='lat' dir='ltr'><strong>contemptum</strong></span> <span class='ocrx_word' id='word_1_254' title='bbox 2965 645 3206 689; x_wconf 88' lang='lat' dir='ltr'><strong>vertatur</strong></span> <span class='ocrx_word' id='word_1_255' title='bbox 3256 632 3454 696; x_wconf 86' lang='lat' dir='ltr'><strong>ofﬁcii;</strong></span> <span class='ocrx_word' id='word_1_256' title='bbox 3519 647 3679 704; x_wconf 91' lang='lat' dir='ltr'><strong>quam</strong></span> 
     </span>
    </p>
   </div>
   <div class='ocr_carea' id='block_1_35' title="bbox 2097 726 3685 800">
    <p class='ocr_par' dir='ltr' id='par_1_35' title="bbox 2097 726 3685 800">
     <span class='ocr_line' id='line_1_35' title="bbox 2097 726 3685 800; baseline -0.004 -14"><span class='ocrx_word' id='word_1_257' title='bbox 2097 730 2250 787; x_wconf 81' lang='lat' dir='ltr'><strong>facile</strong></span> <span class='ocrx_word' id='word_1_258' title='bbox 2295 730 2558 800; x_wconf 86' lang='lat' dir='ltr'><strong>avideque</strong></span> <span class='ocrx_word' id='word_1_259' title='bbox 2612 731 2865 784; x_wconf 85' lang='lat' dir='ltr'><strong>minutias</strong></span> <span class='ocrx_word' id='word_1_260' title='bbox 2919 729 3071 795; x_wconf 89' lang='lat' dir='ltr'><strong>illas,</strong></span> <span class='ocrx_word' id='word_1_261' title='bbox 3123 729 3166 783; x_wconf 93' lang='lat' dir='ltr'><strong>si</strong></span> <span class='ocrx_word' id='word_1_262' title='bbox 3213 743 3331 799; x_wconf 75' lang='lat' dir='ltr'><strong>qua:</strong></span> <span class='ocrx_word' id='word_1_263' title='bbox 3376 726 3501 782; x_wconf 89' lang='lat' dir='ltr'><strong>alibi</strong></span> <span class='ocrx_word' id='word_1_264' title='bbox 3544 742 3685 797; x_wconf 68' lang='lat' dir='ltr'><strong>prm-</strong></span> 
     </span>
    </p>
   </div>
   <div class='ocr_carea' id='block_1_36' title="bbox 2097 819 3687 894">
    <p class='ocr_par' dir='ltr' id='par_1_36' title="bbox 2097 819 3687 894">
     <span class='ocr_line' id='line_1_36' title="bbox 2097 819 3687 894; baseline -0.003 -16"><span class='ocrx_word' id='word_1_265' title='bbox 2097 832 2180 880; x_wconf 90' lang='lat' dir='ltr'><strong>ter</strong></span> <span class='ocrx_word' id='word_1_266' title='bbox 2207 824 2348 893; x_wconf 87' lang='lat' dir='ltr'><strong>vulgi</strong></span> <span class='ocrx_word' id='word_1_267' title='bbox 2389 822 2670 894; x_wconf 86' lang='lat' dir='ltr'><strong>opiniones</strong></span> <span class='ocrx_word' id='word_1_268' title='bbox 2701 831 2989 877; x_wconf 83' lang='lat' dir='ltr'><strong>occurrant</strong></span> <span class='ocrx_word' id='word_1_269' title='bbox 3009 863 3021 886; x_wconf 95' lang='lat'><strong>,</strong></span> <span class='ocrx_word' id='word_1_270' title='bbox 3051 820 3417 890; x_wconf 81' lang='lat' dir='ltr'><strong>iniquissimus</strong></span> <span class='ocrx_word' id='word_1_271' title='bbox 3446 819 3687 889; x_wconf 86' lang='lat' dir='ltr'><strong>profecto</strong></span> 
     </span>
    </p>
   </div>
   <div class='ocr_carea' id='block_1_37' title="bbox 2100 913 3688 989">
    <p class='ocr_par' dir='ltr' id='par_1_37' title="bbox 2100 913 3688 989">
     <span class='ocr_line' id='line_1_37' title="bbox 2100 913 3688 989; baseline -0.003 -20"><span class='ocrx_word' id='word_1_272' title='bbox 2100 917 2207 989; x_wconf 93' lang='lat' dir='ltr'><strong>(ne</strong></span> <span class='ocrx_word' id='word_1_273' title='bbox 2254 916 2380 988; x_wconf 87' lang='lat' dir='ltr'><strong>quid</strong></span> <span class='ocrx_word' id='word_1_274' title='bbox 2436 915 2608 970; x_wconf 87' lang='lat' dir='ltr'><strong>dicam</strong></span> <span class='ocrx_word' id='word_1_275' title='bbox 2658 913 2940 986; x_wconf 86' lang='lat' dir='ltr'><strong>acerbius)</strong></span> <span class='ocrx_word' id='word_1_276' title='bbox 2989 914 3112 968; x_wconf 90' lang='lat' dir='ltr'><strong>boni</strong></span> <span class='ocrx_word' id='word_1_277' title='bbox 3169 914 3488 984; x_wconf 88' lang='lat' dir='ltr'><strong>honestique</strong></span> <span class='ocrx_word' id='word_1_278' title='bbox 3529 927 3688 983; x_wconf 83' lang='lat' dir='ltr'><strong>regu-</strong></span> 
     </span>
    </p>
   </div>
   <div class='ocr_carea' id='block_1_38' title="bbox 2099 1006 3688 1075">
    <p class='ocr_par' dir='ltr' id='par_1_38' title="bbox 2099 1006 3688 1075">
     <span class='ocr_line' id='line_1_38' title="bbox 2099 1006 3688 1075; baseline -0.003 -13"><span class='ocrx_word' id='word_1_279' title='bbox 2099 1008 2213 1072; x_wconf 89' lang='lat' dir='ltr'><strong>las,</strong></span> <span class='ocrx_word' id='word_1_280' title='bbox 2269 1006 2529 1075; x_wconf 88' lang='lat' dir='ltr'><strong>arripiant</strong></span> <span class='ocrx_word' id='word_1_281' title='bbox 2578 1016 2754 1060; x_wconf 91' lang='lat' dir='ltr'><strong>tamen</strong></span> <span class='ocrx_word' id='word_1_282' title='bbox 2807 1007 2874 1060; x_wconf 89' lang='lat' dir='ltr'><strong>ad</strong></span> <span class='ocrx_word' id='word_1_283' title='bbox 2930 1014 3298 1074; x_wconf 88' lang='lat' dir='ltr'><strong>contemptum</strong></span> <span class='ocrx_word' id='word_1_284' title='bbox 3341 1019 3688 1074; x_wconf 65' lang='lat' dir='ltr'><strong>perspnarum</strong></span> 
     </span>
    </p>
   </div>
   <div class='ocr_carea' id='block_1_39' title="bbox 2097 1097 3692 1173">
    <p class='ocr_par' dir='ltr' id='par_1_39' title="bbox 2097 1097 3692 1173">
     <span class='ocr_line' id='line_1_39' title="bbox 2097 1097 3692 1173; baseline -0.003 -16"><span class='ocrx_word' id='word_1_285' title='bbox 2097 1118 2327 1173; x_wconf 90' lang='lat' dir='ltr'><strong>quorum</strong></span> <span class='ocrx_word' id='word_1_286' title='bbox 2383 1101 2742 1156; x_wconf 83' lang='lat' dir='ltr'><strong>conscientias</strong></span> <span class='ocrx_word' id='word_1_287' title='bbox 2784 1100 2925 1155; x_wconf 88' lang='lat' dir='ltr'><strong>male</strong></span> <span class='ocrx_word' id='word_1_288' title='bbox 2975 1100 3137 1155; x_wconf 87' lang='lat' dir='ltr'><strong>habet</strong></span> <span class='ocrx_word' id='word_1_289' title='bbox 3171 1097 3334 1154; x_wconf 84' lang='lat' dir='ltr'><strong>officii</strong></span> <span class='ocrx_word' id='word_1_290' title='bbox 3375 1098 3555 1153; x_wconf 88' lang='lat' dir='ltr'><strong>debita</strong></span> <span class='ocrx_word' id='word_1_291' title='bbox 3600 1113 3692 1154; x_wconf 87' lang='lat' dir='ltr'><strong>ve-</strong></span> 
     </span>
    </p>
   </div>
   <div class='ocr_carea' id='block_1_40' title="bbox 2102 1191 3694 1266">
    <p class='ocr_par' dir='ltr' id='par_1_40' title="bbox 2102 1191 3694 1266">
     <span class='ocr_line' id='line_1_40' title="bbox 2102 1191 3694 1266; baseline -0.004 -14"><span class='ocrx_word' id='word_1_292' title='bbox 2102 1198 2338 1262; x_wconf 88' lang='lat' dir='ltr'><strong>neratio;</strong></span> <span class='ocrx_word' id='word_1_293' title='bbox 2389 1211 2546 1266; x_wconf 88' lang='lat' dir='ltr'><strong>quam</strong></span> <span class='ocrx_word' id='word_1_294' title='bbox 2595 1195 2722 1251; x_wconf 85' lang='lat' dir='ltr'><strong>item</strong></span> <span class='ocrx_word' id='word_1_295' title='bbox 2777 1193 2933 1248; x_wconf 82' lang='lat' dir='ltr'><strong>facile</strong></span> <span class='ocrx_word' id='word_1_296' title='bbox 2972 1193 3042 1248; x_wconf 90' lang='lat' dir='ltr'><strong>ita</strong></span> <span class='ocrx_word' id='word_1_297' title='bbox 3095 1208 3154 1248; x_wconf 92' lang='lat' dir='ltr'><strong>se</strong></span> <span class='ocrx_word' id='word_1_298' title='bbox 3203 1203 3568 1247; x_wconf 82' lang='lat' dir='ltr'><strong>transversum</strong></span> <span class='ocrx_word' id='word_1_299' title='bbox 3610 1191 3694 1261; x_wconf 85' lang='lat' dir='ltr'><strong>agi</strong></span> 
     </span>
    </p>
   </div>
   <div class='ocr_carea' id='block_1_41' title="bbox 2103 1283 3696 1360">
    <p class='ocr_par' dir='ltr' id='par_1_41' title="bbox 2103 1283 3696 1360">
     <span class='ocr_line' id='line_1_41' title="bbox 2103 1283 3696 1360; baseline -0.003 -18"><span class='ocrx_word' id='word_1_300' title='bbox 2103 1290 2393 1360; x_wconf 82' lang='lat' dir='ltr'><strong>patiantur,</strong></span> <span class='ocrx_word' id='word_1_301' title='bbox 2444 1296 2502 1342; x_wconf 90' lang='lat' dir='ltr'><strong>ut</strong></span> <span class='ocrx_word' id='word_1_302' title='bbox 2557 1303 2626 1343; x_wconf 92' lang='lat' dir='ltr'><strong>ne</strong></span> <span class='ocrx_word' id='word_1_303' title='bbox 2690 1301 2866 1342; x_wconf 68' lang='lat' dir='ltr'><strong>causa:</strong></span> <span class='ocrx_word' id='word_1_304' title='bbox 2917 1285 3085 1355; x_wconf 87' lang='lat' dir='ltr'><strong>ipsius</strong></span> <span class='ocrx_word' id='word_1_305' title='bbox 3149 1283 3398 1338; x_wconf 86' lang='lat' dir='ltr'><strong>meritum</strong></span> <span class='ocrx_word' id='word_1_306' title='bbox 3449 1299 3696 1354; x_wconf 75' lang='lat' dir='ltr'><strong>quaeren-</strong></span> 
     </span>
    </p>
   </div>
   <div class='ocr_carea' id='block_1_42' title="bbox 2103 1376 3697 1453">
    <p class='ocr_par' dir='ltr' id='par_1_42' title="bbox 2103 1376 3697 1453">
     <span class='ocr_line' id='line_1_42' title="bbox 2103 1376 3697 1453; baseline -0.005 -16"><span class='ocrx_word' id='word_1_307' title='bbox 2103 1383 2229 1437; x_wconf 90' lang='lat' dir='ltr'><strong>dum</strong></span> <span class='ocrx_word' id='word_1_308' title='bbox 2282 1390 2500 1453; x_wconf 90' lang='lat' dir='ltr'><strong>putent,</strong></span> <span class='ocrx_word' id='word_1_309' title='bbox 2549 1381 2594 1435; x_wconf 92' lang='lat' dir='ltr'><strong>si</strong></span> <span class='ocrx_word' id='word_1_310' title='bbox 2637 1380 2852 1451; x_wconf 89' lang='lat' dir='ltr'><strong>quando</strong></span> <span class='ocrx_word' id='word_1_311' title='bbox 2894 1379 2964 1434; x_wconf 90' lang='lat' dir='ltr'><strong>de</strong></span> <span class='ocrx_word' id='word_1_312' title='bbox 3014 1378 3402 1448; x_wconf 88' lang='lat' dir='ltr'><strong>prophetarum</strong></span> <span class='ocrx_word' id='word_1_313' title='bbox 3450 1376 3697 1447; x_wconf 87' lang='lat' dir='ltr'><strong>personis</strong></span> 
     </span>
    </p>
   </div>
   <div class='ocr_carea' id='block_1_43' title="bbox 2107 1470 3699 1540">
    <p class='ocr_par' dir='ltr' id='par_1_43' title="bbox 2107 1470 3699 1540">
     <span class='ocr_line' id='line_1_43' title="bbox 2107 1470 3699 1540; baseline -0.003 -10"><span class='ocrx_word' id='word_1_314' title='bbox 2107 1476 2282 1530; x_wconf 89' lang='lat' dir='ltr'><strong>minus</strong></span> <span class='ocrx_word' id='word_1_315' title='bbox 2341 1473 2636 1530; x_wconf 85' lang='lat' dir='ltr'><strong>honorifice</strong></span> <span class='ocrx_word' id='word_1_316' title='bbox 2676 1472 2964 1528; x_wconf 83' lang='lat' dir='ltr'><strong>senserint.</strong></span> <span class='ocrx_word' id='word_1_317' title='bbox 2995 1470 3104 1526; x_wconf 89' lang='lat' dir='ltr'><strong>Illis</strong></span> <span class='ocrx_word' id='word_1_318' title='bbox 3143 1479 3322 1525; x_wconf 91' lang='lat' dir='ltr'><strong>autem</strong></span> <span class='ocrx_word' id='word_1_319' title='bbox 3365 1485 3548 1540; x_wconf 72' lang='lat' dir='ltr'><strong>aequos</strong></span> <span class='ocrx_word' id='word_1_320' title='bbox 3578 1484 3699 1526; x_wconf 83' lang='lat' dir='ltr'><strong>esse</strong></span> 
     </span>
    </p>
   </div>
   <div class='ocr_carea' id='block_1_44' title="bbox 2100 1566 2845 1638">
    <p class='ocr_par' dir='ltr' id='par_1_44' title="bbox 2100 1566 2845 1638">
     <span class='ocr_line' id='line_1_44' title="bbox 2100 1566 2845 1638; baseline -0.004 -16"><span class='ocrx_word' id='word_1_321' title='bbox 2100 1568 2311 1638; x_wconf 78' lang='lat' dir='ltr'><strong>jutlices</strong></span> <span class='ocrx_word' id='word_1_322' title='bbox 2361 1582 2518 1622; x_wconf 91' lang='lat' dir='ltr'><strong>nemo</strong></span> <span class='ocrx_word' id='word_1_323' title='bbox 2562 1566 2845 1623; x_wconf 90' lang='lat' dir='ltr'><strong>concedet.</strong></span> 
     </span>
    </p>
   </div>
   <div class='ocr_carea' id='block_1_45' title="bbox 2183 1657 3702 1731">
    <p class='ocr_par' dir='ltr' id='par_1_45' title="bbox 2183 1657 3702 1731">
     <span class='ocr_line' id='line_1_45' title="bbox 2183 1657 3702 1731; baseline -0.002 -16"><span class='ocrx_word' id='word_1_324' title='bbox 2183 1660 2210 1731; x_wconf 83' lang='lat'><strong>§</strong></span> <span class='ocrx_word' id='word_1_325' title='bbox 2239 1659 2328 1715; x_wconf 73' lang='grc'><strong>42.</strong></span> <span class='ocrx_word' id='word_1_326' title='bbox 2345 1691 2416 1700; x_wconf 89' lang='lat'><strong>——</strong></span> <span class='ocrx_word' id='word_1_327' title='bbox 2433 1660 2583 1727; x_wconf 85' lang='lat' dir='ltr'><strong>Quod</strong></span> <span class='ocrx_word' id='word_1_328' title='bbox 2607 1661 2651 1714; x_wconf 90' lang='lat' dir='ltr'><strong>si</strong></span> <span class='ocrx_word' id='word_1_329' title='bbox 2673 1660 2884 1714; x_wconf 91' lang='lat' dir='ltr'><strong>illorum</strong></span> <span class='ocrx_word' id='word_1_330' title='bbox 2909 1674 3123 1729; x_wconf 89' lang='lat' dir='ltr'><strong>quoque</strong></span> <span class='ocrx_word' id='word_1_331' title='bbox 3154 1657 3536 1729; x_wconf 78' lang='lat' dir='ltr'><strong>prophetarum</strong></span> <span class='ocrx_word' id='word_1_332' title='bbox 3571 1667 3702 1713; x_wconf 87' lang='lat' dir='ltr'><strong>tem-</strong></span> 
     </span>
    </p>
   </div>
   <div class='ocr_carea' id='block_1_46' title="bbox 2441 1750 3702 1826">
    <p class='ocr_par' dir='ltr' id='par_1_46' title="bbox 2441 1750 3702 1826">
     <span class='ocr_line' id='line_1_46' title="bbox 2441 1750 3702 1826; baseline -0.002 -17"><span class='ocrx_word' id='word_1_333' title='bbox 2441 1755 2530 1826; x_wconf 88' lang='lat' dir='ltr'><strong>qui</strong></span> <span class='ocrx_word' id='word_1_334' title='bbox 2591 1754 2892 1811; x_wconf 84' lang='lat' dir='ltr'><strong>certissima</strong></span> <span class='ocrx_word' id='word_1_335' title='bbox 2957 1751 3253 1807; x_wconf 87' lang='lat' dir='ltr'><strong>edidissent</strong></span> <span class='ocrx_word' id='word_1_336' title='bbox 3300 1750 3702 1822; x_wconf 86' lang='lat' dir='ltr'><strong>prophetiarum</strong></span> 
     </span>
    </p>
   </div>
   <div class='ocr_carea' id='block_1_47' title="bbox 2113 1845 3706 1913">
    <p class='ocr_par' dir='ltr' id='par_1_47' title="bbox 2113 1845 3706 1913">
     <span class='ocr_line' id='line_1_47' title="bbox 2113 1845 3706 1913; baseline -0.004 -7"><span class='ocrx_word' id='word_1_337' title='bbox 2113 1865 2332 1906; x_wconf 88' lang='lat' dir='ltr'><strong>suarum</strong></span> <span class='ocrx_word' id='word_1_338' title='bbox 2365 1849 2669 1903; x_wconf 88' lang='lat' dir='ltr'><strong>testimonia</strong></span> <span class='ocrx_word' id='word_1_339' title='bbox 2696 1890 2711 1913; x_wconf 93' lang='lat'><strong>,</strong></span> <span class='ocrx_word' id='word_1_340' title='bbox 2768 1846 2967 1903; x_wconf 87' lang='lat' dir='ltr'><strong>fuerint</strong></span> <span class='ocrx_word' id='word_1_341' title='bbox 3013 1855 3190 1901; x_wconf 89' lang='lat' dir='ltr'><strong>tamen</strong></span> <span class='ocrx_word' id='word_1_342' title='bbox 3223 1845 3376 1900; x_wconf 90' lang='lat' dir='ltr'><strong>istius</strong></span> <span class='ocrx_word' id='word_1_343' title='bbox 3405 1847 3548 1901; x_wconf 88' lang='lat' dir='ltr'><strong>modi</strong></span> <span class='ocrx_word' id='word_1_344' title='bbox 3581 1861 3706 1901; x_wconf 86' lang='lat' dir='ltr'><strong>cen-</strong></span> 
     </span>
    </p>
   </div>
   <div class='ocr_carea' id='block_1_48' title="bbox 2114 1940 3703 2014">
    <p class='ocr_par' dir='ltr' id='par_1_48' title="bbox 2114 1940 3703 2014">
     <span class='ocr_line' id='line_1_48' title="bbox 2114 1940 3703 2014; baseline -0.005 -12"><span class='ocrx_word' id='word_1_345' title='bbox 2114 1959 2308 2012; x_wconf 92' lang='lat' dir='ltr'><strong>sores,</strong></span> <span class='ocrx_word' id='word_1_346' title='bbox 2363 1959 2469 1999; x_wconf 94' lang='lat' dir='ltr'><strong>non</strong></span> <span class='ocrx_word' id='word_1_347' title='bbox 2517 1953 2598 1998; x_wconf 89' lang='lat' dir='ltr'><strong>est</strong></span> <span class='ocrx_word' id='word_1_348' title='bbox 2654 1944 2838 2014; x_wconf 90' lang='lat' dir='ltr'><strong>utique</strong></span> <span class='ocrx_word' id='word_1_349' title='bbox 2891 1940 3196 1998; x_wconf 87' lang='lat' dir='ltr'><strong>mirandum</strong></span> <span class='ocrx_word' id='word_1_350' title='bbox 3249 1941 3293 1996; x_wconf 88' lang='lat' dir='ltr'><strong>si</strong></span> <span class='ocrx_word' id='word_1_351' title='bbox 3349 1941 3400 1996; x_wconf 91' lang='lat' dir='ltr'><strong>in</strong></span> <span class='ocrx_word' id='word_1_352' title='bbox 3450 1941 3703 2012; x_wconf 82' lang='lat' dir='ltr'><strong>Cypriani</strong></span> 
     </span>
    </p>
   </div>
   <div class='ocr_carea' id='block_1_49' title="bbox 2115 2035 3709 2110">
    <p class='ocr_par' dir='ltr' id='par_1_49' title="bbox 2115 2035 3709 2110">
     <span class='ocr_line' id='line_1_49' title="bbox 2115 2035 3709 2110; baseline -0.003 -15"><span class='ocrx_word' id='word_1_353' title='bbox 2115 2041 2276 2095; x_wconf 88' lang='lat' dir='ltr'><strong>ctiam</strong></span> <span class='ocrx_word' id='word_1_354' title='bbox 2337 2048 2578 2110; x_wconf 87' lang='lat' dir='ltr'><strong>tempora</strong></span> <span class='ocrx_word' id='word_1_355' title='bbox 2643 2037 2966 2105; x_wconf 82' lang='lat' dir='ltr'><strong>inciderint,</strong></span> <span class='ocrx_word' id='word_1_356' title='bbox 3021 2051 3141 2092; x_wconf 91' lang='lat' dir='ltr'><strong>cum</strong></span> <span class='ocrx_word' id='word_1_357' title='bbox 3193 2037 3302 2104; x_wconf 85' lang='lat' dir='ltr'><strong>jam</strong></span> <span class='ocrx_word' id='word_1_358' title='bbox 3359 2035 3709 2090; x_wconf 87' lang='lat' dir='ltr'><strong>invaluissent.</strong></span> 
     </span>
    </p>
   </div>
   <div class='ocr_carea' id='block_1_50' title="bbox 2120 2130 3708 2205">
    <p class='ocr_par' dir='ltr' id='par_1_50' title="bbox 2120 2130 3708 2205">
     <span class='ocr_line' id='line_1_50' title="bbox 2120 2130 3708 2205; baseline -0.006 -13"><span class='ocrx_word' id='word_1_359' title='bbox 2120 2137 2264 2192; x_wconf 88' lang='lat' dir='ltr'><strong>inter</strong></span> <span class='ocrx_word' id='word_1_360' title='bbox 2323 2132 2676 2205; x_wconf 89' lang='lat' dir='ltr'><strong>philosophos</strong></span> <span class='ocrx_word' id='word_1_361' title='bbox 2728 2131 3017 2201; x_wconf 87' lang='lat' dir='ltr'><strong>Epicurei,</strong></span> <span class='ocrx_word' id='word_1_362' title='bbox 3079 2130 3168 2200; x_wconf 90' lang='lat' dir='ltr'><strong>qui</strong></span> <span class='ocrx_word' id='word_1_363' title='bbox 3208 2137 3401 2199; x_wconf 80' lang='lat' dir='ltr'><strong>praeter</strong></span> <span class='ocrx_word' id='word_1_364' title='bbox 3441 2130 3708 2184; x_wconf 87' lang='lat' dir='ltr'><strong>naturalia</strong></span> 
     </span>
    </p>
   </div>
   <div class='ocr_carea' id='block_1_51' title="bbox 2119 2220 3709 2287">
    <p class='ocr_par' dir='ltr' id='par_1_51' title="bbox 2119 2220 3709 2287">
     <span class='ocr_line' id='line_1_51' title="bbox 2119 2220 3709 2287; baseline -0.008 -1"><span class='ocrx_word' id='word_1_365' title='bbox 2119 2230 2300 2286; x_wconf 90' lang='lat' dir='ltr'><strong>omnia</strong></span> <span class='ocrx_word' id='word_1_366' title='bbox 2353 2229 2586 2284; x_wconf 89' lang='lat' dir='ltr'><strong>ludibrio</strong></span> <span class='ocrx_word' id='word_1_367' title='bbox 2633 2226 2938 2282; x_wconf 90' lang='lat' dir='ltr'><strong>habuerint.</strong></span> <span class='ocrx_word' id='word_1_368' title='bbox 2988 2224 3043 2279; x_wconf 85' lang='lat' dir='ltr'><strong>Id</strong></span> <span class='ocrx_word' id='word_1_369' title='bbox 3094 2239 3256 2279; x_wconf 90' lang='lat' dir='ltr'><strong>unum</strong></span> <span class='ocrx_word' id='word_1_370' title='bbox 3293 2224 3424 2278; x_wconf 88' lang='lat' dir='ltr'><strong>satis</strong></span> <span class='ocrx_word' id='word_1_371' title='bbox 3467 2229 3619 2287; x_wconf 87' lang='lat' dir='ltr'><strong>erat,</strong></span> <span class='ocrx_word' id='word_1_372' title='bbox 3663 2220 3709 2275; x_wconf 90' lang='lat' dir='ltr'><strong>si</strong></span> 
     </span>
    </p>
   </div>
   <div class='ocr_carea' id='block_1_52' title="bbox 2117 2313 3711 2395">
    <p class='ocr_par' dir='ltr' id='par_1_52' title="bbox 2117 2313 3711 2395">
     <span class='ocr_line' id='line_1_52' title="bbox 2117 2313 3711 2395; baseline -0.007 -17"><span class='ocrx_word' id='word_1_373' title='bbox 2117 2325 2206 2395; x_wconf 87' lang='lat' dir='ltr'><strong>qui</strong></span> <span class='ocrx_word' id='word_1_374' title='bbox 2241 2321 2586 2393; x_wconf 83' lang='lat' dir='ltr'><strong>prophetias,</strong></span> <span class='ocrx_word' id='word_1_375' title='bbox 2630 2334 2766 2390; x_wconf 88' lang='lat' dir='ltr'><strong>quos</strong></span> <span class='ocrx_word' id='word_1_376' title='bbox 2812 2319 3083 2381; x_wconf 78' lang='lat' dir='ltr'><strong>diximus,</strong></span> <span class='ocrx_word' id='word_1_377' title='bbox 3128 2316 3359 2387; x_wconf 88' lang='lat' dir='ltr'><strong>penitius</strong></span> <span class='ocrx_word' id='word_1_378' title='bbox 3411 2313 3711 2370; x_wconf 81' lang='lat' dir='ltr'><strong>intellexis-</strong></span> 
     </span>
    </p>
   </div>
   <div class='ocr_carea' id='block_1_53' title="bbox 2117 2407 3708 2484">
    <p class='ocr_par' dir='ltr' id='par_1_53' title="bbox 2117 2407 3708 2484">
     <span class='ocr_line' id='line_1_53' title="bbox 2117 2407 3708 2484; baseline -0.008 -11"><span class='ocrx_word' id='word_1_379' title='bbox 2117 2426 2280 2484; x_wconf 89' lang='lat' dir='ltr'><strong>sent,</strong></span> <span class='ocrx_word' id='word_1_380' title='bbox 2332 2431 2431 2472; x_wconf 91' lang='lat' dir='ltr'><strong>nec</strong></span> <span class='ocrx_word' id='word_1_381' title='bbox 2490 2430 2676 2471; x_wconf 91' lang='lat' dir='ltr'><strong>eorum</strong></span> <span class='ocrx_word' id='word_1_382' title='bbox 2722 2413 2982 2468; x_wconf 89' lang='lat' dir='ltr'><strong>intererat</strong></span> <span class='ocrx_word' id='word_1_383' title='bbox 3030 2419 3085 2464; x_wconf 91' lang='lat' dir='ltr'><strong>nt</strong></span> <span class='ocrx_word' id='word_1_384' title='bbox 3133 2408 3280 2465; x_wconf 77' lang='lat' dir='ltr'><strong>falsa:</strong></span> <span class='ocrx_word' id='word_1_385' title='bbox 3345 2407 3708 2472; x_wconf 89' lang='lat' dir='ltr'><strong>haberentur,</strong></span> 
     </span>
    </p>
   </div>
   <div class='ocr_carea' id='block_1_54' title="bbox 2120 2499 3712 2568">
    <p class='ocr_par' dir='ltr' id='par_1_54' title="bbox 2120 2499 3712 2568">
     <span class='ocr_line' id='line_1_54' title="bbox 2120 2499 3712 2568; baseline -0.01 0"><span class='ocrx_word' id='word_1_386' title='bbox 2120 2527 2310 2568; x_wconf 90' lang='lat' dir='ltr'><strong>eorum</strong></span> <span class='ocrx_word' id='word_1_387' title='bbox 2344 2525 2501 2565; x_wconf 89' lang='lat' dir='ltr'><strong>nemo</strong></span> <span class='ocrx_word' id='word_1_388' title='bbox 2536 2508 2655 2563; x_wconf 88' lang='lat' dir='ltr'><strong>illas</strong></span> <span class='ocrx_word' id='word_1_389' title='bbox 2705 2506 2755 2561; x_wconf 90' lang='lat' dir='ltr'><strong>in</strong></span> <span class='ocrx_word' id='word_1_390' title='bbox 2789 2505 3014 2560; x_wconf 90' lang='lat' dir='ltr'><strong>dubium</strong></span> <span class='ocrx_word' id='word_1_391' title='bbox 3065 2503 3288 2558; x_wconf 85' lang='lat' dir='ltr'><strong>vocarit.</strong></span> <span class='ocrx_word' id='word_1_392' title='bbox 3340 2499 3586 2556; x_wconf 82' lang='lat' dir='ltr'><strong>Vidimus</strong></span> <span class='ocrx_word' id='word_1_393' title='bbox 3615 2514 3712 2553; x_wconf 91' lang='lat' dir='ltr'><strong>au-</strong></span> 
     </span>
    </p>
   </div>
   <div class='ocr_carea' id='block_1_55' title="bbox 2121 2592 3717 2676">
    <p class='ocr_par' dir='ltr' id='par_1_55' title="bbox 2121 2592 3717 2676">
     <span class='ocr_line' id='line_1_55' title="bbox 2121 2592 3717 2676; baseline -0.009 -15"><span class='ocrx_word' id='word_1_394' title='bbox 2121 2617 2229 2661; x_wconf 91' lang='lat' dir='ltr'><strong>tem</strong></span> <span class='ocrx_word' id='word_1_395' title='bbox 2290 2604 2563 2676; x_wconf 80' lang='lat' dir='ltr'><strong>Cypriane</strong></span> <span class='ocrx_word' id='word_1_396' title='bbox 2616 2614 2828 2656; x_wconf 74' lang='lat' dir='ltr'><strong>comvos</strong></span> <span class='ocrx_word' id='word_1_397' title='bbox 2881 2595 3193 2668; x_wconf 82' lang='lat' dir='ltr'><strong>pr0phetica</strong></span> <span class='ocrx_word' id='word_1_398' title='bbox 3245 2593 3383 2649; x_wconf 85' lang='lat' dir='ltr'><strong>dona</strong></span> <span class='ocrx_word' id='word_1_399' title='bbox 3428 2593 3480 2647; x_wconf 91' lang='lat' dir='ltr'><strong>in</strong></span> <span class='ocrx_word' id='word_1_400' title='bbox 3533 2592 3717 2648; x_wconf 85' lang='lat' dir='ltr'><strong>Eccle-</strong></span> 
     </span>
    </p>
   </div>
   <div class='ocr_carea' id='block_1_56' title="bbox 2122 2682 3708 2767">
    <p class='ocr_par' dir='ltr' id='par_1_56' title="bbox 2122 2682 3708 2767">
     <span class='ocr_line' id='line_1_56' title="bbox 2122 2682 3708 2767; baseline -0.01 -15"><span class='ocrx_word' id='word_1_401' title='bbox 2122 2700 2200 2753; x_wconf 89' lang='lat' dir='ltr'><strong>sia</strong></span> <span class='ocrx_word' id='word_1_402' title='bbox 2249 2697 2567 2767; x_wconf 86' lang='lat' dir='ltr'><strong>agnovisse,</strong></span> <span class='ocrx_word' id='word_1_403' title='bbox 2614 2691 2703 2763; x_wconf 89' lang='lat' dir='ltr'><strong>qui</strong></span> <span class='ocrx_word' id='word_1_404' title='bbox 2757 2688 2970 2761; x_wconf 88' lang='lat' dir='ltr'><strong>quidem</strong></span> <span class='ocrx_word' id='word_1_405' title='bbox 3003 2688 3148 2743; x_wconf 92' lang='lat' dir='ltr'><strong>illius</strong></span> <span class='ocrx_word' id='word_1_406' title='bbox 3194 2684 3376 2741; x_wconf 60' lang='lat' dir='ltr'><strong>saeculi</strong></span> <span class='ocrx_word' id='word_1_407' title='bbox 3408 2682 3708 2738; x_wconf 83' lang='lat' dir='ltr'><strong>doctissimi</strong></span> 
     </span>
    </p>
   </div>
   <div class='ocr_carea' id='block_1_57' title="bbox 2124 2776 3714 2854">
    <p class='ocr_par' dir='ltr' id='par_1_57' title="bbox 2124 2776 3714 2854">
     <span class='ocr_line' id='line_1_57' title="bbox 2124 2776 3714 2854; baseline -0.01 -9"><span class='ocrx_word' id='word_1_408' title='bbox 2124 2790 2452 2846; x_wconf 84' lang='lat' dir='ltr'><strong>haberentur</strong></span> <span class='ocrx_word' id='word_1_409' title='bbox 2475 2831 2488 2853; x_wconf 94' lang='lat'><strong>,</strong></span> <span class='ocrx_word' id='word_1_410' title='bbox 2520 2800 2806 2854; x_wconf 90' lang='lat' dir='ltr'><strong>rerumque</strong></span> <span class='ocrx_word' id='word_1_411' title='bbox 2846 2779 3334 2837; x_wconf 78' lang='lat' dir='ltr'><strong>ecclesiaSticarum</strong></span> <span class='ocrx_word' id='word_1_412' title='bbox 3379 2776 3714 2846; x_wconf 84' lang='lat' dir='ltr'><strong>peritissimi.</strong></span> 
     </span>
    </p>
   </div>
   <div class='ocr_carea' id='block_1_58' title="bbox 2123 2868 3715 2954">
    <p class='ocr_par' dir='ltr' id='par_1_58' title="bbox 2123 2868 3715 2954">
     <span class='ocr_line' id='line_1_58' title="bbox 2123 2868 3715 2954; baseline -0.012 -14"><span class='ocrx_word' id='word_1_413' title='bbox 2123 2883 2309 2954; x_wconf 86' lang='lat' dir='ltr'><strong>Neque</strong></span> <span class='ocrx_word' id='word_1_414' title='bbox 2353 2879 2648 2937; x_wconf 79' lang='lat' dir='ltr'><strong>verisimile</strong></span> <span class='ocrx_word' id='word_1_415' title='bbox 2677 2887 2794 2933; x_wconf 84' lang='lat' dir='ltr'><strong>erat</strong></span> <span class='ocrx_word' id='word_1_416' title='bbox 2827 2885 2934 2930; x_wconf 89' lang='lat' dir='ltr'><strong>tam</strong></span> <span class='ocrx_word' id='word_1_417' title='bbox 2962 2887 3204 2929; x_wconf 85' lang='lat' dir='ltr'><strong>severam</strong></span> <span class='ocrx_word' id='word_1_418' title='bbox 3239 2871 3291 2924; x_wconf 91' lang='lat' dir='ltr'><strong>in</strong></span> <span class='ocrx_word' id='word_1_419' title='bbox 3331 2869 3570 2924; x_wconf 87' lang='lat' dir='ltr'><strong>Ecclesia</strong></span> <span class='ocrx_word' id='word_1_420' title='bbox 3600 2868 3715 2922; x_wconf 90' lang='lat' dir='ltr'><strong>dis-</strong></span> 
     </span>
    </p>
   </div>
   <div class='ocr_carea' id='block_1_59' title="bbox 2125 2960 3724 3050">
    <p class='ocr_par' dir='ltr' id='par_1_59' title="bbox 2125 2960 3724 3050">
     <span class='ocr_line' id='line_1_59' title="bbox 2125 2960 3724 3050; baseline -0.011 -15"><span class='ocrx_word' id='word_1_421' title='bbox 2125 2980 2378 3050; x_wconf 88' lang='lat' dir='ltr'><strong>ciplinam</strong></span> <span class='ocrx_word' id='word_1_422' title='bbox 2427 2977 2608 3046; x_wconf 83' lang='lat' dir='ltr'><strong>vigere</strong></span> <span class='ocrx_word' id='word_1_423' title='bbox 2655 2971 2927 3042; x_wconf 91' lang='lat' dir='ltr'><strong>potuisse,</strong></span> <span class='ocrx_word' id='word_1_424' title='bbox 2978 2967 3078 3021; x_wconf 92' lang='lat' dir='ltr'><strong>nisi</strong></span> <span class='ocrx_word' id='word_1_425' title='bbox 3129 2965 3197 3020; x_wconf 91' lang='lat' dir='ltr'><strong>de</strong></span> <span class='ocrx_word' id='word_1_426' title='bbox 3247 2963 3466 3018; x_wconf 90' lang='lat' dir='ltr'><strong>numine</strong></span> <span class='ocrx_word' id='word_1_427' title='bbox 3513 2964 3564 3016; x_wconf 93' lang='lat' dir='ltr'><strong>in</strong></span> <span class='ocrx_word' id='word_1_428' title='bbox 3615 2960 3724 3017; x_wconf 88' lang='lat' dir='ltr'><strong>Ec-</strong></span> 
     </span>
    </p>
   </div>
   <div class='ocr_carea' id='block_1_60' title="bbox 2126 3055 3724 3140">
    <p class='ocr_par' dir='ltr' id='par_1_60' title="bbox 2126 3055 3724 3140">
     <span class='ocr_line' id='line_1_60' title="bbox 2126 3055 3724 3140; baseline -0.012 -13"><span class='ocrx_word' id='word_1_429' title='bbox 2126 3073 2289 3128; x_wconf 86' lang='lat' dir='ltr'><strong>clesia</strong></span> <span class='ocrx_word' id='word_1_430' title='bbox 2333 3067 2754 3140; x_wconf 66' lang='lat' dir='ltr'><strong>prteseutissimo</strong></span> <span class='ocrx_word' id='word_1_431' title='bbox 2812 3058 3263 3118; x_wconf 85' lang='lat' dir='ltr'><strong>manifestissimis</strong></span> <span class='ocrx_word' id='word_1_432' title='bbox 3312 3064 3589 3112; x_wconf 89' lang='lat' dir='ltr'><strong>constaret</strong></span> <span class='ocrx_word' id='word_1_433' title='bbox 3633 3055 3724 3109; x_wconf 83' lang='lat' dir='ltr'><strong>in-</strong></span> 
     </span>
    </p>
   </div>
   <div class='ocr_carea' id='block_1_61' title="bbox 425 3149 3724 3234">
    <p class='ocr_par' dir='ltr' id='par_1_61' title="bbox 425 3149 3724 3234">
     <span class='ocr_line' id='line_1_61' title="bbox 425 3149 3724 3234; baseline -0.003 -23"><span class='ocrx_word' id='word_1_434' title='bbox 425 3155 692 3211; x_wconf 86' lang='lat' dir='ltr'><strong>uiatorem</strong></span> <span class='ocrx_word' id='word_1_435' title='bbox 759 3158 1105 3228; x_wconf 87' lang='lat' dir='ltr'><strong>appellarunt</strong></span> <span class='ocrx_word' id='word_1_436' title='bbox 1159 3157 1331 3230; x_wconf 85' lang='lat' dir='ltr'><strong>(Gen.</strong></span> <span class='ocrx_word' id='word_1_437' title='bbox 1357 3201 1371 3223; x_wconf 94' lang='lat'><strong>,</strong></span> <span class='ocrx_word' id='word_1_438' title='bbox 1429 3175 1642 3227; x_wconf 78' lang='lat' dir='ltr'><strong>xxxv&quot;,</strong></span> <span class='ocrx_word' id='word_1_439' title='bbox 1699 3161 1834 3233; x_wconf 79' lang='lat' dir='ltr'><strong>l9),</strong></span> <span class='ocrx_word' id='word_1_440' title='bbox 1877 3163 2020 3234; x_wconf 88' lang='lat' dir='ltr'><strong>quod</strong></span> <span class='ocrx_word' id='word_1_441' title='bbox 2051 3165 2094 3228; x_wconf 88' lang='lat' dir='ltr'><strong>C</strong></span> <span class='ocrx_word' id='word_1_442' title='bbox 2130 3163 2304 3220; x_wconf 88' lang='lat' dir='ltr'><strong>diciis.</strong></span> <span class='ocrx_word' id='word_1_443' title='bbox 2347 3160 2500 3230; x_wconf 91' lang='lat' dir='ltr'><strong>Quod</strong></span> <span class='ocrx_word' id='word_1_444' title='bbox 2534 3159 2578 3213; x_wconf 91' lang='lat' dir='ltr'><strong>si</strong></span> <span class='ocrx_word' id='word_1_445' title='bbox 2607 3158 2757 3212; x_wconf 93' lang='lat' dir='ltr'><strong>illum</strong></span> <span class='ocrx_word' id='word_1_446' title='bbox 2790 3155 3013 3226; x_wconf 90' lang='lat' dir='ltr'><strong>spiritus</strong></span> <span class='ocrx_word' id='word_1_447' title='bbox 3058 3149 3358 3222; x_wconf 91' lang='lat' dir='ltr'><strong>pr0phetici</strong></span> <span class='ocrx_word' id='word_1_448' title='bbox 3399 3157 3724 3220; x_wconf 72' lang='lat' dir='ltr'><strong>prmtextum</strong></span> 
     </span>
    </p>
   </div>
   <div class='ocr_carea' id='block_1_62' title="bbox 427 3249 2027 3327">
    <p class='ocr_par' dir='ltr' id='par_1_62' title="bbox 427 3249 2027 3327">
     <span class='ocr_line' id='line_1_62' title="bbox 427 3249 2027 3327; baseline 0.004 -24"><span class='ocrx_word' id='word_1_449' title='bbox 427 3249 546 3320; x_wconf 90' lang='lat' dir='ltr'><strong>ipse</strong></span> <span class='ocrx_word' id='word_1_450' title='bbox 586 3264 803 3320; x_wconf 88' lang='lat' dir='ltr'><strong>quoque</strong></span> <span class='ocrx_word' id='word_1_451' title='bbox 848 3249 1168 3308; x_wconf 88' lang='lat' dir='ltr'><strong>observarat</strong></span> <span class='ocrx_word' id='word_1_452' title='bbox 1215 3251 1536 3324; x_wconf 84' lang='lat' dir='ltr'><strong>Cyprianus.</strong></span> <span class='ocrx_word' id='word_1_453' title='bbox 1591 3254 1916 3327; x_wconf 86' lang='lat' dir='ltr'><strong>Prophetam</strong></span> <span class='ocrx_word' id='word_1_454' title='bbox 1966 3258 2027 3310; x_wconf 86' lang='lat' dir='ltr'><strong>it-</strong></span> 
     </span>
    </p>
   </div>
   <div class='ocr_carea' id='block_1_63' title="bbox 427 3342 2027 3420">
    <p class='ocr_par' dir='ltr' id='par_1_63' title="bbox 427 3342 2027 3420">
     <span class='ocr_line' id='line_1_63' title="bbox 427 3342 2027 3420; baseline 0.004 -22"><span class='ocrx_word' id='word_1_455' title='bbox 427 3342 542 3398; x_wconf 90' lang='lat' dir='ltr'><strong>lum</strong></span> <span class='ocrx_word' id='word_1_456' title='bbox 581 3345 674 3414; x_wconf 92' lang='lat' dir='ltr'><strong>qui</strong></span> <span class='ocrx_word' id='word_1_457' title='bbox 723 3345 792 3400; x_wconf 87' lang='lat' dir='ltr'><strong>ab</strong></span> <span class='ocrx_word' id='word_1_458' title='bbox 846 3344 1048 3402; x_wconf 62' lang='lat' dir='ltr'><strong>Elissac</strong></span> <span class='ocrx_word' id='word_1_459' title='bbox 1073 3347 1270 3403; x_wconf 90' lang='lat' dir='ltr'><strong>missus</strong></span> <span class='ocrx_word' id='word_1_460' title='bbox 1313 3347 1451 3404; x_wconf 83' lang='lat' dir='ltr'><strong>Jehu</strong></span> <span class='ocrx_word' id='word_1_461' title='bbox 1502 3364 1723 3420; x_wconf 84' lang='lat' dir='ltr'><strong>regnum</strong></span> <span class='ocrx_word' id='word_1_462' title='bbox 1777 3350 2027 3406; x_wconf 87' lang='lat' dir='ltr'><strong>israeliti-</strong></span> 
     </span>
    </p>
   </div>
   <div class='ocr_carea' id='block_1_64' title="bbox 434 3439 2028 3514">
    <p class='ocr_par' dir='ltr' id='par_1_64' title="bbox 434 3439 2028 3514">
     <span class='ocr_line' id='line_1_64' title="bbox 434 3439 2028 3514; baseline 0.003 -20"><span class='ocrx_word' id='word_1_463' title='bbox 434 3452 559 3494; x_wconf 93' lang='lat' dir='ltr'><strong>cum</strong></span> <span class='ocrx_word' id='word_1_464' title='bbox 591 3439 953 3509; x_wconf 88' lang='lat' dir='ltr'><strong>promiserat,</strong></span> <span class='ocrx_word' id='word_1_465' title='bbox 998 3441 1246 3496; x_wconf 90' lang='lat' dir='ltr'><strong>insanum</strong></span> <span class='ocrx_word' id='word_1_466' title='bbox 1280 3452 1536 3498; x_wconf 80' lang='lat' dir='ltr'><strong>vocarunt</strong></span> <span class='ocrx_word' id='word_1_467' title='bbox 1577 3443 1846 3514; x_wconf 86' lang='lat' dir='ltr'><strong>principes</strong></span> <span class='ocrx_word' id='word_1_468' title='bbox 1871 3459 2028 3500; x_wconf 83' lang='lat' dir='ltr'><strong>exer-</strong></span> 
     </span>
    </p>
   </div>
   <div class='ocr_carea' id='block_1_65' title="bbox 431 3531 2029 3608">
    <p class='ocr_par' dir='ltr' id='par_1_65' title="bbox 431 3531 2029 3608">
     <span class='ocr_line' id='line_1_65' title="bbox 431 3531 2029 3608; baseline 0.003 -22"><span class='ocrx_word' id='word_1_469' title='bbox 431 3531 604 3600; x_wconf 90' lang='lat' dir='ltr'><strong>citus,</strong></span> <span class='ocrx_word' id='word_1_470' title='bbox 656 3547 756 3588; x_wconf 91' lang='lat' dir='ltr'><strong>nec</strong></span> <span class='ocrx_word' id='word_1_471' title='bbox 799 3541 979 3588; x_wconf 91' lang='lat' dir='ltr'><strong>tamen</strong></span> <span class='ocrx_word' id='word_1_472' title='bbox 1013 3534 1291 3589; x_wconf 90' lang='lat' dir='ltr'><strong>oraculum</strong></span> <span class='ocrx_word' id='word_1_473' title='bbox 1331 3535 1400 3590; x_wconf 89' lang='lat' dir='ltr'><strong>ab</strong></span> <span class='ocrx_word' id='word_1_474' title='bbox 1445 3551 1510 3590; x_wconf 89' lang='lat' dir='ltr'><strong>eo</strong></span> <span class='ocrx_word' id='word_1_475' title='bbox 1547 3535 1750 3591; x_wconf 92' lang='lat' dir='ltr'><strong>editum</strong></span> <span class='ocrx_word' id='word_1_476' title='bbox 1780 3536 2029 3608; x_wconf 80' lang='lat' dir='ltr'><strong>neglexe-</strong></span> 
     </span>
    </p>
   </div>
   <div class='ocr_carea' id='block_1_66' title="bbox 433 3624 2030 3696">
    <p class='ocr_par' dir='ltr' id='par_1_66' title="bbox 433 3624 2030 3696">
     <span class='ocr_line' id='line_1_66' title="bbox 433 3624 2030 3696; baseline 0.003 -17"><span class='ocrx_word' id='word_1_477' title='bbox 433 3632 577 3680; x_wconf 85' lang='lat' dir='ltr'><strong>runt.</strong></span> <span class='ocrx_word' id='word_1_478' title='bbox 627 3624 704 3678; x_wconf 79' lang='lat' dir='ltr'><strong>lla</strong></span> <span class='ocrx_word' id='word_1_479' title='bbox 750 3639 910 3696; x_wconf 88' lang='lat' dir='ltr'><strong>quem</strong></span> <span class='ocrx_word' id='word_1_480' title='bbox 951 3626 1170 3681; x_wconf 89' lang='lat' dir='ltr'><strong>nomine</strong></span> <span class='ocrx_word' id='word_1_481' title='bbox 1218 3635 1374 3681; x_wconf 86' lang='lat' dir='ltr'><strong>tenus</strong></span> <span class='ocrx_word' id='word_1_482' title='bbox 1419 3625 1666 3682; x_wconf 88' lang='lat' dir='ltr'><strong>insanum</strong></span> <span class='ocrx_word' id='word_1_483' title='bbox 1709 3637 2030 3691; x_wconf 82' lang='lat' dir='ltr'><strong>vocassent,</strong></span> 
     </span>
    </p>
   </div>
   <div class='ocr_carea' id='block_1_67' title="bbox 434 3715 2035 3790">
    <p class='ocr_par' dir='ltr' id='par_1_67' title="bbox 434 3715 2035 3790">
     <span class='ocr_line' id='line_1_67' title="bbox 434 3715 2035 3790; baseline 0.004 -20"><span class='ocrx_word' id='word_1_484' title='bbox 434 3715 581 3772; x_wconf 85' lang='lat' dir='ltr'><strong>serio</strong></span> <span class='ocrx_word' id='word_1_485' title='bbox 613 3727 791 3772; x_wconf 90' lang='lat' dir='ltr'><strong>tamen</strong></span> <span class='ocrx_word' id='word_1_486' title='bbox 828 3732 925 3786; x_wconf 92' lang='lat' dir='ltr'><strong>pro</strong></span> <span class='ocrx_word' id='word_1_487' title='bbox 953 3717 1145 3774; x_wconf 88' lang='lat' dir='ltr'><strong>insano</strong></span> <span class='ocrx_word' id='word_1_488' title='bbox 1177 3719 1488 3790; x_wconf 89' lang='lat' dir='ltr'><strong>neutiquam</strong></span> <span class='ocrx_word' id='word_1_489' title='bbox 1523 3719 1835 3776; x_wconf 89' lang='lat' dir='ltr'><strong>hahendnm</strong></span> <span class='ocrx_word' id='word_1_490' title='bbox 1862 3721 2035 3777; x_wconf 78' lang='lat' dir='ltr'><strong>duxe-</strong></span> 
     </span>
    </p>
   </div>
   <div class='ocr_carea' id='block_1_68' title="bbox 440 3809 2034 3886">
    <p class='ocr_par' dir='ltr' id='par_1_68' title="bbox 440 3809 2034 3886">
     <span class='ocr_line' id='line_1_68' title="bbox 440 3809 2034 3886; baseline 0.004 -22"><span class='ocrx_word' id='word_1_491' title='bbox 440 3817 581 3865; x_wconf 88' lang='lat' dir='ltr'><strong>rant.</strong></span> <span class='ocrx_word' id='word_1_492' title='bbox 635 3809 704 3864; x_wconf 89' lang='lat' dir='ltr'><strong>Et</strong></span> <span class='ocrx_word' id='word_1_493' title='bbox 749 3809 1064 3882; x_wconf 89' lang='lat' dir='ltr'><strong>frequentes</strong></span> <span class='ocrx_word' id='word_1_494' title='bbox 1091 3811 1199 3866; x_wconf 77' lang='lat' dir='ltr'><strong>illa:</strong></span> <span class='ocrx_word' id='word_1_495' title='bbox 1231 3814 1562 3882; x_wconf 89' lang='lat' dir='ltr'><strong>temporibus</strong></span> <span class='ocrx_word' id='word_1_496' title='bbox 1606 3816 1766 3869; x_wconf 93' lang='lat' dir='ltr'><strong>etiam</strong></span> <span class='ocrx_word' id='word_1_497' title='bbox 1813 3826 2034 3886; x_wconf 89' lang='lat' dir='ltr'><strong>aposto-</strong></span> 
     </span>
    </p>
   </div>
   <div class='ocr_carea' id='block_1_69' title="bbox 438 3901 2037 3980">
    <p class='ocr_par' dir='ltr' id='par_1_69' title="bbox 438 3901 2037 3980">
     <span class='ocr_line' id='line_1_69' title="bbox 438 3901 2037 3980; baseline 0.004 -21"><span class='ocrx_word' id='word_1_498' title='bbox 438 3901 561 3960; x_wconf 90' lang='lat' dir='ltr'><strong>licis</strong></span> <span class='ocrx_word' id='word_1_499' title='bbox 607 3905 831 3961; x_wconf 81' lang='lat' dir='ltr'><strong>cautelae</strong></span> <span class='ocrx_word' id='word_1_500' title='bbox 874 3907 942 3962; x_wconf 89' lang='lat' dir='ltr'><strong>de</strong></span> <span class='ocrx_word' id='word_1_501' title='bbox 990 3921 1094 3962; x_wconf 92' lang='lat' dir='ltr'><strong>non</strong></span> <span class='ocrx_word' id='word_1_502' title='bbox 1132 3908 1540 3964; x_wconf 87' lang='lat' dir='ltr'><strong>contemnendis</strong></span> <span class='ocrx_word' id='word_1_503' title='bbox 1593 3910 2037 3980; x_wconf 68' lang='lat' dir='ltr'><strong>extinguendisve</strong></span> 
     </span>
    </p>
   </div>
   <div class='ocr_carea' id='block_1_70' title="bbox 438 3999 2038 4073">
    <p class='ocr_par' dir='ltr' id='par_1_70' title="bbox 438 3999 2038 4073">
     <span class='ocr_line' id='line_1_70' title="bbox 438 3999 2038 4073; baseline 0.002 -19"><span class='ocrx_word' id='word_1_504' title='bbox 438 3999 778 4070; x_wconf 89' lang='lat' dir='ltr'><strong>prophetiis,</strong></span> <span class='ocrx_word' id='word_1_505' title='bbox 830 3999 882 4055; x_wconf 92' lang='lat' dir='ltr'><strong>id</strong></span> <span class='ocrx_word' id='word_1_506' title='bbox 932 4001 1063 4056; x_wconf 90' lang='lat' dir='ltr'><strong>satis</strong></span> <span class='ocrx_word' id='word_1_507' title='bbox 1111 4000 1383 4068; x_wconf 91' lang='lat' dir='ltr'><strong>innunnt,</strong></span> <span class='ocrx_word' id='word_1_508' title='bbox 1443 4017 1601 4072; x_wconf 85' lang='lat' dir='ltr'><strong>quam</strong></span> <span class='ocrx_word' id='word_1_509' title='bbox 1656 4003 1921 4073; x_wconf 85' lang='lat' dir='ltr'><strong>proclives</strong></span> <span class='ocrx_word' id='word_1_510' title='bbox 1949 4017 2038 4059; x_wconf 84' lang='lat' dir='ltr'><strong>es-</strong></span> 
     </span>
    </p>
   </div>
   <div class='ocr_carea' id='block_1_71' title="bbox 441 4093 2043 4168">
    <p class='ocr_par' dir='ltr' id='par_1_71' title="bbox 441 4093 2043 4168">
     <span class='ocr_line' id='line_1_71' title="bbox 441 4093 2043 4168; baseline 0.002 -18"><span class='ocrx_word' id='word_1_511' title='bbox 441 4104 564 4150; x_wconf 88' lang='lat' dir='ltr'><strong>sent</strong></span> <span class='ocrx_word' id='word_1_512' title='bbox 616 4093 682 4148; x_wconf 86' lang='lat' dir='ltr'><strong>ad</strong></span> <span class='ocrx_word' id='word_1_513' title='bbox 734 4094 786 4149; x_wconf 90' lang='lat' dir='ltr'><strong>id</strong></span> <span class='ocrx_word' id='word_1_514' title='bbox 833 4093 1135 4151; x_wconf 82' lang='lat' dir='ltr'><strong>faciendum</strong></span> <span class='ocrx_word' id='word_1_515' title='bbox 1167 4095 1417 4151; x_wconf 89' lang='lat' dir='ltr'><strong>homines</strong></span> <span class='ocrx_word' id='word_1_516' title='bbox 1454 4096 1523 4152; x_wconf 90' lang='lat' dir='ltr'><strong>de</strong></span> <span class='ocrx_word' id='word_1_517' title='bbox 1551 4111 1658 4168; x_wconf 87' lang='lat' dir='ltr'><strong>quo</strong></span> <span class='ocrx_word' id='word_1_518' title='bbox 1687 4098 1844 4153; x_wconf 80' lang='lat' dir='ltr'><strong>toties</strong></span> <span class='ocrx_word' id='word_1_519' title='bbox 1887 4107 2043 4153; x_wconf 87' lang='lat' dir='ltr'><strong>erant</strong></span> 
     </span>
    </p>
   </div>
   <div class='ocr_carea' id='block_1_72' title="bbox 441 4187 2038 4246">
    <p class='ocr_par' dir='ltr' id='par_1_72' title="bbox 441 4187 2038 4246">
     <span class='ocr_line' id='line_1_72' title="bbox 441 4187 2038 4246; baseline 0.004 -6"><span class='ocrx_word' id='word_1_520' title='bbox 441 4187 750 4242; x_wconf 88' lang='lat' dir='ltr'><strong>necessario</strong></span> <span class='ocrx_word' id='word_1_521' title='bbox 796 4187 1072 4244; x_wconf 92' lang='lat' dir='ltr'><strong>monendi.</strong></span> <span class='ocrx_word' id='word_1_522' title='bbox 1117 4187 1227 4244; x_wconf 88' lang='lat' dir='ltr'><strong>Nec</strong></span> <span class='ocrx_word' id='word_1_523' title='bbox 1256 4199 1374 4244; x_wconf 91' lang='lat' dir='ltr'><strong>erat</strong></span> <span class='ocrx_word' id='word_1_524' title='bbox 1412 4203 1542 4243; x_wconf 87' lang='lat' dir='ltr'><strong>sane</strong></span> <span class='ocrx_word' id='word_1_525' title='bbox 1569 4189 1712 4244; x_wconf 85' lang='lat' dir='ltr'><strong>aliud</strong></span> <span class='ocrx_word' id='word_1_526' title='bbox 1750 4190 1858 4245; x_wconf 92' lang='lat' dir='ltr'><strong>illis</strong></span> <span class='ocrx_word' id='word_1_527' title='bbox 1901 4199 2038 4246; x_wconf 92' lang='lat' dir='ltr'><strong>tem-</strong></span> 
     </span>
    </p>
   </div>
   <div class='ocr_carea' id='block_1_73' title="bbox 440 4280 2042 4354">
    <p class='ocr_par' dir='ltr' id='par_1_73' title="bbox 440 4280 2042 4354">
     <span class='ocr_line' id='line_1_73' title="bbox 440 4280 2042 4354; baseline 0.003 -20"><span class='ocrx_word' id='word_1_528' title='bbox 440 4280 665 4350; x_wconf 84' lang='lat' dir='ltr'><strong>poribus</strong></span> <span class='ocrx_word' id='word_1_529' title='bbox 709 4283 1103 4351; x_wconf 75' lang='lat' dir='ltr'><strong>expectandum</strong></span> <span class='ocrx_word' id='word_1_530' title='bbox 1137 4283 1328 4352; x_wconf 88' lang='lat' dir='ltr'><strong>quibus</strong></span> <span class='ocrx_word' id='word_1_531' title='bbox 1355 4283 1493 4338; x_wconf 91' lang='lat' dir='ltr'><strong>adeo</strong></span> <span class='ocrx_word' id='word_1_532' title='bbox 1523 4293 1711 4338; x_wconf 89' lang='lat' dir='ltr'><strong>essent</strong></span> <span class='ocrx_word' id='word_1_533' title='bbox 1760 4284 2042 4354; x_wconf 79' lang='lat' dir='ltr'><strong>prOpheta:</strong></span> 
     </span>
    </p>
   </div>
   <div class='ocr_carea' id='block_1_74' title="bbox 445 4372 2041 4444">
    <p class='ocr_par' dir='ltr' id='par_1_74' title="bbox 445 4372 2041 4444">
     <span class='ocr_line' id='line_1_74' title="bbox 445 4372 2041 4444; baseline 0.001 -17"><span class='ocrx_word' id='word_1_534' title='bbox 445 4372 708 4427; x_wconf 88' lang='lat' dir='ltr'><strong>ccrvicosi</strong></span> <span class='ocrx_word' id='word_1_535' title='bbox 760 4381 922 4442; x_wconf 89' lang='lat' dir='ltr'><strong>atque</strong></span> <span class='ocrx_word' id='word_1_536' title='bbox 952 4372 1157 4428; x_wconf 90' lang='lat' dir='ltr'><strong>ordinis</strong></span> <span class='ocrx_word' id='word_1_537' title='bbox 1187 4373 1386 4444; x_wconf 90' lang='lat' dir='ltr'><strong>publici</strong></span> <span class='ocrx_word' id='word_1_538' title='bbox 1435 4374 1874 4444; x_wconf 81' lang='lat' dir='ltr'><strong>perturbatores,</strong></span> <span class='ocrx_word' id='word_1_539' title='bbox 1920 4389 2041 4429; x_wconf 92' lang='lat' dir='ltr'><strong>cum</strong></span> 
     </span>
    </p>
   </div>
   <div class='ocr_carea' id='block_1_75' title="bbox 447 4464 2046 4537">
    <p class='ocr_par' dir='ltr' id='par_1_75' title="bbox 447 4464 2046 4537">
     <span class='ocr_line' id='line_1_75' title="bbox 447 4464 2046 4537; baseline 0.003 -17"><span class='ocrx_word' id='word_1_540' title='bbox 447 4464 611 4520; x_wconf 89' lang='lat' dir='ltr'><strong>simul</strong></span> <span class='ocrx_word' id='word_1_541' title='bbox 666 4466 846 4534; x_wconf 91' lang='lat' dir='ltr'><strong>plures</strong></span> <span class='ocrx_word' id='word_1_542' title='bbox 886 4465 1274 4537; x_wconf 87' lang='lat' dir='ltr'><strong>loquerentur,</strong></span> <span class='ocrx_word' id='word_1_543' title='bbox 1307 4482 1428 4522; x_wconf 93' lang='lat' dir='ltr'><strong>cum</strong></span> <span class='ocrx_word' id='word_1_544' title='bbox 1457 4467 1813 4537; x_wconf 76' lang='lat' dir='ltr'><strong>prophetissa:</strong></span> <span class='ocrx_word' id='word_1_545' title='bbox 1852 4467 1905 4522; x_wconf 91' lang='lat' dir='ltr'><strong>in</strong></span> <span class='ocrx_word' id='word_1_546' title='bbox 1935 4482 2046 4524; x_wconf 69' lang='lat' dir='ltr'><strong>ca:-</strong></span> 
     </span>
    </p>
   </div>
   <div class='ocr_carea' id='block_1_76' title="bbox 2132 3242 3726 3328">
    <p class='ocr_par' dir='ltr' id='par_1_76' title="bbox 2132 3242 3726 3328">
     <span class='ocr_line' id='line_1_76' title="bbox 2132 3242 3726 3328; baseline -0.007 -21"><span class='ocrx_word' id='word_1_547' title='bbox 2132 3263 2359 3328; x_wconf 87' lang='lat' dir='ltr'><strong>possent</strong></span> <span class='ocrx_word' id='word_1_548' title='bbox 2401 3251 2651 3308; x_wconf 84' lang='lat' dir='ltr'><strong>falsitatis</strong></span> <span class='ocrx_word' id='word_1_549' title='bbox 2717 3248 3072 3309; x_wconf 86' lang='lat' dir='ltr'><strong>convincere,</strong></span> <span class='ocrx_word' id='word_1_550' title='bbox 3121 3245 3231 3315; x_wconf 90' lang='lat' dir='ltr'><strong>jam</strong></span> <span class='ocrx_word' id='word_1_551' title='bbox 3275 3242 3573 3320; x_wconf 69' lang='lat' dir='ltr'><strong>labasceret</strong></span> <span class='ocrx_word' id='word_1_552' title='bbox 3619 3257 3726 3296; x_wconf 88' lang='lat' dir='ltr'><strong>una</strong></span> 
     </span>
    </p>
   </div>
   <div class='ocr_carea' id='block_1_77' title="bbox 2133 3335 3728 3421">
    <p class='ocr_par' dir='ltr' id='par_1_77' title="bbox 2133 3335 3728 3421">
     <span class='ocr_line' id='line_1_77' title="bbox 2133 3335 3728 3421; baseline -0.012 -15"><span class='ocrx_word' id='word_1_553' title='bbox 2133 3351 2461 3421; x_wconf 85' lang='lat' dir='ltr'><strong>reliquorum</strong></span> <span class='ocrx_word' id='word_1_554' title='bbox 2516 3346 2688 3411; x_wconf 85' lang='lat' dir='ltr'><strong>fides,</strong></span> <span class='ocrx_word' id='word_1_555' title='bbox 2751 3345 2860 3413; x_wconf 87' lang='lat' dir='ltr'><strong>jam</strong></span> <span class='ocrx_word' id='word_1_556' title='bbox 2921 3340 3052 3395; x_wconf 91' lang='lat' dir='ltr'><strong>nihil</strong></span> <span class='ocrx_word' id='word_1_557' title='bbox 3099 3348 3216 3394; x_wconf 88' lang='lat' dir='ltr'><strong>erat</strong></span> <span class='ocrx_word' id='word_1_558' title='bbox 3267 3337 3409 3408; x_wconf 89' lang='lat' dir='ltr'><strong>quod</strong></span> <span class='ocrx_word' id='word_1_559' title='bbox 3468 3335 3728 3390; x_wconf 68' lang='lat' dir='ltr'><strong>Ecclesiae</strong></span> 
     </span>
    </p>
   </div>
   <div class='ocr_carea' id='block_1_78' title="bbox 2134 3431 3729 3508">
    <p class='ocr_par' dir='ltr' id='par_1_78' title="bbox 2134 3431 3729 3508">
     <span class='ocr_line' id='line_1_78' title="bbox 2134 3431 3729 3508; baseline -0.009 -8"><span class='ocrx_word' id='word_1_560' title='bbox 2134 3443 2567 3500; x_wconf 90' lang='lat' dir='ltr'><strong>communionem</strong></span> <span class='ocrx_word' id='word_1_561' title='bbox 2612 3451 2687 3495; x_wconf 91' lang='lat' dir='ltr'><strong>tot</strong></span> <span class='ocrx_word' id='word_1_562' title='bbox 2731 3452 2991 3493; x_wconf 88' lang='lat' dir='ltr'><strong>annorum</strong></span> <span class='ocrx_word' id='word_1_563' title='bbox 3027 3434 3338 3508; x_wconf 68' lang='lat' dir='ltr'><strong>paenitentia</strong></span> <span class='ocrx_word' id='word_1_564' title='bbox 3374 3442 3478 3486; x_wconf 88' lang='lat' dir='ltr'><strong>tam</strong></span> <span class='ocrx_word' id='word_1_565' title='bbox 3522 3431 3729 3500; x_wconf 84' lang='lat' dir='ltr'><strong>ingrata</strong></span> 
     </span>
    </p>
   </div>
   <div class='ocr_carea' id='block_1_79' title="bbox 2135 3525 3732 3605">
    <p class='ocr_par' dir='ltr' id='par_1_79' title="bbox 2135 3525 3732 3605">
     <span class='ocr_line' id='line_1_79' title="bbox 2135 3525 3732 3605; baseline -0.009 -13"><span class='ocrx_word' id='word_1_566' title='bbox 2135 3537 2435 3602; x_wconf 87' lang='lat' dir='ltr'><strong>ambirent;</strong></span> <span class='ocrx_word' id='word_1_567' title='bbox 2483 3550 2602 3590; x_wconf 91' lang='lat' dir='ltr'><strong>cum</strong></span> <span class='ocrx_word' id='word_1_568' title='bbox 2638 3532 2933 3605; x_wconf 66' lang='lat' dir='ltr'><strong>prmsenim</strong></span> <span class='ocrx_word' id='word_1_569' title='bbox 2986 3529 3163 3584; x_wconf 89' lang='lat' dir='ltr'><strong>nullus</strong></span> <span class='ocrx_word' id='word_1_570' title='bbox 3199 3534 3345 3582; x_wconf 86' lang='lat' dir='ltr'><strong>esset</strong></span> <span class='ocrx_word' id='word_1_571' title='bbox 3387 3525 3732 3595; x_wconf 84' lang='lat' dir='ltr'><strong>magistratus</strong></span> 
     </span>
    </p>
   </div>
   <div class='ocr_carea' id='block_1_80' title="bbox 2137 3617 3730 3703">
    <p class='ocr_par' dir='ltr' id='par_1_80' title="bbox 2137 3617 3730 3703">
     <span class='ocr_line' id='line_1_80' title="bbox 2137 3617 3730 3703; baseline -0.007 -21"><span class='ocrx_word' id='word_1_572' title='bbox 2137 3634 2227 3703; x_wconf 85' lang='lat' dir='ltr'><strong>qui</strong></span> <span class='ocrx_word' id='word_1_573' title='bbox 2282 3639 2532 3700; x_wconf 87' lang='lat' dir='ltr'><strong>cogeret.</strong></span> <span class='ocrx_word' id='word_1_574' title='bbox 2597 3635 2742 3682; x_wconf 89' lang='lat' dir='ltr'><strong>esset</strong></span> <span class='ocrx_word' id='word_1_575' title='bbox 2795 3634 2984 3680; x_wconf 90' lang='lat' dir='ltr'><strong>contra</strong></span> <span class='ocrx_word' id='word_1_576' title='bbox 3041 3622 3131 3694; x_wconf 91' lang='lat' dir='ltr'><strong>qui</strong></span> <span class='ocrx_word' id='word_1_577' title='bbox 3199 3620 3436 3676; x_wconf 80' lang='lat' dir='ltr'><strong>rebelles</strong></span> <span class='ocrx_word' id='word_1_578' title='bbox 3487 3617 3730 3681; x_wconf 86' lang='lat' dir='ltr'><strong>foveret,</strong></span> 
     </span>
    </p>
   </div>
   <div class='ocr_carea' id='block_1_81' title="bbox 2139 3709 3735 3794">
    <p class='ocr_par' dir='ltr' id='par_1_81' title="bbox 2139 3709 3735 3794">
     <span class='ocr_line' id='line_1_81' title="bbox 2139 3709 3735 3794; baseline -0.011 -15"><span class='ocrx_word' id='word_1_579' title='bbox 2139 3726 2392 3793; x_wconf 92' lang='lat' dir='ltr'><strong>omnique</strong></span> <span class='ocrx_word' id='word_1_580' title='bbox 2455 3735 2617 3794; x_wconf 84' lang='lat' dir='ltr'><strong>opera</strong></span> <span class='ocrx_word' id='word_1_581' title='bbox 2688 3721 2740 3774; x_wconf 93' lang='lat' dir='ltr'><strong>in</strong></span> <span class='ocrx_word' id='word_1_582' title='bbox 2797 3717 3147 3772; x_wconf 90' lang='lat' dir='ltr'><strong>rebellionem</strong></span> <span class='ocrx_word' id='word_1_583' title='bbox 3211 3713 3509 3786; x_wconf 86' lang='lat' dir='ltr'><strong>pelliceret.</strong></span> <span class='ocrx_word' id='word_1_584' title='bbox 3574 3709 3735 3778; x_wconf 84' lang='lat' dir='ltr'><strong>Quod</strong></span> 
     </span>
    </p>
   </div>
   <div class='ocr_carea' id='block_1_82' title="bbox 2140 3805 3738 3884">
    <p class='ocr_par' dir='ltr' id='par_1_82' title="bbox 2140 3805 3738 3884">
     <span class='ocr_line' id='line_1_82' title="bbox 2140 3805 3738 3884; baseline -0.011 -9"><span class='ocrx_word' id='word_1_585' title='bbox 2140 3827 2319 3875; x_wconf 88' lang='lat' dir='ltr'><strong>autem</strong></span> <span class='ocrx_word' id='word_1_586' title='bbox 2369 3816 2435 3872; x_wconf 90' lang='lat' dir='ltr'><strong>ad</strong></span> <span class='ocrx_word' id='word_1_587' title='bbox 2485 3815 2674 3870; x_wconf 82' lang='lat' dir='ltr'><strong>athcos</strong></span> <span class='ocrx_word' id='word_1_588' title='bbox 2712 3814 2993 3884; x_wconf 89' lang='lat' dir='ltr'><strong>epicureos</strong></span> <span class='ocrx_word' id='word_1_589' title='bbox 3022 3808 3243 3874; x_wconf 89' lang='lat' dir='ltr'><strong>attinet,</strong></span> <span class='ocrx_word' id='word_1_590' title='bbox 3278 3805 3375 3861; x_wconf 91' lang='lat' dir='ltr'><strong>fuit</strong></span> <span class='ocrx_word' id='word_1_591' title='bbox 3409 3821 3470 3860; x_wconf 91' lang='lat' dir='ltr'><strong>ea</strong></span> <span class='ocrx_word' id='word_1_592' title='bbox 3515 3818 3738 3874; x_wconf 86' lang='lat' dir='ltr'><strong>semper</strong></span> 
     </span>
    </p>
   </div>
   <div class='ocr_carea' id='block_1_83' title="bbox 2141 3895 3739 3983">
    <p class='ocr_par' dir='ltr' id='par_1_83' title="bbox 2141 3895 3739 3983">
     <span class='ocr_line' id='line_1_83' title="bbox 2141 3895 3739 3983; baseline -0.013 -15"><span class='ocrx_word' id='word_1_593' title='bbox 2141 3921 2329 3983; x_wconf 87' lang='lat' dir='ltr'><strong>estque</strong></span> <span class='ocrx_word' id='word_1_594' title='bbox 2380 3909 2541 3964; x_wconf 89' lang='lat' dir='ltr'><strong>hodie</strong></span> <span class='ocrx_word' id='word_1_595' title='bbox 2589 3907 2802 3962; x_wconf 86' lang='lat' dir='ltr'><strong>illorum</strong></span> <span class='ocrx_word' id='word_1_596' title='bbox 2854 3902 3094 3968; x_wconf 87' lang='lat' dir='ltr'><strong>indoles,</strong></span> <span class='ocrx_word' id='word_1_597' title='bbox 3127 3910 3186 3956; x_wconf 92' lang='lat' dir='ltr'><strong>ut</strong></span> <span class='ocrx_word' id='word_1_598' title='bbox 3226 3897 3570 3970; x_wconf 85' lang='lat' dir='ltr'><strong>generalibus</strong></span> <span class='ocrx_word' id='word_1_599' title='bbox 3620 3895 3739 3949; x_wconf 89' lang='lat' dir='ltr'><strong>suis</strong></span> 
     </span>
    </p>
   </div>
   <div class='ocr_carea' id='block_1_84' title="bbox 2145 3986 3736 4077">
    <p class='ocr_par' dir='ltr' id='par_1_84' title="bbox 2145 3986 3736 4077">
     <span class='ocr_line' id='line_1_84' title="bbox 2145 3986 3736 4077; baseline -0.014 -16"><span class='ocrx_word' id='word_1_600' title='bbox 2145 4002 2533 4077; x_wconf 76' lang='lat' dir='ltr'><strong>hypothesibus</strong></span> <span class='ocrx_word' id='word_1_601' title='bbox 2564 3999 2834 4063; x_wconf 90' lang='lat' dir='ltr'><strong>contenti,</strong></span> <span class='ocrx_word' id='word_1_602' title='bbox 2872 3997 2923 4052; x_wconf 90' lang='lat' dir='ltr'><strong>iu</strong></span> <span class='ocrx_word' id='word_1_603' title='bbox 2975 3993 3220 4064; x_wconf 79' lang='lat' dir='ltr'><strong>exempla</strong></span> <span class='ocrx_word' id='word_1_604' title='bbox 3268 3986 3610 4061; x_wconf 89' lang='lat' dir='ltr'><strong>particularia</strong></span> <span class='ocrx_word' id='word_1_605' title='bbox 3661 4001 3736 4041; x_wconf 90' lang='lat' dir='ltr'><strong>ne</strong></span> 
     </span>
    </p>
   </div>
   <div class='ocr_carea' id='block_1_85' title="bbox 2144 4077 3736 4170">
    <p class='ocr_par' dir='ltr' id='par_1_85' title="bbox 2144 4077 3736 4170">
     <span class='ocr_line' id='line_1_85' title="bbox 2144 4077 3736 4170; baseline -0.013 -18"><span class='ocrx_word' id='word_1_606' title='bbox 2144 4098 2357 4170; x_wconf 91' lang='lat' dir='ltr'><strong>quidem</strong></span> <span class='ocrx_word' id='word_1_607' title='bbox 2405 4092 2780 4165; x_wconf 88' lang='lat' dir='ltr'><strong>inquirendum</strong></span> <span class='ocrx_word' id='word_1_608' title='bbox 2839 4097 3048 4160; x_wconf 90' lang='lat' dir='ltr'><strong>putent.</strong></span> <span class='ocrx_word' id='word_1_609' title='bbox 3099 4084 3269 4149; x_wconf 90' lang='lat' dir='ltr'><strong>Quam</strong></span> <span class='ocrx_word' id='word_1_610' title='bbox 3314 4080 3388 4134; x_wconf 92' lang='lat' dir='ltr'><strong>illi</strong></span> <span class='ocrx_word' id='word_1_611' title='bbox 3432 4077 3629 4170; x_wconf 82' lang='lat' dir='ltr'><strong>fuerint</strong></span> <span class='ocrx_word' id='word_1_612' title='bbox 3677 4079 3736 4132; x_wconf 88' lang='lat' dir='ltr'><strong>in</strong></span> 
     </span>
    </p>
   </div>
   <div class='ocr_carea' id='block_1_86' title="bbox 2147 4169 3744 4250">
    <p class='ocr_par' dir='ltr' id='par_1_86' title="bbox 2147 4169 3744 4250">
     <span class='ocr_line' id='line_1_86' title="bbox 2147 4169 3744 4250; baseline -0.013 -4"><span class='ocrx_word' id='word_1_613' title='bbox 2147 4169 2306 4246; x_wconf 85' lang='lat' dir='ltr'><strong>rebus</strong></span> <span class='ocrx_word' id='word_1_614' title='bbox 2336 4185 2713 4243; x_wconf 88' lang='lat' dir='ltr'><strong>ecclesiasticis</strong></span> <span class='ocrx_word' id='word_1_615' title='bbox 2753 4182 2993 4250; x_wconf 88' lang='lat' dir='ltr'><strong>hospites</strong></span> <span class='ocrx_word' id='word_1_616' title='bbox 3015 4221 3029 4243; x_wconf 91' lang='lat'><strong>,</strong></span> <span class='ocrx_word' id='word_1_617' title='bbox 3074 4176 3155 4231; x_wconf 91' lang='lat' dir='ltr'><strong>vel</strong></span> <span class='ocrx_word' id='word_1_618' title='bbox 3189 4175 3346 4228; x_wconf 91' lang='lat' dir='ltr'><strong>unius</strong></span> <span class='ocrx_word' id='word_1_619' title='bbox 3377 4169 3517 4227; x_wconf 88' lang='lat' dir='ltr'><strong>Celsi</strong></span> <span class='ocrx_word' id='word_1_620' title='bbox 3557 4185 3744 4226; x_wconf 80' lang='lat' dir='ltr'><strong>exem-</strong></span> 
     </span>
    </p>
   </div>
   <div class='ocr_carea' id='block_1_87' title="bbox 2149 4265 3746 4354">
    <p class='ocr_par' dir='ltr' id='par_1_87' title="bbox 2149 4265 3746 4354">
     <span class='ocr_line' id='line_1_87' title="bbox 2149 4265 3746 4354; baseline -0.012 -17"><span class='ocrx_word' id='word_1_621' title='bbox 2149 4283 2238 4354; x_wconf 92' lang='lat' dir='ltr'><strong>plo</strong></span> <span class='ocrx_word' id='word_1_622' title='bbox 2287 4280 2627 4335; x_wconf 88' lang='lat' dir='ltr'><strong>manifestum</strong></span> <span class='ocrx_word' id='word_1_623' title='bbox 2659 4284 2762 4331; x_wconf 88' lang='lat' dir='ltr'><strong>est.</strong></span> <span class='ocrx_word' id='word_1_624' title='bbox 2805 4273 2906 4340; x_wconf 87' lang='lat' dir='ltr'><strong>Qui</strong></span> <span class='ocrx_word' id='word_1_625' title='bbox 2959 4285 3080 4325; x_wconf 90' lang='lat' dir='ltr'><strong>cum</strong></span> <span class='ocrx_word' id='word_1_626' title='bbox 3141 4267 3241 4323; x_wconf 90' lang='lat' dir='ltr'><strong>sibi</strong></span> <span class='ocrx_word' id='word_1_627' title='bbox 3281 4265 3460 4321; x_wconf 88' lang='lat' dir='ltr'><strong>omnia</strong></span> <span class='ocrx_word' id='word_1_628' title='bbox 3491 4277 3746 4335; x_wconf 77' lang='lat' dir='ltr'><strong>Comper-</strong></span> 
     </span>
    </p>
   </div>
   <div class='ocr_carea' id='block_1_88' title="bbox 2150 4356 3744 4440">
    <p class='ocr_par' dir='ltr' id='par_1_88' title="bbox 2150 4356 3744 4440">
     <span class='ocr_line' id='line_1_88' title="bbox 2150 4356 3744 4440; baseline -0.014 -9"><span class='ocrx_word' id='word_1_629' title='bbox 2150 4376 2354 4431; x_wconf 90' lang='lat' dir='ltr'><strong>tissima</strong></span> <span class='ocrx_word' id='word_1_630' title='bbox 2427 4386 2548 4426; x_wconf 89' lang='lat' dir='ltr'><strong>esse</strong></span> <span class='ocrx_word' id='word_1_631' title='bbox 2593 4367 2952 4440; x_wconf 70' lang='lat' dir='ltr'><strong>iactabundus</strong></span> <span class='ocrx_word' id='word_1_632' title='bbox 2997 4362 3258 4435; x_wconf 87' lang='lat' dir='ltr'><strong>gloriatus</strong></span> <span class='ocrx_word' id='word_1_633' title='bbox 3312 4365 3487 4421; x_wconf 89' lang='lat' dir='ltr'><strong>esset,</strong></span> <span class='ocrx_word' id='word_1_634' title='bbox 3540 4356 3594 4410; x_wconf 92' lang='lat' dir='ltr'><strong>in</strong></span> <span class='ocrx_word' id='word_1_635' title='bbox 3651 4371 3744 4410; x_wconf 81' lang='lat' dir='ltr'><strong>re-</strong></span> 
     </span>
    </p>
   </div>
   <div class='ocr_carea' id='block_1_89' title="bbox 2152 4448 3747 4530">
    <p class='ocr_par' dir='ltr' id='par_1_89' title="bbox 2152 4448 3747 4530">
     <span class='ocr_line' id='line_1_89' title="bbox 2152 4448 3747 4530; baseline -0.013 -4"><span class='ocrx_word' id='word_1_636' title='bbox 2152 4471 2252 4526; x_wconf 88' lang='lat' dir='ltr'><strong>bus</strong></span> <span class='ocrx_word' id='word_1_637' title='bbox 2296 4478 2477 4523; x_wconf 89' lang='lat' dir='ltr'><strong>tamen</strong></span> <span class='ocrx_word' id='word_1_638' title='bbox 2525 4463 2783 4520; x_wconf 73' lang='lat' dir='ltr'><strong>Ecclesia:</strong></span> <span class='ocrx_word' id='word_1_639' title='bbox 2831 4474 2954 4515; x_wconf 89' lang='lat' dir='ltr'><strong>raro</strong></span> <span class='ocrx_word' id='word_1_640' title='bbox 3001 4471 3224 4530; x_wconf 89' lang='lat' dir='ltr'><strong>scopum</strong></span> <span class='ocrx_word' id='word_1_641' title='bbox 3271 4452 3502 4523; x_wconf 85' lang='lat' dir='ltr'><strong>attingit.</strong></span> <span class='ocrx_word' id='word_1_642' title='bbox 3540 4448 3747 4518; x_wconf 89' lang='lat' dir='ltr'><strong>Estque</strong></span> 
     </span>
    </p>
   </div>
   <div class='ocr_carea' id='block_1_90' title="bbox 449 4541 3748 4634">
    <p class='ocr_par' dir='ltr' id='par_1_90' title="bbox 449 4541 3748 4634">
     <span class='ocr_line' id='line_1_90' title="bbox 449 4541 3748 4634; baseline -0.005 -20"><span class='ocrx_word' id='word_1_643' title='bbox 449 4559 595 4615; x_wconf 91' lang='lat' dir='ltr'><strong>tibus</strong></span> <span class='ocrx_word' id='word_1_644' title='bbox 637 4559 915 4628; x_wconf 89' lang='lat' dir='ltr'><strong>virorum,</strong></span> <span class='ocrx_word' id='word_1_645' title='bbox 961 4560 1227 4632; x_wconf 87' lang='lat' dir='ltr'><strong>capitibus</strong></span> <span class='ocrx_word' id='word_1_646' title='bbox 1266 4563 1427 4615; x_wconf 85' lang='lat' dir='ltr'><strong>etiam</strong></span> <span class='ocrx_word' id='word_1_647' title='bbox 1473 4561 1863 4632; x_wconf 88' lang='lat' dir='ltr'><strong>discoopertis,</strong></span> <span class='ocrx_word' id='word_1_648' title='bbox 1911 4578 2049 4634; x_wconf 69' lang='lat' dir='ltr'><strong>prte-</strong></span> <span class='ocrx_word' id='word_1_649' title='bbox 2076 4569 2126 4629; x_wconf 83' lang='grc' dir='ltr'><strong>ι)</strong></span> <span class='ocrx_word' id='word_1_650' title='bbox 2156 4567 2207 4622; x_wconf 87' lang='lat' dir='ltr'><strong>id</strong></span> <span class='ocrx_word' id='word_1_651' title='bbox 2256 4558 2306 4618; x_wconf 86' lang='lat' dir='ltr'><strong>in</strong></span> <span class='ocrx_word' id='word_1_652' title='bbox 2353 4577 2418 4617; x_wconf 92' lang='lat' dir='ltr'><strong>eo</strong></span> <span class='ocrx_word' id='word_1_653' title='bbox 2469 4562 2578 4615; x_wconf 87' lang='lat' dir='ltr'><strong>fere</strong></span> <span class='ocrx_word' id='word_1_654' title='bbox 2614 4567 2962 4628; x_wconf 86' lang='lat' dir='ltr'><strong>perpetuum,</strong></span> <span class='ocrx_word' id='word_1_655' title='bbox 2999 4561 3056 4606; x_wconf 89' lang='lat' dir='ltr'><strong>ut</strong></span> <span class='ocrx_word' id='word_1_656' title='bbox 3091 4565 3212 4606; x_wconf 93' lang='lat' dir='ltr'><strong>cum</strong></span> <span class='ocrx_word' id='word_1_657' title='bbox 3252 4546 3540 4626; x_wconf 74' lang='lat' dir='ltr'><strong>Ecclesium</strong></span> <span class='ocrx_word' id='word_1_658' title='bbox 3580 4541 3748 4596; x_wconf 85' lang='lat' dir='ltr'><strong>ferire</strong></span> 
     </span>
    </p>
   </div>
   <div class='ocr_carea' id='block_1_91' title="bbox 448 4653 2049 4719">
    <p class='ocr_par' dir='ltr' id='par_1_91' title="bbox 448 4653 2049 4719">
     <span class='ocr_line' id='line_1_91' title="bbox 448 4653 2049 4719; baseline 0.001 -12"><span class='ocrx_word' id='word_1_659' title='bbox 448 4660 534 4707; x_wconf 90' lang='lat' dir='ltr'><strong>ter</strong></span> <span class='ocrx_word' id='word_1_660' title='bbox 585 4667 746 4710; x_wconf 82' lang='lat' dir='ltr'><strong>sexus</strong></span> <span class='ocrx_word' id='word_1_661' title='bbox 790 4653 1147 4719; x_wconf 81' lang='lat' dir='ltr'><strong>modestiam,</strong></span> <span class='ocrx_word' id='word_1_662' title='bbox 1199 4655 1682 4719; x_wconf 82' lang='lat' dir='ltr'><strong>concionarentur;</strong></span> <span class='ocrx_word' id='word_1_663' title='bbox 1735 4671 1856 4710; x_wconf 92' lang='lat' dir='ltr'><strong>cum</strong></span> <span class='ocrx_word' id='word_1_664' title='bbox 1908 4653 2049 4708; x_wconf 88' lang='lat' dir='ltr'><strong>dona</strong></span> 
     </span>
    </p>
   </div>
   <div class='ocr_carea' id='block_1_92' title="bbox 447 4745 2052 4817">
    <p class='ocr_par' dir='ltr' id='par_1_92' title="bbox 447 4745 2052 4817">
     <span class='ocr_line' id='line_1_92' title="bbox 447 4745 2052 4817; baseline 0 -17"><span class='ocrx_word' id='word_1_665' title='bbox 447 4759 545 4800; x_wconf 87' lang='lat' dir='ltr'><strong>sua</strong></span> <span class='ocrx_word' id='word_1_666' title='bbox 596 4746 712 4804; x_wconf 90' lang='lat' dir='ltr'><strong>sine</strong></span> <span class='ocrx_word' id='word_1_667' title='bbox 753 4749 901 4804; x_wconf 92' lang='lat' dir='ltr'><strong>omni</strong></span> <span class='ocrx_word' id='word_1_668' title='bbox 955 4746 1332 4803; x_wconf 79' lang='lat' dir='ltr'><strong>:cditicationis</strong></span> <span class='ocrx_word' id='word_1_669' title='bbox 1385 4745 1743 4817; x_wconf 87' lang='lat' dir='ltr'><strong>utilitatisque</strong></span> <span class='ocrx_word' id='word_1_670' title='bbox 1801 4756 2052 4815; x_wconf 81' lang='lat' dir='ltr'><strong>respectu</strong></span> 
     </span>
    </p>
   </div>
   <div class='ocr_carea' id='block_1_93' title="bbox 451 4837 2049 4914">
    <p class='ocr_par' dir='ltr' id='par_1_93' title="bbox 451 4837 2049 4914">
     <span class='ocr_line' id='line_1_93' title="bbox 451 4837 2049 4914; baseline 0 -20"><span class='ocrx_word' id='word_1_671' title='bbox 451 4837 678 4895; x_wconf 83' lang='lat' dir='ltr'><strong>ederent</strong></span> <span class='ocrx_word' id='word_1_672' title='bbox 725 4843 1034 4914; x_wconf 85' lang='lat' dir='ltr'><strong>prophetae,</strong></span> <span class='ocrx_word' id='word_1_673' title='bbox 1091 4854 1415 4913; x_wconf 79' lang='lat' dir='ltr'><strong>essentque,</strong></span> <span class='ocrx_word' id='word_1_674' title='bbox 1463 4857 1531 4897; x_wconf 92' lang='lat' dir='ltr'><strong>ne</strong></span> <span class='ocrx_word' id='word_1_675' title='bbox 1587 4843 1638 4896; x_wconf 90' lang='lat' dir='ltr'><strong>in</strong></span> <span class='ocrx_word' id='word_1_676' title='bbox 1693 4841 1931 4895; x_wconf 88' lang='lat' dir='ltr'><strong>futurum</strong></span> <span class='ocrx_word' id='word_1_677' title='bbox 1981 4842 2049 4895; x_wconf 87' lang='lat' dir='ltr'><strong>ita</strong></span> 
     </span>
    </p>
   </div>
   <div class='ocr_carea' id='block_1_94' title="bbox 460 4930 2053 5002">
    <p class='ocr_par' dir='ltr' id='par_1_94' title="bbox 460 4930 2053 5002">
     <span class='ocr_line' id='line_1_94' title="bbox 460 4930 2053 5002; baseline 0.001 -16"><span class='ocrx_word' id='word_1_678' title='bbox 460 4930 718 5002; x_wconf 89' lang='lat' dir='ltr'><strong>deinceps</strong></span> <span class='ocrx_word' id='word_1_679' title='bbox 799 4936 1071 5001; x_wconf 87' lang='lat' dir='ltr'><strong>facerent,</strong></span> <span class='ocrx_word' id='word_1_680' title='bbox 1138 4933 1520 4992; x_wconf 88' lang='lat' dir='ltr'><strong>Ecclesiastica</strong></span> <span class='ocrx_word' id='word_1_681' title='bbox 1602 4935 1816 4990; x_wconf 88' lang='lat' dir='ltr'><strong>tandem</strong></span> <span class='ocrx_word' id='word_1_682' title='bbox 1893 4933 2053 4989; x_wconf 90' lang='lat' dir='ltr'><strong>disci-</strong></span> 
     </span>
    </p>
   </div>
   <div class='ocr_carea' id='block_1_95' title="bbox 456 5023 2047 5100">
    <p class='ocr_par' dir='ltr' id='par_1_95' title="bbox 456 5023 2047 5100">
     <span class='ocr_line' id='line_1_95' title="bbox 456 5023 2047 5100; baseline 0.002 -22"><span class='ocrx_word' id='word_1_683' title='bbox 456 5023 598 5096; x_wconf 88' lang='lat' dir='ltr'><strong>plina</strong></span> <span class='ocrx_word' id='word_1_684' title='bbox 630 5026 938 5084; x_wconf 91' lang='lat' dir='ltr'><strong>coercendi.</strong></span> <span class='ocrx_word' id='word_1_685' title='bbox 970 5029 1138 5084; x_wconf 88' lang='lat' dir='ltr'><strong>Erant</strong></span> <span class='ocrx_word' id='word_1_686' title='bbox 1167 5031 1415 5100; x_wconf 92' lang='lat' dir='ltr'><strong>equidem</strong></span> <span class='ocrx_word' id='word_1_687' title='bbox 1442 5028 1559 5084; x_wconf 71' lang='lat' dir='ltr'><strong>hzcc</strong></span> <span class='ocrx_word' id='word_1_688' title='bbox 1589 5027 1863 5098; x_wconf 79' lang='lat' dir='ltr'><strong>praphetis</strong></span> <span class='ocrx_word' id='word_1_689' title='bbox 1896 5027 2047 5093; x_wconf 90' lang='lat' dir='ltr'><strong>ipsis,</strong></span> 
     </span>
    </p>
   </div>
   <div class='ocr_carea' id='block_1_96' title="bbox 454 5120 2046 5197">
    <p class='ocr_par' dir='ltr' id='par_1_96' title="bbox 454 5120 2046 5197">
     <span class='ocr_line' id='line_1_96' title="bbox 454 5120 2046 5197; baseline -0.002 -21"><span class='ocrx_word' id='word_1_690' title='bbox 454 5135 562 5176; x_wconf 88' lang='lat' dir='ltr'><strong>non</strong></span> <span class='ocrx_word' id='word_1_691' title='bbox 622 5120 780 5177; x_wconf 92' lang='lat' dir='ltr'><strong>donis</strong></span> <span class='ocrx_word' id='word_1_692' title='bbox 851 5137 1038 5178; x_wconf 93' lang='lat' dir='ltr'><strong>eorum</strong></span> <span class='ocrx_word' id='word_1_693' title='bbox 1120 5126 1479 5197; x_wconf 87' lang='lat' dir='ltr'><strong>propheticis,</strong></span> <span class='ocrx_word' id='word_1_694' title='bbox 1562 5124 1691 5178; x_wconf 88' lang='lat' dir='ltr'><strong>vitio</strong></span> <span class='ocrx_word' id='word_1_695' title='bbox 1768 5121 2046 5177; x_wconf 89' lang='lat' dir='ltr'><strong>vertenda.</strong></span> 
     </span>
    </p>
   </div>
   <div class='ocr_carea' id='block_1_97' title="bbox 454 5212 2050 5290">
    <p class='ocr_par' dir='ltr' id='par_1_97' title="bbox 454 5212 2050 5290">
     <span class='ocr_line' id='line_1_97' title="bbox 454 5212 2050 5290; baseline 0.002 -22"><span class='ocrx_word' id='word_1_696' title='bbox 454 5212 624 5281; x_wconf 90' lang='lat' dir='ltr'><strong>Quem</strong></span> <span class='ocrx_word' id='word_1_697' title='bbox 671 5215 817 5272; x_wconf 88' lang='lat' dir='ltr'><strong>enim</strong></span> <span class='ocrx_word' id='word_1_698' title='bbox 885 5215 1188 5276; x_wconf 86' lang='lat' dir='ltr'><strong>habuerunt</strong></span> <span class='ocrx_word' id='word_1_699' title='bbox 1258 5221 1544 5290; x_wconf 90' lang='lat' dir='ltr'><strong>spiritum,</strong></span> <span class='ocrx_word' id='word_1_700' title='bbox 1614 5217 1889 5288; x_wconf 85' lang='lat' dir='ltr'><strong>subjectus</strong></span> <span class='ocrx_word' id='word_1_701' title='bbox 1943 5214 2050 5271; x_wconf 90' lang='lat' dir='ltr'><strong>illis</strong></span> 
     </span>
    </p>
   </div>
   <div class='ocr_carea' id='block_1_98' title="bbox 2155 4634 3750 4727">
    <p class='ocr_par' dir='ltr' id='par_1_98' title="bbox 2155 4634 3750 4727">
     <span class='ocr_line' id='line_1_98' title="bbox 2155 4634 3750 4727; baseline -0.018 -11"><span class='ocrx_word' id='word_1_702' title='bbox 2155 4662 2347 4727; x_wconf 89' lang='lat' dir='ltr'><strong>vellet,</strong></span> <span class='ocrx_word' id='word_1_703' title='bbox 2405 4657 2497 4711; x_wconf 76' lang='lat' dir='ltr'><strong>vix</strong></span> <span class='ocrx_word' id='word_1_704' title='bbox 2550 4665 2726 4709; x_wconf 89' lang='lat' dir='ltr'><strong>tamen</strong></span> <span class='ocrx_word' id='word_1_705' title='bbox 2782 4650 2848 4705; x_wconf 88' lang='lat' dir='ltr'><strong>ad</strong></span> <span class='ocrx_word' id='word_1_706' title='bbox 2903 4648 3036 4702; x_wconf 85' lang='lat' dir='ltr'><strong>alios</strong></span> <span class='ocrx_word' id='word_1_707' title='bbox 3091 4660 3250 4716; x_wconf 88' lang='lat' dir='ltr'><strong>quam</strong></span> <span class='ocrx_word' id='word_1_708' title='bbox 3304 4640 3587 4695; x_wconf 70' lang='lat' dir='ltr'><strong>brereticos</strong></span> <span class='ocrx_word' id='word_1_709' title='bbox 3643 4634 3750 4690; x_wconf 77' lang='lat' dir='ltr'><strong>Ec-</strong></span> 
     </span>
    </p>
   </div>
   <div class='ocr_carea' id='block_1_99' title="bbox 2155 4731 3751 4818">
    <p class='ocr_par' dir='ltr' id='par_1_99' title="bbox 2155 4731 3751 4818">
     <span class='ocr_line' id='line_1_99' title="bbox 2155 4731 3751 4818; baseline -0.021 -5"><span class='ocrx_word' id='word_1_710' title='bbox 2155 4756 2334 4813; x_wconf 65' lang='lat' dir='ltr'><strong>clesizc</strong></span> <span class='ocrx_word' id='word_1_711' title='bbox 2357 4764 2603 4808; x_wconf 85' lang='lat' dir='ltr'><strong>extorres</strong></span> <span class='ocrx_word' id='word_1_712' title='bbox 2632 4746 2942 4818; x_wconf 89' lang='lat' dir='ltr'><strong>pertineant</strong></span> <span class='ocrx_word' id='word_1_713' title='bbox 2967 4757 3026 4797; x_wconf 91' lang='lat' dir='ltr'><strong>ea</strong></span> <span class='ocrx_word' id='word_1_714' title='bbox 3047 4783 3060 4806; x_wconf 93' lang='lat'><strong>,</strong></span> <span class='ocrx_word' id='word_1_715' title='bbox 3108 4738 3301 4808; x_wconf 80' lang='lat' dir='ltr'><strong>quibus</strong></span> <span class='ocrx_word' id='word_1_716' title='bbox 3340 4731 3596 4788; x_wconf 68' lang='lat' dir='ltr'><strong>Ecclesia:</strong></span> <span class='ocrx_word' id='word_1_717' title='bbox 3621 4742 3751 4783; x_wconf 86' lang='lat' dir='ltr'><strong>cau-</strong></span> 
     </span>
    </p>
   </div>
   <div class='ocr_carea' id='block_1_100' title="bbox 2155 4821 3745 4908">
    <p class='ocr_par' dir='ltr' id='par_1_100' title="bbox 2155 4821 3745 4908">
     <span class='ocr_line' id='line_1_100' title="bbox 2155 4821 3745 4908; baseline -0.023 0"><span class='ocrx_word' id='word_1_718' title='bbox 2155 4867 2270 4908; x_wconf 87' lang='lat' dir='ltr'><strong>sam</strong></span> <span class='ocrx_word' id='word_1_719' title='bbox 2325 4841 2750 4901; x_wconf 85' lang='lat' dir='ltr'><strong>labefactandam</strong></span> <span class='ocrx_word' id='word_1_720' title='bbox 2795 4835 3043 4892; x_wconf 85' lang='lat' dir='ltr'><strong>credidit.</strong></span> <span class='ocrx_word' id='word_1_721' title='bbox 3079 4828 3363 4902; x_wconf 85' lang='lat' dir='ltr'><strong>Egregium</strong></span> <span class='ocrx_word' id='word_1_722' title='bbox 3416 4839 3544 4878; x_wconf 87' lang='lat' dir='ltr'><strong>vero</strong></span> <span class='ocrx_word' id='word_1_723' title='bbox 3594 4821 3745 4875; x_wconf 92' lang='lat' dir='ltr'><strong>illum</strong></span> 
     </span>
    </p>
   </div>
   <div class='ocr_carea' id='block_1_101' title="bbox 2157 4914 3753 5003">
    <p class='ocr_par' dir='ltr' id='par_1_101' title="bbox 2157 4914 3753 5003">
     <span class='ocr_line' id='line_1_101' title="bbox 2157 4914 3753 5003; baseline -0.023 -1"><span class='ocrx_word' id='word_1_724' title='bbox 2157 4941 2413 5003; x_wconf 81' lang='lat' dir='ltr'><strong>Ecclesiae</strong></span> <span class='ocrx_word' id='word_1_725' title='bbox 2437 4950 2718 4993; x_wconf 90' lang='lat' dir='ltr'><strong>censorem</strong></span> <span class='ocrx_word' id='word_1_726' title='bbox 2737 4975 2750 4998; x_wconf 91' lang='lat'><strong>,</strong></span> <span class='ocrx_word' id='word_1_727' title='bbox 2776 4932 2865 5002; x_wconf 92' lang='lat' dir='ltr'><strong>qui</strong></span> <span class='ocrx_word' id='word_1_728' title='bbox 2899 4945 2963 4984; x_wconf 92' lang='lat' dir='ltr'><strong>ne</strong></span> <span class='ocrx_word' id='word_1_729' title='bbox 2988 4926 3281 4982; x_wconf 80' lang='lat' dir='ltr'><strong>Ecclesium</strong></span> <span class='ocrx_word' id='word_1_730' title='bbox 3309 4918 3524 4992; x_wconf 85' lang='lat' dir='ltr'><strong>quidem</strong></span> <span class='ocrx_word' id='word_1_731' title='bbox 3553 4915 3620 4970; x_wconf 86' lang='lat' dir='ltr'><strong>ab</strong></span> <span class='ocrx_word' id='word_1_732' title='bbox 3642 4914 3753 4968; x_wconf 74' lang='lat' dir='ltr'><strong>liae-</strong></span> 
     </span>
    </p>
   </div>
   <div class='ocr_carea' id='block_1_102' title="bbox 2158 5014 3749 5096">
    <p class='ocr_par' dir='ltr' id='par_1_102' title="bbox 2158 5014 3749 5096">
     <span class='ocr_line' id='line_1_102' title="bbox 2158 5014 3749 5096; baseline -0.021 0"><span class='ocrx_word' id='word_1_733' title='bbox 2158 5038 2450 5096; x_wconf 88' lang='lat' dir='ltr'><strong>reticorum</strong></span> <span class='ocrx_word' id='word_1_734' title='bbox 2514 5031 2590 5086; x_wconf 91' lang='lat' dir='ltr'><strong>illi</strong></span> <span class='ocrx_word' id='word_1_735' title='bbox 2633 5025 3116 5085; x_wconf 78' lang='lat' dir='ltr'><strong>inl&#39;ensissimorum</strong></span> <span class='ocrx_word' id='word_1_736' title='bbox 3148 5014 3503 5075; x_wconf 87' lang='lat' dir='ltr'><strong>conventibus</strong></span> <span class='ocrx_word' id='word_1_737' title='bbox 3535 5017 3749 5082; x_wconf 85' lang='lat' dir='ltr'><strong>poterat</strong></span> 
     </span>
    </p>
   </div>
   <div class='ocr_carea' id='block_1_103' title="bbox 2155 5125 2518 5200">
    <p class='ocr_par' dir='ltr' id='par_1_103' title="bbox 2155 5125 2518 5200">
     <span class='ocr_line' id='line_1_103' title="bbox 2155 5125 2518 5200; baseline -0.028 -11"><span class='ocrx_word' id='word_1_738' title='bbox 2155 5133 2480 5200; x_wconf 79' lang='lat' dir='ltr'><strong>distinguere</strong></span> <span class='ocrx_word' id='word_1_739' title='bbox 2505 5125 2518 5177; x_wconf 87' lang='lat'><strong>!</strong></span> 
     </span>
    </p>
   </div>
  </div>
