3994 6318
215 276 279 334 55
1289 289 1378 348 DE
1419 288 1900 355 PRESBYTERIS
1939 295 2391 361 DOCTORIBUS.
3436 316 3508 374 34

406 631 2065 814 DISSERTATIO
2152 655 3250 830 SECUNDA

654 956 664 969 ’
765 971 1045 1117 AD
1129 972 1852 1130 SANCTI
1930 985 2900 1146 CYPRIANI

847 1301 1499 1464 ΕΡΙδΤθΙιΑΜ
1544 1308 1808 1487 WA]

1912 1315 2104 1472 .‘lllll
2153 1321 2422 1477 VIGE
2430 1323 2847 1515 SIMAM',

1470 1602 1793 1664 AUCTORE
1833 1609 2245 1671 DODWELLO.

329 1794 437 1857 DE
478 1787 1024 1858 PRESBYTEBIS
1078 1786 1619 1863 DOCTORIBUS,
1665 1774 2045 1859 DOCT‘ORE
2085 1800 2594 1872 AUDIENTIUM
2636 1810 2742 1875 ET
2772 1813 3365 1890 LEGATIONIBUS

1512 1893 2177 1968 ECCLESIASTICIS.
2243 1933 2246 1937 ’

1512 2106 2170 2140 -ᾤ-

215 2270 241 2343 §
274 2271 323 2327 1.
354 2269 652 2342 Presbyteri
680 2267 912 2323 doctores
938 2265 1197 2337 Cypriano
1227 2262 1561 2335 antiquiores,
1613 2265 1806 2333 prima-
1833 2270 1886 2330 Α
1912 2266 2014 2325 Ubi
2041 2269 2112 2327 ita
2138 2272 2297 2345 hujus
2310 2275 2438 2333 doni
2467 2281 2733 2347 meminit.
2754 2295 2815 2345 ut
2840 2288 3002 2360 plane
3027 2292 3096 2351 ab
3121 2295 3317 2356 officiis
3346 2303 3521 2361 eccle-

275 2370 366 2425 τίω
390 2369 444 2423 in
474 2367 708 2423 Ecclesia
733 2365 1019 2438 dignitatis.
1046 2395 1117 2406 —
1147 2363 1175 2437 θ
1200 2363 1255 2418 2.
1281 2363 1542 2433 Apostolis
1573 2364 1749 2431 cateoi,
1778 2381 1812 2419 a

273 2463 580 2518 Judteorum
604 2460 799 2517 Scribis
820 2458 1110 2515 doctoribus
1128 2457 1351 2513 deducti.
1384 2487 1456 2497 -—
1476 2456 1504 2530 §
1528 2457 1583 2513 5.
1618 2455 1813 2512 Eorum

277 2558 499 2629 oﬂiciunt
540 2558 593 2610 in
630 2556 763 2610 dono
794 2553 1202 2610 extraordinario
1230 2551 1523 2624 fundatum.
1551 2581 1623 2591 —
1656 2550 1721 2625 ἐξ
1750 2552 1806 2618 4,

279 2650 334 2721 5,
365 2649 422 2705 6.
461 2646 587 2704 Non
615 2648 839 2703 omnium
884 2647 1043 2720 fuisse
1082 2649 1509 2748 presbyterorum,
1552 2653 1621 2748 ut.
1661 2644 1811 2748 vulgo

276 2754 482 2816 putant,
530 2759 712 2797 munus
739 2740 869 2795 illud
896 2739 1133 2795 docendi.
1160 2768 1231 2779 ——
1261 2737 1290 2810 ᾗ
1318 2738 1369 2791 7.
1404 2735 1468 2792 In
1497 2736 1812 2791 audientium

273 2838 482 2892 doctore
508 2833 773 2907 probando
804 2831 1123 2904 presbyteros
1158 2829 1389 2884 doctores
1439 2829 1577 2883 solos
1622 2844 1810 2882 consu-

276 2933 369 2988 luit
396 2931 711 3005 Cyprianus.
740 2958 811 2969 ——
832 2926 861 3001 §
886 2926 940 2983 8.
967 2926 1240 2981 Audientes
1268 2924 1424 2978 iidem
1453 2922 1539 2989 qui
1565 2922 1807 2977 catechu-

272 3026 432 3083 meni.
463 3055 537 3065 —
562 3021 591 3095 §
617 3022 672 3079 9.
709 3019 842 3076 Voce
864 3020 1017 3074 etiam
1037 3016 1385 3073 catecltumeni
1412 3016 1490 3071 usi
1518 3026 1654 3071 sunt.
1699 3014 1808 3069 Au-

273 3117 527 3174 dientium
552 3132 733 3171 nomen
767 3113 904 3168 unde
951 3111 1246 3167 deductum.
1272 3141 1343 3150 —
1372 3108 1399 3181 §
1424 3108 1511 3165 10.
1552 3107 1810 3165 Catecltu-

272 3226 542 3267 menorum
579 3207 832 3262 institutio
884 3203 1137 3277 mysteriis
1179 3202 1536 3271 respondebat.
1566 3232 1637 3243 —
1664 3199 1691 3273 §
1718 3202 1808 3257 11.

272 3303 473 3361 Doctor
496 3303 816 3358 audientium
834 3295 1097 3371 Cypriane
1114 3295 1523 3367 hypodiaconus.
1556 3292 1634 3349 De
1661 3291 1809 3348 Pan-

272 3411 405 3456 turno
430 3440 447 3464 ,
501 3396 759 3453 Clemente
788 3390 1178 3457 Alexandrino,
1232 3386 1486 3459 Origene,
1537 3388 1590 3441 in
1634 3385 1811 3441 schola

273 3489 633 3548 Alexandrina
653 3486 961 3542 catechistis.
974 3516 1038 3526 —
1060 3483 1090 3559 §
1109 3483 1196 3540 i2.
1227 3483 1543 3556 lnferiorum
1570 3481 1811 3537 ordinum

272 3584 517 3649 ministri,
538 3598 675 3636 nunc
696 3578 834 3636 Cleri
859 3577 1116 3634 communi
1139 3579 1344 3633 nomine
1359 3587 1646 3643 censentur,
1676 3591 1809 3632 nunc

1915 2360 2147 2419 siasticis
2202 2368 2543 2440 episcopatus
2588 2386 2641 2431 et
2677 2377 2993 2440 diaconatus
3039 2387 3354 2463 distinguat.
3388 2394 3521 2463 Quae

1914 2456 2057 2509 enim
2086 2470 2407 2527 sequuntur,
2441 2480 2791 2534 personarum
2819 2486 2943 2530 sunt
2973 2477 3136 2545 dona,
3171 2498 3277 2538 non
3306 2483 3517 2543 ofﬁcio-

1915 2559 2276 2621 rum;eaque
2305 2551 2419 2622 ipsa
2461 2555 2533 2610 ita
2564 2557 2707 2616 inter
2731 2577 2793 2618 se
2841 2567 3101 2636 gradibus
3145 2570 3418 2643 distincta,
3461 2586 3521 2637 ut

1915 2645 2219 2711 proximum
2245 2649 2468 2720 martyri
2490 2653 2715 2722 gradum
2746 2656 2937 2715 doctor
2957 2675 3206 2737 occupet,
3227 2684 3327 2725 uec
3345 2671 3521 2730 viduis

1915 2733 2078 2789 modo
2112 2737 2203 2803 sit,
2235 2740 2330 2795 sed
2358 2751 2412 2797 et
2445 2743 2740 2815 virginibus
2769 2751 3034 2824 dignitate
3071 2733 3341 2829 superior.
3372 2763 3519 2821 Idem

1915 2838 2102 2897 postea
2122 2848 2135 2886 :
2156 2850 2175 2882 ι
2199 2832 2293 2889 Est
2315 2837 2495 2907 utique
2523 2838 2709 2911 frater,
2730 2844 2917 2917 inquit,
2936 2850 3130 2922 aliquis
3141 2852 3333 2911 doctor
3350 2859 3520 2929 gratia

1913 2921 2155 2979 scientia:
2175 2925 2444 2985 donatus?
2479 2951 2498 2985 ›
2535 2945 2637 2990 etc.
2672 2921 3278 3005 Meminit-Tertulliano
3306 2966 3520 3010 coaevus

1915 3021 2122 3087 martyr
2158 3016 2385 3078 Saturus
2409 3028 2617 3097 Aspasii
2638 3031 2938 3105 presbyteri
2966 3036 3204 3097 doctoris
3230 3041 3300 3099 ab
3326 3044 3522 3116 Optato

1918 3106 2185 3179 episcopo
2211 3111 2547 3173 dissidentis.
2574 3118 2664 3189 (In
2683 3122 2797 3178 Act.
2828 3124 3036 3198 Perpet.
3054 3140 3102 3184 et
3118 3129 3285 3190 Felic.
3316 3106 3388 3191 in.
3410 3135 3519 3195 Vis.

1915 3196 2142 3274 Saturi.)
2165 3202 2403 3261 Meminit
2430 3209 2595 3266 variis
2618 3210 2671 3267 in
2706 3214 2838 3272 locis
2855 3196 3104 3288 Hermas,
3135 3223 3229 3279 lib.
3260 3240 3297 3291 ι,
3322 3227 3422 3283 vis.
3447 3228 3517 3285 3:

1921 3311 1939 3345 ι
1967 3292 2203 3366 Lapides
2251 3300 2472 3370 quidem
2499 3304 2576 3360 illi
2603 3308 2848 3377 quadrati
2881 3322 2935 3368 et
2964 3315 3093 3384 albi,
3135 3322 3520 3381 convenientes

1913 3385 1967 3442 in
1982 3391 2375 3462 commissuris,
2408 3395 2447 3452 ii
2478 3410 2602 3454 sunt
2623 3405 2881 3473 apostoli,
2910 3417 2966 3463 et
2989 3411 3254 3485 episcopi,
3286 3424 3342 3471 et
3384 3418 3519 3499 doc-

1914 3486 2081 3548 tores,
2113 3492 2167 3539 et
2194 3486 2448 3555 ministri,
2473 3492 2563 3561 qui
2596 3492 2826 3565 ingressi
2867 3512 2992 3555 sunt
3033 3506 3085 3559 in
3108 3506 3394 3564 clementia
3423 3492 3519 3568 Dei

1912 3580 1968 3627 et
1988 3574 2354 3647 episcopatum
2379 3596 2689 3653 gesserunt,
2715 3599 2770 3644 et
2807 3591 3132 3664 docuerunt,
3165 3609 3219 3655 et
3246 3602 3519 3659 ministra-

270 3676 640 3744 ercluduntur,
695 3673 838 3741 apud
889 3671 1228 3744 Cyprianum.
1258 3700 1331 3712 -—
1360 3669 1389 3742 §
1424 3671 1513 3726 15.
1563 3668 1812 3741 Cypriani
1838 3676 2109 3763 Bverunt
2134 3684 2322 3731 sancte
2355 3685 2411 3732 et
2436 3679 2684 3738 modeste
2714 3684 2901 3742 electis
2938 3688 3033 3745 Dci
3061 3692 3150 3763 qui
3180 3692 3517 3756 dormierunt

272 3773 553 3846 legationes
595 3786 790 3836 omnes,
834 3767 1051 3839 aliaeque
1109 3781 1326 3837 quorum
1369 3764 1555 3870 mentio
1595 3766 1649 3819 in
1679 3765 1809 3870 ejus

272 3866 545 3940 Epistolis.
570 3863 689 3936 —§
713 3864 802 3919 14.
826 3860 1131 3933 Legationes
1160 3877 1249 3930 per
1271 3859 1501 3926 clericos,
1531 3868 1579 3914 et
1604 3859 1809 3927 quidem

267 3962 407 4030 illos,
458 3971 515 4024 ut
566 3959 868 4032 plurimum,
925 3957 1090 4023 binos,
1154 3972 1292 4055 raro"
1341 3954 1807 4055 Itypodiaconatum

268 4055 571 4111 exedentes
594 4061 744 4106 (etate
768 4048 1036 4121 Cypriani.
1068 4076 1139 4088 —-
1171 4046 1200 4119 §
1228 4046 1314 4102 15.
1358 4044 1661 4149 Legationes
1689 4044 1809 4100 alia:

268 4149 532 4223 Cypriano
580 4144 915 4214 antiquiores,
971 4140 1245 4242 Clementis
1267 4138 1618 4242 IAlexan‘drini
1651 4148 1804 4242 atque

265 4242 479 4298 Iremei.
514 4237 638 4311 —-§
670 4235 758 4293 1ῧ.
795 4234 1097 4308 Legationes
1154 4232 1398 4288 Ecclesia:
1452 4231 1805 4339 Smyrnensis,

265 4334 675 4409 Polycarpianat
696 4340 846 4403 atque
876 4329 1381 4431 Ignatittmimayis,
1407 4343 1562 4431 quam
1584 4326 1808 4431 Cypria;

264 4429 321 4484 ni
377 4428 525 4493 illis,
558 4423 900 4491 .Itonori/icae.
950 4453 1022 4463 -—
1065 4418 1092 4493 §
1142 4420 1236 4523 17.ἶ
1281 4418 1583 4523 Leyationes
1632 4419 1808 4523 smculi

265 4517 577 4592 Apostolici.
617 4514 740 4587 -ς
789 4513 874 4570 18.
924 4511 1032 4567 Pro
1085 4511 1310 4567 moribus
1356 4511 1808 4614 j-urisltos‘pitalis

266 4627 545 4686 expressae.
576 4640 652 4652 —
687 4608 717 4682 §
758 4607 849 4664 19.
908 4606 1139 4677 Apostoli
1191 4605 1591 4711 peregrinantes.
1619 4605 1693 4658 ita
1743 4605 1808 4711 ab

266 4706 520 4763 Ecclesiis
572 4702 761 4775 recepti
813 4710 870 4756 ut
926 4701 1144 4757 solerent
1194 4716 1225 4753 a
1272 4698 1808 4801 provincialibususuis

269 4799 518 4872 prmities
567 4794 967 4868 provinciarum.
995 4823 1067 4834 --
1117 4790 1146 4864 §
1194 4789 1285 4847 20.
1336 4789 1643 4862 Legationes
1669 4790 1808 4846 illius

267 4893 453 4951 seaculi
473 4891 699 4947 maxime
727 4887 1047 4957 honori/low.

266 4986 297 5060 δ
322 4985 575 5044 1.-Αιιι
594 4981 801 5053 quando
817 4997 933 5035 cum
954 4977 1258 5051 presbyteris
1276 4977 1565 5032 doctoribus
1595 4977 1806 5033 lectores

1902 3756 2118 3834 quique
2143 3765 2321 3824 adhuc
2354 3781 2501 3839 sunt,
2538 3783 2592 3829 et
2624 3790 2841 3848 semper
2864 3796 2987 3837 cum
3016 3783 3120 3840 illis
3146 3801 3518 3849 convenerunt

1913 3854 2043 3910 etin
2069 3872 2130 3913 se
2156 3874 2341 3929 pacem
2370 3862 2676 3923 habuerunt
2716 3879 2772 3926 et
2804 3888 2862 3929 se
2889 3873 3122 3934 invicem
3146 3881 3453 3941 audierunt.
3488 3906 3508 3941 ι

1911 3946 2103 4005 Mirum
2128 3956 2363 4027 estquod
2392 3957 2495 4015 hoc
2518 3961 2691 4020 eloco
2721 3967 2901 4024 eliciat
2925 3968 3260 4046 Blondellus,
3292 3980 3513 4039 eosdem

1912 4038 2080 4101 fuisse
2107 4048 2393 4120 episcopos
2440 4063 2603 4125 atque
2651 4058 2939 4130 doctores;
2971 4069 3125 4136 quasi
3169 4086 3295 4129 vero
3349 4076 3514 4134 verba

1911 4134 2025 4203 illa,
2058 4145 2115 4193 et
2134 4140 2502 4213 episcopatum
2527 4162 2830 4217 gesserunt,
2850 4155 2916 4210 ad
2945 4134 3197 4216 doctores
3227 4163 3513 4226 referenda

1913 4227 2044 4297 sint,
2101 4239 2154 4286 et
2205 4247 2311 4289 non
2346 4235 2493 4305 ipsos
2540 4242 2720 4309 potius
2757 4246 2848 4314 qui
2903 4249 3064 4306 etiam
3120 4268 3514 4324 praecesserant

1912 4321 2197 4394 episcopos
2232 4343 2243 4379 :
2281 4333 2575 4398 praesertim
2616 4350 2738 4391 cum
2770 4353 3057 4400 occurrant
3103 4346 3301 4406 ibidem
3348 4356 3510 4414 verba

1911 4413 2024 4483 illa,
2042 4427 2097 4472 et
2122 4417 2442 4490 docuerunt,
2473 4443 2592 4497 qua:
2612 4429 2927 4491 doctoribus
2961 4441 3254 4509 aptissima!
3278 4463 3509 4520 respon-

1912 4505 2094 4564 deant.
2119 4509 2310 4570 Fuisse
2329 4517 2576 4588 equidem
2606 4522 2709 4579 boc
2741 4526 2885 4584 dono
2910 4529 3199 4592 instructos
3223 4540 3511 4615 episcopos

1912 4610 1970 4654 ut
2001 4600 2311 4671 plurimum,
2336 4620 2417 4664 est
2456 4625 2588 4670 sane
2626 4616 3078 4681 verisimillimum
3110 4641 3330 4701 propter
3372 4600 3513 4706 pra:-

1911 4701 2127 4761 ceptum
2157 4700 2425 4768 Aposmli,
2455 4719 2563 4774 quo
2586 4706 2909 4781 Episcopum
2936 4715 3046 4772 vult
3076 4700 3510 4788 (assensum.

1914 4782 1930 4838 Ι
1961 4786 2127 4856 Tim.,
2174 4806 2254 4858 ut,
2285 4792 2355 4857 2;
2386 4793 2431 4851 ll
2458 4795 2624 4864 Tim.,
2658 4816 2715 4868 ll,
2744 4802 2838 4871 24,
2869 4816 3031 4879 atque
3057 4811 3193 4869 adeo
3221 4832 3253 4874 e

1915 4878 2044 4933 teris
2074 4878 2226 4936 illum
2282 4889 2556 4958 prmcipue
2585 4890 2652 4946 ad
2701 4878 3045 4967 episc0patus
3076 4902 3337 4965 honorem
3386 4878 3511 4973 esse

1912 4986 2227 5043 provectum
2259 4992 2417 5048 quem
2449 4996 2516 5037 eo
2554 4982 2698 5040 dono
2724 4991 3007 5049 constabat
3032 5010 3154 5053 esse
3196 5003 3502 5071 praeditum.

203 5077 473 5155 diligenter
489 5077 842 5151 probaremus,
878 5072 1125 5145 Optatum
1156 5079 1287 5126 inter
1312 5072 1521 5126 lectores
1551 5071 1808 5126 doctorem
1836 5071 1881 5135 C
1913 5071 1984 5123 At
2006 5070 2439 5169 presbyterorum
2471 5077 2632 5133 etiam
2659 5079 2940 5141 doctorum
2953 5087 3064 5159 jam
3088 5098 3337 5169 exempla
3367 5101 3506 5156 vidi-

200 5173 521 5230 audt'entium
573 5168 948 5225 constituimus.
1000 5162 1406 5221 Observandum
1460 5162 1564 5219 hoc
1612 5177 1808 5218 munus

198 5265 647 5340 presbyterorum
675 5261 984 5327 ductorum,
1005 5258 1147 5330 quod
1169 5272 1276 5314 non
1293 5256 1543 5329 Cypriani
1576 5257 1805 5329 primum

1913 5176 2056 5229 mus,
2090 5172 2147 5217 ut
2192 5165 2420 5234 proinde
2463 5184 2689 5260 necesse
2731 5191 2838 5232 non
2865 5178 2935 5235 sit
2964 5183 3054 5252 qui
3082 5165 3272 5244 doctor
3316 5190 3503 5260 fuerit,

1910 5269 2033 5310 eum
2063 5257 2176 5313 fore
2201 5261 2363 5315 etiam
2387 5244 2722 5338 episcopum.
2756 5268 2977 5331 Frustra
3003 5291 3134 5335 vero
3162 5296 3261 5337 nos
3284 5283 3354 5340 ad
3379 5285 3505 5348 illos

198 5365 451 5433 tetnpore
479 5365 663 5413 natum
692 5363 833 5422 erat,
859 5353 957 5410 sed
990 5366 1119 5409 vero
1145 5351 1214 5407 ab
1236 5350 1507 5422 Apostolis
1537 5365 1707 5422 usque
1736 5352 1804 5408 ad
1908 5361 2159 5409 auctores
2214 5354 2382 5412 refert
2425 5357 2760 5435 Blondellus,
2812 5368 2901 5439 qui
2944 5382 3064 5442 post
3105 5376 3399 5435 extinctum
3449 5380 3504 5440 in

199 5454 317 5528 ejus
348 5465 594 5525 tempora
632 5449 947 5509 deductum.
977 5446 1249 5522 Cypriani»
1278 5445 1549 5519 antiquior
1587 5444 1805 5503 Tertul-

1908 5442 2148 5501 Ecclesia
2194 5446 2504 5507 doctoratus
2544 5455 2744 5513 donum
2786 5459 3104 5521 ﬂoruerunt.
3136 5467 3241 5524 Sed
3270 5470 3336 5526 ad
3370 5472 3506 5531 lier-

199 5545 380 5607 lianus
406 5546 675 5605 meminit.
711 5542 1037 5620 (Prwst‘rlpt.
1066 5543 1186 5597 adv.
1215 5538 1381 5608 llam,
1408 5558 1453 5596 ε.
1489 5537 1580 5612 ὅ.)
1615 5560 1636 5593 ‹
1663 5538 1802 5607 Quid
1905 5552 2057 5670 mau‘t1
2117 5552 2358 5670 Ἰοδιινιὲη
2434 5548 2749 5670 redeamus;
2792 5555 2938 5613 Idem
2990 5576 3211 5629 rursus,
3273 5563 3367 5622 ιη),
3439 5585 3502 5639 η’

402 5641 417 5653 ⁴
537 5641 572 5670 ἰ
644 5639 690 5670 ιιῖ
737 5639 1022 5670 gntum-m-
1066 5636 1111 5670 es:
1144 5635 1403 5670 ,Ιίοιηηιιιια
1459 5636 1501 5670 εἰ
1528 5634 1681 5670 aridam
1754 5634 1799 5670 αἰ
1901 5633 2020 5670 Man
2168 5655 2181 5668 ο
2231 5655 2251 5670 ι
2331 5640 2454 5670 ιῖην...
2500 5660 2638 5670 ......-
2759 5651 2859 5670 -.με
2909 5665 2927 5670 -
3006 5668 3020 5670 _
3088 5654 3121 5670 ιο
3163 5657 3176 5670 .
3355 5662 3389 5670 ..

201 5655 355 5715 ergo,
402 5641 614 5711 inquit,
643 5639 691 5695 si
736 5639 1043 5712 episcopus,
1066 5636 1113 5692 si
1144 5635 1425 5701 diaconus,
1458 5636 1502 5690 si
1528 5634 1706 5703 vidua,
1754 5634 1801 5691 si
1900 5632 2080 5758 Mand;
2115 5636 2181 5693 ιε
2230 5655 2251 5691 ‹
2280 5637 2455 5699 Etiam
2499 5660 2659 5758 nunc,
2709 5648 2953 5717 Domine,
2999 5654 3176 5713 audivi
3203 5673 3236 5715 a
3277 5662 3502 5734 quibus-

201 5738 348 5758 μμ..-
413 5738 455 5758 ,ε
495 5736 683 5758 1--.-..
749 5734 791 5758 ,ε
845 5734 1000 5758 -.ξ-η.
1033 5741 1238 5758 ......-.-...
1301 5730 1481 5758 'nnal‘n
1529 5745 1555 5758 ε.
1615 5730 1797 5758 -..η-,1η
1899 5726 2022 5758 δη...
2085 5731 2354 5758 ...ειη-ειη.--
2422 5751 2520 5758 ---,
2604 5739 2696 5758 -u-
2781 5755 2811 5758 __
2863 5743 2895 5758 ι-
2976 5746 3009 5758 -.

200 5738 356 5811 virgo
412 5738 456 5793 si
489 5736 703 5803 doctor,
747 5734 793 5791 si
841 5734 1001 5791 etiam
1033 5741 1259 5804 martyr,
1301 5730 1483 5801 lapsus
1528 5745 1558 5784 a
1615 5730 1800 5802 regula
1898 5726 2022 5785 dam
2045 5727 2387 5798 doctoribus,
2418 5736 2562 5807 quod
2599 5739 2703 5794 alia
2735 5743 3043 5811 paenitentia
3076 5764 3181 5807 non
3210 5764 3315 5825 est,
3344 5765 3447 5816 etc.
3476 5778 3496 5814 ι

202 5779 387 5863 ρ..ηάιῖ
425 5829 801 5863 ἷᾹΛΛΙιοηςιηριιρ
820 5829 1098 5863 ..ο-οςμιιοπι
1129 5824 1454 5863 ινῑδηιιιιιιοηι·
1479 5822 1791 5863 nhtinm-n't.
1899 5820 1998 5863 Lih
2046 5839 2105 5863 m
2155 5824 2307 5863 mm"
2353 5828 2387 5863 (ι
2435 5833 2835 5863 .n.....s......:.....
2860 5854 2984 5863 -.-υ
3029 5845 3121 5863 ,μγ
3170 5855 3183 5863 .
3224 5849 3258 5863 ..
3331 5862 3339 5863 ,
3393 5853 3405 5863 .

202 5829 391 5901 fuerit;
425 5829 546 5890 idco
565 5830 803 5889 hereses
820 5829 1099 5888 veritatem
1129 5824 1454 5884 videbuntur
1478 5822 1791 5884 obtinerc'h
1897 5820 2018 5882 Lib.
2046 5839 2129 5896 tu.
2154 5824 2331 5886 Simil-
2353 5828 2404 5887 9-
2435 5849 2454 5883 ί
2479 5833 2837 5909 Quadraginta
2860 5854 2988 5900 νθΐο
3018 5845 3260 5918 ΑΡοεῑοΠ
3290 5862 3346 5910 οι
3373 5853 3502 5914 σου·
