3994 6318
3252 248 3293 276 Α

435 284 504 353 58
1401 286 1772 351 DODWELLI
1803 291 2251 351 DISSERTATIO
2288 281 2712 353 CYPRIANICA
3665 302 3737 361 56

436 424 580 469 tores
608 409 1148 483 suntprtedicationis
1163 407 1257 464 ﬁlii
1279 407 1394 464 Dei.
1420 428 1439 462 ι
1468 409 1660 465 Postea
1683 428 1696 465 :
1719 428 1737 461 ι
1770 410 1837 464 Et
1861 409 2028 464 dixit:
2062 411 2109 472 Α
2135 410 2387 467 eumdem
2417 413 2585 481 gratia
2635 411 2879 468 scientia;
2904 412 3162 471 donatum
3198 427 3319 472 esse
3340 417 3491 475 dicit,
3528 417 3737 476 proba-

433 506 696 574 Quoniam
739 506 789 559 hi
818 504 1048 575 apostoli
1077 513 1134 559 et
1185 504 1440 560 doctores
1485 504 1575 571 qui
1606 503 2037 573 prmdicaverunt

433 615 629 656 nomen
656 600 745 653 lilii
775 599 896 666 Dei,
925 613 1048 654 eum
1073 598 1336 655 habentes
1364 598 1524 653 lldem
1566 598 1683 668 ejus
1712 592 1765 654 et
1794 608 2034 670 potesta-

433 703 539 750 tem
564 690 797 749 defuncti
822 695 1008 749 essent
1033 693 1463 765 prtedicaverunt
1486 686 1571 749 Itis
1600 694 1688 765 qui
1717 702 1842 749 ante
1884 686 2035 750 obie-

430 798 575 844 runt.
603 805 622 840 ι
645 787 877 843 Iterum:
912 806 931 839 ι
964 789 1039 845 De
1064 798 1254 843 octavo
1279 803 1408 844 vero
1429 798 1634 857 monte,
1669 788 1721 843 in
1760 801 1868 858 quo
1918 787 2036 857 pitt-

432 882 553 940 rimi
587 893 742 939 erant
766 882 945 939 fontes
971 884 1237 955 inquibus
1267 883 1635 954 adaquabatur
1664 898 1826 938 onme
1866 870 2035 953 genus

429 989 694 1033 creatura:
724 977 838 1040 Dei,
886 975 1020 1031 tales
1064 984 1190 1031 sunt
1230 976 1321 1045 qui
1362 968 1713 1032 crediderunt
1751 973 2029 1045 apostolis,

427 1086 563 1141 quos
603 1070 750 1126 misit
778 1069 1035 1124 Dominus
1066 1069 1121 1124 in
1146 1077 1317 1125 totum
1361 1068 1547 1147 urbem
1601 1067 1898 1140 praedicare
1934 1083 1948 1121 :
1980 1074 2036 1122 et

428 1163 647 1233 quidam
670 1163 925 1219 doctores
956 1163 1044 1233 qui
1076 1172 1225 1219 caste
1272 1169 1328 1219 et
1348 1163 1558 1218 sincere
1608 1162 2036 1229 prtedicaverunt

426 1266 480 1313 et
529 1259 849 1322 docuerunt,
900 1265 1004 1312 etc.
1043 1275 1063 1310 ι
1100 1256 1177 1311 Ex
1224 1243 1424 1327 quibus
1475 1256 1726 1312 omnibus
1770 1256 1824 1311 id
1869 1256 2030 1311 etiam

424 1350 794 1422 intelligimus,
828 1366 1073 1422 quamam
1099 1350 1189 1405 illa
1211 1342 1377 1403 fuerit
1406 1346 1650 1404 doctrina
1677 1344 1820 1404 unde
1848 1344 2032 1405 docto-

424 1458 546 1498 rum
586 1459 784 1500 nomen
812 1443 1136 1510 habuerunt,
1191 1456 1387 1497 munus
1428 1442 1558 1497 illttd
1590 1441 1944 1514 praedicandi,
1974 1450 2034 1498 ut

426 1536 666 1608 loquitur
725 1539 986 1606 Hermas,
1039 1546 1351 1608 tantamque
1417 1537 1581 1592 etiam
1634 1538 1799 1593 fuisse
1845 1552 2031 1592 eorum

423 1629 765 1703 dignitatem,
800 1641 857 1687 ut
885 1646 1008 1687 cum
1057 1630 1339 1703 apostolis,
1374 1641 1432 1686 ut
1460 1630 1775 1701 plurimum,
1802 1632 2031 1703 conjun-

424 1736 642 1795 gantur.

2140 503 2315 558 vimus
2353 505 2497 559 enim
2542 505 2864 561 istiusmodi
2903 506 3133 577 Spiritus
3176 514 3489 586 χαρίσματα
3533 512 3599 567 ad
3631 514 3740 585 Cy-

2137 599 2310 668 priaui
2333 601 2502 654 nostri
2527 599 2771 670 tempora
2818 603 3203 672 permansisse.
3251 605 3449 661 Fateor
3481 604 3736 677 etruidem

2138 690 2226 744 illa
2255 698 2414 746 :etate
2441 691 2710 747 donorum
2741 690 3295 750 extraordinariorum
3318 706 3475 751 usum
3504 692 3560 752 in
3588 697 3741 753 ordi-

2138 786 2409 840 uariorum
2458 802 2671 857 quoque
2707 803 2990 844 munerum
3038 788 3506 847 administratione
3543 792 3737 849 fuisse.

2138 877 2243 933 Sed
2301 895 2428 935 vero
2468 896 2663 936 munus
2705 881 2808 937 hoc
2853 882 3140 939 doctorum
3181 901 3289 940 non
3344 887 3522 942 minus
3572 886 3740 945 fuisse

2134 982 2294 1043 quam
2325 973 2522 1030 donum
2551 981 2723 1046 ipsum
2765 975 3030 1032 dcctrlnze
3057 978 3571 1047 extraordinarium,
3611 979 3741 1040 inde

2135 1064 2442 1137 Colligimus
2470 1067 2613 1139 quod
2654 1064 3032 1126 deficientibus
3063 1068 3370 1140 liujusmodi
3393 1071 3571 1138 donis,
3603 1086 3740 1143 pau-

2134 1156 2283 1214 latim
2305 1160 2478 1229 ipsum
2509 1176 2725 1233 quoque
2746 1178 2938 1218 munus
2970 1164 3021 1219 in
3061 1163 3471 1223 desuetudinem
3517 1166 3739 1223 abierit.

2133 1248 2295 1305 Nulla
2314 1252 2462 1307 enim
2490 1252 2609 1325 ejus
2648 1257 2885 1310 occurrit
2931 1255 2987 1311 iu
3019 1258 3383 1327 posteriorum
3411 1259 3741 1315 saeculorum

2131 1334 2431 1398 minantibus
2463 1340 2686 1399 mentio.
2717 1336 2829 1400 Nec
2868 1342 3034 1402 etiam
3085 1348 3237 1405 ullibi
3286 1364 3406 1404 eum
3447 1350 3744 1405 ordinariis

2134 1433 2395 1505 episcopi,
2431 1437 2734 1509 presbyteri
2770 1448 2864 1494 aut
2906 1439 3117 1495 diaconi
3145 1440 3342 1498 ofﬁciis
3395 1442 3746 1514 conjungitur

2133 1528 2188 1582 in
2210 1527 2275 1583 Ν.
2312 1529 2374 1583 Τ.
2408 1531 2504 1585 sed
2552 1546 2672 1586 cum
2706 1533 3153 1591 extraordinariis
3185 1535 3294 1591 illis
3348 1536 3743 1606 apostolorum,

2134 1619 2542 1693 prophetarum,
2566 1625 3081 1696 miraculorumque,
3104 1645 3225 1700 quae
3242 1630 3448 1700 jamdiu
3476 1629 3745 1688 defecisse

2134 1733 2326 1774 omnes
2370 1719 2719 1776 conﬁtentur.
2766 1720 2878 1777 Nec
2925 1734 3220 1794 suppetunt
3270 1726 3515 1795 patribus
3560 1724 3747 1797 quarti

500 1819 528 1891 ξ
560 1820 690 1874 2.-
704 1818 979 1891 Frequens
1002 1816 1162 1876 etiam
1188 1817 1426 1875 occurrit
1452 1817 1644 1874 horum
1666 1813 1951 1875 doetorum
1982 1817 2034 1873 in
2065 1826 2114 1888 Β
2142 1811 2325 1868 saeculi
2353 1822 2406 1869 et
2438 1814 2696 1885 deinceps
2717 1810 2786 1871 de
2808 1831 2996 1871 eorum
3024 1816 3203 1873 officio
3227 1816 3371 1889 quod
3403 1814 3647 1875 scribant
3675 1833 3747 1875 ex

426 1914 608 1969 Sacris
639 1914 857 1968 Litteris
885 1913 1088 1968 mentio
1114 1930 1127 1966 :
1152 1913 1365 1978 Actor.,
1393 1928 1550 1978 χχιιι,
1580 1928 1617 1979 ι,
1643 1911 2027 1983 prophetarum

424 2017 479 2062 et
506 2007 822 2073 doctorum;
849 2005 1037 2075 lCor.,
1064 2023 1157 2071 xu,
1187 2008 1362 2077 primo
1379 2007 1773 2077 apestoiorum,
1792 2006 2030 2063 secundo

426 2102 834 2169 prophetarum,
865 2100 1027 2154 tertio
1053 2098 1339 2155 doctorum
1391 2109 1518 2155 ante
1542 2100 1647 2154 alia
1676 2098 1910 2170 Spiritus
1934 2115 2031 2156 ex-

424 2189 780 2245 traordinaria
810 2193 1155 2266 χαρίσματα,
1182 2206 1235 2245 v.
1267 2189 1477 2256 £8,29;
1503 2190 1666 2261 Eph.,
1696 2207 1769 2257 ιν,
1810 2208 1869 2259 ιι,
1899 2206 2030 2260 apo-

422 2283 709 2351 stolorum,
736 2284 1145 2354 prophetarum,
1173 2283 1650 2355 evangelistarum,
1671 2295 1948 2355 pastorum
1977 2295 2032 2341 et

422 2378 730 2436 doetorum.
788 2374 1102 2435 Inseruntur
1136 2380 1223 2434 hic
1269 2379 1627 2450 Evangelista:
1656 2387 1713 2434 et
1748 2387 2027 2451 pastores;

417 2476 558 2531 dona
589 2472 651 2531 N.
692 2475 756 2532 Τ.
792 2475 1033 2549 propria,
1081 2492 1182 2533 nec
1204 2493 1231 2530 a
1261 2474 1609 2542 Pentecoste,
1642 2491 1751 2546 quo
1784 2484 2030 2547 tempore

425 2571 657 2641 Spiritus
710 2568 915 2627 effusus
959 2579 1064 2637 est,
1108 2569 1448 2627 deducenda.
1487 2569 1843 2641 Evangelistze
1885 2570 2028 2625 enim

424 2677 491 2718 eo
524 2675 766 2735 tempore
796 2660 1093 2720 necessarii
1117 2674 1272 2719 erant
1292 2679 1399 2736 quo
1429 2665 1766 2733 evangelium
1783 2661 1852 2718 ad
1881 2672 2031 2719 exte—

425 2771 516 2812 ros
545 2754 901 2813 derivandutn
933 2768 1072 2825 erat,
1103 2757 1246 2828 quod
1290 2756 1473 2812 nescio
1521 2772 1588 2811 an
1633 2767 1759 2812 ante
1793 2753 2032 2811 Cornelii

425 2850 709 2906 historiam
740 2850 1052 2922 contigerit,
1073 2850 1191 2907 ﬁeri
1218 2860 1367 2906 certe
1396 2851 1482 2904 vix
1512 2859 1690 2920 potest
1721 2861 1776 2904 ut
1802 2857 2029 2904 mortem

423 2940 686 3013 Stephani
737 2945 1114 3011 antecesserit,
1170 2944 1710 3014 persecutionemque
1765 2956 1829 2996 ea
1874 2956 2032 2997 occa-

420 3026 573 3091 εἶοιιθ
599 3036 908 3091 excitatam.
960 3034 1245 3091 Pastorum
1280 3048 1475 3091 munus
1505 3045 1631 3090 tunc
1661 3035 2028 3091 necessarium

420 3134 558 3196 erat,
606 3144 728 3185 cum
780 3127 1042 3185 Ecclesia:
1084 3128 1446 3201 eleemosyua:
1490 3138 1644 3184 erant
1679 3129 1732 3183 in
1766 3141 2031 3198 pauperes

2135 1909 2217 1962 sui
2248 1906 2432 1964 smeuii
2460 1910 2693 1980 receptis
2725 1911 2965 1966 moribus
2992 1912 3079 1970 vel
3107 1913 3340 1968 evanida
3370 1914 3619 1984 vestigia,
3643 1914 3743 1971 sed

2135 2003 2360 2074 perinde
2382 2019 2444 2060 ac
2479 2020 2600 2069 nos,
2649 2021 2680 2061 e
2711 2013 2859 2061 textu
2905 2006 3079 2061 solum
3129 2018 3479 2077 veterumque
3521 2008 3741 2081 scriptis

2134 2095 2528 2166 conjectantur.
2575 2097 2808 2153 Videant
2855 2098 3017 2170 igitur
3062 2099 3262 2155 fratres
3304 2100 3746 2171 Iudependentes

2133 2204 2239 2261 qua
2266 2190 2477 2245 ratione
2524 2189 2631 2246 hoc
2682 2190 2920 2246 ofﬁcium
2975 2192 3397 2248 continuandum
3452 2203 3743 2264 censeant,

2135 2299 2257 2337 cum
2290 2291 2469 2338 tamen
2499 2282 2638 2338 dona
2668 2283 2782 2348 illa,
2832 2283 3028 2354 quibus
3073 2282 3319 2340 innixum
3370 2278 3741 2357 probavimus,

2133 2390 2238 2431 nec
2258 2375 2357 2446 ipsi
2386 2372 2650 2432 defecisse
2678 2375 3007 2432 iuﬁcientur.

2206 2468 2233 2541 §
2255 2468 2941 2527 L—Animadvertcndum
2967 2478 3249 2542 praeterea,
3274 2486 3398 2528 eum
3418 2468 3486 2528 de
3504 2466 3745 2544 Presby-

2136 2565 2265 2621 teris
2291 2565 2608 2623 doctoribus
2639 2565 2885 2622 meminit
2913 2562 3235 2638 Cyprianus,
3270 2564 3324 2623 id
3348 2567 3507 2623 simul
3545 2566 3746 2623 innue-

2134 2674 2214 2725 re,
2242 2657 2406 2715 fuisse
2430 2659 2614 2731 utique
2641 2658 2780 2715 alios
2802 2678 2832 2717 e
2862 2658 3206 2731 presbyterio
3230 2659 3319 2731 qui
3369 2675 3475 2715 non
3505 2658 3743 2717 fuissent

2134 2750 2406 2808 doctores.
2439 2751 2549 2808 Nec
2572 2753 2717 2809 enim
2738 2768 2876 2824 opus
2896 2763 3013 2809 erat
3036 2761 3095 2808 ut
3115 2754 3462 2826 presbyteros
3487 2752 3748 2811 doctores

2135 2845 2203 2900 ab
2244 2844 2514 2916 episcOpis
2565 2845 2750 2902 itidem
2781 2846 3092 2903 doctoribus
3133 2857 3462 2915 secerneret,
3504 2846 3622 2918 ipse
3652 2848 3749 2921 qui

2137 2936 2251 2993 haec
2278 2938 2541 2995 scriberet
2565 2942 2875 3011 episcopos.
2921 2936 3031 2997 Nec
3065 2942 3237 2997 locum
3266 2940 3539 2998 habebant
3567 2942 3658 2999 alii
3687 2944 3745 3001 in

2137 3047 2323 3088 eorum
2356 3034 2677 3103 probatione
2702 3037 2793 3106 qui
2821 3036 2878 3090 in
2921 3036 3124 3091 clerum
3157 3035 3507 3106 promoveudi
3536 3045 3746 3106 essent,

2135 3144 2297 3200 quam
2331 3130 2658 3203 presbyteri.
2683 3130 2829 3188 Idem
2863 3132 3111 3200 Saturus,
3131 3148 3253 3187 cum
3277 3130 3562 3202 ASpasium
3591 3147 3752 3201 pres-

421 3222 831 3280 distribuendte.
863 3222 960 3279 Est
979 3225 1125 3280 enim
1154 3240 1215 3280 ea
1242 3225 1355 3294 ipsa
1400 3223 1714 3279 distributio
1749 3224 2031 3298 ποιμαίνειν
2061 3232 2106 3295 C
2137 3222 2388 3295 byterum
2421 3225 2699 3281 doctorem
2729 3226 2989 3299 appellat.
3012 3226 3147 3282 Cum
3171 3224 3335 3296 igitur
3355 3226 3585 3284 docendi
3610 3227 3749 3286 illud

419 3315 437 3371 Ι
463 3314 605 3382 Pet.,
626 3333 680 3385 ν,
698 3310 754 3386 2,
780 3316 928 3388 juxta
957 3333 1020 3373 ea
1047 3334 1167 3389 quae
1191 3333 1353 3388 supra
1383 3317 1797 3389 dieputavimus.
1828 3318 1903 3374 Ita
1937 3320 2030 3375 lict

419 3418 479 3465 ut
537 3409 803 3466 donorum
848 3410 1190 3483 originalium
1223 3411 1499 3481 proximus
1555 3421 1679 3484 post
1732 3412 2027 3484 prophetas

421 3503 573 3560 locus
602 3504 671 3559 sit
695 3503 1009 3561 doctoribus
1034 3505 1415 3579 assignandus.
1443 3504 1522 3562 Ex
1548 3507 1661 3577 ipsa
1689 3509 1833 3564 enim
1860 3522 2026 3579 synav

421 3612 557 3668 goga
598 3596 900 3653 derivatum
955 3607 1041 3654 est
1094 3598 1161 3654 ad
1225 3598 1522 3655 Ecclesiam
1573 3600 1732 3669 hujus
1786 3600 2028 3656 muneris

422 3691 752 3761 exemplum.
783 3689 1061 3762 Siquidem
1092 3691 1168 3747 illi
1197 3707 1413 3764 quoque
1463 3703 1619 3748 erant
1666 3694 1748 3749 sui
1795 3693 2025 3748 Rabbini

420 3788 716 3862 καθηγηταί,
731 3790 1017 3851 συζητηταί
1037 3792 1130 3843 τοῦ
1150 3788 1329 3849 αἰῶνος
1342 3789 1551 3853 τούτου,
1569 3787 1793 3853 Scrihre,
1807 3789 2023 3862 νομικοὶ,

418 3876 876 3952 νομοδιδάσκαλοι(
894 3880 976 3933 his
1001 3880 1149 3935 enim
1174 3880 1427 3935 omnibus
1447 3880 1617 3935 titulis
1644 3878 2024 3951 insigniuntur)

419 3973 506 4043 qui
537 3982 591 4030 et
616 3969 915 4029 διδάσκαλοι
933 3972 1251 4045 simpliciter
1281 3975 1644 4046 appellantur,
1664 3975 1821 4044 Luc.,
1845 3991 1903 4044 ιι,
1930 3974 2022 4031 46.

416 4068 610 4128 Fuisse
639 4070 804 4128 etiam
836 4071 981 4143 apud
1032 4072 1177 4144 ipsos
1226 4089 1423 4129 munus
1455 4074 1746 4130 admodum
1796 4072 2025 4129 honori-

417 4162 577 4220 ficum
606 4171 868 4221 constate
910 4162 1097 4233 Rom.,
1125 4180 1185 4232 tt,
1218 4165 1305 4234 l8,
1337 4165 1425 4232 19,
1457 4165 1551 4233 20,
1580 4165 1674 4221 2L
1700 4165 1771 4221 Ut
1798 4179 2024 4222 necesse

420 4268 567 4311 esset
612 4256 883 4312 Salvatori
935 4257 1004 4314 de
1042 4274 1110 4314 eo
1157 4258 1453 4330 discipulos
1476 4274 1605 4316 suos
1658 4274 1903 4323 monere,
1956 4275 2025 4316 ne

420 4346 569 4403 illttm
591 4348 803 4404 titulum
827 4348 1117 4406 ambirent.
1144 4349 1317 4418 Quam
1335 4359 1535 4418 tamen,
1561 4367 1663 4407 una
1678 4366 1801 4407 cum
1818 4351 2020 4419 ofﬁcio,

418 4440 768 4497 ambitionem
796 4444 964 4498 etiam
988 4443 1301 4502 ebristianis
1331 4446 1619 4518 irrepsisse
1647 4447 1886 4517 suspicio
1914 4454 2019 4513 εει,

423 4532 477 4590 S.
508 4530 721 4598 Jacob.,
753 4550 832 4600 tn,
862 4552 899 4590 ι.

2131 3333 2332 3374 munus
2358 3334 2422 3374 ex
2443 3318 2643 3375 llerma
2666 3320 2808 3376 idem
2837 3320 3007 3377 fuisse
3032 3320 3404 3388 didicerimus,
3434 3321 3578 3394 quod
3599 3338 3747 3393 prte-

2130 3409 2367 3477 dicandi,
2382 3412 2541 3483 plane
2552 3414 2931 3485 sequitur,uon
2953 3415 3192 3470 omnium
3214 3408 3378 3471 fuisse
3394 3415 3749 3488 presbytero-

2129 3515 2271 3569 rum,
2306 3516 2364 3559 ttt
2388 3504 2441 3559 in
2466 3504 2708 3562 Ecclesia
2736 3508 3212 3574 concinnarentur,
3243 3502 3443 3563 nedum
3470 3504 3542 3563 ita
3569 3505 3743 3566 fuisse

2130 3595 2309 3652 oflieio
2328 3598 2680 3670 presbyterali
2705 3598 3013 3667 essentiale,
3047 3615 3209 3670 quam
3246 3608 3437 3671 putant
3459 3596 3738 3669 hodierni,

2131 3689 2463 3745 schismatici
2487 3700 2544 3745 ut
2571 3691 2660 3761 qui
2692 3690 2824 3746 illud
2846 3707 3041 3747 munus
3071 3708 3177 3748 non
3220 3692 3555 3764 praestiterit,
3585 3694 3633 3749 is
3664 3708 3742 3752 ne

2130 3796 2229 3852 pro
2260 3782 2578 3854 presbytero
2602 3783 2881 3839 habendus
2910 3783 2981 3839 sit
2994 3784 3231 3855 quidem.
3255 3781 3367 3843 Nec
3386 3802 3518 3844 vero
3534 3801 3739 3844 recen-

2132 3876 2331 3932 tiorum
2360 3876 2686 3933 smculorum
2745 3876 2798 3932 id
2841 3878 3014 3934 errori
3047 3879 3387 3935 tribuendum
3416 3891 3552 3937 erat.
3583 3878 3738 3940 idem

2130 3971 2290 4027 etiam
2314 3971 2415 4026 sub
2432 3972 2691 4041 apostolis
2710 3971 3009 4028 obtinuisse
3026 3982 3234 4028 constat
3251 3989 3315 4028 ex
3332 3973 3354 4029 Ι
3371 3970 3536 4043 Tim.,
3559 3990 3615 4041 v,
3637 3975 3737 4045 17,

2128 4078 2454 4137 quamquam
2478 4076 2763 4135 perperam
2785 4066 3045 4135 colligunt
3068 4073 3403 4141 προεστῶτας
3428 4065 3551 4121 illos
3578 4081 3739 4137 pres-

2126 4159 2369 4231 byteros,
2390 4159 2482 4231 qui
2523 4160 2613 4215 alii
2635 4168 2865 4215 essenta
2914 4165 3160 4214 κοπιῶσιν
3199 4162 3250 4214 is
3289 4159 3430 4234 λόγῳ
3464 4162 3553 4216 καὶ
3583 4156 3737 4220 διδα-

2129 4255 2335 4330 σκαλίᾳ,
2362 4251 2526 4308 fuisse
2555 4253 2741 4309 laicos.
2772 4250 2882 4307 Cur
2903 4251 2977 4306 ita
3004 4250 3281 4321 colligunt,
3312 4251 3445 4306 nihil
3468 4250 3674 4310 habent
3698 4269 3737 4312 θ

2129 4356 2300 4413 textu,
2333 4345 2515 4402 nihile
2541 4347 2776 4418 receptis
2809 4344 2956 4400 illius
2982 4344 3163 4399 saeculi
3188 4343 3451 4411 moribus,
3476 4345 3732 4406 subsidii.

2130 4442 2383 4514 Sequitur
2396 4444 2572 4513 itaque
2589 4459 2655 4497 ne
2682 4442 2828 4513 ipsos
2854 4439 3070 4511 quidem
3084 4441 3356 4511 apostolos
3369 4441 3570 4496 donum
3595 4440 3732 4500 illud

2126 4538 2182 4592 in
2210 4535 2524 4593 ordiuandis
2550 4538 2797 4608 exegiSse
2819 4537 3102 4606 praevium.
3123 4546 3223 4593 nec
3241 4537 3383 4592 inter
3406 4540 3732 4614 χαρίσματα

491 4627 520 4702 §
546 4626 755 4685 ‘5.-—-Ut
779 4638 960 4686 autem
978 4632 1159 4687 omnia
1183 4631 1440 4688 Ecclesia:
1462 4647 1685 4688 munera
1703 4632 2021 4703 primisillis
2045 4638 2099 4699 1)
2126 4632 2239 4702 ipsa
2276 4647 2532 4687 manuum
2584 4633 2930 4712 impusitione
2960 4632 3154 4688 collata
3205 4632 3387 4689 locum
3437 4632 3725 4704 habuisse;

421 4720 721 4793 originibus
746 4724 1178 4781 extraordinario
1199 4726 1432 4797 Spiritus
1460 4727 1641 4783 Sancti
1683 4727 1881 4782 auxilio
1929 4726 2022 4782 ad.

420 4818 721 4873 ministrata
748 4830 908 4889 sunt;
946 4819 1087 4877 idem
1115 4831 1170 4877 et
1199 4823 1252 4876 in
1280 4821 1385 4878 hoc
1402 4837 1618 4893 quoque
1634 4837 1857 4879 munere
1884 4837 2017 4879 con-

419 4911 602 4981 tigisse
631 4922 842 4969 certum
867 4924 973 4970 est.
1007 4912 1062 4970 Id
1091 4916 1266 4971 iuuuit
1296 4917 1513 4971 verbum
1546 4913 1705 4973 ἔδωκε
1740 4915 1903 4987 Eph,
1941 4933 2016 4983 tv,

420 5000 509 5069 il,
539 5000 879 5070 referendum
911 5005 1054 5060 enim
1086 5005 1152 5061 ad
1182 5005 1358 5061 locum
1407 5006 1493 5063 Ps.
1528 5023 1710 5074 vaut,
1754 5007 1841 5075 l9,
1876 5024 1925 5063 v.
1956 5009 2013 5075 8,

419 5095 694 5152 laudatum
729 5116 742 5152 :
776 5084 952 5156 ἔδωκε
982 5098 1186 5174 δόματα
1223 5108 1331 5163 τοῖς
1383 5104 1689 5177 ἀνθρώποις.
1718 5100 1857 5158 Sunt
1887 5117 2017 5173 ergo

420 5192 580 5247 etiam
605 5190 862 5248 doctores
879 5193 990 5249 illis
1015 5193 1232 5269 δόμασιν
1254 5196 1600 5251 accettsendi.
1629 5196 1862 5252 Proinde
1880 5197 2020 5252 inter

421 5276 652 5357 Spiritus
684 5289 1000 5363 χαρίσματα
1036 5290 1297 5344 habemus
1328 5282 1676 5355 διδασκαλίαν,
1708 5289 1891 5355 Ralm,
1921 5307 2016 5359 xu,

420 5374 470 5435 6.
502 5378 570 5435 7:
597 5381 907 5456 προφητείαν
922 5377 1233 5456 θιδιδαχὴν,
1256 5379 1443 5448 ICor.,
1461 5380 1579 5450 Ὧν,
1605 5382 1659 5451 6,
1689 5383 1753 5436 ad
1772 5383 2017 5439 eamdem

420 5470 579 5542 plane
603 5472 829 5531 formam
858 5489 963 5545 qua
996 5489 1163 5554 supra
1215 5476 1467 5547 conjungi
1498 5476 1727 5532 vidimus
1754 5482 2021 5556 προφήτας

419 5571 580 5634 atque
608 5562 968 5629 διδασκάλους.
993 5566 1223 5636 Rursus,
1248 5567 1401 5637 ibid.,
1429 5567 1676 5643 διδαχὴν,
1699 5586 1753 5625 v.
1782 5571 1878 5625 2.).
1910 5571 2021 5628 Nec

420 5652 581 5713 altam
612 5655 778 5715 fuisse
800 5660 1082 5718 doctorum
1126 5659 1491 5718 africanorum
1533 5666 1798 5721 rationem
1828 5674 2016 5723 esteat

420 5748 556 5808 dunt
604 5746 695 5809 illa
740 5772 860 5827 quae
909 5756 1159 5829 superius
1209 5771 1241 5814 e
1283 5756 1618 5814 Tertulliauo
1665 5760 2016 5831 produximus

426 5842 775 5936 (‘Prwscriptq
792 5865 843 5908 c.
870 5849 997 5922 id);
1026 5852 1223 5922 quibus
1249 5867 1406 5924 quem
1436 5852 1710 5914 doctorem
1738 5855 2007 5930 appellat,

2123 4724 2218 4780 sed
2250 4740 2351 4781 nec
2378 4725 2544 4779 Deum
2592 4725 2792 4793 ipsum,
2826 4725 2982 4796 cujus
3011 4735 3142 4782 nutu
3189 4726 3370 4781 omnia
3415 4738 3539 4782 tunc
3569 4736 3725 4798 gesta

2123 4828 2268 4886 sunt,
2298 4819 2495 4888 quique
2525 4817 2786 4874 Ecclesia:
2812 4819 2865 4873 in
2887 4818 3207 4875 necessariis
3239 4834 3345 4874 non
3374 4822 3729 4891 eratprocul-

2121 4911 2286 4967 dubio
2306 4912 2609 4979 defuturus,
2640 4912 2749 4967 tale
2779 4912 2881 4967 hoc
2911 4910 3149 4967 ofﬁcium
3180 4914 3498 4983 instituisse,
3546 4924 3605 4969 ut
3653 4915 3728 4972 ad

2118 5009 2238 5079 ejus
2264 5006 2789 5064 administrationem
2823 5016 2967 5064 esset
2997 5006 3101 5064 hoc
3130 5007 3331 5065 donum
3361 5008 3588 5065 omnino
3618 5024 3725 5068 ne-

2118 5104 2436 5157 cessarium.

2195 5195 2223 5267 §
2251 5196 2306 5252 5.
2330 5223 2401 5236 ——
2427 5191 2562 5250 Cum
2593 5194 2756 5250 etiam
2785 5210 2849 5252 ex
2878 5196 3108 5267 receptis
3128 5197 3306 5251 aetatis
3336 5210 3449 5252 suae
3478 5195 3728 5257 moribus

2121 5305 2247 5346 suas
2297 5290 2613 5360 plerumque
2664 5291 3086 5347 consuetudines
3152 5301 3341 5346 mutuo
3411 5293 3732 5363 acceperint

2123 5380 2439 5449 christiani;
2467 5380 2554 5436 vix
2580 5390 2710 5454 puto
2727 5385 2892 5440 ullum
2925 5383 3096 5438 fuisse
3125 5384 3435 5455 exemplum
3472 5400 3579 5456 quo
3616 5383 3729 5443 do-

2124 5476 2278 5532 cendi
2320 5492 2517 5533 munus
2541 5493 2663 5534 cum
2696 5479 3000 5536 sacerdotio
3043 5487 3188 5535 esset
3231 5478 3541 5535 necessario
3586 5495 3728 5538 con-

2119 5571 2389 5642 junctum.
2421 5572 2623 5630 Juda-is
2652 5573 2890 5630 diximus
2912 5573 3122 5630 scribas
3152 5572 3316 5629 fuisse
3346 5584 3511 5645 atque
3537 5573 3719 5631 rabbi-

2125 5679 2246 5730 nos,
2275 5679 2307 5720 e
2358 5665 2501 5721 tribu
2552 5666 2907 5739 proculdubio
2952 5666 3276 5724 sacerdotali
3333 5667 3478 5723 illos.
3527 5668 3719 5741 Longe

2120 5766 2300 5816 tamen
2328 5759 2520 5816 aberat
2545 5770 2605 5816 ut
2633 5770 2740 5815 tota
2771 5759 2973 5816 familia
2997 5761 3346 5818 sacerdotalis
3373 5760 3566 5818 scribae
3597 5762 3717 5819 fue-

2116 5857 2223 5914 rint
2243 5863 2336 5913 aut
2356 5855 2587 5914 rabbiui.
2615 5854 2924 5915 Scribarum
2949 5856 3193 5916 ordinem
3211 5856 3279 5915 ab
3303 5856 3571 5930 Egyptiis
3597 5854 3711 5913 for-
