3994 6318
458 271 531 332 59
1509 265 1878 326 DODWELLI
1916 261 2374 325 DlSSERTATIO
2411 262 2827 324 CYPRIANICA
3700 272 3775 328 40

460 380 724 447 Etenim,
774 397 821 437 c.
853 379 967 455 i7).
1000 377 1307 452 thuidem
1338 379 1390 437 in
1422 394 1485 437 ea
1517 391 1663 439 totus
1699 391 1785 439 est
1812 383 2064 439 Clemens
2092 385 2136 444 Α
2169 397 2287 437 mus
2319 396 2415 438 vos
2441 393 2568 438 ante
2615 382 2921 451 consulere,
2948 389 3055 439 etc.
3083 399 3103 435 ι
3138 381 3281 455 Ergo
3311 390 3366 438 et
3394 383 3627 442 clericus
3658 397 3778 444 crat

460 473 881 541 Alexandrinus,
918 476 969 529 in
996 474 1376 545 antiquissimo
1417 474 1556 545 ejus,
1612 476 1753 547 quod
1806 472 2067 532 habemus

461 569 643 637 hodie,
678 584 842 637 Opere
871 568 1552 640 catechetico,Ptndagogo
1580 570 1865 625 videlicet.
1900 570 2070 625 Erant

460 664 621 721 etiam
638 663 688 717 in
706 663 1017 718 Petromate
1035 661 1157 718 libri
1176 664 1400 718 rituales
1420 663 1694 718 initiandis
1719 663 1932 734 legendi
1960 663 2068 735 pri—

460 770 627 823 ntnm,
642 754 839 810 deinde
852 754 1193 812 describendi
1212 754 1347 828 (ld.,
1364 756 1434 811 ib.
1449 796 1462 816 .
1481 757 1662 825 «3.10).
1683 756 1746 811 Et
1768 758 1984 829 quidem
1999 758 2068 814 de

457 848 707 920 baptismi
732 848 947 918 ritibus,
979 848 1047 904 de
1078 852 1320 916 συντάξει
1342 859 1398 907 et
1425 852 1694 917 ὰποτάξει,
1712 851 2069 908 conversione

453 939 521 996 ad
544 941 807 997 orientem
830 940 1294 1013 occidentemque,
1315 952 1420 999 etc.
1434 985 1448 1010 ,
1469 944 1578 1013 agit
1604 945 1658 998 in
1679 943 2066 1000 Catcchcsibus

452 1036 567 1093 Suis
594 1035 832 1110 Cyrillus
858 1036 1385 1109 Hierusolymitanus
1412 1036 1630 1108 aliiqtte.

528 1130 665 1203 §il.
699 1159 771 1170 —
796 1126 1209 1185 Observandum
1238 1129 1474 1201 denique
1517 1129 1581 1185 ad
1612 1129 1850 1186 officium
1896 1128 2066 1203 hypo-

455 1221 778 1280 diaconatus
822 1232 1100 1295 spectasse
1148 1223 1299 1279 illum
1331 1223 1665 1279 audientium
1700 1224 2062 1280 doctoratum.

456 1312 601 1371 idem
646 1316 843 1387 Optato
895 1316 1210 1371 doctoratns
1262 1316 1624 1383 audientium,
1700 1317 1842 1388 quod
1902 1318 2065 1375 lectio

459 1408 653 1466 Saturo
674 1409 741 1465 ad
759 1411 986 1482 gradum
1008 1410 1227 1467 lcetoris
1252 1410 1646 1482 promovendo,
1674 1409 1838 1467 futuri
1869 1428 2065 1483 nempe

455 1505 616 1560 offic-ii
648 1506 913 1576 praevium
941 1506 1397 1575 experimentum.
1422 1505 1480 1560 In
1529 1504 1894 1562 Alexandrino
1937 1530 2066 1564 κατ-

456 1606 722 1675 ηχήσεως,
764 1600 879 1657 sive
917 1601 1063 1679 ἱερῶν
1087 1602 1268 1676 λόγων,
1297 1599 1637 1673 διδασκαλείῳ
1689 1599 1829 1655 idem
1871 1616 2065 1656 munus

457 1694 794 1766 presbyteris
822 1691 1056 1748 fortasse
1098 1708 1485 1766 nonnunquam
1517 1694 1870 1764 assignatum.
1924 1692 2064 1749 Pan-

2174 476 2424 531 Aurelins
2450 486 2503 532 et
2533 477 2837 533 ordinatus.
2875 495 2895 527 ‹
2922 476 3246 545 Merebatur,
3281 478 3475 547 inquit,
3515 479 3638 535 talis
3667 481 3779 536 cle-

2179 571 2305 626 ricte
2336 569 2995 626 ordinationisinferiores
3038 570 3255 642 gradus.
3283 589 3302 623 ι
3339 569 3469 626 Erat
3517 571 3679 643 igitur
3726 582 3782 630 et

2173 661 2261 718 hic
2318 662 2535 733 quidam
2581 662 2779 734 gradus
2826 664 3038 719 cleriea:
3091 664 3465 719 ordinationis.
3523 664 3776 723 Rursus:

2177 773 2197 805 ‹
2222 753 2373 811 Hunc
2406 756 2589 827 igitur,
2623 757 2818 812 fratres
2836 755 3174 813 dilectissimi
3206 800 3221 825 ,
3248 774 3278 813 a
3303 772 3389 814 me
3410 769 3465 813 et
3493 772 3523 812 a
3553 759 3780 832 collegis

2169 849 2259 920 qui
2294 859 2591 920 prmsentes
2621 849 2868 916 aderant,
2910 838 3218 905 ordinatum
3248 850 3463 918 sciatis;
3492 851 3635 924 quod
3682 867 3780 910 vos

2169 945 2284 998 scio
2310 953 2364 999 et
2393 944 2626 999 libenter
2652 944 2927 1016 amplecti,
2957 954 3012 1001 et
3044 954 3232 1016 optare
3270 945 3404 1002 tales
3420 947 3487 1002 -in
3531 946 3777 1004 Ecclesia

2171 1044 2353 1090 nostra
2373 1036 2635 1107 plurimos
2653 1035 2915 1093 ordinari.
2946 1058 2964 1091 ι
2992 1038 3064 1094 De
3085 1037 3336 1096 Celerino
3354 1039 3426 1094 ita
3450 1039 3551 1112 Ep.
3574 1056 3776 1110 xxxtv,

2169 1126 2392 1199 dignum
2457 1143 2580 1185 esse
2620 1129 2784 1186 dicit:
2818 1148 2837 1182 ι
2895 1130 2964 1188 Ut
3006 1132 3096 1203 qui
3142 1132 3449 1190 sublimiter
3496 1133 3779 1193 Christum

2168 1221 2454 1278 confessus
2474 1232 2640 1289 esset,
2669 1224 2877 1280 clerum
2902 1225 3251 1297 postmodum
3287 1224 3491 1283 Christi
3527 1229 3777 1287 ministe-

2168 1316 2264 1371 riis
2284 1317 2668 1374 ecclesiasticis
2690 1319 3000 1376 adornaret.
3029 1339 3048 1373 ι
3074 1320 3282 1377 Rursus
3303 1321 3553 1379 eumdem
3578 1343 3597 1376 ι
3618 1322 3769 1381 Cele-

2169 1410 2349 1468 rinnm
2382 1411 2624 1481 fratrem,
2661 1415 2854 1487 inquit,
2890 1425 3155 1484 nostrum,
3187 1416 3478 1475 virtutibus
3500 1418 3702 1489 pariter
3718 1426 3779 1476 θι

2168 1505 2409 1561 moribus
2439 1506 2759 1578 gloriosum,
2781 1509 2931 1565 clero
2948 1518 3138 1566 nostro
3163 1524 3270 1565 non
3317 1510 3551 1565 humana
3573 1509 3776 1568 suffra-

2166 1599 2401 1668 gatione,
2450 1600 2544 1655 sed
2574 1599 2757 1656 divina
2815 1600 3128 1673 dignatione
3173 1603 3545 1674 conjunctum.
3574 1624 3593 1657 ι
3625 1604 3777 1662 Idem

2169 1706 2345 1753 tamen
2371 1697 2474 1755 hac
2500 1699 2637 1770 ipsa,
2662 1715 2822 1772 quam
2847 1701 2901 1756 in
2924 1700 3175 1758 manibus
3201 1701 3486 1771 habemus,
3515 1702 3773 1775 epistola,

453 1796 652 1845 tmntnu
672 1786 833 1858 vulgo
860 1787 1173 1843 existimant
1197 1785 1366 1842 fuisse
1390 1786 1784 1858 presbyterum,
1818 1785 2063 1858 quamvis
2093 1798 2140 1860 Β
2170 1790 2425 1848 lectorem
2470 1792 2721 1865 Optatum
2770 1795 2918 1852 clero
2969 1795 3250 1852 dumtaxat
3300 1796 3608 1868 proximum
3649 1813 3775 1856 esse

455 1879 641 1937 nescio
686 1894 818 1934 sane
847 1889 1165 1935 veterumne
1216 1878 1483 1950 quispiam
1527 1894 1650 1934 eum
1699 1879 1768 1934 ita
1820 1879 2062 1950 appellet

453 1973 709 2049 (Euseb.,
758 1972 897 2029 Hist.
950 1972 1121 2039 Eccl.,
1154 1990 1207 2037 v,
1242 1972 1345 2041 10;
1378 1990 1452 2041 vr,
1486 1975 1541 2039 ὅ,
1571 1972 1659 2045 6).
1719 1970 2056 2029 Clementem

450 2067 569 2138 ejus
596 2068 648 2124 in
680 2082 747 2124 eo
769 2082 994 2124 munere
1028 2082 1422 2133 successorem,
1480 2067 1853 2140 presbyterum
1906 2076 2061 2122 vocat

452 2160 761 2219 Alexander
783 2160 1304 2234 Hierosolymitanus
1325 2161 1623 2232 Episcopus
1653 2160 1864 2234 (Euseb.
1879 2203 1894 2229 ,
1918 2160 2056 2217 Hist.

452 2252 610 2321 εδει,
650 2270 729 2321 γι,
760 2252 875 2327 ll).
913 2255 1017 2311 Sed
1047 2255 1263 2325 quando
1289 2256 1487 2324 scripta
1523 2262 1606 2310 est
1635 2254 1701 2309 ab
1750 2254 2059 2311 Alexandro

452 2361 515 2402 ea
546 2348 795 2417 epiStola.
845 2348 955 2419 jam
986 2350 1314 2405 successisse
1360 2348 1569 2404 videtur
1610 2349 1661 2403 in
1715 2349 1832 2420 ejus
1881 2349 2057 2404 locum

457 2439 753 2513 Origenes,
784 2451 841 2496 nt
869 2443 1096 2512 proinde
1127 2458 1232 2498 non
1265 2451 1477 2499 constet
1505 2442 1739 2499 fueritne
1779 2444 2060 2515 presbyter

454 2549 576 2590 cum
606 2549 832 2591 munere
864 2534 957 2591 illo
986 2536 1101 2606 ipse
1129 2535 1463 2608 fungeretur.
1492 2536 1607 2593 Non
1636 2547 1814 2594 tamen
1839 2537 2060 2611 presby-

456 2627 649 2683 teratui
673 2627 724 2682 id
756 2627 921 2685 fuisse
949 2645 1144 2685 munus
1178 2631 1490 2687 necessario
1517 2647 1785 2687 annexum
1822 2640 2055 2701 constat,

456 2721 601 2795 quod
628 2721 694 2777 ad
725 2719 857 2778 illud
907 2732 1127 2779 evectus
1174 2722 1337 2779 fuerit
1367 2740 1397 2780 a
1441 2725 1715 2782 Demetrio
1771 2724 2055 2797 Origenes,

455 2824 704 2872 octavum
757 2814 1028 2872 decimum
1085 2817 1345 2874 duntaxat
1392 2819 1568 2875 :etatis
1614 2835 1814 2875 annum
1869 2835 2056 2891 agens,

456 2926 562 2982 quo
582 2918 825 2982 tempore
848 2928 953 2968 non
976 2923 1188 2968 constat
1211 2913 1294 2969 vel
1315 2912 1660 2970 inferioribus
1683 2914 1898 2985 quidem
1926 2916 2054 2986 illis,

458 3019 596 3077 quos
636 3021 735 3077 pro
764 3008 932 3063 sacris
964 3006 1182 3075 habent,
1231 3008 1506 3064 ordinibus
1550 3008 1717 3066 fuisse
1766 3011 2053 3066 initiatum.

460 3100 896 3174 Presbyteratum
925 3109 1133 3158 certum
1171 3110 1274 3170 est,
1308 3118 1413 3157 non
1441 3111 1570 3159 ante
1621 3104 1720 3159 iter
1762 3102 2055 3161 Achaicum

2165 1883 2317 1955 dicit,
2344 1887 2590 1960 interque
2605 1903 2700 1946 eos
2724 1900 2972 1946 numerat
2993 1891 3084 1963 qui
3106 1890 3172 1947 ad
3195 1890 3400 1947 clerum
3422 1892 3769 1963 parabantur.

2162 1979 2234 2036 Et
2264 1980 2315 2036 in
2346 1981 2591 2052 epistolis
2628 1983 2745 2055 ejus
2775 1984 2858 2040 vel
2884 1984 3014 2040 cleri
3039 1984 3281 2047 nomine.
3310 1985 3396 2042 vel
3444 1985 3511 2041 ad
3541 1985 3768 2054 clerum,

2162 2073 2322 2142 datis,
2351 2093 2611 2149 nusquam
2642 2080 2881 2135 occurrit
2904 2079 3133 2136 aliorum
3167 2080 3372 2136 mentio
3408 2089 3772 2152 praeterquam

2163 2169 2605 2242 presbyterorum
2655 2180 2819 2243 atque
2848 2172 3223 2228 diaconorum.
3275 2171 3407 2241 Quis
3453 2187 3559 2229 non
3622 2173 3773 2230 videt

2162 2280 2321 2336 quam
2349 2265 2481 2321 cleri
2517 2267 2735 2323 nomine
2775 2283 2919 2325 nunc
2956 2264 3147 2347 laxius
3170 2277 3374 2332 utatur,
3419 2283 3564 2325 nunc
3609 2267 3773 2323 stric-

2165 2363 2289 2427 tius,
2319 2376 2415 2432 pro
2437 2377 2588 2417 more
2605 2362 2813 2428 smculi,
2840 2371 2900 2418 ut
2918 2363 3006 2434 qui
3040 2379 3146 2417 ttno
3175 2378 3340 2420 sensu
3368 2361 3556 2419 clerici
3584 2360 3772 2434 appel-

2162 2452 2362 2521 lantur,
2385 2454 2512 2521 sint,
2543 2453 2610 2509 ad
2628 2454 2762 2511 alios
2782 2455 2827 2510 si
2856 2455 3226 2525 Conferantnr,
3248 2456 3399 2512 laicis
3414 2455 3768 2513 accensendi?

2160 2546 2307 2603 Idem
2330 2545 2398 2603 de
2426 2548 2821 2604 recentioribus
2870 2548 3124 2606 Ecclesiae
3146 2550 3445 2606 canonibus
3470 2549 3766 2606 observare

2162 2653 2492 2712 poteramus.
2540 2642 2647 2699 Sed
2704 2658 2803 2700 nos
2851 2642 2919 2700 de
2963 2644 3216 2717 Cypriani
3267 2643 3624 2715 temporibus,
3672 2651 3769 2699 aut

2162 2734 2326 2829 etiam
2372 2733 2785 2807 antiquioribus,
2838 2736 3324 2806 impraesentiarum
3356 2751 3519 2809 agere
3547 2735 3760 2793 consti—

2161 2832 2383 2884 fuimus.

2236 2920 2265 2994 §
2309 2922 2395 2979 i5.
2424 2954 2495 2964 ——
2523 2922 2619 2979 Est
2643 2923 2805 2981 etiam
2838 2922 3213 2982 observatione
3243 2922 3439 2998 dignus
3467 2941 3585 2982 mos
3617 2925 3767 2983 illius

2166 3015 2351 3070 ὓπουιί
2400 3016 2451 3071 in
2482 3017 2839 3087 legationibus
2886 3017 3284 3074 ecclesiasticis.
3320 3017 3490 3073 Erant
3516 3018 3661 3073 enim
3685 3017 3771 3073 di-

2161 3105 2401 3177 gnitatis,
2454 3117 2563 3163 lum
2614 3124 2801 3166 eorum
2849 3124 2879 3164 a
2920 3111 3138 3180 quibus,
3172 3120 3281 3165 tum
3308 3109 3376 3166 ad
3404 3125 3557 3183 quos,
3592 3111 3766 3166 mitto-

460 3195 562 3251 sub
592 3195 897 3251 Alexandro
926 3196 1151 3265 Severo,
1185 3197 1253 3252 ab
1287 3212 1353 3253 eo
1402 3196 1567 3254 fuisse
1595 3208 1929 3269 susceptum.
1965 3198 2052 3255 ld-
2088 3202 2133 3267 C
2169 3212 2376 3265 rentur,
2408 3201 2893 3259 observantissimi.
2946 3203 3039 3259 Pri
3064 3220 3126 3258 ua
3177 3204 3430 3277 Cypriani
3469 3204 3665 3277 legatio
3694 3203 3766 3261 ad

461 3304 567 3361 que
593 3304 660 3347 eo
685 3290 913 3347 fortasse
951 3292 1179 3347 consilio
1209 3290 1513 3347 institutum
1544 3302 1649 3367 est,
1679 3294 1820 3364 quod
1873 3293 2064 3350 fideles

459 3400 583 3439 cum
598 3385 707 3454 jam
728 3386 779 3439 in
807 3386 985 3441 sinum
1012 3386 1272 3443 Ecclesim
1297 3389 1533 3457 suscepti
1565 3388 1815 3456 fuissent,
1837 3389 2066 3457 proinde

461 3476 759 3543 doctorem,
812 3478 1012 3535 habere
1059 3478 1365 3547 debuerint,
1420 3480 1513 3552 qni
1562 3481 1649 3536 vel
1705 3482 1758 3537 in
1803 3481 2062 3539 Ecclesiae

462 3573 817 3629 aestimatione
870 3583 1015 3630 esset
1060 3573 1335 3632 sacerdos.
1395 3574 1476 3630 Ad
1539 3576 1848 3633 sacerdotes
1919 3578 2061 3634 enim

465 3665 791 3737 pertinuisse
838 3665 988 3722 illam
1032 3667 1274 3723 scientia:
1320 3668 1571 3740 gratiam,
1609 3685 1712 3741 qua
1755 3670 2062 3728 donandum

466 3758 837 3817 'l‘crtullianus
863 3760 1001 3816 dixit
1025 3776 1148 3817 esse
1188 3761 1488 3829 doctorem,
1523 3780 1555 3821 e
1598 3765 1798 3822 veteris
1850 3781 2065 3838 quoque

463 3852 599 3925 legis
624 3854 959 3927 praescriptio
984 3862 1241 3922 consmt.,
1274 3854 1422 3922 Mal.,
1456 3871 1513 3923 ιι,
1546 3857 1599 3911 7.
1633 3856 1725 3912 illa
1760 3857 1904 3913 enim
1950 3857 2064 3928 ipsa

466 3945 713 4003 scientia
736 3962 870 4003 voce
896 3961 1026 4003 usus
1046 3957 1131 4004 est
1150 3947 1204 4002 in
1232 3962 1299 4004 eo
1320 3947 1461 4016 loco,
1490 3962 1595 4003 non
1624 3948 1785 4003 modo
1804 3959 1956 4006 vetus
1985 3950 2067 4006 in-

467 4048 678 4113 terpres
706 4040 1022 4110 hodiernus,
1048 4041 1145 4097 sed
1174 4042 1288 4115 ipse
1314 4057 1527 4115 quoque
1552 4042 1870 4116 Cyprianus.
1906 4042 2065 4102 Cate-

465 4136 750 4193 ehumenis
778 4150 908 4193 vero
950 4135 1282 4203 erudiendis,
1327 4138 1416 4208 qui
1448 4147 1599 4194 extra
1649 4137 1942 4196 Ecclesiam
1975 4140 2065 4197 siti

467 4239 673 4297 essent,
695 4229 825 4284 satis
854 4238 972 4285 erat
1017 4229 1099 4285 vel
1152 4230 1338 4296 laicus,
1384 4238 1547 4301 quem
1588 4240 1788 4296 tamen,
1846 4232 2067 4289 honoris

469 4336 652 4389 causa,
683 4324 829 4379 clero
862 4325 1166 4392 proximum
1216 4323 1510 4394 eligebant.
1567 4323 1872 4379 Praesertim
1918 4340 2062 4392 cum,

469 4431 537 4474 ex
563 4416 629 4471 iis
648 4431 768 4486 quae
789 4414 857 4469 de
875 4429 1066 4471 eorum
1096 4414 1362 4469 sententia
1388 4414 1636 4485 superius
1653 4415 2063 4486 disputavimus,

468 4521 681 4570 constet
708 4510 792 4565 vel
825 4510 1013 4581 vulgus
1041 4507 1460 4564 christianorum
1507 4509 1576 4565 ita
1624 4510 1896 4565 extraneis
1941 4509 2064 4579 qui—

2168 3289 2443 3348 Rontanos
2470 3308 2566 3365 per
2590 3291 2949 3351 Clementium
2978 3294 3411 3367 bypodiaconum
3440 3298 3603 3353 missa
3637 3307 3763 3368 est;

2167 3386 2324 3456 cnjus
2354 3385 2687 3443 mentionem
2736 3386 2998 3459 habemus
3025 3388 3126 3460 Ep.
3161 3404 3240 3455 tn,
3271 3404 3344 3456 tv,
3376 3404 3465 3445 xv.
3520 3389 3773 3447 Secunda

2171 3478 2289 3535 htec
2332 3486 2416 3534 est
2441 3478 2509 3534 ad
2538 3479 2744 3535 clerum
2773 3495 3055 3535 romanum
3089 3495 3187 3551 per
3216 3481 3471 3536 Saturum
3502 3479 3771 3538 lectorem

2169 3571 2526 3642 Optatutnque
2552 3570 3003 3643 bypodiaconutn.
3039 3570 3279 3629 Meminit
3308 3572 3409 3627 hac
3437 3572 3551 3643 ipsa
3582 3573 3680 3643 Ep.
3714 3581 3775 3629 et

2164 3680 2315 3734 xxtx,
2342 3681 2510 3720 xxxn.
2545 3664 2747 3731 Tertia,
2775 3665 2843 3721 ad
2869 3666 3120 3723 eumdem
3147 3667 3349 3722 clerum
3381 3681 3478 3738 per
3497 3665 3771 3722 Fortuna-

2167 3768 2279 3815 tum
2311 3759 2740 3830 hypodiaConum
2768 3801 2782 3822 ,
2830 3758 2933 3830 Ep.
2976 3775 3105 3816 xxx.
3150 3759 3350 3827 Quarta
3392 3758 3674 3815 Novatiani
3697 3758 3773 3816 ad

2167 3850 2493 3924 Cyprianum
2525 3852 2592 3910 de
2617 3852 2959 3910 ordinatione
2984 3868 3080 3909 sua
3111 3868 3206 3925 per
3223 3852 3512 3909 Maximum
3544 3851 3772 3925 presby-

2169 3954 2377 4011 terum,
2428 3953 2485 4001 et
2525 3944 2845 4016 Augendum
2897 3943 3204 4012 diaconum,
3261 3943 3556 4001 Macbmum
3607 3945 3776 4002 etiam

2167 4036 2451 4109 quemdam
2482 4045 2642 4108 atque
2663 4037 2983 4109 Longinum,
3015 4040 3105 4110 qui
3135 4037 3290 4110 cujus
3314 4036 3520 4094 ordinis
3550 4037 3773 4106 fuerint,

2170 4147 2278 4188 non
2321 4139 2556 4199 constat,
2602 4132 2705 4204 Ep.
2734 4149 2844 4187 xu.
2877 4133 3075 4200 Quinta
3118 4131 3372 4205 Cypriani
3405 4148 3527 4189 cum
3558 4132 3776 4205 synodo

2169 4226 2235 4282 ad
2253 4226 2635 4297 explorandam
2657 4226 2897 4285 Cornelii
2913 4229 3310 4286 ordinationem
3335 4244 3430 4301 per
3448 4228 3777 4288 Caldonium

2170 4317 2631 4391 Fortunatnmque
2660 4320 2964 4392 episcopos,
2999 4321 3095 4393 Ep.
3126 4338 3239 4389 xu,
3286 4337 3418 4389 xui,
3450 4337 3577 4378 xcv.
3606 4320 3777 4379 Sexta

2168 4411 2424 4485 Cypriani
2445 4414 2690 4485 priVatitn
2712 4415 2780 4471 ad
2801 4415 3114 4472 Cornelium
3140 4431 3237 4487 per
3264 4414 3595 4473 Pritnitivum
3621 4432 3780 4487 pres-

2170 4507 2442 4579 byterum,
2490 4508 2592 4580 Ep.
2643 4525 2756 4566 xu.
2812 4510 3052 4582 Septima
3098 4510 3354 4581 Ejusdem
3396 4511 3463 4566 ad
3515 4510 3775 4568 eumdem

469 4605 656 4663 bnsvis
683 4604 969 4660 sanctitate
999 4602 1381 4673 prrecelluisse,
1405 4610 1465 4657 ut
1484 4612 1667 4658 essent
1691 4603 1904 4670 merito,
1925 4603 1967 4657 si
1997 4601 2063 4659 ad
2089 4606 2142 4671 D
2169 4616 2267 4672 per
2293 4601 2535 4659 Mettium
2576 4603 3030 4676 hypodiaconutn,
3092 4614 3148 4660 et
3194 4603 3554 4674 Nicephorum
3583 4604 3774 4677 acoly-

467 4699 589 4757 illos
606 4698 1003 4765 conferrentur,
1033 4713 1132 4769 pro
1156 4696 1526 4754 sacerdotibus
1552 4696 1803 4752 habendi.

545 4794 574 4866 §
605 4791 787 4849 11—
805 4790 1214 4848 Observandum
1248 4792 1488 4861 insuper,
1520 4806 1588 4846 ex
1611 4789 1800 4846 eodem
1828 4788 1931 4846 hoc
1955 4790 2066 4863 Cy-

470 4886 648 4959 priani
672 4886 813 4950 loco,
849 4884 1082 4942 lectores
1106 4885 1266 4941 etiam
1294 4894 1453 4956 alque
1477 4883 1878 4956 hypodiaconos
1904 4899 2069 4956 gene-

469 4979 574 5038 rali
597 4979 919 5036 clericorum
965 4977 1119 5033 titulo
1164 4977 1395 5049 censeri.
1429 4976 1484 5033 ld
1522 4992 1653 5034 sane
1702 4979 1895 5045 innuit,
1947 4994 2067 5035 cum

471 5091 568 5149 per
596 5075 826 5132 clericos
873 5072 939 5129 ad
981 5090 1259 5130 romanum
1300 5073 1504 5129 clerum
1553 5072 1896 5129 scribendum
1949 5088 2071 5130 esse

467 5172 620 5239 dicit,
649 5184 822 5241 eaque
843 5169 956 5239 ipsa
984 5167 1053 5223 de
1079 5183 1264 5235 causa,
1299 5168 1554 5223 lectorem
1582 5165 1752 5222 fuisse
1788 5167 2069 5233 Saturum,

470 5264 904 5339 ltypodiaconum
929 5276 1059 5318 vero
1085 5262 1340 5331 Optatum
1368 5277 1398 5315 a
1426 5241 1485 5316 se
1497 5259 1869 5315 constitutum.
1896 5258 2071 5317 Simili

470 5362 721 5433 exemplo
748 5357 1057 5414 Feliciantts
1082 5356 1362 5429 acolythus
1379 5354 1608 5411 clericus
1632 5355 1831 5412 dicitur
1848 5355 1946 5426 Ep.
1977 5371 2066 5411 ιν.

471 5455 622 5523 Qttod
651 5453 908 5511 etiamad
951 5454 1182 5509 lectores
1207 5452 1420 5518 attinet,
1472 5451 1560 5521 qui
1611 5458 1788 5505 tamen
1843 5450 2069 5506 inferior

470 5557 589 5606 erat
616 5547 1046 5620 hypodiaconatu
1075 5543 1295 5616 gradus,
1326 5552 1536 5600 constat
1568 5543 1707 5597 idem
1732 5558 1799 5599 ex
1824 5542 2067 5615 ejusdem

471 5639 716 5713 epistolis
742 5639 810 5695 de
856 5637 1076 5695 Aurelio
1104 5646 1160 5693 et
1199 5636 1449 5691 Celerino
1490 5636 1558 5690 ad
1589 5634 1851 5692 honorem
1906 5635 2072 5693 lecto-

470 5742 618 5789 ratus
642 5747 673 5787 a
698 5748 759 5788 se
786 5729 1075 5803 provectis.
1095 5730 1170 5786 De
1189 5728 1411 5787 Aurelio
1428 5728 1499 5785 ita
1513 5728 1722 5794 scribit,
1754 5729 2070 5802 Ep.xxxm:

477 5845 498 5886 ι
520 5825 589 5886 In
609 5824 1039 5888 ordinationibus
1066 5825 1299 5896 clericis,
1343 5824 1535 5884 fratres
1555 5821 1882 5895 charissimi,
1929 5824 2067 5882 sole-

2171 4698 2343 4765 tbum,
2380 4697 2481 4769 Ep.
2531 4713 2661 4765 χιιι,
2716 4714 2867 4764 χιιιι,
2894 4715 3038 4757 thv.
3069 4697 3268 4755 Octava
3296 4696 3533 4755 Cornelii
3559 4699 3626 4754 ad
3667 4697 3777 4772 Cy-

2158 4792 2419 4873 prianum
2469 4806 2563 4862 per
2609 4793 2925 4863 Augendum
2971 4791 3380 4861 confessorem,
3425 4790 3525 4864 Ep.
3578 4808 3771 4850 xum.

2173 4886 2342 4955 Quem
2393 4897 2569 4943 tamen
2617 4887 2706 4945 ille
2736 4889 2911 4944 locum
2959 4888 3012 4945 in
3064 4889 3307 4945 Ecclesia
3338 4888 3635 4945 obtinuerit
3658 4903 3775 4946 non

2176 4980 2364 5052 liquet.
2396 4978 2547 5035 Nona
2600 4982 2891 5037 Antoniani
2920 4980 2988 5037 ad
3014 4981 3341 5053 Cyprianum
3392 4997 3487 5052 per
3511 4981 3775 5049 Quintum

2176 5073 2574 5145 presbyterum,
2612 5075 2708 5145 Ep.
2752 5090 2843 5131 ιιι.
2901 5074 3114 5132 Decima
3155 5075 3391 5133 Cornelii
3436 5076 3501 5130 ad
3545 5074 3775 5148 Cyprias

2177 5183 2303 5223 num
2330 5184 2424 5239 per
2445 5170 2697 5224 Saturum
2724 5170 3056 5242 acolythum,
3084 5170 3183 5243 Ep.
3241 5187 3328 5227 LV.
3355 5169 3647 5227 Undecima
3674 5167 3778 5241 Cy-

2176 5259 2351 5331 priani
2379 5258 2443 5314 ad
2472 5258 2783 5316 Cornelium
2814 5277 2909 5332 per
2938 5261 3267 5319 Feliciannm
3299 5262 3629 5335 acolytltum.
3662 5259 3773 5333 Ep.

2177 5352 2298 5408 ead.
2350 5353 2676 5410 Duodecimn
2723 5354 3000 5428 Pomponii
3043 5355 3281 5427 epiScopi
3329 5355 3396 5410 ad
3441 5354 3773 5427 Cyprianum

2172 5462 2295 5504 cum
2321 5448 2529 5522 synodo
2555 5465 2649 5521 per
2677 5450 2964 5509 Paconium
2994 5452 3235 5517 fratrem,
3267 5450 3367 5521 Ep.
3396 5466 3525 5517 tht;
3553 5448 3647 5505 sed
3671 5463 3779 5505 nec

2173 5543 2290 5613 ejus
2319 5542 2551 5614 dignitas
2579 5555 2930 5602 memoratur.
2964 5543 3141 5600 Tertia
3173 5543 3379 5601 decima
3408 5542 3779 5599 Ecclesiarum

2176 5639 2539 5695 Asturicensis
2562 5648 2617 5697 et
2644 5640 2995 5698 Emeritensis
3026 5656 3119 5711 per
3159 5640 3444 5712 episcopos
3469 5652 3597 5694 suos
3627 5634 3778 5691 Feli-

2174 5746 2294 5789 cem
2320 5743 2374 5789 et
2406 5732 2688 5802 Sabinutn,
2720 5732 2893 5805 Epist.
2950 5750 3133 5792 vant.
3181 5734 3235 5790 in
3282 5748 3345 5790 ea
3383 5747 3543 5789 causa
3576 5745 3678 5803 qua
3704 5726 3779 5784 de

2180 5826 2298 5899 ipso
2327 5827 2498 5886 fuerat
2539 5827 2851 5902 episcopatu
2881 5828 3259 5902 disceptatum.
3300 5826 3585 5902 Subrogati
3626 5820 3776 5885 enim
