3994 6318
216 257 272 313 «ΙΙ
1253 270 1264 284 ⁸
1326 257 1416 314 DE
1441 256 1916 317 PRESBYTERIS
1953 257 2400 318 DOCTURIBUS.
3448 267 3520 328 £2

213 380 362 429 erant
403 368 458 424 hi
495 369 546 424 in
588 367 738 425 locos
783 367 1047 426 Martialis
1091 375 1147 425 et
1175 367 1426 426 Basilidis
1456 371 1806 428 Libellatico-
1836 379 1888 440 Α
1914 374 2170 440 obierint,
2213 372 2415 429 factum
2447 371 2498 429 id
2525 387 2634 429 non
2656 381 2742 431 est
2770 373 2872 430 nisi
2901 373 3198 442 rarissime,
3233 378 3521 452 causisque

211 485 346 531 rum.
381 468 583 538 Quarta
614 466 820 525 decima
847 487 860 522 :
887 467 1070 536 Quinti
1101 466 1352 538 Episcopi
1379 467 1712 523 Mauritaniae
1741 468 1809 524 ad

212 562 534 636 Cyprianum
565 563 848 633 primatem
889 577 984 633 per
1013 561 1310 617 Lucianum
1359 562 1494 618 forte
1523 563 1810 634 presbyte-

210 673 345 721 rum,
376 656 482 729 Ep.
507 673 651 712 Lxxt.
677 656 872 727 Quinta
896 656 1106 712 decima
1131 674 1144 711 :
1174 655 1452 728 Cypriani,
1485 657 1578 712 sed
1624 659 1808 724 totius,

209 761 264 808 ut
289 752 508 809 videtur
529 794 545 818 ,
594 752 852 808 Ecclesiae
876 751 1126 808 africanae
1157 751 1375 808 nomine
1399 793 1414 816 ,
1445 751 1511 807 ad
1541 750 1814 807 Firmilia-

209 862 332 905 num
360 843 719 917 Cappadociae
747 844 1086 916 primarium,
1122 853 1181 899 ut
1207 844 1443 908 videtur,
1472 844 1809 916 episcopum,

210 954 301 1011 per
317 937 680 1009 Rogatianum
701 936 1012 1000 diaconum,
1043 936 1142 1007 Ep.
1173 952 1332 992 Lxxv.
1366 935 1535 992 Sexta
1565 935 1810 992 decima:

211 1029 447 1089 Tandem
474 1029 779 1102 eademque
805 1029 991 1086 ultima
1037 1028 1293 1102 Cypriani
1339 1029 1510 1100 ipsius
1555 1029 1607 1084 in
1651 1028 1815 1085 exilio

207 1124 308 1197 jam
337 1124 629 1181 constituti
655 1124 724 1180 ad
773 1124 1011 1196 collegas
1033 1123 1220 1180 itidem
1244 1123 1532 1195 episcOpos
1561 1121 1814 1178 eosdem-

212 1235 306 1294 que
336 1221 391 1274 in
428 1219 665 1274 metallis
695 1228 979 1274 versantes
1001 1259 1018 1286 ,
1053 1232 1148 1289 per
1177 1215 1477 1272 Victorium
1512 1214 1813 1272 Herennia-

213 1329 328 1369 nunt
381 1311 846 1384 hypodiaconum,
888 1310 1187 1379 Lucanum,
1215 1309 1504 1366 Maximum
1528 1318 1583 1366 et
1611 1311 1816 1364 Aman-

215 1408 334 1461 tium
363 1404 678 1478 acolythos,
702 1404 805 1476 Ep.
836 1419 1063 1471 Lxxvnt,
1091 1419 1272 1471 Lxxtx,
1302 1419 1468 1459 Lxxx.

282 1499 308 1571 ᾗ
335 1499 427 1554 ﬂ.
455 1496 701 1553 Notanda
727 1508 906 1554 autem
936 1497 1024 1552 illa
1051 1497 1302 1568 Cypriani
1320 1497 1516 1554 verba:
1546 1515 1564 1548 ι
1593 1495 1660 1551 Ει
1685 1510 1820 1567 quo-

215 1592 348 1648 niam
366 1592 617 1663 oportuit
636 1606 723 1648 me
743 1606 840 1663 per
864 1591 1096 1647 clericos
1121 1591 1388 1658 scribere,
1419 1609 1438 1643 ι
1460 1599 1567 1647 etc.
1595 1589 1675 1644 Ex
1702 1589 1820 1660 qui-

211 1684 305 1742 bus
328 1692 567 1752 constat,
594 1699 694 1756 pro
719 1685 903 1742 saeculi
934 1684 1080 1740 illius
1109 1701 1293 1752 more,
1325 1685 1622 1756 legationes
1645 1682 1820 1740 eccle-

1913 469 2116 540 alioqui
2142 467 2497 540 gravissimis.
2532 468 2589 524 ln
2614 469 2882 541 legatione
2907 469 3068 526 tertia
3089 470 3320 539 decima,
3357 487 3521 528 causa

1914 561 2202 617 manifesta
2234 571 2339 617 est.
2390 562 2446 616 In
2476 561 2662 632 quinta
2691 563 2852 616 etiam
2887 561 3076 618 facilis.
3113 563 3244 618 Erat
3265 565 3406 619 enim
3439 563 3522 619 in—

1917 665 2000 712 ter
2025 657 2310 726 episcOpos
2361 655 2772 726 disceptaudmn
2801 656 3114 715 Cornelium
3150 670 3310 730 atque
3341 658 3523 715 Nova-

1917 749 2142 803 tianum.
2177 748 2307 804 Erat
2347 749 2510 804 etiam
2537 749 2605 804 de
2633 749 2828 806 litteris
2866 749 3111 806 formatis
3155 753 3207 806 in
3244 760 3522 824 posterum

1915 839 2110 896 dandis
2154 842 2482 907 cavendum,
2516 857 2744 913 quarum
2774 859 2936 900 omne
2962 847 3344 902 commercium
3388 845 3529 901 inter

1916 931 2053 988 alios
2103 946 2209 987 non
2263 941 2384 988 erat
2428 948 2588 1003 quam
2636 934 2942 1005 episcopos.
2990 935 3130 1004 Quid
3158 936 3301 1007 quod
3330 936 3524 1009 synodi

1916 1023 2173 1080 africana:
2201 1025 2365 1080 etiam
2408 1026 2586 1081 missae
2627 1037 2774 1094 sunt,
2807 1037 2861 1083 et
2888 1027 2953 1083 ad
2985 1030 3274 1100 synodum,
3308 1031 3527 1101 provin-

1917 1119 2015 1176 ciae
2047 1119 2303 1174 nimirum
2349 1120 2659 1192 episcopos,
2706 1120 2775 1177 ad
2805 1138 2940 1192 quos
2980 1124 3259 1194 spectabat
3287 1124 3527 1196 episcopi

1918 1211 2128 1267 romani
2159 1212 2451 1269 ordinatio.
2479 1213 2683 1286 Synodi
2711 1215 2855 1270 enim
2883 1218 3124 1283 nomine,
3171 1219 3244 1272 uti
3290 1233 3317 1270 a
3350 1219 3526 1289 genti-

1919 1304 2050 1359 lium
2081 1320 2181 1360 usu
2213 1305 2278 1362 ad
2307 1305 2640 1363 christianos
2673 1310 2965 1375 emanavit,
2997 1309 3335 1364 sacerdotum
3358 1310 3527 1365 colle-

1918 1398 2004 1468 gia
2053 1414 2282 1470 quaeque
2328 1399 2444 1454 sive
2494 1387 2862 1456 fraternitates
2908 1401 3269 1472 appellantur,
3315 1402 3428 1457 sive
3475 1401 3530 1457 in

1920 1493 2277 1550 conventibus
2304 1534 2318 1558 ,
2361 1493 2482 1550 sive
2528 1497 2691 1550 etiam
2733 1494 2952 1566 singuli.
2988 1494 3098 1551 Nec
3127 1495 3325 1551 desunt
3367 1495 3529 1552 etiam

1920 1588 2062 1659 apud
2095 1589 2392 1645 Ecclesiam
2435 1589 2594 1660 hujus
2639 1589 3047 1662 significationis
3093 1590 3374 1662 exempla,
3405 1590 3450 1646 si
3477 1589 3532 1646 id

1923 1682 2394 1753 inpraesentiarum
2426 1697 2667 1756 agerem.

212 1781 456 1840 siasticas
515 1796 624 1836 non
671 1781 793 1836 aliis
831 1795 992 1849 qnam
1033 1779 1246 1836 clericis
1277 1777 1445 1835 fuisse
1489 1775 1813 1834 credendas.
1845 1785 1893 1846 Β
1996 1775 2024 1849 §
2061 1777 2256 1835 15.1ta
2283 1779 2500 1851 quidem
2543 1794 2602 1835 se
2629 1795 2716 1835 res
2747 1778 2933 1835 habuit
2957 1779 3216 1852 legatoria
3243 1788 3401 1836 mtate
3424 1779 3533 1852 Cy-

212 1873 263 1934 Id
293 1874 502 1931 factum
533 1872 772 1930 fortasse
804 1883 1089 1946 prapterea
1114 1888 1221 1944 quo
1246 1872 1420 1942 major
1447 1871 1583 1930 fides
1615 1871 1820 1927 nuntiis

213 1966 347 2022 ultro
401 1967 654 2038 citroque
702 1967 1004 2023 referendis
1049 1966 1357 2024 accederet.
1403 1964 1461 2021 1d
1509 1964 1633 2020 tulit
1672 1974 1822 2020 certe

213 2063 496 2135 aegerrime
527 2061 831 2134 Cyprianus
875 2077 997 2118 cum
1050 2061 1150 2132 Ep.
1201 2077 1258 2116 ιιι
1296 2061 1428 2117 cleri
1458 2059 1669 2116 romani
1702 2073 1823 2114 sus-

214 2163 429 2230 pectam
459 2155 722 2223 haberet,
752 2155 998 2212 laborare
1026 2156 1096 2210 ita
1124 2154 1367 2226 epistola:
1395 2153 1608 2211 clericae
1635 2152 1817 2220 fidem,

214 2265 283 2306 ne
313 2247 599 2305 mendacio
626 2247 856 2305 fortasse
883 2248 1064 2320 aliquo
1091 2257 1147 2305 et
1171 2245 1361 2303 fraude
1381 2255 1638 2317 corrupta
1654 2251 1820 2300 esset.

213 2343 337 2402 Scio
366 2344 621 2416 equidem
669 2343 956 2415 epistolam
1003 2343 1257 2400 clericam
1293 2349 1401 2397 tam
1434 2337 1618 2395 vocari
1663 2350 1826 2409 posse

215 2441 364 2499 illam
397 2455 519 2513 quae
567 2455 597 2495 a
649 2438 797 2495 clero
825 2453 1053 2494 romano
1101 2436 1304 2507 scripta
1351 2441 1499 2490 esset
1541 2429 1670 2504 (Ep.
1701 2430 1824 2500 ιν),

215 2552 375 2610 quam
407 2551 530 2608 qua:
556 2533 858 2591 Clementio
897 2530 1294 2606 hypodiacono,
1329 2528 1429 2599 ipsi
1471 2538 1687 2598 quoque
1717 2522 1831 2579 cle-

215 2629 351 2698 rico,
381 2627 564 2700 legato
596 2627 812 2682 tradita.
841 2624 950 2682 Sed
977 2639 1106 2681 vero
1134 2623 1307 2678 nuntii
1331 2620 1436 2677 hoc
1459 2620 1512 2676 in
1537 2620 1660 2675 loco
1694 2617 1830 2673 ﬁdes

216 2722 382 2780 solius
409 2763 426 2790 ,
463 2736 571 2778 non
595 2721 724 2777 item
755 2720 848 2777 illa
877 2719 1229 2776 scribentium
1252 2758 1266 2782 ,
1301 2717 1354 2772 in
1383 2713 1608 2772 dubium
1638 2720 1829 2769 vocata

218 2827 320 2874 est.
351 2817 498 2888 Ergo
523 2815 707 2872 clerici
741 2825 896 2873 erant
943 2813 1022 2869 illi
1062 2827 1276 2886 quoque
1299 2809 1460 2882 legati
1505 2809 1572 2866 de
1599 2820 1829 2881 quorum

218 2914 480 2987 dignitate
506 2913 663 2970 aliter
687 2927 794 2968 non
825 2919 1057 2967 constat.
1089 2909 1155 2964 Et
1178 2905 1445 2980 acolythi,
1471 2914 1524 2961 et
1552 2905 1598 2960 si
1619 2903 1710 2976 qui
1741 2901 1833 2957 alii

221 3009 547 3066 inferiorum
576 3007 830 3064 ordinum
860 3003 1117 3070 ministri,
1148 3001 1447 3072 legationes
1471 2997 1730 3062 obierint,
1761 2994 1829 3050 il-

219 3101 302 3158 los
329 3117 552 3174 quoque
577 3101 720 3158 inter
747 3098 1000 3163 clericos,
1030 3096 1134 3152 hoc
1161 3094 1280 3165 ipso
1306 3093 1467 3150 etiam
1489 3097 1832 3163 argumento,

1924 1869 2120 1941 priani.
2153 1871 2326 1927 Erant
2376 1872 2546 1928 etiam
2593 1873 2870 1928 nonnullae
2905 1872 3176 1945 Cypriano
3205 1874 3536 1946 antiquiores

1925 1964 2225 2035 legationes
2251 1965 2320 2020 ad
2352 1967 2598 2022 eamdem
2623 1967 2852 2022 formam
2879 1983 3181 2038 expressae.
3209 1967 3442 2039 Legatus
3470 1965 3540 2023 ab

1927 2061 2239 2118 Alexandro
2287 2061 2781 2133 llierosolymitano
2828 2061 3068 2116 antistite
3117 2060 3357 2134 (Euseb.,
3388 2060 3532 2115 Hist.

1926 2155 2078 2221 εδει..
2110 2171 2184 2221 vr,
2218 2153 2307 2225 ff)
2349 2153 2549 2209 missus
2588 2163 2668 2209 est
2703 2152 2964 2208 Ecclesia:
2991 2152 3343 2208 Antiochense
3371 2154 3535 2208 totius

1927 2247 2102 2321 Syriae
2127 2248 2396 2319 primaria:
2428 2247 2538 2319 (cui
2561 2256 2615 2304 et
2640 2245 2826 2302 Judaea
2854 2246 3112 2302 attributa
3139 2245 3244 2317 est)
3277 2246 3538 2302 Clemens

1929 2344 2334 2402 Alexandrinus
2379 2344 2697 2416 presbyter,
2742 2342 2837 2397 sed
2864 2341 3034 2398 solus.
3066 2341 3233 2397 Plane
3259 2339 3328 2395 ad
3356 2355 3543 2396 exem-

1931 2441 2076 2514 plum
2118 2437 2400 2510 legationis
2427 2447 2636 2510 quartae
2666 2436 2915 2492 decimas.
2961 2434 3194 2507 Legatus
3240 2443 3360 2490 erat
3388 2448 3538 2490 mar-

1932 2542 2108 2606 tyrum
2177 2531 2593 2602 lugdunensium
2626 2528 3110 2599 viennensimnque
3159 2526 3226 2581 ad
3277 2525 3538 2582 Eleuthe-

1932 2641 2052 2682 rum
2099 2639 2382 2680 romanum
2428 2623 2738 2694 pontificem
2788 2620 3075 2693 presbyter
3127 2619 3363 2676 fremens
3416 2619 3542 2690 (nec

1935 2717 2080 2774 enim
2111 2727 2196 2773 est
2239 2715 2381 2788 quod
2409 2716 2728 2788 episcopum
2758 2714 2911 2769 illum
2937 2724 3064 2769 tunc
3096 2713 3359 2784 temporis
3383 2711 3545 2767 faciat

1935 2809 2273 2880 Blondellus)
2293 2810 2408 2881 ipse
2424 2808 2608 2864 itidem
2625 2808 2770 2863 solus
2794 2805 3031 2877 (Euseb.,
3053 2805 3190 2860 Hist.
3208 2806 3355 2871 eccf.,
3382 2820 3436 2870 v,
3457 2805 3536 2873 4).

1937 2906 2176 2961 Aliarum
2210 2903 2557 2975 legationum,
2592 2911 2650 2957 ut
2677 2911 2827 2974 puto,
2859 2916 2964 2956 non
3000 2899 3266 2956 habemus
3289 2898 3542 2970 exempla

1937 3014 2110 3070 usque
2126 2998 2191 3053 ad
2212 3007 2454 3067 tempora
2479 2993 2762 3069 Polycarpi
2779 2991 3312 3065 atquelgnatii(i’id.
3340 2989 3544 3058 Vales,

1941 3093 2069 3149 Not.
2101 3094 2156 3148 in
2185 3093 2355 3148 locum
2388 3089 2638 3160 Eusebii).
2687 3088 2800 3144 Illae
2830 3087 3012 3159 itaque
3053 3094 3113 3141 ut
3139 3101 3197 3142 se
3225 3083 3546 3150 habuerint,

222 3206 543 3255 numeratos
592 3195 761 3253 fuisse
801 3207 1025 3250 necesse
1070 3199 1173 3248 est.
1206 3188 1434 3246 Notctur
1475 3187 1636 3243 etiam
1666 3184 1835 3256 pluri-
1860 3186 1908 3252 C
1939 3201 2039 3258 age
2063 3184 2444 3254 despiciamus.

221 3307 341 3350 mas
392 3289 698 3364 legationes
746 3287 958 3345 duobus
1006 3283 1198 3357 legatis
1251 3280 1422 3337 fuisse
1475 3278 1834 3345 commissas,

224 3387 536 3460 praesertim
595 3382 1013 3441 transmarinas.
1069 3377 1226 3448 Quod
1298 3375 1443 3433 enim
1501 3372 1838 3430 Novatianus

223 3490 462 3551 quatuor
509 3476 746 3545 miserit,
793 3474 848 3532 id
894 3470 1290 3530 benevolentiae
1338 3466 1621 3540 captanda:
1666 3465 1840 3537 gratia

226 3574 429 3633 factum
453 3587 578 3631 esse
600 3569 883 3644 probabile
907 3577 1012 3625 est.
1043 3565 1189 3622 ldem
1219 3565 1450 3621 fortasse
1477 3560 1546 3618 de
1571 3559 1842 3632 legatione

227 3669 292 3725 ad
315 3676 618 3738 .martyras
659 3660 1002 3718 statuendum
1027 3700 1042 3727 ,
1075 3664 1306 3729 quatuor
1337 3654 1462 3710 illos
1497 3653 1708 3724 legatos
1755 3649 1839 3706 vel

231 3763 282 3820 in
335 3771 639 3834 martyrum
670 3758 934 3816 honorem
965 3769 1088 3812 esse
1113 3752 1334 3820 missos,
1383 3749 1472 3805 vel
1503 3747 1648 3819 quod
1677 3745 1843 3802 variis

233 3856 282 3914 in
313 3857 455 3914 locis
502 3863 771 3925 martyres
817 3847 1096 3906 constituti
1125 3852 1350 3910 essent,
1396 3841 1482 3897 vel
1526 3854 1633 3912 quo
1666 3839 1846 3910 plures

231 3949 492 4007 adessent
519 3946 644 4003 fidei
678 3953 845 4002 testes
887 3943 941 3999 in
982 3939 1244 3998 Ecclesiae
1272 3934 1637 4008 eleemosynis
1659 3933 1846 3990 distri-

234 4043 490 4102 buendis.
522 4041 696 4098 Erant
721 4037 888 4104 enim,
919 4036 973 4093 in
996 4036 1088 4093 illa
1115 4035 1278 4092 etiam
1310 4040 1491 4100 actate,
1521 4029 1722 4099 alioqui
1752 4043 1849 4084 au-

230 4153 324 4198 rea
339 4179 355 4205 ,
376 4135 541 4194 malae
565 4133 687 4190 fidei
704 4131 954 4203 exempla
969 4131 1022 4186 in
1041 4145 1102 4186 re
1123 4126 1455 4200 pecuniaria.
1480 4123 1629 4180 Talis
1651 4123 1844 4190 fuerat,

235 4231 287 4288 in
319 4231 441 4301 ipsa
481 4226 648 4284 etiam
675 4223 926 4282 Ecclesia
967 4222 1205 4278 africana
1256 4220 1542 4292 presbyter
1586 4216 1846 4283 Novatus,

237 4323 345 4396 Ep.
373 4339 524 4382 χιιι.
575 4319 724 4377 Talis
766 4317 1168 4384 Felicissimus,
1194 4315 1295 4386 Ep.
1324 4327 1548 4369 xxxvtn.
1578 4310 1724 4367 Talis
1750 4307 1850 4388 de.

241 4418 408 4491 nique
433 4415 583 4488 (quis
606 4412 926 4482 crederet!)
977 4409 1322 4466 Nicostratus
1361 4406 1480 4479 ipse
1508 4404 1771 4460 diaconus
1799 4409 1854 4457 et

238 4513 549 4578 confessor,
579 4508 682 4580 Ep.
713 4522 899 4572 xnvm,
922 4521 1075 4562 xux.
1109 4502 1167 4559 Id
1193 4501 1355 4558 etiam
1383 4497 1854 4556 animadversione

2015 3280 2043 3352 §
2100 3278 2189 3334 16.
2222 3278 2290 3333 Et
2317 3275 2532 3348 quidem
2573 3272 2800 3346 epistola
2835 3271 3090 3327 Ecclesiae
3120 3269 3448 3342 smyrnensis
3477 3267 3548 3324 ad

1940 3370 2397 3428 Philomelienses
2421 3369 2490 3424 de
2513 3365 2769 3438 martyrio
2797 3363 3102 3436 Polycarpi,
3127 3363 3326 3434 scripta
3347 3370 3432 3418 est
3452 3376 3549 3433 per

1942 3465 2178 3522 Marcum
2195 3461 2479 3536 quemdam
2499 3461 2745 3526 fratrem,
2771 3458 2834 3514 ad
2860 3457 3087 3514 formam
3111 3458 3394 3528 legationis
3409 3456 3550 3512 duo-

1944 3561 2168 3619 decimae
2185 3575 2342 3630 quem
2362 3559 2560 3614 latinus
2576 3565 2732 3614 vetus
2749 3555 3017 3626 interpres
3031 3552 3352 3608 Martiannm
3371 3549 3551 3622 appel-

1945 3656 2040 3723 lat,
2060 3655 2129 3711 de
2147 3653 2302 3723 cuius
2325 3653 2378 3708 in
2402 3650 2648 3707 Ecclesia
2679 3649 2802 3704 loco
2831 3647 2961 3702 nihil
2989 3654 3222 3701 constat.
3252 3645 3353 3699 Par
3378 3653 3462 3699 est
3481 3642 3552 3698 de

1946 3750 2254 3808 Crescentis
2283 3748 2404 3804 loco
2425 3745 2720 3810 silentium,
2741 3757 2850 3814 quo
2882 3741 3071 3797 nuntio
3101 3756 3227 3796 usus
3255 3748 3339 3795 est
3361 3739 3411 3793 in
3436 3737 3550 3805 illa,

1947 3859 2109 3917 quam
2137 3841 2203 3898 ad
2235 3841 2613 3912 Philippenses
2655 3836 2841 3901 dedit,
2875 3834 3116 3906 Epistula
3148 3835 3266 3904 ipse
3295 3833 3554 3905 Polycar-

1949 3953 2070 4008 pus.
2092 3936 2349 4008 Epistolaa
2370 3931 2562 4004 lgnatii
2585 3929 2717 4005 (Ep.
2736 3931 2806 3984 ad
2829 3928 3042 4000 Smyrn.
3062 3971 3076 3995 ,
3100 3926 3129 3999 ᾗ
3150 3927 3237 3991 12;
3261 3927 3332 3980 ad
3352 3925 3554 3998 Ephes.

1953 4030 2127 4104 διε).
2177 4029 2243 4086 ad
2295 4029 2644 4100 Smyrnaeos,
2700 4022 2987 4095 Ephesios,
3037 4020 3552 4092 Philadelphienses,

1951 4122 2165 4178 Burrho
2213 4121 2482 4186 diacono,
2538 4116 2636 4173 sed
2681 4116 2771 4187 qui
2827 4113 3098 4172 communi
3152 4113 3553 4184 Smyrnaeorum

1952 4215 2420 4287 Ephesiorumque
2446 4210 2668 4267 nomine
2693 4207 2760 4262 ad
2789 4206 2939 4262 illum
2971 4205 3166 4260 missus
3191 4204 3398 4272 fuerat,
3444 4214 3556 4260 tra-

1954 4310 2082 4367 dita:
2104 4307 2372 4364 videntur.
2399 4304 2642 4374 Reliquae
2661 4301 2746 4356 cui
2776 4296 2988 4354 traditae
3015 4299 3156 4363 sint,
3185 4311 3291 4352 non
3312 4303 3555 4362 constat;

1956 4403 2052 4462 sed
2077 4401 2288 4459 Burrho
2315 4400 2479 4456 etiam
2508 4395 2752 4462 traditas,
2790 4401 2876 4449 est
2897 4407 3028 4448 sane
3054 4390 3344 4447 admodum
3369 4389 3558 4446 verisi-

1956 4498 2109 4555 mile.
2139 4493 2387 4553 Notauda
2427 4492 2571 4550 enim
2599 4488 2795 4560 Ignatii
2823 4488 2986 4542 verba
3030 4485 3082 4540 in
3117 4484 3218 4556 Ep.
3250 4483 3317 4539 ad
3372 4484 3559 4556 Smyr—

241 4607 492 4681 dignum,
534 4577 864 4677 praicipuum
916 4599 1236 4673 plerumque
1264 4596 1563 4666 legatorum
1596 4590 1828 4664 hypndia

1957 4605 2128 4660 nanos,
2157 4588 2209 4646 ὃν
2227 4588 2560 4646 ἀπεστείλατε
2588 4583 2696 4656 μετ’
2721 4584 2868 4654 ἐμοῦ.
2890 4578 3008 4635 Non
3033 4579 3191 4650 igitur
3208 4577 3274 4633 ad
3299 4577 3559 4650 lgnatium

242 4671 450 4759 co'num
479 4671 669 4764 fuisse,
703 4671 820 4753 vnec
867 4671 990 4752 eum
1022 4693 1246 4763 gradum
1287 4687 1609 4744 excessisse.
1643 4683 1722 4740 Ita
1754 4682 1828 4739 fui

1957 4687 2274 4751 dumtaxat,
2303 4683 2400 4740 sed
2425 4697 2550 4737 cum
2575 4694 2642 4734 eo
2670 4677 2870 4732 missus
2897 4684 2978 4730 est
3005 4671 3248 4728 Burrhus
3272 4671 3422 4742 (l’id.
3457 4671 3562 4741 Ep.

245 4796 300 4854 iu
329 4793 628 4868 legatione,
658 4791 853 4862 prima,
883 4789 1142 4855 secunda,
1188 4784 1345 4843 tertia
1365 4823 1380 4850 ,
1421 4782 1672 4852 septima,
1706 4789 1859 4835 sexta
1959 4781 2027 4835 ad
2046 4777 2260 4853 Ephes.,
2282 4775 2410 4848 δε),
2435 4784 2621 4829 comes
2649 4767 2862 4823 itineris
2877 4765 3112 4868 futurus,
3135 4771 3462 4868 nupti-usque
3485 4764 3565 4868 le-

248 4855 486 4946 decima.
539 4855 696 4954 Quod
736 4884 783 4940 si
833 4881 1124 4954 aliquando
1168 4878 1419 4949 superior
1473 4875 1740 4947 quispiam
1795 4873 1864 4928 sit
1963 4871 2270 4946 gationibus
2300 4863 2589 4924 obeundis.
2620 4860 2739 4954 Quo
2768 4858 2986 4954 nomine
3007 4856 3166 4912 etiam
3196 4855 3460 4954 Ephesios
3505 4855 3569 4910 il-

1966 4954 2048 5021 los
2074 4963 2207 5019 alios
2234 4958 2362 5031 (Ep.
2387 4958 2457 5013 ad
2484 4955 2663 5020 Rom.,
2710 4951 2739 5024 §
2781 4948 2871 5020 10)
2890 4991 2903 5015 ,
2938 4948 3199 5015 Crocum,
3229 4947 3562 5014 Onesimum,

1967 5058 2198 5131 Euplum
2227 5064 2387 5125 atque
2414 5049 2746 5104 Frontonem
2767 5085 2784 5110 ,
2818 5043 3011 5097 missos
3057 5050 3217 5110 puto,
3249 5049 3407 5111 atque
3431 5039 3568 5096 adeo

1970 5166 2079 5208 non
2106 5149 2240 5204 alios
2275 5159 2434 5217 quam
2478 5140 2600 5197 illos
2645 5135 2935 5209 pertulisse
2961 5133 3245 5204 epistolam
3277 5131 3343 5187 ad
3371 5131 3568 5186 Roma-

1972 5260 2092 5303 nos.
2124 5240 2328 5298 Eodem
2356 5248 2581 5292 munere
2602 5230 2818 5287 funcms
2833 5239 2916 5282 εει
2934 5226 3087 5282 Philo
3109 5226 3270 5281 etiam
3289 5224 3569 5289 diaconus,

251 4985 475 5045 missus.
507 4979 561 5036 id
591 4988 718 5035 tunc
745 4976 1060 5048 plerumque
1107 4972 1333 5043 contigit
1373 4985 1494 5027 cum
1524 4969 1716 5024 unicus
1742 4964 1866 5021 mit-

255 5086 504 5144 teretur,
541 5083 602 5129 ut
629 5071 839 5130 numeri
880 5070 1149 5128 defectum
1203 5068 1274 5122 ita
1314 5079 1565 5139 persona:
1606 5061 1866 5135 dignitate

255 5176 703 5243 compensarent.
720 5165 794 5222 Ita
822 5168 876 5223 in
910 5165 1200 5235 legatione,
1224 5167 1612 5230 nona,'quarta
1633 5154 1865 5220 decima,

256 5265 446 5338 quinta
469 5263 704 5319 decima.
729 5259 884 5330 Quod
906 5257 1065 5314 aliter
1085 5254 1417 5328 singulorum
1437 5250 1675 5317 nomina,
1706 5247 1867 5304 etiam
1972 5260 2092 5303 nos.
2125 5247 2248 5324 Eodi

261 5315 796 5422 illi-ferhmisvordiuis',
829 5351 1145 5418 habeamus,
1173 5315 1295 5405 “non
1336 5357 1421 5404 est
1452 5355 1630 5402 tamen
1658 5315 1867 5399 certum
1973 5336 2112 5394 Cilix
2138 5319 2267 5407 (Ep.
2293 5331 2358 5386 ad
2387 5321 2768 5422 Philadelp.,.§
2797 5322 2908 5422 fl):
2932 5318 3044 5422 Sed.
3071 5333 3170 5373 nec
3199 5316 3416 5422 hiaconi
3443 5315 3571 5422 soli,

263 5451 510 5522 singulos
538 5407 820 5504 dumtaxat
846 5445 1011 5501 fuisse
1042 5407 1256 5499 missos.
1289 5441 1436 5498 Idem
1465 5439 1720 5504 obtinuit,
1759 5450 1868 5492 non
1971 5429 2064 5488 alii
2093 5429 2254 5485 etiam
2284 5419 2528 5522 diacpnis
2553 5410 3182 5522 supIerioresllegatLiiines
3210 5418 3386 5522 tamen
3418 5407 3576 5512 obieo

268 5547 326 5604 in
355 5500 715 5618 legationibus
763 5500 924 5599 modo
971 5535 1376 5602 transmarinis,
1435 5532 1531 5590 sed
1584 5541 1640 5588 et
1686 5500 1741 5585 in
1769 5526 1873 5583 illis
1969 5531 2103 5583 runt
2131 5530 2378 5590 tempore
2407 5510 2618 5618 lgqatii.
2643 5501 3272 5618 lionocabantSarictum
3301 5500 3574 5606 (inquiunt

267 5591 488 5716 quoqnue
523 5658 648 5715 quae
696 5637 1105 5714 provincialium
1151 5642 1335 5692 essent
1363 5631 1755 5704 Episcoporum
1805 5625 1876 5682 ad
1979 5627 2228 5674 auctores
2249 5597 2920 5716 martyrilgnatiiriiar'tyri
2937 5591 3576 5716 $253095.

271 5688 1050 5810 proviincia'runtrprimatem,
1109 5729 1282 5804 qualis
1309 5735 1452 5796 ,erat
1520 5725 1719 5798 legatio
1785 5721 1878 5778 illa
1980 5710 2330 5810 presbyteros
2365 5710 2422 5761 et
2463 5699 2744 5810 diafpnps,

314 5781 573 5795 Ινπιιιν-ιιι
588 5781 674 5793 IIII-
771 5781 1017 5792 .I-.'-I"--—
1035 5781 1050 5798 ’
1113 5781 1278 5804 1——--_
1309 5791 1316 5796 '
1339 5781 1383 5785 νγ
1399 5781 1447 5783 ,κν
1522 5781 1535 5782 γ
1550 5781 1604 5798 νυ

274 5781 468 5910 quarta
509 5781 766 5892 decima:
779 5827 934 5897 Quod
964 5840 1095 5883 vero
1133 5822 1375 5899 episc0pi
1405 5819 1506 5895 ipsi
1553 5817 1831 5895 legatione:

738 5921 782 5945 η
799 5941 807 5945 .
828 5936 904 5945 .__
919 5935 980 5945 -..
1045 5915 1100 5945 17

1983 5781 2161 5887 (fidit.
2203 5801 2403 5871 Πειρη,
2455 5813 2508 5870 p.
2542 5793 2622 5864 5).
2650 5787 2748 5860 Qui
2778 5792 2926 5845 certe
2972 5783 3095 5945 ips;
3117 5781 3412 5856 legationis
3454 5797 3573 5840 nios

735 5921 1013 5991 ΡΑτιιοι..
1045 5915 1123 5981 V.
