3994 6318
413 249 484 306 is
1376 240 1742 302 DODWELLI
1779 212 2276 302 msssenrario
2311 240 2729 304 CYPRIANICA
3639 249 3720 312 tt

416 366 674 424 saeculum
707 365 928 422 omnino
953 362 1288 434 lgnatianum
1320 363 1496 435 sapit,
1524 378 1632 420 non
1674 363 1898 435 aliquod
1929 378 2016 418 re—
2043 365 2096 424 A
2125 378 2185 419 se
2214 364 2494 434 haberent,
2543 374 2660 422 erat
2702 363 2887 436 utique
2924 362 3146 422 omnino
3187 375 3614 424 consentaneum
3661 377 3720 426 ut

417 463 648 518 centius.
681 460 739 516 Id
763 460 962 515 factum
989 473 1017 512 a
1047 458 1332 528 Magnesiis
1362 460 1517 514 testis
1548 460 1662 530 ipse
1689 468 1772 515 est
1799 457 2020 530 amplis-

417 558 586 613 simus
619 554 848 627 lgnatius
881 551 1008 624 (Ep.
1057 551 1125 606 ad
1153 551 1413 624 Magna,
1447 553 1474 624 ἓ
1503 551 1584 625 2),
1636 569 1745 609 non
1798 553 2018 608 Damam

417 650 580 706 modo
610 664 797 705 eorum
824 645 1141 717 episcopum
1167 689 1182 714 ,
1217 647 1309 702 sed
1341 655 1396 702 et
1422 647 1770 719 presbyteros
1795 647 2020 704 Bassum

418 752 474 798 et
515 740 880 812 Apollonium,
910 749 964 794 et
1006 739 1294 795 diaconum
1323 740 1604 796 Sotionem
1635 756 1822 798 secum
1852 740 2022 797 fuisse

417 836 681 907 Smyrnae.
745 834 916 906 Rogat
967 834 1061 888 ille
1105 835 1304 904 saepius
1349 834 1640 902 Ecclesias,
1679 845 1736 889 ut
1786 835 2020 906 legatum

422 929 656 1000 aliquem
681 927 961 982 mitterent
985 925 1369 982 conﬁrmanda:
1400 927 1515 982 sedi
1543 942 1656 983 sua:
1680 927 2019 983 antiochenae

416 1023 674 1095 episcopo
702 1021 998 1077 destitutae.
1043 1019 1197 1076 Hunc
1229 1019 1320 1076 ille
1357 1035 1500 1076 nunc
1539 1019 1808 1098 θεοδρ6μον
1837 1020 2023 1093 appel-

413 1120 489 1175 lat
519 1117 644 1192 (Ep.
675 1116 742 1170 ad
771 1114 1080 1187 Polycarp.,
1113 1114 1142 1186 §
1169 1112 1246 1187 7),
1277 1131 1419 1172 nunc
1445 1117 1848 1192 θεοπρεσϐευτὴν
1893 1114 2018 1188 (Ep.

415 1211 484 1267 ad
513 1210 750 1282 Smyrm,
801 1207 976 1281 §ll),
1019 1209 1174 1279 cujus
1223 1209 1467 1265 meminit
1496 1209 1661 1266 etiam
1706 1211 1759 1264 in
1808 1208 1912 1279 Ep.
1954 1207 2023 1265 ad

416 1304 792 1374 Philippenses
823 1300 1176 1372 Polycarpus.
1201 1301 1350 1368 Quos
1379 1315 1511 1358 vero
1540 1301 1648 1358 illa:
1674 1301 1884 1372 legatos
1929 1301 2024 1358 de-

417 1397 695 1462 stinarint,
745 1394 985 1462 ostendit
1015 1395 1155 1451 idem
1189 1397 1562 1452 sanctissimus
1609 1406 1818 1469 martyr
1871 1395 2025 1468 lgna-

420 1490 528 1546 tius
553 1490 605 1544 in
639 1486 740 1560 Ep.
770 1488 840 1544 ad
890 1486 1429 1559 Philadelphienses:
1462 1491 1519 1546 Αἱ
1560 1488 1772 1565 ἔγγιστα
1805 1489 2022 1562 (inquit)

415 1585 677 1642 ἐκκλησίαι
714 1580 949 1656 ἔπεμψαν
993 1583 1328 1649 ἐπισκόπους,
1362 1584 1416 1638 αἱ
1443 1582 1498 1638 δὲ
1524 1585 1910 1661 πρεσϐυτέρους
1937 1585 2025 1641 καὶ

417 1675 682 1738 διακόνους
721 1673 852 1746 (Ep.
898 1674 966 1728 ad
997 1673 1415 1747 Philadelph.,§
1456 1675 1570 1746 10).
1619 1677 1941 1748 Dubitatque
1970 1677 2026 1732 in

2124 471 2230 512 non
2257 457 2391 513 alios
2418 458 2777 529 legationibus
2801 473 2960 530 quam
2983 459 3322 531 superiorum
3350 460 3597 516 ordinum
3623 460 3723 517 ad-

2125 551 2392 619 hiberent,
2422 551 2661 608 nondum
2687 552 2742 609 in
2769 553 3064 610 Ecclesium
3096 554 3419 612 introductis
3447 555 3554 612 illis
3579 555 3721 613 infe-

2124 645 2325 701 riorum
2371 645 2622 702 ordinum
2667 645 2930 704 ministris
2971 648 3166 719 quibus
3210 664 3305 705 usa
3357 658 3441 707 est
3479 649 3725 709 Ecclesia

2123 748 2361 810 aetasque
2390 739 2664 812 Cypriani.

2199 832 2226 904 ς
2260 833 2346 889 17.
2381 832 2545 890 Plane
2581 833 2892 892 referebant
2917 837 3034 894 haec
3059 836 3335 910 lgnatiana
3362 840 3537 896 relatis
3559 840 3724 898 etiam

2125 924 2434 996 apostolicae
2462 928 2831 984 recentissima
2859 931 3107 1003 vestigia.
3139 931 3358 987 Illorum
3386 948 3550 1004 opera
3577 948 3723 1006 pra:-

2125 1018 2278 1089 cipua
2313 1019 2363 1074 in
2392 1019 2812 1078 disseminandis
2843 1024 3042 1094 potius,
3071 1041 3231 1097 quam
3259 1026 3509 1098 regendis
3534 1026 3726 1086 Eccle-

2127 1111 2220 1168 siis
2247 1113 2508 1169 collocata
2536 1123 2640 1171 est.
2674 1115 2908 1174 Proinde
2949 1127 3374 1176 consentaneum
3415 1129 3533 1177 erat
3561 1130 3620 1176 ut
3641 1121 3726 1178 le-

2125 1207 2234 1277 gati
2252 1221 2412 1277 quam
2430 1207 2959 1268 bonorillcentissimi
2987 1212 3371 1286 deligerentur,
3397 1216 3722 1286 praesertim,

2127 1315 2252 1357 cum
2283 1302 2334 1357 id
2367 1302 2540 1374 ipsum
2585 1303 2862 1377 Evangelii
2904 1308 3234 1381 propagandi
3273 1324 3489 1377 munus,
3535 1325 3725 1368 eorum

2127 1396 2318 1452 fuisset
2357 1399 2627 1469 prteciptte
2656 1400 2747 1472 qui
2773 1400 2826 1456 in
2859 1401 3112 1473 primaria
3142 1412 3328 1460 essent
3353 1403 3614 1461 Ecclesiae
3639 1405 3725 1461 di-

2126 1489 2332 1560 gnitate
2377 1492 2687 1558 constituti,
2736 1493 2926 1564 quales
2955 1505 3111 1552 erant
3141 1495 3242 1566 ipsi
3271 1497 3536 1568 apostoli,
3563 1513 3728 1556 evan-

2127 1582 2354 1653 gelistae,
2387 1593 2492 1642 etc.
2525 1585 2806 1642 Habebam
2845 1587 3006 1660 igitur
3035 1588 3308 1657 Ecclesiae,
3343 1599 3538 1662 praeter
3563 1591 3684 1648 illos
3709 1633 3726 1661 ,

2127 1678 2373 1748 primarii
2401 1680 2656 1748 nominis,
2673 1680 2874 1737 Christi
2896 1682 3190 1752 apostolos,
3211 1684 3339 1754 ipsa:
3365 1699 3580 1756 quoque
3601 1701 3730 1743 suos

417 1784 481 1825 ea
509 1785 672 1840 quam
700 1764 932 1825 diximus
955 1767 1025 1823 ad
1051 1767 1436 1838 Philippenses
1457 1767 1696 1838 Epistola
1724 1770 1840 1840 ipse
1867 1769 2027 1841 Poly-
2057 1773 2107 1836 Β
2137 1784 2273 1841 quos
2311 1771 2498 1828 itidem
2527 1773 2873 1844 appellabant
2901 1776 3197 1846 apostolos,
3231 1787 3535 1848 propterea,
3567 1787 3625 1834 ut
3652 1778 3733 1834 vi-

416 1881 646 1936 earpus,
690 1866 878 1937 ipsene
927 1863 1254 1936 legationem
1287 1864 1488 1930 obiret,
1533 1879 1600 1919 an
1631 1865 1797 1920 alium
1844 1865 2026 1936 potius

415 1958 662 2014 mitteret
712 1957 971 2028 legatum.
1021 1955 1098 2011 Ita
1125 1971 1233 2012 non
1264 1964 1383 2012 erat
1410 1972 1438 2010 a
1466 1956 1590 2014 loco
1614 1957 1780 2012 etiam
1807 1957 2024 2028 episco-

416 2053 524 2124 pali
557 2052 794 2109 alienum
827 2060 882 2106 ut
911 2050 1011 2121 ipsi
1040 2049 1370 2121 legationum
1394 2066 1621 2108 munere
1648 2051 2022 2124 fungerentur.

418 2147 497 2202 Ex
525 2161 637 2217 quo
665 2145 828 2201 etiam
855 2144 1032 2199 obiter
1056 2151 1270 2199 constat
1292 2159 1454 2213 quam
1482 2161 1588 2200 non
1617 2143 1798 2211 fuerit,
1828 2160 1895 2200 eo
1919 2159 2024 2201 sae-

417 2242 566 2308 culo,
598 2238 840 2310 episcopi
870 2238 1107 2294 ofﬁcium
1141 2238 1211 2293 ita
1243 2237 1430 2305 ﬁxum,
1483 2249 1543 2293 ut
1588 2238 1797 2308 putavit
1826 2239 2026 2294 Salma-

418 2335 551 2392 sius.
595 2334 773 2404 lpsum
803 2332 980 2403 potius
1007 2331 1245 2402 episcopi
1275 2346 1470 2386 nomen
1507 2347 1537 2386 a
1564 2332 2024 2403 peregrinantium

420 2427 474 2482 in
500 2429 693 2498 graecis
715 2423 1021 2480 civitatibus
1049 2422 1228 2479 ofﬁcio
1257 2423 1598 2494 desumptum
1621 2434 1757 2479 erat.
1794 2424 1860 2480 Et
1888 2425 2024 2480 cbo-

419 2522 732 2592 repiscopos
759 2518 1094 2593 περιοδωτάς
1142 2518 1417 2588 appellant
1458 2518 1744 2587 Canones,
1795 2533 2026 2590 quorum

418 2616 562 2671 idem
606 2629 734 2669 rure
760 2612 999 2668 ofﬁcium
1034 2620 1193 2682 atque
1242 2611 1295 2667 in
1347 2611 1570 2668 urbibus
1621 2612 2022 2682 episcoporum.

419 2709 516 2766 Est
537 2717 715 2764 autem
747 2705 983 2783 περίοδος
1010 2706 1198 2761 eadem
1248 2705 1338 2760 illa
1365 2721 1470 2760 vox
1507 2721 1610 2777 qua
1654 2705 2023 2776 apostolorum

420 2801 883 2874 peregrinationes
912 2800 964 2854 in
991 2798 1389 2869 antiquioribus
1416 2798 1674 2854 Ecclesia:
1704 2813 2026 2854 monumen—

419 2897 492 2954 tis
527 2894 774 2952 denotari
817 2893 1130 2948 observavit
1159 2892 1273 2961 ipse
1315 2892 1633 2947 Salmasius.
1663 2890 1806 2947 Nihil
1837 2892 2020 2963 itaque

424 2997 572 3046 vetat
599 2987 822 3044 eosdem
851 2994 906 3042 et
931 2983 1206 3055 apostolos
1228 2982 1396 3040 fuisse
1425 2992 1479 3040 et
1509 2983 1815 3055 episcopos,
1843 2993 1898 3040 et
1925 3001 2023 3057 pe-

420 3081 686 3154 regrinari
715 3079 956 3151 potuisse
977 3089 1031 3134 et
1059 3077 1224 3133 certis
1252 3086 1432 3133 tamen
1464 3077 1725 3133 Ecclesiis
1765 3093 2020 3149 praeesse.

2130 1863 2308 1933 detur,
2339 1863 2481 1936 quod
2512 1865 2684 1921 nuntii
2710 1866 2872 1938 vulgo
2894 1868 3260 1937 mitterentur,
3291 1876 3351 1925 ut
3375 1879 3734 1942 repraasenta-

2128 1965 2322 2025 rent,a
2351 1957 2547 2028 quibus
2575 1959 2939 2028 mitterentur,
2969 1959 3261 2017 Ecclesias.
3296 1961 3352 2017 Id
3380 1962 3524 2018 enim
3555 1963 3734 2034 ipsum

2130 2049 2356 2106 innuere
2380 2049 2614 2119 videtur,
2647 2066 2709 2107 ea
2737 2059 2918 2120 aetate,
2949 2053 3125 2123 ipsum
3151 2053 3483 2124 apostolatus
3510 2070 3733 2113 nomen.

2129 2143 2193 2198 lli
2221 2144 2452 2215 apostoli
2493 2145 2834 2215 appellantur
2879 2147 3153 2204 ἀπόστολοι
3176 2149 3448 2207 ἐκκλησιῶν
3479 2147 3547 2222 (ll
3584 2147 3733 2218 Con,

2131 2251 2242 2300 vni,
2273 2235 2392 2309 25.)
2433 2236 2508 2292 lta
2536 2236 2943 2308 Epaphroditus
2969 2237 3400 2309 Philippensium
3427 2250 3544 2296 erat
3573 2255 3734 2312 apos-

2131 2331 2274 2386 tolus
2301 2329 2492 2403 (Phil..
2515 2348 2574 2398 ιι,
2603 2331 2721 2404 25.)
2749 2333 2882 2401 Qum
2906 2343 3086 2390 autem
3115 2334 3377 2390 beneﬁcia
3401 2334 3509 2390 illis
3535 2336 3732 2392 collata

2129 2433 2275 2488 sunt,
2295 2437 2359 2480 ea
2390 2441 2496 2479 non
2527 2426 2579 2480 in
2608 2425 2729 2481 illos
2755 2427 2900 2481 solos
2921 2427 3015 2484 sed
3043 2430 3115 2489 εἰς
3137 2428 3417 2502 πρόσωπον
3433 2436 3534 2486 τῶν
3554 2430 3733 2489 ἐκκλησ

2132 2527 2252 2572 σιῶν
2284 2518 2589 2574 redundare
2637 2518 3022 2588 credebantur,
3056 2531 3342 2591 propterea
3382 2522 3525 2593 quod
3555 2523 3734 2579 eccle-

2130 2611 2236 2665 sias
2264 2609 2402 2678 illas,
2423 2619 2479 2666 ut
2503 2610 2632 2677 dixi,
2658 2621 3132 2682 reprzesentarent.
3155 2612 3234 2668 Ex
3261 2629 3368 2685 quo
3384 2613 3734 2686 intelligimus

2130 2714 2386 2774 quantum
2417 2704 2682 2760 aberrarit
2706 2707 2774 2761 ab
2803 2706 3030 2775 apostoli
3058 2715 3242 2762 mente
3267 2709 3319 2762 in
3351 2707 3544 2762 horum
3569 2723 3734 2779 apos-

2133 2797 2366 2852 tolorum
2416 2798 2776 2868 explicatione
2818 2798 2975 2854 Walo
3006 2799 3324 2856 Messalinus
3349 2841 3363 2866 ,
3390 2816 3516 2856 eum
3537 2816 3735 2858 secun-

2129 2889 2314 2946 darios
2348 2889 2512 2946 hosce
2540 2891 2818 2961 apostolos
2853 2906 2882 2945 a
2921 2892 3193 2963 primariis
3231 2893 3428 2949 missos
3457 2894 3735 2952 existimat

2131 2981 2196 3036 ad
2225 2981 2502 3048 ecclesias,
2527 2995 2634 3037 non
2654 2983 2772 3038 vice
2793 2998 2947 3038 versa
2975 2983 3044 3038 ab
3071 2983 3320 3040 ecclesiis
3339 2984 3405 3039 ad
3427 2985 3728 3056 apostolos.

2131 3075 2187 3130 ld
2217 3079 2264 3130 si
2306 3075 2496 3132 fuisset
2526 3093 2733 3143 verum,
2765 3078 2833 3132 ad
2874 3080 3153 3154 πρόσωπον
3183 3080 3456 3139 ἐκκλησιῶν
3500 3080 3739 3138 attinere

423 3177 732 3234 Praesertim
780 3191 901 3230 cum
951 3190 1055 3228 non
1086 3173 1155 3226 sit
1183 3173 1252 3228 de
1280 3172 1506 3226 aliorum
1533 3173 1902 3243 apostolorum
1931 3187 2022 3243 pe-
2050 3173 2096 3238 C
2132 3183 2238 3224 non
2284 3171 2457 3240 potuit
2513 3171 2724 3226 illorum
2766 3171 2856 3227 ille
2886 3173 3072 3227 cultus
3095 3214 3109 3239 ,
3147 3173 3241 3228 sed
3286 3188 3417 3228 vero
3446 3174 3512 3228 ad
3544 3189 3733 3231 eorum

423 3269 878 3342 regrinationibus
906 3284 936 3322 e
967 3267 1026 3322 S.
1061 3266 1213 3320 Pauli
1245 3266 1496 3336 exemplo
1525 3267 1888 3322 statuendum.
1917 3266 2023 3324 Re-

422 3365 554 3434 liqui
599 3372 746 3419 certe
786 3364 920 3417 intra
952 3371 1130 3416 certas
1161 3376 1284 3416 sese
1311 3370 1366 3414 ut
1399 3361 1687 3431 plurimum
1720 3363 2022 3433 provincias

425 3459 793 3522 continebant,
819 3457 920 3511 sub
951 3456 1093 3510 illius
1117 3454 1302 3510 surculi
1327 3455 1509 3523 linem,
1539 3473 1657 3512 cum
1683 3458 1800 3529 jam
1822 3459 2026 3515 consti-

426 3560 552 3607 tutae
583 3559 764 3606 essent
807 3548 1073 3616 ecclesias,
1124 3557 1182 3603 et
1229 3546 1283 3602 in
1325 3548 1572 3605 ecclesiis
1607 3551 1868 3621 episcopi.
1903 3550 2020 3606 Non

429 3649 586 3719 longe
613 3648 681 3702 ab
728 3644 1112 3715 Hierosolymis
1143 3643 1512 3714 peregrinatus
1542 3644 1752 3700 videtur
1781 3645 1840 3702 S.
1867 3645 2024 3701 Jaco-

426 3742 548 3807 bus,
578 3742 786 3797 siveris
813 3738 1174 3809 monumentis
1223 3737 1516 3804 credimus,
1562 3739 1725 3792 etiam
1762 3739 2021 3795 Actorum

427 3835 553 3890 illis.
583 3834 690 3889 Nec
717 3833 873 3903 longe
897 3832 966 3886 ab
999 3831 1267 3900 llierapnli
1296 3829 1625 3901 Philippum,
1659 3846 1761 3887 nec
1787 3832 1856 3886 ab
1893 3831 2022 3887 Asia

427 3927 801 3998 proconsulari
831 3924 1093 3981 Joannem
1123 3923 1435 3979 discessisse
1462 3924 1690 3979 innuunt
1715 3924 2024 3997 Polycrates

428 4029 484 4077 et
510 4019 766 4076 Clemens
787 4016 1206 4071 Alexandrinus.
1235 4015 1292 4070 lu
1323 4015 1408 4070 his
1433 4015 1691 4072 limitibus
1719 4016 1850 4071 nihil
1881 4024 2026 4073 vetat

429 4115 484 4170 in
525 4113 782 4170 Ecclesiae
812 4111 1083 4182 primaeva:
1110 4109 1394 4180 disciplina
1434 4111 1560 4181 quin
1583 4111 1673 4166 alii
1699 4127 1910 4183 quoque
1934 4127 2027 4183 pe-

427 4210 690 4280 regrinari
716 4207 922 4279 possint
943 4205 1202 4277 episcOpi.
1227 4203 1367 4272 Quid
1395 4205 1535 4276 quod
1558 4207 1722 4262 etiam
1753 4206 1810 4262 S.
1829 4207 2026 4263 Paulus

434 4302 478 4374 (l
504 4303 642 4367 Corn,
678 4317 744 4354 xv
768 4343 783 4370 ,
819 4300 903 4370 l0)
944 4315 1066 4356 cum
1097 4313 1156 4354 se
1181 4298 1422 4368 reliquos
1452 4300 1727 4371 apostolos
1758 4300 1810 4355 in
1842 4300 2027 4356 labore

431 4409 716 4465 superasse
742 4392 1053 4459 contendit,
1087 4391 1140 4446 id
1186 4401 1334 4447 certe
1361 4393 1646 4449 manifeste
1678 4394 1885 4461 innuit,
1918 4410 2026 4450 non

431 4503 554 4546 esse
594 4488 922 4557 reliquorum
975 4485 1346 4555 apostolorum
1393 4485 1606 4542 labores
1650 4503 1681 4542 e
1725 4502 1823 4542 suo
1872 4488 2027 4543 unius

2131 3264 2310 3333 potius
2357 3279 2388 3318 a
2429 3265 2623 3334 quibus
2669 3265 2820 3320 missi
2869 3265 3099 3322 fuissent
3156 3268 3544 3338 apostolorum.
3595 3267 3735 3336 Quid

2128 3355 2272 3426 quod
2319 3356 2507 3412 durior
2559 3358 2647 3413 illa
2696 3359 2875 3414 omnis
2921 3359 3166 3414 videatur
3210 3360 3585 3431 interpretatio
3626 3375 3734 3433 qua

2127 3454 2406 3510 ἀπόστολοι
2453 3455 2724 3514 ἐκκλησιῶν
2764 3455 2976 3512 dicendi
3023 3466 3178 3512 erant
3225 3458 3316 3528 qui
3361 3457 3430 3514 ad
3476 3459 3735 3515 ecclesias

2130 3545 2446 3614 plantandas
2479 3546 2633 3602 missi
2665 3560 2850 3604 essent
2891 3549 3071 3619 potius
3095 3564 3256 3619 quam
3287 3550 3363 3606 illi
3393 3552 3483 3623 qui
3512 3552 3580 3608 ab
3603 3553 3735 3623 ipsis

2132 3639 2283 3694 missi
2313 3639 2539 3696 fuissent
2569 3641 2837 3696 ecclesiis.
2881 3641 2973 3698 Dei
3006 3653 3155 3698 certe
3197 3641 3508 3715 Chrisﬁque
3545 3643 3732 3716 appel-

2131 3732 2312 3787 lantur
2359 3733 2591 3802 apostoli
2639 3749 2743 3789 non
2784 3737 2874 3805 qui
2922 3733 2990 3789 ad
3042 3736 3210 3791 Deum
3235 3718 3602 3802 Christumve,
3635 3736 3732 3792 sed

2131 3827 2222 3898 qui
2248 3826 2317 3882 ab
2343 3827 2531 3882 iisdem
2579 3827 2888 3893 mittuntur,
2929 3835 2988 3882 ut
3031 3843 3168 3883 nova
3196 3842 3421 3899 prorsus
3464 3829 3734 3900 exemplo.

2132 3935 2238 3991 que
2267 3920 2415 3975 omni
2444 3919 2697 3976 destituta
2741 3920 2812 3975 sit
2837 3922 3107 3976 contraria
3141 3922 3230 3976 illa
3260 3922 3487 3978 locutio.
3514 3922 3598 3978 Ab
3634 3923 3737 3980 hac

2132 4015 2311 4085 potius
2359 4016 2622 4072 mittentis
2650 4029 2895 4085 personae
2945 4019 3422 4087 repraesentatione
3447 4018 3736 4088 primario-

2133 4125 2251 4165 rum
2283 4126 2497 4182 quoque
2535 4111 2749 4166 videtur
2777 4113 3146 4181 apostolorum
3195 4114 3347 4184 origo
3395 4113 3734 4172 deducenda.

2135 4205 2447 4275 Principum
2476 4206 2745 4261 satellites
2775 4206 3026 4262 dicuntur
3049 4223 3277 4279 quorum
3308 4209 3360 4265 id
3388 4207 3622 4266 ofﬁcium
3653 4219 3739 4269 est

2135 4307 2191 4350 ut
2241 4296 2571 4366 principibus
2621 4312 2804 4352 coram
2851 4298 3058 4366 adsint,
3091 4315 3418 4373 semperque
3466 4302 3736 4359 ineorum

2135 4397 2425 4458 conspectu
2444 4387 2822 4446 obversentur.
2851 4389 2982 4447 Inde
2998 4393 3172 4448 vultus
3195 4393 3494 4466 principum
3513 4395 3732 4460 intueri,

2132 4492 2296 4552 atque
2326 4481 2394 4537 ab
2438 4498 2628 4538 eorum
2669 4483 2905 4540 vultibus
2932 4485 3230 4554 procedere
3265 4485 3540 4542 dicuntur.
3585 4487 3735 4554 Quos

431 4581 680 4653 exemplo
708 4578 1077 4635 aestimandus.
1105 4578 1358 4648 Singulos
1386 4579 1452 4633 ab
1481 4578 1574 4632 illo
1597 4590 1881 4651 superatos
1907 4596 2028 4638 esse
2051 4581 2109 4645 1)
2135 4574 2318 4630 vultus
2351 4575 2624 4646 appellant
2652 4578 2974 4647 interpretes
3004 4578 3190 4644 latini.
3219 4593 3316 4634 eos
3353 4583 3486 4640 nua
3514 4594 3611 4650 pro
3637 4593 3738 4635 suo

432 4677 670 4747 apertius
696 4681 779 4729 est
800 4688 958 4744 quam
997 4681 1053 4726 ut
1082 4673 1149 4727 de
1179 4687 1246 4727 eo
1268 4671 1502 4726 dubitari
1537 4673 1726 4743 possit.
1759 4673 1833 4729 ita
1863 4674 2025 4729 etiam

432 4771 547 4840 ejus
568 4771 729 4825 verba
756 4768 981 4838 intelligi
998 4773 1222 4839 possunt
1243 4773 1301 4821 ut
1321 4781 1512 4822 omnes
1529 4767 1768 4823 omnium
1794 4769 2027 4835 labores,

434 4865 594 4920 etiam
640 4865 897 4920 collectos
921 4905 935 4928 ,
981 4863 1139 4934 longo
1166 4870 1289 4932 post
1315 4876 1374 4916 se
1414 4861 1702 4918 intervallo
1729 4864 2027 4932 reliquerit.

430 4955 489 5013 Id
538 4957 582 5012 si
630 4973 817 5012 verum
863 4956 965 5022 sit,
1015 4955 1344 5026 reliquorum
1404 4956 1770 5024 apostolorum
1817 4958 2030 5014 labores

431 5065 643 5120 aequare
670 5055 918 5119 poterant
946 5047 1206 5118 episcopi.
1239 5047 1495 5118 Equavit
1521 5049 1747 5106 fortasse
1776 5051 2031 5123 Polycar-

431 5156 552 5213 pus,
585 5156 704 5196 cum
733 5157 762 5194 e
789 5140 1015 5210 Smyrna
1045 5154 1140 5194 sua
1160 5140 1389 5196 Romam
1418 5141 1518 5196 sub
1549 5143 1776 5198 Aniceto
1803 5153 2030 5200 conten-

429 5238 602 5302 deret,
634 5233 756 5290 inde
787 5234 1029 5288 fortassis
1057 5235 1107 5288 in
1140 5235 1369 5290 Galliam
1403 5236 1836 5307 Lugdunensium
1879 5240 2028 5296 illam

430 5328 924 5398 Viennensiumque
947 5328 1365 5382 Christianorum
1390 5330 1655 5385 coloniam
1673 5330 2024 5389 deducturus.

429 5419 584 5473 Nulla
615 5429 764 5476 certe
795 5421 1063 5490 primzevm
1115 5420 1370 5475 Ecclesia:
1417 5421 1632 5476 indubia
1678 5435 2024 5480 monumenta

429 5510 654 5564 suadent
688 5511 846 5580 hujus
878 5510 1034 5565 unius
1061 5510 1273 5565 labores
1298 5511 1628 5582 reliquorum
1658 5517 2023 5584 apostolorum

428 5601 704 5656 laboribus
748 5604 912 5658 fuisse
965 5604 1269 5662 inferiores.
1314 5603 1496 5675 Longe
1543 5615 1720 5662 tamen
1765 5611 1917 5665 abest
1965 5620 2026 5665 ut

428 5693 747 5764 episcopalis
777 5696 940 5751 ofﬁcii
993 5697 1129 5754 ﬁnes
1158 5699 1474 5765 excesserit,
1510 5700 1592 5754 vel
1627 5711 1684 5756 ut
1713 5716 1779 5758 eo
1804 5707 2023 5762 nomine

428 5787 577 5844 illum
604 5797 846 5844 veterum
887 5790 1148 5861 quiSpiam
1180 5790 1610 5862 reprehenderit.
1643 5794 1771 5862 Qua:
1798 5811 1920 5853 cum
1950 5799 2021 5854 ita

2136 4669 2392 4726 idiomate
2422 4670 2641 4726 ltebraai.
2677 4669 2811 4724 Eam
2856 4687 3040 4727 vocem
3076 4673 3356 4746 πρόσωπον
3393 4672 3628 4728 reddunt
3656 4673 3740 4727 in-

2136 4772 2411 4834 terpretes
2449 4765 2634 4836 greci.
2660 4763 2768 4819 Pro
2794 4779 2860 4819 eo
2887 4764 3186 4835 principum
3219 4779 3370 4820 more
3401 4763 3497 4821 Dei
3521 4780 3737 4837 quoque

2135 4860 2426 4931 praesentia
2465 4859 2794 4929 majestatica
2835 4858 3013 4912 vultus
3040 4857 3300 4929 facieique
3328 4858 3659 4930 metaphoris
3682 4860 3738 4916 in

2137 4953 2415 5023 Scriptura
2445 4952 2820 5007 obumbratur.
2867 4949 3030 5004 Panis
3059 4952 3440 5023 prepositionis
3477 4951 3632 5022 panis
3660 4951 3741 5008 fa-

2137 5046 2342 5100 cierum
2373 5045 2695 5114 appellatur,
2729 5057 2916 5098 eorum
2950 5058 3144 5114 nempe
3182 5045 3432 5116 proprius
3460 5044 3551 5115 qui
3584 5044 3737 5114 prin-

2136 5140 2317 5208 cipum
2369 5134 2766 5192 commcnsales
2828 5137 3042 5192 ﬁerent.
3075 5137 3310 5209 Angelus
3338 5137 3640 5207 praesentia:
3679 5139 3736 5194 in

2136 5231 2400 5302 propheta
2438 5230 2578 5284 idem
2621 5239 2706 5284 est
2739 5230 2830 5300 qui
2875 5230 2970 5286 Dei
3003 5231 3187 5287 faciem
3218 5231 3413 5287 intueri
3443 5231 3643 5286 dicitur
3683 5233 3740 5288 in

2136 5322 2450 5394 Evangelia.
2473 5321 2543 5378 Ut
2564 5331 2744 5377 autem
2770 5338 2866 5392 pro
2884 5325 3197 5380 nuntiorum
3219 5324 3475 5396 dignitate
3500 5324 3569 5381 de
3591 5323 3739 5395 prin-

2133 5417 2314 5487 cipum
2361 5425 2476 5472 erat
2502 5417 2831 5473 contumelia
2859 5418 3230 5487 judicandum,
3275 5433 3342 5475 eo
3371 5419 3603 5490 graviori
3629 5433 3738 5489 quo

2135 5514 2356 5568 nuntius
2408 5513 2606 5569 fuisset
2658 5513 3008 5579 honoratior;
3060 5513 3131 5568 ita
3181 5514 3225 5568 is
3278 5514 3500 5570 honoris
3536 5513 3738 5584 gradus

2134 5621 2378 5662 summus
2403 5617 2524 5662 erat
2547 5651 2561 5676 ,
2613 5608 2658 5662 si
2689 5606 2808 5678 quis
2837 5615 2981 5662 esset
3011 5605 3064 5661 in
3107 5606 3411 5676 principum
3441 5615 3741 5677 conspectu

2132 5700 2620 5773 frequentissimus.
2647 5701 2750 5771 Qui
2773 5701 2936 5773 igitur
2961 5717 2993 5758 e
3021 5701 3281 5773 principis
3306 5700 3459 5757 vultu
3487 5715 3739 5772 egressus

2128 5794 2421 5866 diceretur,
2455 5795 2611 5854 illum
2645 5794 2700 5852 si
2724 5793 2844 5864 quis
2875 5793 3052 5853 minus
3095 5793 3393 5853 honoriﬁce
3430 5803 3738 5868 tractasset,
