3994 6318
225 261 291 324 is
1299 265 1390 327 ne
1427 229 1910 330 pnnsnvrsnis
1948 265 2402 332 nocronmus.
3463 271 3535 332 46

226 381 452 455 perinde
478 389 594 440 erat
621 397 686 441 ac
713 382 760 441 si
800 383 1100 456 principem
1137 384 1312 455 ipsum
1354 401 1536 443 coram
1573 396 1822 459 agentem

1949 395 2136 445 'entur.
2154 388 2338 456 Ἑδὸξε,
2356 396 2461 445 etc.
2487 388 2843 463 ἐκλεξαμένους
2860 388 3050 472 ἄνδρας
3067 393 3116 462 ἐξ
3129 394 3294 452 αὐτῶν
3308 397 3532 472 πέμψαι,

225 488 655 552 ρηεεηῑεηῑψιθ
670 481 1110 551 contempsisset.
1127 478 1260 537 Cum
1287 482 1466 551 itaque
1480 497 1824 538 communem

224 573 320 630 sibi
337 579 507 644 atque
524 573 785 645 apostolis
807 573 1070 630 honorem
1093 573 1210 631 fore
1225 583 1704 647 contemptumque
1721 574 1827 630 Do-

223 665 400 724 minus
421 666 727 738 prolitetur,
762 665 814 723 id
842 683 1038 739 nempe
1069 667 1243 723 innuit
1281 667 1333 723 in
1371 683 1559 725 eorum
1607 670 1828 723 nuntio-

222 777 340 818 rum
391 775 626 818 numero
676 759 956 818 habendos
1003 761 1095 834 qui
1141 769 1328 819 essent
1366 764 1470 819 ἀπὸ
1513 766 1823 839 προσώπου.

222 855 363 912 idem
405 870 541 927 ergo
585 855 655 912 de
685 855 770 912 his
810 855 1162 913 ecclesiarum
1192 855 1456 928 apostolis
1484 855 1828 912 statuendum

223 949 286 1004 ab
309 949 669 1006 ecclesiarum
697 949 851 1022 quasi
871 949 1105 1006 vultibus
1128 949 1320 1016 fuisse,
1336 965 1459 1006 cum
1478 949 1529 1004 in
1548 958 1826 1020 utrosque,

223 1049 324 1098 tam
351 1042 624 1100 ecclesias
650 1041 903 1098 nimirum
929 1043 1074 1114 ipsas
1097 1085 1112 1112 ,
1143 1058 1302 1114 quam
1330 1041 1530 1099 missos
1562 1043 1629 1097 ab
1657 1041 1832 1098 eccle-

223 1133 312 1189 siis
336 1134 648 1205 apostolos,
675 1149 992 1192 communes
1010 1133 1384 1191 redundarent
1410 1133 1646 1190 honores
1668 1143 1832 1205 atque

223 1228 590 1293 contumeliae,
619 1229 772 1300 quasi
813 1243 978 1283 unam
1018 1228 1235 1299 utrique
1265 1227 1620 1298 eamdemque
1644 1241 1834 1296 perso-

223 1336 340 1378 nam
377 1323 742 1379 sustinerent.
771 1321 922 1390 Quod
951 1322 996 1379 si
1028 1337 1215 1378 verum
1238 1330 1406 1390 esset,
1436 1320 1579 1392 quod
1609 1328 1836 1376 conten-

224 1415 295 1472 dit
330 1415 646 1474 Salmasius
667 1458 684 1485 ,
713 1414 1067 1472 secundarios
1100 1415 1267 1472 hosce
1295 1413 1652 1472 ecclesiarum
1695 1428 1829 1483 apo-

227 1511 387 1566 stolos
413 1526 528 1566 non
555 1510 663 1566 alia
685 1509 754 1567 de
784 1523 946 1567 causa
975 1510 1140 1567 fuisse
1155 1509 1507 1567 ecclesiarum
1525 1524 1689 1581 quam
1709 1509 1833 1580 quia

225 1601 285 1658 ad
312 1603 582 1660 ecclesias
610 1601 931 1676 plantandas
957 1603 1346 1670 mitterentur;
1379 1615 1487 1658 non
1527 1608 1675 1658 esset
1702 1614 1833 1657 sane

221 1711 311 1753 cur
339 1706 574 1770 possent
601 1713 634 1754 a
659 1698 935 1770 primariis
960 1698 1126 1755 etiam
1156 1695 1422 1770 apostolis
1453 1697 1560 1753 hoc
1589 1695 1708 1752 solo
1735 1710 1834 1751 no-

223 1794 364 1850 mine
392 1789 684 1866 distingui.
723 1791 830 1865 lpsi
868 1793 1014 1851 enim
1045 1793 1124 1849 illi
1145 1790 1346 1848 Christi
1373 1791 1607 1864 apostoli
1634 1791 1700 1847 ad
1731 1790 1836 1884 hoc
1862 1823 1911 1884 Β

223 1901 441 1960 quoque
471 1885 623 1944 idem
646 1886 1063 1959 plantandarum
1093 1886 1444 1944 ecclesiarum
1461 1901 1658 1942 munus
1682 1883 1835 1941 missi

221 1989 346 2037 sunt
370 1995 405 2037 a
427 1979 655 2037 Christo
681 1989 846 2051 atque
873 1979 1130 2037 destinati
1155 1975 1342 2052 (Eph.,
1377 1982 1450 2046 iv,
1475 1979 1565 2045 11,
1593 1978 1682 2046 l2,
1717 1976 1830 2051 15).

223 2073 418 2134 Certos
441 2074 593 2133 enim
625 2085 681 2131 et
701 2074 804 2146 ipsi
831 2074 1107 2132 habebant
1133 2089 1202 2131 ex
1228 2084 1388 2147 pacto
1414 2073 1650 2140 κανόνας,
1681 2084 1748 2127 ne
1778 2069 1834 2126 in

223 2169 324 2228 hoc
351 2170 648 2228 inferiores
673 2169 1048 2228 existimemus
1077 2169 1431 2227 secundarios
1467 2167 1632 2224 hosce
1669 2166 1837 2222 fuisse

227 2263 528 2337 apostolos.
553 2263 710 2333 Quod
745 2279 878 2321 vero
903 2277 1101 2320 munus
1123 2263 1275 2320 illum
1314 2259 1667 2335 Epaphroditi
1699 2274 1834 2330 apo-

226 2358 482 2415 stolatum
516 2359 739 2431 proprie
762 2358 1042 2430 spectarit,
1071 2371 1139 2416 ex
1165 2357 1356 2415 eadem
1397 2356 1488 2412 illa
1531 2356 1599 2411 ad
1631 2352 1838 2426 Philip-

226 2467 427 2525 penses
442 2451 691 2525 Epistola
714 2451 871 2509 facile
901 2451 1206 2525 colligimus
1238 2449 1430 2524 (Phil.,
1462 2451 1541 2518 iv,
1574 2448 1684 2522 l8).
1719 2447 1838 2502 Ha-

227 2545 315 2603 beo
343 2557 523 2602 autem
551 2547 745 2615 omnia,
770 2541 1038 2603 etabundo
1062 2562 1081 2602 :
1110 2547 1340 2618 repletus
1365 2561 1498 2614 sum,
1527 2543 1749 2615 acceptis
1774 2539 1836 2596 ab

227 2639 594 2714 Epaphrodito
636 2655 750 2712 quas
788 2639 999 2695 misistis
1023 2682 1038 2706 ,
1079 2644 1184 2695 etc.
1223 2639 1360 2694 Rem
1399 2635 1563 2710 igitur
1582 2633 1839 2708 pecunia-

227 2735 364 2792 riam
407 2735 695 2808 spectabat
740 2731 829 2790 illa
860 2734 1078 2806 legatio.
1106 2732 1260 2801 Quod
1295 2748 1404 2788 non
1433 2731 1506 2787 ita
1536 2740 1720 2786 tamen
1751 2729 1836 2784 in-

228 2827 585 2902 telligendum
632 2835 771 2894 erat,
828 2827 1006 2899 quasi,
1045 2834 1262 2898 peracta
1292 2839 1354 2883 ea
1385 2824 1795 2896 dispensatione
1819 2862 1836 2892 ,

226 2920 293 2977 ad
319 2933 454 2978 suos
479 2936 512 2978 e
533 2921 759 2995 vestigio
779 2928 1203 2978 reverterentur.
1229 2920 1329 2990 Qui
1355 2917 1427 2975 ita
1451 2919 1603 2975 missi
1626 2924 1835 2987 essent,

226 3015 362 3073 alias
393 3013 598 3073 deinde
625 3015 928 3089 legationes
952 3058 968 3086 ,
996 3015 1112 3088 ejus
1149 3015 1216 3072 ad
1242 3025 1403 3087 quem
1435 3011 1584 3071 miSSi
1615 3017 1837 3082 essent,

228 3110 459 3169 nomine
488 3112 744 3169 obierunt
765 3153 780 3179 ,
808 3111 971 3184 idque
1011 3111 1067 3169 in
1098 3111 1421 3183 longinquas
1450 3122 1838 3181 nonnunquam

228 3205 508 3279 regiones,
562 3204 776 3279 quOties
822 3205 876 3262 id
919 3217 1049 3300 ere
1079 3214 1224 3263 esset
1264 3205 1524 3262 Ecclesia:
1559 3203 1840 3262 catholica:
1866 3234 1912 3300 Ο

228 3301 469 3373 publica.
501 3300 580 3358 Ita
608 3302 886 3374 apostolos
934 3299 1059 3358 illos
1098 3301 1453 3358 ecclesiarum
1499 3299 1845 3356 commendat

229 3395 538 3453 Corinthiis
566 3411 597 3452 a
624 3411 683 3453 se
716 3395 1076 3469 proculdubio
1108 3411 1175 3453 eo
1206 3397 1421 3452 missos.
1451 3393 1518 3471 (Π
1548 3393 1695 3460 Cor.,
1725 3410 1841 3463 vni,

229 3487 349 3561 2-1).
402 3487 481 3545 ita
527 3487 801 3561 Ephesios
845 3489 912 3544 ad
946 3501 1007 3546 se
1050 3475 1246 3546 missos
1275 3487 1503 3545 Romam
1543 3487 1845 3544 destinasse

232 3583 451 3641 videtur
479 3579 723 3657 lgnatius
756 3583 884 3658 (Ep.
915 3584 984 3639 ad
1014 3584 1192 3651 Rom.,
1225 3585 1372 3657 ﬁn).
1405 3584 1576 3639 Erant
1604 3582 1748 3639 enim
1780 3596 1846 3638 eo

232 3678 352 3752 ipso
365 3677 600 3737 consilio
627 3677 780 3736 missi
802 3689 938 3751 quos
960 3679 1406 3756 χειροτονοθέντας
1429 3677 1532 3735 ὑπὸ
1554 3685 1653 3735 τῶν
1674 3677 1847 3736 ἐκκλη-

233 3780 361 3832 σιῶν
402 3771 761 3848 συνεκδήμους
807 3771 954 3829 dicto
999 3775 1122 3832 loco
1153 3763 1219 3847 (Ii
1267 3769 1410 3840 Cor.,
1446 3773 1576 3840 vni,
1613 3769 1703 3840 19)
1736 3785 1849 3825 me-

233 3877 417 3923 morat
469 3866 786 3938 Apostolus.
834 3865 964 3922 inde
1018 3865 1373 3937 intelligimus
1403 3865 1621 3936 quinam
1669 3868 1851 3919 essent

233 3955 470 4031 apostoli
525 3957 835 4033 συνὲκόημοι
886 3973 1118 4031 quorum
1189 3957 1523 4014 mentionem
1588 3955 1849 4011 habemus

237 4051 405 4126 (Ach,
427 4065 542 4120 xxx,
571 4051 668 4125 29)
691 4067 803 4110 non
833 4053 970 4109 alios
993 4054 1179 4126 utique
1206 4067 1367 4126 qnam
1399 4052 1519 4119 hos,
1548 4064 1685 4121 quos
1710 4048 1850 4104 dixi-

237 4162 363 4205 mus
378 4147 685 4219 apostolos.
708 4143 875 4204 Iidem
900 4150 1204 4211 συνέποντες
1221 4146 1380 4221 (Ach,
1406 4161 1497 4212 xx,
1521 4142 1603 4216 4);
1625 4142 1852 4208 συνεξελ-

233 4242 408 4303 θόντες
437 4241 603 4311 (Ach,
629 4253 742 4307 XVI,
769 4240 861 4312 5);
895 4243 1235 4309 συνελθὸντες,
1291 4240 1428 4307 Act.,
1455 4253 1547 4304 XV,
1574 4235 1689 4308 58),
1719 4249 1853 4307 quo-

238 4349 363 4390 rum
412 4332 483 4388 ad
535 4331 776 4390 officium
826 4335 898 4388 ita
933 4334 1238 4405 pertinebat
1267 4332 1398 4389 viris
1439 4331 1544 4387 illis
1585 4329 1856 4401 primariis

235 4429 582 4497 minitare,
609 4435 694 4496 ut,
721 4429 773 4485 si
805 4429 894 4501 qui
919 4437 1288 4498 recesserant,
1309 4427 1388 4482 illi
1409 4426 1593 4484 ofﬁcio
1619 4425 1858 4482 defui-sse

237 4524 715 4580 existimarentur.
739 4523 830 4579 Ab
855 4523 1008 4580 hisce
1049 4537 1110 4579 se
1156 4522 1434 4578 desertum
1457 4563 1472 4590 ,
1520 4520 1574 4576 in
1611 4518 1857 4592 epistolis

1932 491 2034 539 etc.
2070 480 2234 556 (Ach,
2285 499 2375 550 xv,
2423 483 2540 556 22),
2584 485 2730 557 quod
2781 495 2836 544 et
2881 505 2939 545 re
2985 489 3101 562 ipsa
3138 493 3529 562 praestiterunt.

1931 590 1982 628 v.
2025 574 2120 629 25.
2147 575 2258 631 Nec
2304 576 2466 633 aliter
2519 576 2710 646 Judaei,
2761 596 2791 635 a
2840 581 3036 652 quibus
3088 585 3154 640 ad
3200 587 3528 646 christianos

1931 684 2216 725 emanasse
2241 669 2458 727 videtur
2482 671 2812 742 exemplum.
2838 673 2919 730 Illi
2947 678 3107 733 etiam
3137 677 3328 754 ἄνδρας
3357 687 3530 741 ἐκλεκ-

1931 765 2053 824 τοὺς
2081 762 2402 834 delegarunt
2444 764 2498 820 in
2540 781 2753 822 omnem
2807 777 3026 836 terram,
3059 774 3284 847 λέγοντες
3338 777 3536 857 αἳρεσιν

1934 853 2076 914 ἄθεον
2118 869 2439 936 χριστιανῶν
2468 863 2762 936 πεφηνέναι,
2793 873 2931 921 teste
2950 907 2964 931 ,
2999 881 3103 921 non
3137 884 3245 924 uno
3284 870 3340 925 in
3371 853 3491 928 loco
3515 914 3534 942 ,

1935 951 1993 1010 S.
2021 952 2234 1011 Justino
2264 954 2496 1026 Martyre
2547 956 2783 1032 (Dialog.
2831 976 2947 1015 cum
2994 959 3281 1035 Tryphon.,
3318 983 3372 1036 ρ.
3402 965 3534 1037 234,

1935 1061 1988 1110 E,
2020 1046 2145 1114 355,
2175 1046 2252 1121 c).

2009 1138 2037 1212 §
2080 1138 2167 1196 18.
2208 1139 2394 1214 Neque
2423 1158 2554 1200 vero
2593 1145 2897 1202 mirandum
2939 1150 3200 1220 apostolis
3231 1151 3347 1208 haec
3392 1169 3536 1225 prac-

1936 1232 2137 1289 stitisse
2167 1234 2461 1304 ecclesias,
2490 1252 2614 1293 cum
2655 1239 2818 1296 etiam
2851 1240 3078 1311 plebeiis
3106 1242 3417 1302 christianis
3447 1262 3536 1303 ea-

1936 1322 2058 1381 dem
2087 1328 2459 1398 prazstiterint,
2490 1332 2536 1387 si
2554 1332 2769 1404 quando
2791 1335 2844 1390 in
2867 1335 3030 1392 rebus
3050 1351 3165 1392 rem
3193 1320 3546 1398 Christianam

1937 1417 2204 1488 publicam
2248 1421 2603 1480 attinentibus
2653 1437 3069 1497 occuparentur.
3119 1429 3252 1485 Erat
3285 1432 3546 1491 nimirum

1937 1526 2043 1566 non
2063 1511 2284 1570 minima
2303 1517 2706 1573 communionis
2729 1535 2854 1590 pars
2877 1520 2928 1575 in
2953 1521 3173 1594 hOSpitii
3198 1524 3320 1595 jure
3345 1527 3542 1597 posita,

1936 1620 2042 1676 quo
2063 1607 2485 1677 spectanLetiam
2512 1619 2757 1667 veterum
2773 1615 3182 1685 quamplurimae
3199 1616 3392 1675 litterzc
3405 1635 3545 1677 com-

1937 1697 2290 1768 mendatitiaa,
2314 1716 2543 1773 quarum
2570 1702 2638 1759 ad
2667 1703 3023 1765 imitationem
3044 1708 3238 1766 litterze
3255 1712 3418 1768 etiam
3447 1728 3543 1770 ec-

1938 1791 2255 1850 clesiastica:
2305 1793 2564 1863 (formatae
2619 1808 2886 1870 suscepta:
2948 1799 3330 1876 conceptzeque
3396 1815 3546 1864 sunt.

1940 1884 2251 1957 liospitibus
2273 1897 2452 1944 autem
2477 1893 2942 1950 commorantihus
2964 1906 3210 1969 sumptus
3230 1900 3398 1970 gratis
3414 1916 3546 1973 sup-

1938 1979 2160 2050 peditati
2177 1987 2302 2035 sunt
2331 1979 2735 2040 discedentibus
2756 1987 2917 2043 xenia
2941 1988 3160 2055 donata,
3185 2000 3239 2046 et
3257 1995 3300 2047 si
3320 2009 3549 2051 necesse

1938 2081 2112 2138 esset,
2141 2073 2370 2130 comites
2401 2075 2612 2132 itineris
2654 2077 2845 2149 additi,
2873 2080 2919 2135 si
2950 2082 3088 2137 ultra
3117 2095 3299 2140 essent
3327 2087 3546 2158 prolec-

1939 2166 2065 2220 turi.
2086 2164 2212 2222 iizec
2233 2181 2302 2222 ex
2323 2167 2715 2239 antiquissimis
2741 2170 2964 2229 Homeri
2993 2175 3239 2247 hOSpitiis
3260 2179 3551 2235 manifesta

1939 2265 2095 2326 sunt,
2124 2276 2245 2332 qua:
2286 2260 2343 2316 in
2387 2277 2569 2319 mores
2605 2263 2919 2323 Graecorum
2952 2272 3318 2328 recentiorum
3353 2273 3552 2330 deinde

1941 2351 2292 2410 transierunt.
2337 2355 2485 2413 lianc
2529 2360 2800 2431 φιλοξένιαν
2846 2365 3227 2422 commendant
3265 2367 3554 2440 aliquoties

1939 2445 2200 2514 apostoli,
2233 2456 2288 2502 et
2313 2448 2531 2520 quidem
2576 2467 2642 2509 eo
2678 2453 2732 2510 in
2770 2455 2891 2512 loco
2915 2456 3062 2514 illam
3103 2459 3407 2518 habuerunt
3434 2465 3550 2534 pri-

1939 2539 2095 2593 maevi
2120 2539 2400 2598 christiani
2424 2551 2481 2599 ut
2513 2547 2705 2616 privati
2733 2549 3019 2621 aliquoties
3042 2553 3239 2612 divites
3259 2570 3318 2613 se
3343 2573 3552 2629 suaque

1941 2633 2120 2689 omnia
2148 2636 2350 2693 sanctis
2382 2638 2742 2714 undequaque
2773 2647 3244 2718 peregrinantibus
3274 2653 3552 2723 excipien-

1940 2724 2024 2782 dis
2049 2727 2316 2785 dicarent.
2348 2729 2496 2788 Talis
2525 2732 2694 2792 fuisse
2730 2737 2945 2794 videtur
2979 2739 3144 2797 Gaius
3175 2759 3282 2799 non
3309 2744 3366 2800 S.
3396 2745 3552 2803 Pauli

1941 2818 2102 2876 modo
2151 2823 2390 2912 privatus
2438 2825 2667 2898 hospes,
2719 2830 2814 2886 sed
2863 2835 3028 2889 totius
3076 2834 3240 2891 etiam
3286 2837 3551 2895 Ecclesia:

1942 2912 2124 2986 (Rom.
2161 2932 2283 2986 xw,
2320 2917 2437 2990 2,3).
2471 2918 2787 2994 Eodemque
2815 2927 3036 2983 nomine
3071 2929 3484 2986 commendatur
3519 2947 3555 2988 a

1942 3003 1998 3062 S.
2042 3005 2280 3079 Joanne,
2325 3011 2483 3067 tertia
2513 3012 2630 3084 ejus
2667 3013 2864 3085 Epist,
2902 3018 2974 3088 Ῡ.
3021 3020 3074 3088 5,
3111 3021 3166 3089 6,
3211 3021 3264 3088 7,
3308 3022 3361 3078 8.
3405 3022 3553 3080 Talis

1942 3099 2103 3156 etiam
2129 3102 2230 3159 fuit
2268 3103 2581 3175 Philemon,
2611 3106 2712 3180 Ep.
2743 3109 2811 3164 ad
2842 3110 3099 3182 Philem.,
3135 3115 3170 3184 ᾖ
3195 3153 3208 3168 .
3237 3115 3296 3180 5,
3326 3115 3379 3184 6,
3415 3117 3467 3184 7,
3498 3127 3554 3174 et

1942 3193 2162 3252 Mnason
2200 3193 2462 3270 Cyprius,
2505 3201 2631 3256 Act.
2674 3217 2799 3269 XXI,
2845 3203 2934 3260 16.
2981 3205 3346 3263 Ecclesiarum
3373 3219 3554 3266 tamen

1948 3289 2222 3361 publicum
2249 3291 2302 3348 id
2333 3294 2494 3366 vulgo
2521 3294 2688 3352 fuisse
2716 3298 2928 3355 videtur
2949 3300 3205 3358 ofﬁcium.
3235 3303 3335 3360 lllo
3357 3321 3556 3378 nempe

1949 3380 2167 3458 hospitii
2190 3387 2313 3455 jure
2345 3402 2468 3442 usas
2497 3386 2724 3459 legimus
2751 3391 2802 3445 in
2831 3407 2890 3448 se
2911 3392 3140 3451 invicem
3169 3397 3384 3454 illorum
3415 3409 3553 3456 lem-

1949 3489 2140 3547 porum
2169 3477 2405 3550 integras
2435 3481 2596 3536 etiam
2626 3483 2897 3542 civitates.
2930 3487 3191 3561 Exempla
3221 3491 3386 3548 habet
3415 3509 3555 3550 non-

1949 3569 2124 3637 nulla,
2168 3571 2224 3626 ni
2261 3569 2440 3639 fallor,
2486 3573 2538 3628 in
2583 3573 2824 3633 Verrinis
2858 3576 3070 3637 Cicero.
3110 3581 3180 3639 Ut
3223 3586 3446 3656 proinde
3487 3588 3560 3644 ad

1950 3663 2240 3731 ecclesias,
2283 3681 2403 3737 quae
2439 3666 2688 3725 civitates
2719 3669 2997 3743 integras,
3034 3690 3132 3745 pro
3160 3676 3304 3732 illius
3341 3695 3557 3752 quoque

1952 3759 2136 3814 saeculi
2167 3775 2356 3828 more,
2403 3762 2921 3834 complecterentur,
2971 3784 3196 3841 quaeque
3245 3773 3556 3833 civitatibus

1953 3853 2179 3924 proinde
2206 3853 2558 3912 conferuntur
2587 3857 2655 3913 ab
2683 3857 2915 3932 Origene
2945 3860 3060 3934 (tib.
3094 3879 3171 3932 Ill,
3205 3866 3555 3942 cont._Cels.),

1954 3947 2231 4004 dimanare
2275 3947 2526 4006 facillime
2572 3953 2829 4023 potuerit.
2869 3954 3178 4013 Przesertim
3223 3975 3343 4016 cum
3384 3961 3558 4020 Judaei

1954 4041 2114 4095 etiam
2156 4041 2618 4114 hierosoiymitani
2663 4060 2785 4100 cum
2819 4049 3240 4118 provincialibus
3267 4053 3562 4131 διασπορᾶς

1955 4134 2143 4190 eadem
2174 4133 2372 4204 ofﬁcia,
2395 4146 2522 4193 ante
2549 4136 2946 4197 Christianismi
2977 4144 3137 4200 etiam
3170 4149 3377 4204 natales
3406 4165 3564 4207 exer-

1957 4228 2211 4283 cuissent.
2231 4227 2310 4284 Nc
2340 4230 2553 4301 longius
2581 4232 2794 4300 abeam,
2823 4233 2876 4288 id
2905 4237 3102 4307 colligo
3119 4254 3184 4295 ex
3216 4241 3336 4296 Act.
3370 4258 3555 4312 xxvni,

1957 4322 2047 4390 2|,
2078 4331 2362 4394 propterea
2398 4325 2490 4396 qui
2523 4326 2576 4380 in
2614 4325 2843 4397 publicis
2868 4340 3052 4385 essent
3081 4332 3336 4390 Ecclesia}
3366 4337 3560 4394 ciliciis

1959 4417 2258 4482 constituti,
2285 4417 2353 4473 ad
2377 4417 2500 4475 illos
2529 4421 2802 4492 praecipue
2826 4425 3141 4493 spectabant
3171 4427 3288 4484 haec
3317 4429 3560 4502 hospita-

1959 4511 2124 4568 litatis
2153 4512 2354 4568 munia.
2379 4513 2457 4570 De
2475 4513 2652 4570 viduis
2677 4516 2937 4572 Ecclesiae
2957 4519 3029 4574 ita
3057 4521 3246 4578 scribit
3266 4523 3565 4594 Apostolus

239 4617 643 4706 nonnunquaﬂ
694 4620 939 4688 queritur
991 4615 1307 4688 Apostolus.
1341 4613 1508 4705 iidem
1561 4614 1843 4676 διοικοῦντες

1955 4605 2023 4680 (I
2058 4605 2216 4675 Tim.,
2248 4622 2301 4668 v,
2331 4606 2439 4678 10)
2473 4625 2488 4662 :
2517 4607 2583 4664 Si
2637 4607 2856 4678 hospitio
2904 4612 3115 4684 recepit,
3171 4613 3216 4669 si
3263 4629 3563 4675 sanctorum

242 4715 394 4785 (erat
422 4715 572 4770 enim
603 4699 723 4769 haec
744 4713 1218 4784 eleemosynarum
1248 4701 1611 4781 suppeditatio
1639 4707 1857 4780 proprie

240 4809 320 4865 sic
355 4807 500 4864 dicta
518 4803 772 4878 διακονία)
795 4807 956 4878 (Ach,
976 4821 1088 4870 xIx,
1112 4804 1239 4878 22);
1268 4805 1524 4879 ὑπηρέται
1548 4801 1711 4872 (Act.,
1736 4816 1854 4867 xui,

242 4901 321 4974 5).
370 4901 444 4958 Et
473 4916 607 4958 vero
633 4900 1018 4972 quamplurimi
1063 4908 1219 4956 erant
1251 4900 1342 4971 qui
1375 4897 1433 4955 S.
1464 4897 1631 4953 Paulo
1657 4897 1728 4952 ita
1755 4895 1857 4951 mi-

243 5000 585 5065 nistrarent,
619 4996 863 5052 nonnulli
893 4995 1142 5067 equidem
1166 4995 1234 5051 ab
1265 4993 1384 5065 ipso
1413 4992 1698 5062 assumpti,
1724 5005 1857 5046 non-

245 5093 384 5150 mutii
413 5093 489 5148 ab
513 5091 764 5148 ecclesiis
792 5090 859 5145 ad
897 5090 1048 5146 illum
1077 5088 1333 5160 delegati,
1361 5085 1609 5142 nonnulli
1635 5084 1796 5140 etiam
1825 5099 1856 5140 a

246 5188 452 5260 seipsis
479 5185 663 5243 devoti
702 5191 866 5256 atque
911 5183 1100 5241 dicati.
1134 5181 1283 5240 Idem
1326 5181 1394 5238 ah
1427 5179 1687 5252 apostolis
1723 5179 1858 5250 ipsis

248 5280 606 5338 observatum
627 5287 744 5347 est,
770 5285 829 5333 ut
852 5276 1192 5350 gravissimis
1222 5276 1292 5332 de
1321 5275 1498 5332 causis
1529 5274 1731 5346 legatos
1750 5286 1859 5328 non

229 5375 394 5432 alios
418 5373 743 5430 adhiberent
772 5387 934 5445 quam
977 5372 1068 5444 qui
1102 5371 1324 5442 reliquis
1363 5370 1760 5442 prwcellerent.
1784 5367 1860 5424 ita

248 5470 459 5527 factum
481 5469 542 5526 in
567 5468 818 5524 Concilio
854 5467 1358 5540 hierosolymitano,
1383 5480 1511 5521 cum
1535 5465 1600 5520 de
1631 5464 1863 5520 circum-

249 5563 482 5621 cisionis
512 5563 840 5620 necessitate
870 5561 937 5617 ad
968 5559 1275 5617 Eeciesiam
1317 5558 1700 5615 antiochenam
1732 5556 1861 5613 mit-

247 5656 482 5714 tendum
524 5664 674 5713 esset
715 5655 1102 5727 Apostolorum
1155 5651 1431 5709 decretum
1453 5694 1470 5721 ,
1515 5666 1623 5708 non
1669 5649 1864 5707 obvios

248 5749 531 5822 quoslibet
556 5748 650 5822 qui
684 5762 747 5807 se
767 5747 915 5805 uitro
939 5746 1239 5804 oderebant
1262 5788 1276 5813 ,
1309 5743 1406 5802 sed
1445 5744 1650 5800 electos
1692 5757 1723 5799 e
1767 5755 1867 5798 suo

247 5855 483 5900 nam
523 5841 674 5901 viros
710 5840 1113 5901 constituerant
1151 5838 1248 5911 qui
1279 5837 1384 5897 hoc
1413 5850 1643 5894 munere
1674 5833 1862 5908 funge-

1960 4698 2112 4768 pedes
2159 4697 2320 4768 lavit,
2375 4699 2419 4754 si
2473 4701 2853 4756 tribulationem
2914 4706 3224 4774 patientibus
3281 4711 3559 4767 subminis-

1959 4792 2129 4847 travit.
2189 4792 2264 4849 De
2295 4794 2600 4864 episcopo:
2649 4791 2863 4865 Oportet
2913 4797 3049 4852 enim
3093 4801 3386 4872 episCOpum
3433 4806 3563 4861 irre-

1958 4885 2346 4958 preltensibilem
2370 4903 2510 4955 esse,
2543 4887 2694 4942 unius
2723 4890 2897 4946 uxoris
2918 4892 3091 4946 ’virum
3109 4935 3123 4960 ,
3153 4896 3406 4966 sobrium,
3439 4917 3564 4970 pru-

1959 4979 2180 5048 dentem,
2213 4990 2473 5045 ornatum,
2505 4981 2770 5052 pudicum,
2801 4983 3105 5062 hospitalem
3136 4987 3177 5061 (ι
3201 4989 3362 5058 Tint.,
3383 5009 3459 5059 lli,
3481 4994 3561 5065 2).

1960 5077 2170 5134 Rursus
2192 5077 2260 5133 de
2288 5076 2478 5132 eodem
2516 5095 2529 5130 :
2563 5076 2672 5132 Sed
2694 5077 3017 5150 hospitalem,
3043 5083 3313 5156 benignum
3341 5087 3566 5142 sobrium

1963 5170 2116 5246 (Tit.,
2138 5181 2176 5236 Ι,
2205 5169 2284 5243 8),
2304 5177 2409 5226 etc.
2432 5168 2482 5225 IS
2500 5169 2643 5225 enim
2661 5177 2794 5228 πᾶσι
2818 5182 2924 5236 τοῖς
2946 5177 2996 5229 ἐν
3018 5180 3176 5254 χρείᾳ
3197 5174 3313 5234 οὖσι
3337 5179 3563 5252 κηδέμων

1962 5275 2101 5332 erat,
2131 5273 2266 5320 teste
2292 5263 2351 5319 S.
2384 5262 2598 5319 Justino
2624 5275 2862 5338 martyre
2891 5265 3159 5341 (Apotog.,
3193 5274 3272 5343 ιι).

2039 5359 2068 5431 §
2111 5358 2198 5414 l9.
2243 5357 2369 5413 Haec
2390 5357 2551 5428 igitur
2585 5374 2710 5430 erga
2740 5375 2930 5416 omnes
2963 5372 3118 5418 erant
3153 5367 3566 5436 peregrinantes

1965 5451 2272 5508 communia
2299 5451 2652 5507 ecclesiarum
2689 5451 2897 5519 oi‘licia,
2932 5469 3051 5525 quae
3081 5456 3207 5526 quin
3240 5459 3373 5526 ipsis
3403 5463 3567 5520 etiam

1965 5546 2223 5618 apostolis
2243 5544 2539 5601 officiosius
2565 5557 2970 5616 praestarentur,
2997 5548 3124 5603 nihil
3153 5565 3284 5608 sane
3314 5563 3398 5610 est
3425 5557 3569 5628 quod

1967 5643 2292 5700 dubitemus.
2324 5639 2521 5698 Nescio
2559 5643 2916 5713 quicquamne
2946 5643 3107 5699 ftierit
3134 5662 3240 5717 quo
3278 5652 3374 5706 viri
3419 5654 3570 5712 illus-

1967 5747 2096 5803 tres,
2119 5751 2215 5809 pro
2235 5735 2379 5792 illius
2399 5733 2584 5792 saeculi
2607 5751 2776 5804 more,
2801 5736 2974 5806 excipi
2994 5736 3256 5809 solerent,
3273 5746 3399 5816 quin
3425 5747 3570 5804 idem

1970 5831 2102 5892 illud
2144 5832 2198 5889 in
2228 5831 2488 5903 apostolis
2529 5829 2906 5902 primariisque
2948 5831 3076 5891 Eccl
3095 5835 3223 5894 θείω
3265 5839 3393 5897 viris
3434 5845 3574 5902 exci~
