  <div class='ocr_page' id='page_1' title='image "/cluster/home/n/w/nwhite01/storage/ocr_20150623/5/hvd.32044015466758/029.png"; bbox 0 0 3994 6318; ppageno 0'>
   <div class='ocr_carea' id='block_1_1' title="bbox 378 189 3678 280">
    <p class='ocr_par' dir='ltr' id='par_1_1' title="bbox 378 189 3678 280">
     <span class='ocr_line' id='line_1_1' title="bbox 378 189 3678 280; baseline 0.003 -11"><span class='ocrx_word' id='word_1_1' title='bbox 378 219 447 280; x_wconf 68' lang='grc'><strong>47</strong></span> <span class='ocrx_word' id='word_1_2' title='bbox 1325 211 1692 274; x_wconf 83' lang='lat' dir='ltr'><strong>DODWELLI</strong></span> <span class='ocrx_word' id='word_1_3' title='bbox 1730 210 2182 274; x_wconf 80' lang='lat' dir='ltr'><strong>DlSSERTATlO</strong></span> <span class='ocrx_word' id='word_1_4' title='bbox 2206 211 2614 275; x_wconf 80' lang='lat' dir='ltr'><strong>CYPRIANICA</strong></span> <span class='ocrx_word' id='word_1_5' title='bbox 3503 189 3508 196; x_wconf 80' lang='grc'><em>’</em></span> <span class='ocrx_word' id='word_1_6' title='bbox 3602 219 3678 279; x_wconf 74' lang='lat' dir='ltr'><strong>ss</strong></span> 
     </span>
    </p>
   </div>
   <div class='ocr_carea' id='block_1_2' title="bbox 379 329 3684 409">
    <p class='ocr_par' dir='ltr' id='par_1_2' title="bbox 379 329 3684 409">
     <span class='ocr_line' id='line_1_2' title="bbox 379 329 3684 409; baseline 0 -16"><span class='ocrx_word' id='word_1_7' title='bbox 379 335 589 407; x_wconf 85' lang='lat' dir='ltr'><strong>piendis</strong></span> <span class='ocrx_word' id='word_1_8' title='bbox 630 333 967 391; x_wconf 82' lang='lat' dir='ltr'><strong>observarint</strong></span> <span class='ocrx_word' id='word_1_9' title='bbox 1015 331 1175 390; x_wconf 87' lang='lat' dir='ltr'><strong>etiam</strong></span> <span class='ocrx_word' id='word_1_10' title='bbox 1217 330 1506 400; x_wconf 61' lang='lat' dir='ltr'><strong>Ecclesiae;</strong></span> <span class='ocrx_word' id='word_1_11' title='bbox 1552 343 1607 390; x_wconf 92' lang='lat' dir='ltr'><strong>et</strong></span> <span class='ocrx_word' id='word_1_12' title='bbox 1649 333 1864 405; x_wconf 99' lang='lat' dir='ltr'><strong>quidem</strong></span> <span class='ocrx_word' id='word_1_13' title='bbox 1915 348 1980 388; x_wconf 90' lang='lat' dir='ltr'><strong>eo</strong></span> <span class='ocrx_word' id='word_1_14' title='bbox 2006 329 2060 392; x_wconf 79' lang='grc' dir='ltr'><strong>Α</strong></span> <span class='ocrx_word' id='word_1_15' title='bbox 2087 331 2411 400; x_wconf 89' lang='lat' dir='ltr'><strong>ritmentio,</strong></span> <span class='ocrx_word' id='word_1_16' title='bbox 2445 334 2818 407; x_wconf 90' lang='lat' dir='ltr'><strong>episcoporum</strong></span> <span class='ocrx_word' id='word_1_17' title='bbox 2849 334 3102 394; x_wconf 79' lang='lat' dir='ltr'><strong>videlicet</strong></span> <span class='ocrx_word' id='word_1_18' title='bbox 3130 334 3567 409; x_wconf 78' lang='lat' dir='ltr'><strong>presbyterorum</strong></span> <span class='ocrx_word' id='word_1_19' title='bbox 3597 347 3684 394; x_wconf 84' lang='lat' dir='ltr'><strong>at-</strong></span> 
     </span>
    </p>
   </div>
   <div class='ocr_carea' id='block_1_3' title="bbox 379 428 1978 504">
    <p class='ocr_par' dir='ltr' id='par_1_3' title="bbox 379 428 1978 504">
     <span class='ocr_line' id='line_1_3' title="bbox 379 428 1978 504; baseline -0.003 -18"><span class='ocrx_word' id='word_1_20' title='bbox 379 430 702 504; x_wconf 86' lang='lat' dir='ltr'><strong>promptiori</strong></span> <span class='ocrx_word' id='word_1_21' title='bbox 730 431 910 486; x_wconf 90' lang='lat' dir='ltr'><strong>animo</strong></span> <span class='ocrx_word' id='word_1_22' title='bbox 932 473 945 498; x_wconf 97' lang='lat'><strong>,</strong></span> <span class='ocrx_word' id='word_1_23' title='bbox 978 429 1118 501; x_wconf 91' lang='lat' dir='ltr'><strong>quod</strong></span> <span class='ocrx_word' id='word_1_24' title='bbox 1150 445 1257 485; x_wconf 91' lang='lat' dir='ltr'><strong>non</strong></span> <span class='ocrx_word' id='word_1_25' title='bbox 1281 428 1490 485; x_wconf 91' lang='lat' dir='ltr'><strong>illorum</strong></span> <span class='ocrx_word' id='word_1_26' title='bbox 1524 428 1687 484; x_wconf 87' lang='lat' dir='ltr'><strong>tnodo</strong></span> <span class='ocrx_word' id='word_1_27' title='bbox 1717 428 1978 500; x_wconf 91' lang='lat' dir='ltr'><strong>gratiam,</strong></span> 
     </span>
    </p>
   </div>
   <div class='ocr_carea' id='block_1_4' title="bbox 382 522 1982 596">
    <p class='ocr_par' dir='ltr' id='par_1_4' title="bbox 382 522 1982 596">
     <span class='ocr_line' id='line_1_4' title="bbox 382 522 1982 596; baseline -0.002 -17"><span class='ocrx_word' id='word_1_28' title='bbox 382 523 577 596; x_wconf 82' lang='lat' dir='ltr'><strong>quibus</strong></span> <span class='ocrx_word' id='word_1_29' title='bbox 607 540 670 580; x_wconf 90' lang='lat' dir='ltr'><strong>ca</strong></span> <span class='ocrx_word' id='word_1_30' title='bbox 704 525 1082 594; x_wconf 64' lang='lat' dir='ltr'><strong>praestiterant,</strong></span> <span class='ocrx_word' id='word_1_31' title='bbox 1113 523 1207 579; x_wconf 91' lang='lat' dir='ltr'><strong>sed</strong></span> <span class='ocrx_word' id='word_1_32' title='bbox 1239 523 1334 579; x_wconf 88' lang='lat' dir='ltr'><strong>Dei</strong></span> <span class='ocrx_word' id='word_1_33' title='bbox 1367 522 1502 578; x_wconf 89' lang='lat' dir='ltr'><strong>adeo</strong></span> <span class='ocrx_word' id='word_1_34' title='bbox 1530 522 1717 593; x_wconf 82' lang='lat' dir='ltr'><strong>ipsius,</strong></span> <span class='ocrx_word' id='word_1_35' title='bbox 1747 522 1899 594; x_wconf 85' lang='lat' dir='ltr'><strong>cujus</strong></span> <span class='ocrx_word' id='word_1_36' title='bbox 1930 522 1982 576; x_wconf 92' lang='lat' dir='ltr'><strong>in</strong></span> 
     </span>
    </p>
   </div>
   <div class='ocr_carea' id='block_1_5' title="bbox 383 614 1988 688">
    <p class='ocr_par' dir='ltr' id='par_1_5' title="bbox 383 614 1988 688">
     <span class='ocr_line' id='line_1_5' title="bbox 383 614 1988 688; baseline 0 -16"><span class='ocrx_word' id='word_1_37' title='bbox 383 630 552 688; x_wconf 83' lang='lat' dir='ltr'><strong>opere</strong></span> <span class='ocrx_word' id='word_1_38' title='bbox 579 625 994 685; x_wconf 87' lang='lat' dir='ltr'><strong>occuparentur,</strong></span> <span class='ocrx_word' id='word_1_39' title='bbox 1026 631 1087 672; x_wconf 91' lang='lat' dir='ltr'><strong>se</strong></span> <span class='ocrx_word' id='word_1_40' title='bbox 1115 614 1381 672; x_wconf 83' lang='lat' dir='ltr'><strong>demereri</strong></span> <span class='ocrx_word' id='word_1_41' title='bbox 1411 615 1731 681; x_wconf 87' lang='lat' dir='ltr'><strong>crederent,</strong></span> <span class='ocrx_word' id='word_1_42' title='bbox 1765 617 1988 686; x_wconf 82' lang='lat' dir='ltr'><strong>partici-</strong></span> 
     </span>
    </p>
   </div>
   <div class='ocr_carea' id='block_1_6' title="bbox 384 709 1986 784">
    <p class='ocr_par' dir='ltr' id='par_1_6' title="bbox 384 709 1986 784">
     <span class='ocr_line' id='line_1_6' title="bbox 384 709 1986 784; baseline -0.002 -17"><span class='ocrx_word' id='word_1_43' title='bbox 384 725 591 784; x_wconf 82' lang='lat' dir='ltr'><strong>pcsque</strong></span> <span class='ocrx_word' id='word_1_44' title='bbox 619 725 678 766; x_wconf 91' lang='lat' dir='ltr'><strong>se</strong></span> <span class='ocrx_word' id='word_1_45' title='bbox 709 709 922 766; x_wconf 90' lang='lat' dir='ltr'><strong>illorum</strong></span> <span class='ocrx_word' id='word_1_46' title='bbox 949 726 1164 783; x_wconf 82' lang='lat' dir='ltr'><strong>quoque</strong></span> <span class='ocrx_word' id='word_1_47' title='bbox 1206 725 1427 782; x_wconf 91' lang='lat' dir='ltr'><strong>operum</strong></span> <span class='ocrx_word' id='word_1_48' title='bbox 1463 709 1694 766; x_wconf 86' lang='lat' dir='ltr'><strong>futuros.</strong></span> <span class='ocrx_word' id='word_1_49' title='bbox 1727 709 1986 780; x_wconf 79' lang='lat' dir='ltr'><strong>Apostolo</strong></span> 
     </span>
    </p>
   </div>
   <div class='ocr_carea' id='block_1_7' title="bbox 386 799 1985 872">
    <p class='ocr_par' dir='ltr' id='par_1_7' title="bbox 386 799 1985 872">
     <span class='ocr_line' id='line_1_7' title="bbox 386 799 1985 872; baseline -0.004 -10"><span class='ocrx_word' id='word_1_50' title='bbox 386 806 613 862; x_wconf 81' lang='lat' dir='ltr'><strong>Romam</strong></span> <span class='ocrx_word' id='word_1_51' title='bbox 643 803 878 860; x_wconf 88' lang='lat' dir='ltr'><strong>venienti</strong></span> <span class='ocrx_word' id='word_1_52' title='bbox 910 803 1123 858; x_wconf 85' lang='lat' dir='ltr'><strong>obviam</strong></span> <span class='ocrx_word' id='word_1_53' title='bbox 1151 803 1303 860; x_wconf 82' lang='lat' dir='ltr'><strong>effusi</strong></span> <span class='ocrx_word' id='word_1_54' title='bbox 1331 810 1456 858; x_wconf 85' lang='lat' dir='ltr'><strong>sunt</strong></span> <span class='ocrx_word' id='word_1_55' title='bbox 1476 801 1691 868; x_wconf 78' lang='lat' dir='ltr'><strong>fratres,</strong></span> <span class='ocrx_word' id='word_1_56' title='bbox 1722 817 1890 872; x_wconf 90' lang='lat' dir='ltr'><strong>usque</strong></span> <span class='ocrx_word' id='word_1_57' title='bbox 1918 799 1985 855; x_wconf 89' lang='lat' dir='ltr'><strong>ad</strong></span> 
     </span>
    </p>
   </div>
   <div class='ocr_carea' id='block_1_8' title="bbox 386 894 1988 971">
    <p class='ocr_par' dir='ltr' id='par_1_8' title="bbox 386 894 1988 971">
     <span class='ocr_line' id='line_1_8' title="bbox 386 894 1988 971; baseline -0.004 -15"><span class='ocrx_word' id='word_1_58' title='bbox 386 901 547 971; x_wconf 69' lang='lat' dir='ltr'><strong>Appii</strong></span> <span class='ocrx_word' id='word_1_59' title='bbox 565 900 738 956; x_wconf 85' lang='lat' dir='ltr'><strong>forum</strong></span> <span class='ocrx_word' id='word_1_60' title='bbox 757 909 811 954; x_wconf 90' lang='lat' dir='ltr'><strong>et</strong></span> <span class='ocrx_word' id='word_1_61' title='bbox 825 899 957 954; x_wconf 82' lang='lat' dir='ltr'><strong>Tres</strong></span> <span class='ocrx_word' id='word_1_62' title='bbox 974 898 1249 954; x_wconf 84' lang='lat' dir='ltr'><strong>Tabernas</strong></span> <span class='ocrx_word' id='word_1_63' title='bbox 1263 897 1422 969; x_wconf 80' lang='lat' dir='ltr'><strong>(Act.,</strong></span> <span class='ocrx_word' id='word_1_64' title='bbox 1438 913 1628 962; x_wconf 86' lang='lat' dir='ltr'><strong>xxvnt,</strong></span> <span class='ocrx_word' id='word_1_65' title='bbox 1653 895 1765 966; x_wconf 76' lang='grc'><strong>15).</strong></span> <span class='ocrx_word' id='word_1_66' title='bbox 1785 894 1988 965; x_wconf 84' lang='lat' dir='ltr'><strong>lgnatio</strong></span> 
     </span>
    </p>
   </div>
   <div class='ocr_carea' id='block_1_9' title="bbox 389 989 1986 1065">
    <p class='ocr_par' dir='ltr' id='par_1_9' title="bbox 389 989 1986 1065">
     <span class='ocr_line' id='line_1_9' title="bbox 389 989 1986 1065; baseline -0.006 -15"><span class='ocrx_word' id='word_1_67' title='bbox 389 1005 570 1052; x_wconf 85' lang='lat' dir='ltr'><strong>tamen</strong></span> <span class='ocrx_word' id='word_1_68' title='bbox 613 993 680 1050; x_wconf 91' lang='lat' dir='ltr'><strong>ad</strong></span> <span class='ocrx_word' id='word_1_69' title='bbox 723 992 1396 1065; x_wconf 85' lang='lat' dir='ltr'><strong>martyrium‘properanti</strong></span> <span class='ocrx_word' id='word_1_70' title='bbox 1433 1005 1601 1063; x_wconf 90' lang='lat' dir='ltr'><strong>usque</strong></span> <span class='ocrx_word' id='word_1_71' title='bbox 1641 989 1709 1044; x_wconf 90' lang='lat' dir='ltr'><strong>ad</strong></span> <span class='ocrx_word' id='word_1_72' title='bbox 1753 1000 1986 1059; x_wconf 88' lang='lat' dir='ltr'><strong>portum.</strong></span> 
     </span>
    </p>
   </div>
   <div class='ocr_carea' id='block_1_10' title="bbox 393 1082 1988 1152">
    <p class='ocr_par' dir='ltr' id='par_1_10' title="bbox 393 1082 1988 1152">
     <span class='ocr_line' id='line_1_10' title="bbox 393 1082 1988 1152; baseline -0.006 -8"><span class='ocrx_word' id='word_1_73' title='bbox 393 1088 685 1145; x_wconf 78' lang='lat' dir='ltr'><strong>Melitenses</strong></span> <span class='ocrx_word' id='word_1_74' title='bbox 713 1088 1049 1144; x_wconf 79' lang='lat' dir='ltr'><strong>discedentem</strong></span> <span class='ocrx_word' id='word_1_75' title='bbox 1077 1088 1247 1142; x_wconf 89' lang='lat' dir='ltr'><strong>multis</strong></span> <span class='ocrx_word' id='word_1_76' title='bbox 1279 1085 1552 1141; x_wconf 80' lang='lat' dir='ltr'><strong>honoribus</strong></span> <span class='ocrx_word' id='word_1_77' title='bbox 1583 1082 1988 1152; x_wconf 45' lang='lat' dir='ltr'><strong>honorareruntz,</strong></span> 
     </span>
    </p>
   </div>
   <div class='ocr_carea' id='block_1_11' title="bbox 390 1176 1989 1258">
    <p class='ocr_par' dir='ltr' id='par_1_11' title="bbox 390 1176 1989 1258">
     <span class='ocr_line' id='line_1_11' title="bbox 390 1176 1989 1258; baseline -0.006 -17"><span class='ocrx_word' id='word_1_78' title='bbox 390 1197 439 1242; x_wconf 90' lang='lat' dir='ltr'><strong>et</strong></span> <span class='ocrx_word' id='word_1_79' title='bbox 463 1185 816 1258; x_wconf 85' lang='lat' dir='ltr'><strong>nauigantibus</strong></span> <span class='ocrx_word' id='word_1_80' title='bbox 841 1187 1192 1256; x_wconf 87' lang='lat' dir='ltr'><strong>imposuerunt</strong></span> <span class='ocrx_word' id='word_1_81' title='bbox 1217 1200 1332 1256; x_wconf 73' lang='lat' dir='ltr'><strong>quae</strong></span> <span class='ocrx_word' id='word_1_82' title='bbox 1359 1180 1641 1237; x_wconf 86' lang='lat' dir='ltr'><strong>necessaria</strong></span> <span class='ocrx_word' id='word_1_83' title='bbox 1661 1188 1803 1235; x_wconf 87' lang='lat' dir='ltr'><strong>erant</strong></span> <span class='ocrx_word' id='word_1_84' title='bbox 1826 1176 1989 1251; x_wconf 85' lang='lat' dir='ltr'><strong>(Ibid.</strong></span> 
     </span>
    </p>
   </div>
   <div class='ocr_carea' id='block_1_12' title="bbox 393 1269 1994 1350">
    <p class='ocr_par' dir='ltr' id='par_1_12' title="bbox 393 1269 1994 1350">
     <span class='ocr_line' id='line_1_12' title="bbox 393 1269 1994 1350; baseline -0.007 -13"><span class='ocrx_word' id='word_1_85' title='bbox 393 1296 469 1347; x_wconf 88' lang='lat' dir='ltr'><strong>tv,</strong></span> <span class='ocrx_word' id='word_1_86' title='bbox 487 1279 577 1350; x_wconf 73' lang='lat'><strong>10)</strong></span> <span class='ocrx_word' id='word_1_87' title='bbox 589 1321 602 1336; x_wconf 94' lang='lat'><strong>.</strong></span> <span class='ocrx_word' id='word_1_88' title='bbox 630 1279 796 1334; x_wconf 89' lang='lat' dir='ltr'><strong>Erant</strong></span> <span class='ocrx_word' id='word_1_89' title='bbox 809 1276 926 1333; x_wconf 63' lang='lat' dir='ltr'><strong>hate</strong></span> <span class='ocrx_word' id='word_1_90' title='bbox 940 1293 1124 1332; x_wconf 91' lang='lat' dir='ltr'><strong>eorum</strong></span> <span class='ocrx_word' id='word_1_91' title='bbox 1145 1275 1495 1347; x_wconf 85' lang='lat' dir='ltr'><strong>proculdubio</strong></span> <span class='ocrx_word' id='word_1_92' title='bbox 1511 1274 1686 1329; x_wconf 83' lang='lat' dir='ltr'><strong>xenia.</strong></span> <span class='ocrx_word' id='word_1_93' title='bbox 1706 1269 1994 1326; x_wconf 89' lang='lat' dir='ltr'><strong>Disceden-</strong></span> 
     </span>
    </p>
   </div>
   <div class='ocr_carea' id='block_1_13' title="bbox 389 1365 1990 1442">
    <p class='ocr_par' dir='ltr' id='par_1_13' title="bbox 389 1365 1990 1442">
     <span class='ocr_line' id='line_1_13' title="bbox 389 1365 1990 1442; baseline -0.004 -15"><span class='ocrx_word' id='word_1_94' title='bbox 389 1383 502 1429; x_wconf 89' lang='lat' dir='ltr'><strong>tcm</strong></span> <span class='ocrx_word' id='word_1_95' title='bbox 541 1372 606 1429; x_wconf 93' lang='lat' dir='ltr'><strong>ad</strong></span> <span class='ocrx_word' id='word_1_96' title='bbox 640 1388 828 1429; x_wconf 88' lang='lat' dir='ltr'><strong>navem</strong></span> <span class='ocrx_word' id='word_1_97' title='bbox 857 1386 1025 1442; x_wconf 76' lang='lat' dir='ltr'><strong>usque</strong></span> <span class='ocrx_word' id='word_1_98' title='bbox 1045 1371 1282 1426; x_wconf 84' lang='lat' dir='ltr'><strong>comitati</strong></span> <span class='ocrx_word' id='word_1_99' title='bbox 1313 1379 1441 1426; x_wconf 90' lang='lat' dir='ltr'><strong>sunt</strong></span> <span class='ocrx_word' id='word_1_100' title='bbox 1472 1368 1689 1440; x_wconf 86' lang='lat' dir='ltr'><strong>Ephesii</strong></span> <span class='ocrx_word' id='word_1_101' title='bbox 1723 1365 1860 1439; x_wconf 82' lang='lat' dir='ltr'><strong>(Act.</strong></span> <span class='ocrx_word' id='word_1_102' title='bbox 1893 1381 1990 1432; x_wconf 81' lang='lat' dir='ltr'><strong>xx,</strong></span> 
     </span>
    </p>
   </div>
   <div class='ocr_carea' id='block_1_14' title="bbox 391 1461 1996 1541">
    <p class='ocr_par' dir='ltr' id='par_1_14' title="bbox 391 1461 1996 1541">
     <span class='ocr_line' id='line_1_14' title="bbox 391 1461 1996 1541; baseline -0.006 -16"><span class='ocrx_word' id='word_1_103' title='bbox 391 1468 510 1537; x_wconf 76' lang='lat'><strong>38).</strong></span> <span class='ocrx_word' id='word_1_104' title='bbox 546 1466 671 1523; x_wconf 67' lang='lat' dir='ltr'><strong>Haec</strong></span> <span class='ocrx_word' id='word_1_105' title='bbox 701 1477 816 1522; x_wconf 90' lang='lat' dir='ltr'><strong>erat</strong></span> <span class='ocrx_word' id='word_1_106' title='bbox 845 1473 1130 1541; x_wconf 75' lang='grc' dir='ltr'><strong>προπομπή</strong></span> <span class='ocrx_word' id='word_1_107' title='bbox 1149 1507 1166 1530; x_wconf 86' lang='grc'><strong>.</strong></span> <span class='ocrx_word' id='word_1_108' title='bbox 1197 1465 1351 1536; x_wconf 88' lang='lat' dir='ltr'><strong>cujus</strong></span> <span class='ocrx_word' id='word_1_109' title='bbox 1383 1465 1544 1522; x_wconf 84' lang='lat' dir='ltr'><strong>etiam</strong></span> <span class='ocrx_word' id='word_1_110' title='bbox 1576 1464 1690 1534; x_wconf 89' lang='lat' dir='ltr'><strong>ipse</strong></span> <span class='ocrx_word' id='word_1_111' title='bbox 1719 1461 1996 1534; x_wconf 90' lang='lat' dir='ltr'><strong>quamplu-</strong></span> 
     </span>
    </p>
   </div>
   <div class='ocr_carea' id='block_1_15' title="bbox 389 1553 1998 1629">
    <p class='ocr_par' dir='ltr' id='par_1_15' title="bbox 389 1553 1998 1629">
     <span class='ocr_line' id='line_1_15' title="bbox 389 1553 1998 1629; baseline -0.006 -11"><span class='ocrx_word' id='word_1_112' title='bbox 389 1560 547 1618; x_wconf 83' lang='lat' dir='ltr'><strong>rimis</strong></span> <span class='ocrx_word' id='word_1_113' title='bbox 587 1561 638 1615; x_wconf 92' lang='lat' dir='ltr'><strong>in</strong></span> <span class='ocrx_word' id='word_1_114' title='bbox 671 1559 803 1616; x_wconf 88' lang='lat' dir='ltr'><strong>locis</strong></span> <span class='ocrx_word' id='word_1_115' title='bbox 843 1561 1090 1615; x_wconf 89' lang='lat' dir='ltr'><strong>meminit</strong></span> <span class='ocrx_word' id='word_1_116' title='bbox 1128 1558 1441 1629; x_wconf 80' lang='lat' dir='ltr'><strong>Apostolus.</strong></span> <span class='ocrx_word' id='word_1_117' title='bbox 1478 1556 1534 1611; x_wconf 88' lang='lat' dir='ltr'><strong>ld</strong></span> <span class='ocrx_word' id='word_1_118' title='bbox 1573 1566 1752 1612; x_wconf 90' lang='lat' dir='ltr'><strong>autem</strong></span> <span class='ocrx_word' id='word_1_119' title='bbox 1795 1553 1859 1609; x_wconf 91' lang='lat' dir='ltr'><strong>ad</strong></span> <span class='ocrx_word' id='word_1_120' title='bbox 1903 1553 1998 1609; x_wconf 39' lang='lat' dir='ltr'><strong>hos</strong></span> 
     </span>
    </p>
   </div>
   <div class='ocr_carea' id='block_1_16' title="bbox 394 1650 1997 1725">
    <p class='ocr_par' dir='ltr' id='par_1_16' title="bbox 394 1650 1997 1725">
     <span class='ocr_line' id='line_1_16' title="bbox 394 1650 1997 1725; baseline -0.005 -15"><span class='ocrx_word' id='word_1_121' title='bbox 394 1670 582 1710; x_wconf 86' lang='lat' dir='ltr'><strong>norem</strong></span> <span class='ocrx_word' id='word_1_122' title='bbox 633 1654 930 1722; x_wconf 84' lang='lat' dir='ltr'><strong>venientis,</strong></span> <span class='ocrx_word' id='word_1_123' title='bbox 968 1669 1068 1725; x_wconf 88' lang='lat' dir='ltr'><strong>pro</strong></span> <span class='ocrx_word' id='word_1_124' title='bbox 1114 1653 1255 1708; x_wconf 91' lang='lat' dir='ltr'><strong>illius</strong></span> <span class='ocrx_word' id='word_1_125' title='bbox 1299 1667 1511 1724; x_wconf 88' lang='lat' dir='ltr'><strong>quoque</strong></span> <span class='ocrx_word' id='word_1_126' title='bbox 1549 1650 1723 1706; x_wconf 82' lang='lat' dir='ltr'><strong>aetatis</strong></span> <span class='ocrx_word' id='word_1_127' title='bbox 1765 1663 1997 1706; x_wconf 82' lang='lat' dir='ltr'><strong>consue-</strong></span> 
     </span>
    </p>
   </div>
   <div class='ocr_carea' id='block_1_17' title="bbox 2088 427 3679 502">
    <p class='ocr_par' dir='ltr' id='par_1_17' title="bbox 2088 427 3679 502">
     <span class='ocr_line' id='line_1_17' title="bbox 2088 427 3679 502; baseline 0.004 -22"><span class='ocrx_word' id='word_1_128' title='bbox 2088 444 2190 500; x_wconf 85' lang='lat' dir='ltr'><strong>que</strong></span> <span class='ocrx_word' id='word_1_129' title='bbox 2214 427 2584 485; x_wconf 90' lang='lat' dir='ltr'><strong>diaconorum.</strong></span> <span class='ocrx_word' id='word_1_130' title='bbox 2608 428 3025 502; x_wconf 82' lang='lat' dir='ltr'><strong>Frcquentiores</strong></span> <span class='ocrx_word' id='word_1_131' title='bbox 3050 442 3206 489; x_wconf 88' lang='lat' dir='ltr'><strong>erant</strong></span> <span class='ocrx_word' id='word_1_132' title='bbox 3229 429 3679 498; x_wconf 85' lang='lat' dir='ltr'><strong>extraordinarii,</strong></span> 
     </span>
    </p>
   </div>
   <div class='ocr_carea' id='block_1_18' title="bbox 2093 523 3689 596">
    <p class='ocr_par' dir='ltr' id='par_1_18' title="bbox 2093 523 3689 596">
     <span class='ocr_line' id='line_1_18' title="bbox 2093 523 3689 596; baseline 0.001 -18"><span class='ocrx_word' id='word_1_133' title='bbox 2093 523 2354 593; x_wconf 87' lang='lat' dir='ltr'><strong>apostoli,</strong></span> <span class='ocrx_word' id='word_1_134' title='bbox 2407 523 2780 592; x_wconf 71' lang='lat' dir='ltr'><strong>evangelistm,</strong></span> <span class='ocrx_word' id='word_1_135' title='bbox 2831 535 3074 596; x_wconf 90' lang='lat' dir='ltr'><strong>pastores</strong></span> <span class='ocrx_word' id='word_1_136' title='bbox 3119 535 3280 596; x_wconf 86' lang='lat' dir='ltr'><strong>atque</strong></span> <span class='ocrx_word' id='word_1_137' title='bbox 3327 523 3580 581; x_wconf 87' lang='lat' dir='ltr'><strong>doctores</strong></span> <span class='ocrx_word' id='word_1_138' title='bbox 3630 532 3689 580; x_wconf 85' lang='lat' dir='ltr'><strong>et</strong></span> 
     </span>
    </p>
   </div>
   <div class='ocr_carea' id='block_1_19' title="bbox 2090 615 3691 689">
    <p class='ocr_par' dir='ltr' id='par_1_19' title="bbox 2090 615 3691 689">
     <span class='ocr_line' id='line_1_19' title="bbox 2090 615 3691 689; baseline 0.001 -19"><span class='ocrx_word' id='word_1_139' title='bbox 2090 615 2369 686; x_wconf 80' lang='lat' dir='ltr'><strong>propheta:</strong></span> <span class='ocrx_word' id='word_1_140' title='bbox 2405 617 2750 687; x_wconf 86' lang='lat' dir='ltr'><strong>notioresque</strong></span> <span class='ocrx_word' id='word_1_141' title='bbox 2785 618 3005 674; x_wconf 91' lang='lat' dir='ltr'><strong>omnino</strong></span> <span class='ocrx_word' id='word_1_142' title='bbox 3043 626 3204 689; x_wconf 85' lang='lat' dir='ltr'><strong>atque</strong></span> <span class='ocrx_word' id='word_1_143' title='bbox 3241 617 3587 674; x_wconf 90' lang='lat' dir='ltr'><strong>celebriores.</strong></span> <span class='ocrx_word' id='word_1_144' title='bbox 3617 615 3691 672; x_wconf 89' lang='lat' dir='ltr'><strong>Et</strong></span> 
     </span>
    </p>
   </div>
   <div class='ocr_carea' id='block_1_20' title="bbox 2093 709 3690 783">
    <p class='ocr_par' dir='ltr' id='par_1_20' title="bbox 2093 709 3690 783">
     <span class='ocr_line' id='line_1_20' title="bbox 2093 709 3690 783; baseline 0.001 -19"><span class='ocrx_word' id='word_1_145' title='bbox 2093 709 2368 780; x_wconf 86' lang='lat' dir='ltr'><strong>probabile</strong></span> <span class='ocrx_word' id='word_1_146' title='bbox 2397 711 2613 782; x_wconf 78' lang='lat' dir='ltr'><strong>quidem</strong></span> <span class='ocrx_word' id='word_1_147' title='bbox 2644 721 2726 767; x_wconf 92' lang='lat' dir='ltr'><strong>est</strong></span> <span class='ocrx_word' id='word_1_148' title='bbox 2756 711 2948 768; x_wconf 90' lang='lat' dir='ltr'><strong>horum</strong></span> <span class='ocrx_word' id='word_1_149' title='bbox 2981 713 3144 769; x_wconf 72' lang='lat' dir='ltr'><strong>fuisse</strong></span> <span class='ocrx_word' id='word_1_150' title='bbox 3185 711 3456 783; x_wconf 87' lang='lat' dir='ltr'><strong>propriam</strong></span> <span class='ocrx_word' id='word_1_151' title='bbox 3487 711 3690 783; x_wconf 84' lang='lat' dir='ltr'><strong>prima-</strong></span> 
     </span>
    </p>
   </div>
   <div class='ocr_carea' id='block_1_21' title="bbox 2093 801 3690 876">
    <p class='ocr_par' dir='ltr' id='par_1_21' title="bbox 2093 801 3690 876">
     <span class='ocr_line' id='line_1_21' title="bbox 2093 801 3690 876; baseline 0.003 -20"><span class='ocrx_word' id='word_1_152' title='bbox 2093 801 2224 856; x_wconf 90' lang='lat' dir='ltr'><strong>riam</strong></span> <span class='ocrx_word' id='word_1_153' title='bbox 2263 803 2408 858; x_wconf 88' lang='lat' dir='ltr'><strong>illam</strong></span> <span class='ocrx_word' id='word_1_154' title='bbox 2450 804 3010 876; x_wconf 88' lang='lat' dir='ltr'><strong>simplicissimamque</strong></span> <span class='ocrx_word' id='word_1_155' title='bbox 3038 805 3298 862; x_wconf 73' lang='lat' dir='ltr'><strong>Ecclesia:</strong></span> <span class='ocrx_word' id='word_1_156' title='bbox 3337 805 3690 863; x_wconf 87' lang='lat' dir='ltr'><strong>administra-</strong></span> 
     </span>
    </p>
   </div>
   <div class='ocr_carea' id='block_1_22' title="bbox 2099 894 3695 968">
    <p class='ocr_par' dir='ltr' id='par_1_22' title="bbox 2099 894 3695 968">
     <span class='ocr_line' id='line_1_22' title="bbox 2099 894 3695 968; baseline 0.004 -21"><span class='ocrx_word' id='word_1_157' title='bbox 2099 894 2332 962; x_wconf 88' lang='lat' dir='ltr'><strong>tionem;</strong></span> <span class='ocrx_word' id='word_1_158' title='bbox 2369 903 2478 950; x_wconf 92' lang='lat' dir='ltr'><strong>tum</strong></span> <span class='ocrx_word' id='word_1_159' title='bbox 2507 896 2724 966; x_wconf 87' lang='lat' dir='ltr'><strong>deinde,</strong></span> <span class='ocrx_word' id='word_1_160' title='bbox 2753 913 2876 953; x_wconf 90' lang='lat' dir='ltr'><strong>eum</strong></span> <span class='ocrx_word' id='word_1_161' title='bbox 2902 897 3346 968; x_wconf 88' lang='lat' dir='ltr'><strong>perturbatiorem</strong></span> <span class='ocrx_word' id='word_1_162' title='bbox 3373 897 3517 953; x_wconf 89' lang='lat' dir='ltr'><strong>illam</strong></span> <span class='ocrx_word' id='word_1_163' title='bbox 3545 898 3695 954; x_wconf 87' lang='lat' dir='ltr'><strong>inor-</strong></span> 
     </span>
    </p>
   </div>
   <div class='ocr_carea' id='block_1_23' title="bbox 2095 987 3694 1062">
    <p class='ocr_par' dir='ltr' id='par_1_23' title="bbox 2095 987 3694 1062">
     <span class='ocr_line' id='line_1_23' title="bbox 2095 987 3694 1062; baseline 0.004 -20"><span class='ocrx_word' id='word_1_164' title='bbox 2095 987 2528 1060; x_wconf 88' lang='lat' dir='ltr'><strong>diuatioremque</strong></span> <span class='ocrx_word' id='word_1_165' title='bbox 2572 991 2778 1060; x_wconf 88' lang='lat' dir='ltr'><strong>experti</strong></span> <span class='ocrx_word' id='word_1_166' title='bbox 2827 1000 3040 1058; x_wconf 89' lang='lat' dir='ltr'><strong>essent,</strong></span> <span class='ocrx_word' id='word_1_167' title='bbox 3092 990 3347 1062; x_wconf 86' lang='lat' dir='ltr'><strong>paulatim</strong></span> <span class='ocrx_word' id='word_1_168' title='bbox 3395 991 3447 1046; x_wconf 91' lang='lat' dir='ltr'><strong>in</strong></span> <span class='ocrx_word' id='word_1_169' title='bbox 3501 1007 3694 1049; x_wconf 92' lang='lat' dir='ltr'><strong>eorum</strong></span> 
     </span>
    </p>
   </div>
   <div class='ocr_carea' id='block_1_24' title="bbox 2095 1082 3698 1158">
    <p class='ocr_par' dir='ltr' id='par_1_24' title="bbox 2095 1082 3698 1158">
     <span class='ocr_line' id='line_1_24' title="bbox 2095 1082 3698 1158; baseline 0.004 -21"><span class='ocrx_word' id='word_1_170' title='bbox 2095 1082 2271 1138; x_wconf 93' lang='lat' dir='ltr'><strong>locum</strong></span> <span class='ocrx_word' id='word_1_171' title='bbox 2301 1085 2628 1141; x_wconf 88' lang='lat' dir='ltr'><strong>successisse</strong></span> <span class='ocrx_word' id='word_1_172' title='bbox 2660 1085 2938 1142; x_wconf 89' lang='lat' dir='ltr'><strong>ministros</strong></span> <span class='ocrx_word' id='word_1_173' title='bbox 2961 1086 3109 1154; x_wconf 92' lang='lat' dir='ltr'><strong>illos,</strong></span> <span class='ocrx_word' id='word_1_174' title='bbox 3141 1102 3277 1158; x_wconf 91' lang='lat' dir='ltr'><strong>quos</strong></span> <span class='ocrx_word' id='word_1_175' title='bbox 3309 1085 3468 1144; x_wconf 92' lang='lat' dir='ltr'><strong>hodie</strong></span> <span class='ocrx_word' id='word_1_176' title='bbox 3494 1088 3698 1144; x_wconf 87' lang='lat' dir='ltr'><strong>retine-</strong></span> 
     </span>
    </p>
   </div>
   <div class='ocr_carea' id='block_1_25' title="bbox 2097 1177 3697 1254">
    <p class='ocr_par' dir='ltr' id='par_1_25' title="bbox 2097 1177 3697 1254">
     <span class='ocr_line' id='line_1_25' title="bbox 2097 1177 3697 1254; baseline 0.005 -25"><span class='ocrx_word' id='word_1_177' title='bbox 2097 1191 2251 1243; x_wconf 88' lang='lat' dir='ltr'><strong>mus,</strong></span> <span class='ocrx_word' id='word_1_178' title='bbox 2293 1177 2596 1234; x_wconf 89' lang='lat' dir='ltr'><strong>ordinarios</strong></span> <span class='ocrx_word' id='word_1_179' title='bbox 2617 1221 2632 1245; x_wconf 95' lang='lat'><strong>,</strong></span> <span class='ocrx_word' id='word_1_180' title='bbox 2666 1179 3062 1250; x_wconf 87' lang='lat' dir='ltr'><strong>paulatimque,</strong></span> <span class='ocrx_word' id='word_1_181' title='bbox 3097 1196 3192 1251; x_wconf 88' lang='lat' dir='ltr'><strong>pro</strong></span> <span class='ocrx_word' id='word_1_182' title='bbox 3228 1196 3505 1254; x_wconf 85' lang='lat' dir='ltr'><strong>synaxeon</strong></span> <span class='ocrx_word' id='word_1_183' title='bbox 3533 1180 3697 1238; x_wconf 89' lang='lat' dir='ltr'><strong>disci-</strong></span> 
     </span>
    </p>
   </div>
   <div class='ocr_carea' id='block_1_26' title="bbox 2097 1271 3700 1342">
    <p class='ocr_par' dir='ltr' id='par_1_26' title="bbox 2097 1271 3700 1342">
     <span class='ocr_line' id='line_1_26' title="bbox 2097 1271 3700 1342; baseline 0.004 -17"><span class='ocrx_word' id='word_1_184' title='bbox 2097 1271 2280 1342; x_wconf 86' lang='lat' dir='ltr'><strong>plina,</strong></span> <span class='ocrx_word' id='word_1_185' title='bbox 2334 1273 2791 1330; x_wconf 83' lang='lat' dir='ltr'><strong>extraordinarios</strong></span> <span class='ocrx_word' id='word_1_186' title='bbox 2832 1275 2955 1330; x_wconf 92' lang='lat' dir='ltr'><strong>illos</strong></span> <span class='ocrx_word' id='word_1_187' title='bbox 3009 1274 3296 1331; x_wconf 90' lang='lat' dir='ltr'><strong>ordinariis</strong></span> <span class='ocrx_word' id='word_1_188' title='bbox 3350 1274 3522 1332; x_wconf 89' lang='lat' dir='ltr'><strong>factos</strong></span> <span class='ocrx_word' id='word_1_189' title='bbox 3575 1291 3700 1333; x_wconf 88' lang='lat' dir='ltr'><strong>esse</strong></span> 
     </span>
    </p>
   </div>
   <div class='ocr_carea' id='block_1_27' title="bbox 2100 1363 3701 1440">
    <p class='ocr_par' dir='ltr' id='par_1_27' title="bbox 2100 1363 3701 1440">
     <span class='ocr_line' id='line_1_27' title="bbox 2100 1363 3701 1440; baseline 0.002 -20"><span class='ocrx_word' id='word_1_190' title='bbox 2100 1363 2364 1422; x_wconf 90' lang='lat' dir='ltr'><strong>subditos.</strong></span> <span class='ocrx_word' id='word_1_191' title='bbox 2398 1366 2622 1434; x_wconf 85' lang='lat' dir='ltr'><strong>Quando</strong></span> <span class='ocrx_word' id='word_1_192' title='bbox 2651 1367 2811 1440; x_wconf 92' lang='lat' dir='ltr'><strong>igitur</strong></span> <span class='ocrx_word' id='word_1_193' title='bbox 2834 1383 3109 1439; x_wconf 83' lang='lat' dir='ltr'><strong>synaxeon</strong></span> <span class='ocrx_word' id='word_1_194' title='bbox 3151 1368 3334 1423; x_wconf 90' lang='lat' dir='ltr'><strong>munia</strong></span> <span class='ocrx_word' id='word_1_195' title='bbox 3366 1367 3617 1424; x_wconf 87' lang='lat' dir='ltr'><strong>obierunt</strong></span> <span class='ocrx_word' id='word_1_196' title='bbox 3643 1366 3701 1423; x_wconf 88' lang='lat' dir='ltr'><strong>bi</strong></span> 
     </span>
    </p>
   </div>
   <div class='ocr_carea' id='block_1_28' title="bbox 2100 1459 3705 1532">
    <p class='ocr_par' dir='ltr' id='par_1_28' title="bbox 2100 1459 3705 1532">
     <span class='ocr_line' id='line_1_28' title="bbox 2100 1459 3705 1532; baseline 0.001 -18"><span class='ocrx_word' id='word_1_197' title='bbox 2100 1459 2511 1515; x_wconf 82' lang='lat' dir='ltr'><strong>extraordinarii</strong></span> <span class='ocrx_word' id='word_1_198' title='bbox 2540 1459 2769 1515; x_wconf 89' lang='lat' dir='ltr'><strong>ministri</strong></span> <span class='ocrx_word' id='word_1_199' title='bbox 2787 1503 2801 1527; x_wconf 97' lang='lat'><strong>,</strong></span> <span class='ocrx_word' id='word_1_200' title='bbox 2834 1460 3038 1518; x_wconf 80' lang='lat' dir='ltr'><strong>frustra</strong></span> <span class='ocrx_word' id='word_1_201' title='bbox 3056 1460 3461 1532; x_wconf 89' lang='lat' dir='ltr'><strong>expectabimus</strong></span> <span class='ocrx_word' id='word_1_202' title='bbox 3481 1460 3705 1518; x_wconf 81' lang='lat' dir='ltr'><strong>ordina-</strong></span> 
     </span>
    </p>
   </div>
   <div class='ocr_carea' id='block_1_29' title="bbox 2101 1551 3702 1622">
    <p class='ocr_par' dir='ltr' id='par_1_29' title="bbox 2101 1551 3702 1622">
     <span class='ocr_line' id='line_1_29' title="bbox 2101 1551 3702 1622; baseline 0.002 -15"><span class='ocrx_word' id='word_1_203' title='bbox 2101 1551 2303 1608; x_wconf 89' lang='lat' dir='ltr'><strong>riorum</strong></span> <span class='ocrx_word' id='word_1_204' title='bbox 2353 1554 2717 1610; x_wconf 90' lang='lat' dir='ltr'><strong>ministrorum</strong></span> <span class='ocrx_word' id='word_1_205' title='bbox 2758 1555 3109 1610; x_wconf 87' lang='lat' dir='ltr'><strong>mentionem.</strong></span> <span class='ocrx_word' id='word_1_206' title='bbox 3154 1553 3212 1610; x_wconf 87' lang='lat' dir='ltr'><strong>Id</strong></span> <span class='ocrx_word' id='word_1_207' title='bbox 3261 1570 3427 1610; x_wconf 92' lang='lat' dir='ltr'><strong>unum</strong></span> <span class='ocrx_word' id='word_1_208' title='bbox 3466 1553 3702 1622; x_wconf 82' lang='lat' dir='ltr'><strong>sufficit,</strong></span> 
     </span>
    </p>
   </div>
   <div class='ocr_carea' id='block_1_30' title="bbox 2104 1645 3708 1718">
    <p class='ocr_par' dir='ltr' id='par_1_30' title="bbox 2104 1645 3708 1718">
     <span class='ocr_line' id='line_1_30' title="bbox 2104 1645 3708 1718; baseline 0.002 -18"><span class='ocrx_word' id='word_1_209' title='bbox 2104 1645 2266 1703; x_wconf 90' lang='lat' dir='ltr'><strong>fuisse</strong></span> <span class='ocrx_word' id='word_1_210' title='bbox 2293 1648 2413 1703; x_wconf 93' lang='lat' dir='ltr'><strong>illos</strong></span> <span class='ocrx_word' id='word_1_211' title='bbox 2430 1689 2444 1716; x_wconf 94' lang='lat'><strong>,</strong></span> <span class='ocrx_word' id='word_1_212' title='bbox 2481 1664 2588 1703; x_wconf 89' lang='lat' dir='ltr'><strong>non</strong></span> <span class='ocrx_word' id='word_1_213' title='bbox 2613 1662 2823 1703; x_wconf 91' lang='lat' dir='ltr'><strong>summa</strong></span> <span class='ocrx_word' id='word_1_214' title='bbox 2847 1647 3012 1704; x_wconf 90' lang='lat' dir='ltr'><strong>modo</strong></span> <span class='ocrx_word' id='word_1_215' title='bbox 3040 1647 3301 1718; x_wconf 74' lang='lat' dir='ltr'><strong>dignitate</strong></span> <span class='ocrx_word' id='word_1_216' title='bbox 3322 1689 3338 1713; x_wconf 95' lang='lat'><strong>,</strong></span> <span class='ocrx_word' id='word_1_217' title='bbox 3362 1647 3456 1704; x_wconf 91' lang='lat' dir='ltr'><strong>sed</strong></span> <span class='ocrx_word' id='word_1_218' title='bbox 3488 1662 3708 1705; x_wconf 88' lang='lat' dir='ltr'><strong>summo</strong></span> 
     </span>
    </p>
   </div>
   <div class='ocr_carea' id='block_1_31' title="bbox 397 1737 3705 1818">
    <p class='ocr_par' dir='ltr' id='par_1_31' title="bbox 397 1737 3705 1818">
     <span class='ocr_line' id='line_1_31' title="bbox 397 1737 3705 1818; baseline -0.002 -16"><span class='ocrx_word' id='word_1_219' title='bbox 397 1748 616 1818; x_wconf 90' lang='lat' dir='ltr'><strong>tudine,</strong></span> <span class='ocrx_word' id='word_1_220' title='bbox 662 1748 964 1818; x_wconf 85' lang='lat' dir='ltr'><strong>spectabat,</strong></span> <span class='ocrx_word' id='word_1_221' title='bbox 1015 1757 1071 1802; x_wconf 92' lang='lat' dir='ltr'><strong>ttt</strong></span> <span class='ocrx_word' id='word_1_222' title='bbox 1119 1762 1226 1818; x_wconf 91' lang='lat' dir='ltr'><strong>quo</strong></span> <span class='ocrx_word' id='word_1_223' title='bbox 1281 1745 1507 1816; x_wconf 84' lang='lat' dir='ltr'><strong>quisque</strong></span> <span class='ocrx_word' id='word_1_224' title='bbox 1555 1744 1815 1814; x_wconf 80' lang='lat' dir='ltr'><strong>dignitate</strong></span> <span class='ocrx_word' id='word_1_225' title='bbox 1855 1749 2000 1798; x_wconf 88' lang='lat' dir='ltr'><strong>esset</strong></span> <span class='ocrx_word' id='word_1_226' title='bbox 2027 1737 2078 1800; x_wconf 90' lang='lat' dir='ltr'><strong>B</strong></span> <span class='ocrx_word' id='word_1_227' title='bbox 2105 1740 2288 1807; x_wconf 90' lang='lat' dir='ltr'><strong>etiam,</strong></span> <span class='ocrx_word' id='word_1_228' title='bbox 2319 1741 2371 1796; x_wconf 92' lang='lat' dir='ltr'><strong>in</strong></span> <span class='ocrx_word' id='word_1_229' title='bbox 2400 1741 2657 1798; x_wconf 73' lang='lat' dir='ltr'><strong>Ecclesia:</strong></span> <span class='ocrx_word' id='word_1_230' title='bbox 2687 1741 3172 1807; x_wconf 88' lang='lat' dir='ltr'><strong>administratione,</strong></span> <span class='ocrx_word' id='word_1_231' title='bbox 3199 1741 3340 1808; x_wconf 91' lang='lat' dir='ltr'><strong>loco,</strong></span> <span class='ocrx_word' id='word_1_232' title='bbox 3369 1751 3426 1796; x_wconf 90' lang='lat' dir='ltr'><strong>ut</strong></span> <span class='ocrx_word' id='word_1_233' title='bbox 3455 1741 3705 1812; x_wconf 87' lang='lat' dir='ltr'><strong>proinde,</strong></span> 
     </span>
    </p>
   </div>
   <div class='ocr_carea' id='block_1_32' title="bbox 392 1833 2000 1907">
    <p class='ocr_par' dir='ltr' id='par_1_32' title="bbox 392 1833 2000 1907">
     <span class='ocr_line' id='line_1_32' title="bbox 392 1833 2000 1907; baseline -0.006 -11"><span class='ocrx_word' id='word_1_234' title='bbox 392 1839 676 1906; x_wconf 83' lang='lat' dir='ltr'><strong>illustrior,</strong></span> <span class='ocrx_word' id='word_1_235' title='bbox 710 1855 776 1897; x_wconf 89' lang='lat' dir='ltr'><strong>co</strong></span> <span class='ocrx_word' id='word_1_236' title='bbox 804 1842 978 1896; x_wconf 87' lang='lat' dir='ltr'><strong>forent</strong></span> <span class='ocrx_word' id='word_1_237' title='bbox 1019 1839 1180 1896; x_wconf 90' lang='lat' dir='ltr'><strong>etiam</strong></span> <span class='ocrx_word' id='word_1_238' title='bbox 1237 1837 1562 1894; x_wconf 87' lang='lat' dir='ltr'><strong>illustriores</strong></span> <span class='ocrx_word' id='word_1_239' title='bbox 1604 1836 1640 1890; x_wconf 93' lang='lat' dir='ltr'><strong>ii</strong></span> <span class='ocrx_word' id='word_1_240' title='bbox 1680 1835 1771 1907; x_wconf 91' lang='lat' dir='ltr'><strong>qui</strong></span> <span class='ocrx_word' id='word_1_241' title='bbox 1801 1836 1852 1890; x_wconf 92' lang='lat' dir='ltr'><strong>in</strong></span> <span class='ocrx_word' id='word_1_242' title='bbox 1884 1833 2000 1905; x_wconf 84' lang='lat' dir='ltr'><strong>ejus</strong></span> 
     </span>
    </p>
   </div>
   <div class='ocr_carea' id='block_1_33' title="bbox 397 1925 2001 2002">
    <p class='ocr_par' dir='ltr' id='par_1_33' title="bbox 397 1925 2001 2002">
     <span class='ocr_line' id='line_1_33' title="bbox 397 1925 2001 2002; baseline -0.004 -13"><span class='ocrx_word' id='word_1_243' title='bbox 397 1947 681 1989; x_wconf 91' lang='lat' dir='ltr'><strong>occursum</strong></span> <span class='ocrx_word' id='word_1_244' title='bbox 722 1933 1084 1988; x_wconf 87' lang='lat' dir='ltr'><strong>mitterentur.</strong></span> <span class='ocrx_word' id='word_1_245' title='bbox 1131 1931 1294 2002; x_wconf 86' lang='lat' dir='ltr'><strong>quue</strong></span> <span class='ocrx_word' id='word_1_246' title='bbox 1341 1931 1503 1986; x_wconf 87' lang='lat' dir='ltr'><strong>etiam</strong></span> <span class='ocrx_word' id='word_1_247' title='bbox 1552 1928 1894 1984; x_wconf 82' lang='lat' dir='ltr'><strong>observatum</strong></span> <span class='ocrx_word' id='word_1_248' title='bbox 1945 1925 2001 1982; x_wconf 90' lang='lat' dir='ltr'><strong>in</strong></span> 
     </span>
    </p>
   </div>
   <div class='ocr_carea' id='block_1_34' title="bbox 399 2018 2002 2094">
    <p class='ocr_par' dir='ltr' id='par_1_34' title="bbox 399 2018 2002 2094">
     <span class='ocr_line' id='line_1_34' title="bbox 399 2018 2002 2094; baseline -0.004 -14"><span class='ocrx_word' id='word_1_249' title='bbox 399 2023 734 2094; x_wconf 83' lang='lat' dir='ltr'><strong>cxcipiendis</strong></span> <span class='ocrx_word' id='word_1_250' title='bbox 762 2023 1162 2093; x_wconf 84' lang='lat' dir='ltr'><strong>provinciarum</strong></span> <span class='ocrx_word' id='word_1_251' title='bbox 1194 2021 1532 2093; x_wconf 48' lang='lat' dir='ltr'><strong>praesidibus,</strong></span> <span class='ocrx_word' id='word_1_252' title='bbox 1557 2029 1615 2075; x_wconf 90' lang='lat' dir='ltr'><strong>ut</strong></span> <span class='ocrx_word' id='word_1_253' title='bbox 1640 2036 1798 2091; x_wconf 91' lang='lat' dir='ltr'><strong>quem</strong></span> <span class='ocrx_word' id='word_1_254' title='bbox 1822 2018 1888 2074; x_wconf 92' lang='lat' dir='ltr'><strong>ad</strong></span> <span class='ocrx_word' id='word_1_255' title='bbox 1923 2019 2002 2074; x_wconf 82' lang='lat' dir='ltr'><strong>lo-</strong></span> 
     </span>
    </p>
   </div>
   <div class='ocr_carea' id='block_1_35' title="bbox 397 2111 2000 2187">
    <p class='ocr_par' dir='ltr' id='par_1_35' title="bbox 397 2111 2000 2187">
     <span class='ocr_line' id='line_1_35' title="bbox 397 2111 2000 2187; baseline -0.004 -15"><span class='ocrx_word' id='word_1_256' title='bbox 397 2132 519 2172; x_wconf 89' lang='lat' dir='ltr'><strong>cum</strong></span> <span class='ocrx_word' id='word_1_257' title='bbox 561 2116 851 2186; x_wconf 86' lang='lat' dir='ltr'><strong>provinciae</strong></span> <span class='ocrx_word' id='word_1_258' title='bbox 882 2117 1114 2187; x_wconf 92' lang='lat' dir='ltr'><strong>primum</strong></span> <span class='ocrx_word' id='word_1_259' title='bbox 1142 2114 1511 2186; x_wconf 90' lang='lat' dir='ltr'><strong>appulissent,</strong></span> <span class='ocrx_word' id='word_1_260' title='bbox 1543 2129 1609 2168; x_wconf 90' lang='lat' dir='ltr'><strong>eo</strong></span> <span class='ocrx_word' id='word_1_261' title='bbox 1645 2111 1942 2184; x_wconf 79' lang='lat' dir='ltr'><strong>legationes</strong></span> <span class='ocrx_word' id='word_1_262' title='bbox 1969 2126 2000 2166; x_wconf 89' lang='lat' dir='ltr'><strong>a</strong></span> 
     </span>
    </p>
   </div>
   <div class='ocr_carea' id='block_1_36' title="bbox 396 2206 2000 2279">
    <p class='ocr_par' dir='ltr' id='par_1_36' title="bbox 396 2206 2000 2279">
     <span class='ocr_line' id='line_1_36' title="bbox 396 2206 2000 2279; baseline -0.002 -13"><span class='ocrx_word' id='word_1_263' title='bbox 396 2209 729 2275; x_wconf 86' lang='lat' dir='ltr'><strong>civitatibus,</strong></span> <span class='ocrx_word' id='word_1_264' title='bbox 773 2210 1012 2264; x_wconf 82' lang='lat' dir='ltr'><strong>virorum</strong></span> <span class='ocrx_word' id='word_1_265' title='bbox 1049 2209 1102 2264; x_wconf 93' lang='lat' dir='ltr'><strong>in</strong></span> <span class='ocrx_word' id='word_1_266' title='bbox 1142 2224 1237 2264; x_wconf 86' lang='lat' dir='ltr'><strong>sua</strong></span> <span class='ocrx_word' id='word_1_267' title='bbox 1279 2209 1505 2279; x_wconf 87' lang='lat' dir='ltr'><strong>quisque</strong></span> <span class='ocrx_word' id='word_1_268' title='bbox 1544 2206 1759 2262; x_wconf 86' lang='lat' dir='ltr'><strong>civitate</strong></span> <span class='ocrx_word' id='word_1_269' title='bbox 1802 2207 2000 2277; x_wconf 89' lang='lat' dir='ltr'><strong>prima-</strong></span> 
     </span>
    </p>
   </div>
   <div class='ocr_carea' id='block_1_37' title="bbox 399 2299 2001 2369">
    <p class='ocr_par' dir='ltr' id='par_1_37' title="bbox 399 2299 2001 2369">
     <span class='ocr_line' id='line_1_37' title="bbox 399 2299 2001 2369; baseline -0.004 -7"><span class='ocrx_word' id='word_1_270' title='bbox 399 2305 604 2362; x_wconf 88' lang='lat' dir='ltr'><strong>riorum</strong></span> <span class='ocrx_word' id='word_1_271' title='bbox 623 2344 637 2369; x_wconf 95' lang='lat'><strong>,</strong></span> <span class='ocrx_word' id='word_1_272' title='bbox 665 2303 1026 2359; x_wconf 87' lang='lat' dir='ltr'><strong>mitterentur.</strong></span> <span class='ocrx_word' id='word_1_273' title='bbox 1052 2301 1197 2358; x_wconf 87' lang='lat' dir='ltr'><strong>Idem</strong></span> <span class='ocrx_word' id='word_1_274' title='bbox 1224 2301 1386 2357; x_wconf 85' lang='lat' dir='ltr'><strong>etiam</strong></span> <span class='ocrx_word' id='word_1_275' title='bbox 1418 2317 1447 2355; x_wconf 90' lang='lat' dir='ltr'><strong>a</strong></span> <span class='ocrx_word' id='word_1_276' title='bbox 1481 2299 1786 2356; x_wconf 77' lang='lat' dir='ltr'><strong>civitatibus</strong></span> <span class='ocrx_word' id='word_1_277' title='bbox 1811 2299 2001 2356; x_wconf 87' lang='lat' dir='ltr'><strong>vicinis</strong></span> 
     </span>
    </p>
   </div>
   <div class='ocr_carea' id='block_1_38' title="bbox 401 2391 2000 2464">
    <p class='ocr_par' dir='ltr' id='par_1_38' title="bbox 401 2391 2000 2464">
     <span class='ocr_line' id='line_1_38' title="bbox 401 2391 2000 2464; baseline -0.003 -12"><span class='ocrx_word' id='word_1_278' title='bbox 401 2395 745 2452; x_wconf 80' lang='lat' dir='ltr'><strong>observatum</strong></span> <span class='ocrx_word' id='word_1_279' title='bbox 779 2395 832 2450; x_wconf 92' lang='lat' dir='ltr'><strong>in</strong></span> <span class='ocrx_word' id='word_1_280' title='bbox 875 2394 1419 2464; x_wconf 82' lang='lat' dir='ltr'><strong>peregrinationibus.</strong></span> <span class='ocrx_word' id='word_1_281' title='bbox 1456 2392 1511 2448; x_wconf 79' lang='grc' dir='ltr'>ω</span> <span class='ocrx_word' id='word_1_282' title='bbox 1551 2407 1673 2448; x_wconf 90' lang='lat' dir='ltr'><strong>cum</strong></span> <span class='ocrx_word' id='word_1_283' title='bbox 1720 2391 2000 2447; x_wconf 90' lang='lat' dir='ltr'><strong>christiani</strong></span> 
     </span>
    </p>
   </div>
   <div class='ocr_carea' id='block_1_39' title="bbox 396 2485 1999 2562">
    <p class='ocr_par' dir='ltr' id='par_1_39' title="bbox 396 2485 1999 2562">
     <span class='ocr_line' id='line_1_39' title="bbox 396 2485 1999 2562; baseline -0.005 -14"><span class='ocrx_word' id='word_1_284' title='bbox 396 2491 456 2548; x_wconf 92' lang='lat' dir='ltr'><strong>in</strong></span> <span class='ocrx_word' id='word_1_285' title='bbox 500 2491 866 2562; x_wconf 86' lang='lat' dir='ltr'><strong>apostolorum</strong></span> <span class='ocrx_word' id='word_1_286' title='bbox 918 2490 1264 2560; x_wconf 85' lang='lat' dir='ltr'><strong>virorumque</strong></span> <span class='ocrx_word' id='word_1_287' title='bbox 1312 2487 1569 2544; x_wconf 75' lang='lat' dir='ltr'><strong>Ecclesize</strong></span> <span class='ocrx_word' id='word_1_288' title='bbox 1620 2485 1999 2558; x_wconf 88' lang='lat' dir='ltr'><strong>primariorum</strong></span> 
     </span>
    </p>
   </div>
   <div class='ocr_carea' id='block_1_40' title="bbox 396 2582 2002 2659">
    <p class='ocr_par' dir='ltr' id='par_1_40' title="bbox 396 2582 2002 2659">
     <span class='ocr_line' id='line_1_40' title="bbox 396 2582 2002 2659; baseline -0.002 -17"><span class='ocrx_word' id='word_1_289' title='bbox 396 2586 923 2659; x_wconf 84' lang='lat' dir='ltr'><strong>peregrinationibus</strong></span> <span class='ocrx_word' id='word_1_290' title='bbox 978 2585 1352 2653; x_wconf 80' lang='lat' dir='ltr'><strong>imitarentur,</strong></span> <span class='ocrx_word' id='word_1_291' title='bbox 1405 2583 1456 2639; x_wconf 91' lang='lat' dir='ltr'><strong>id</strong></span> <span class='ocrx_word' id='word_1_292' title='bbox 1505 2598 1718 2654; x_wconf 88' lang='lat' dir='ltr'><strong>quoque</strong></span> <span class='ocrx_word' id='word_1_293' title='bbox 1766 2582 2002 2638; x_wconf 90' lang='lat' dir='ltr'><strong>imitatos</strong></span> 
     </span>
    </p>
   </div>
   <div class='ocr_carea' id='block_1_41' title="bbox 396 2675 1998 2748">
    <p class='ocr_par' dir='ltr' id='par_1_41' title="bbox 396 2675 1998 2748">
     <span class='ocr_line' id='line_1_41' title="bbox 396 2675 1998 2748; baseline -0.001 -16"><span class='ocrx_word' id='word_1_294' title='bbox 396 2679 693 2735; x_wconf 73' lang='lat' dir='ltr'><strong>verisimile</strong></span> <span class='ocrx_word' id='word_1_295' title='bbox 715 2687 816 2746; x_wconf 90' lang='lat' dir='ltr'><strong>est,</strong></span> <span class='ocrx_word' id='word_1_296' title='bbox 839 2694 905 2734; x_wconf 89' lang='lat' dir='ltr'><strong>ne</strong></span> <span class='ocrx_word' id='word_1_297' title='bbox 927 2677 1254 2735; x_wconf 90' lang='lat' dir='ltr'><strong>venientium</strong></span> <span class='ocrx_word' id='word_1_298' title='bbox 1279 2677 1521 2748; x_wconf 87' lang='lat' dir='ltr'><strong>dignitati</strong></span> <span class='ocrx_word' id='word_1_299' title='bbox 1543 2675 1793 2732; x_wconf 91' lang='lat' dir='ltr'><strong>deessent</strong></span> <span class='ocrx_word' id='word_1_300' title='bbox 1819 2676 1998 2747; x_wconf 86' lang='lat' dir='ltr'><strong>legati.</strong></span> 
     </span>
    </p>
   </div>
   <div class='ocr_carea' id='block_1_42' title="bbox 397 2765 2000 2842">
    <p class='ocr_par' dir='ltr' id='par_1_42' title="bbox 397 2765 2000 2842">
     <span class='ocr_line' id='line_1_42' title="bbox 397 2765 2000 2842; baseline -0.004 -15"><span class='ocrx_word' id='word_1_301' title='bbox 397 2773 733 2842; x_wconf 81' lang='lat' dir='ltr'><strong>Quamquam</strong></span> <span class='ocrx_word' id='word_1_302' title='bbox 764 2772 908 2827; x_wconf 91' lang='lat' dir='ltr'><strong>cnim</strong></span> <span class='ocrx_word' id='word_1_303' title='bbox 938 2771 1135 2828; x_wconf 81' lang='lat' dir='ltr'><strong>fastum</strong></span> <span class='ocrx_word' id='word_1_304' title='bbox 1166 2770 1495 2827; x_wconf 90' lang='lat' dir='ltr'><strong>mundanum</strong></span> <span class='ocrx_word' id='word_1_305' title='bbox 1529 2767 1716 2839; x_wconf 89' lang='lat' dir='ltr'><strong>procul</strong></span> <span class='ocrx_word' id='word_1_306' title='bbox 1743 2765 2000 2824; x_wconf 84' lang='lat' dir='ltr'><strong>amanda-</strong></span> 
     </span>
    </p>
   </div>
   <div class='ocr_carea' id='block_1_43' title="bbox 397 2862 2000 2937">
    <p class='ocr_par' dir='ltr' id='par_1_43' title="bbox 397 2862 2000 2937">
     <span class='ocr_line' id='line_1_43' title="bbox 397 2862 2000 2937; baseline -0.003 -15"><span class='ocrx_word' id='word_1_307' title='bbox 397 2871 508 2924; x_wconf 86' lang='lat' dir='ltr'><strong>riut</strong></span> <span class='ocrx_word' id='word_1_308' title='bbox 527 2866 776 2937; x_wconf 91' lang='lat' dir='ltr'><strong>apostoli,</strong></span> <span class='ocrx_word' id='word_1_309' title='bbox 791 2875 946 2921; x_wconf 87' lang='lat' dir='ltr'><strong>erant</strong></span> <span class='ocrx_word' id='word_1_310' title='bbox 964 2877 1142 2921; x_wconf 90' lang='lat' dir='ltr'><strong>tamen</strong></span> <span class='ocrx_word' id='word_1_311' title='bbox 1162 2864 1346 2922; x_wconf 88' lang='lat' dir='ltr'><strong>decori</strong></span> <span class='ocrx_word' id='word_1_312' title='bbox 1360 2863 1520 2920; x_wconf 90' lang='lat' dir='ltr'><strong>iidem</strong></span> <span class='ocrx_word' id='word_1_313' title='bbox 1539 2862 2000 2920; x_wconf 87' lang='lat' dir='ltr'><strong>observantissitni</strong></span> 
     </span>
    </p>
   </div>
   <div class='ocr_carea' id='block_1_44' title="bbox 394 2959 2002 3032">
    <p class='ocr_par' dir='ltr' id='par_1_44' title="bbox 394 2959 2002 3032">
     <span class='ocr_line' id='line_1_44' title="bbox 394 2959 2002 3032; baseline -0.002 -16"><span class='ocrx_word' id='word_1_314' title='bbox 394 2961 935 3032; x_wconf 85' lang='lat' dir='ltr'><strong>retinentissimique.</strong></span> <span class='ocrx_word' id='word_1_315' title='bbox 985 2961 1042 3016; x_wconf 94' lang='lat' dir='ltr'><strong>ld</strong></span> <span class='ocrx_word' id='word_1_316' title='bbox 1092 2969 1240 3016; x_wconf 91' lang='lat' dir='ltr'><strong>certe</strong></span> <span class='ocrx_word' id='word_1_317' title='bbox 1286 2961 1344 3016; x_wconf 90' lang='lat' dir='ltr'><strong>S.</strong></span> <span class='ocrx_word' id='word_1_318' title='bbox 1384 2959 1537 3015; x_wconf 87' lang='lat' dir='ltr'><strong>Pauli</strong></span> <span class='ocrx_word' id='word_1_319' title='bbox 1584 2959 1751 3016; x_wconf 84' lang='lat' dir='ltr'><strong>fuisse</strong></span> <span class='ocrx_word' id='word_1_320' title='bbox 1791 2959 2002 3016; x_wconf 85' lang='lat' dir='ltr'><strong>videtur</strong></span> 
     </span>
    </p>
   </div>
   <div class='ocr_carea' id='block_1_45' title="bbox 394 3051 1997 3124">
    <p class='ocr_par' dir='ltr' id='par_1_45' title="bbox 394 3051 1997 3124">
     <span class='ocr_line' id='line_1_45' title="bbox 394 3051 1997 3124; baseline -0.003 -15"><span class='ocrx_word' id='word_1_321' title='bbox 394 3052 696 3124; x_wconf 84' lang='lat' dir='ltr'><strong>ingenium,</strong></span> <span class='ocrx_word' id='word_1_322' title='bbox 725 3068 786 3109; x_wconf 86' lang='lat' dir='ltr'><strong>ea</strong></span> <span class='ocrx_word' id='word_1_323' title='bbox 819 3053 1047 3110; x_wconf 86' lang='lat' dir='ltr'><strong>indoles.</strong></span> <span class='ocrx_word' id='word_1_324' title='bbox 1077 3053 1187 3111; x_wconf 81' lang='lat' dir='ltr'><strong>Nec</strong></span> <span class='ocrx_word' id='word_1_325' title='bbox 1215 3053 1265 3107; x_wconf 93' lang='lat' dir='ltr'><strong>id</strong></span> <span class='ocrx_word' id='word_1_326' title='bbox 1295 3052 1510 3124; x_wconf 89' lang='lat' dir='ltr'><strong>quidem</strong></span> <span class='ocrx_word' id='word_1_327' title='bbox 1543 3051 1832 3107; x_wconf 91' lang='lat' dir='ltr'><strong>immerito.</strong></span> <span class='ocrx_word' id='word_1_328' title='bbox 1866 3051 1997 3105; x_wconf 90' lang='lat' dir='ltr'><strong>Cum</strong></span> 
     </span>
    </p>
   </div>
   <div class='ocr_carea' id='block_1_46' title="bbox 2103 1832 3712 1906">
    <p class='ocr_par' dir='ltr' id='par_1_46' title="bbox 2103 1832 3712 1906">
     <span class='ocr_line' id='line_1_46' title="bbox 2103 1832 3712 1906; baseline 0.003 -17"><span class='ocrx_word' id='word_1_329' title='bbox 2103 1834 2148 1889; x_wconf 90' lang='lat' dir='ltr'><strong>si</strong></span> <span class='ocrx_word' id='word_1_330' title='bbox 2176 1849 2310 1906; x_wconf 86' lang='lat' dir='ltr'><strong>quas</strong></span> <span class='ocrx_word' id='word_1_331' title='bbox 2335 1835 2409 1890; x_wconf 94' lang='lat' dir='ltr'><strong>illi</strong></span> <span class='ocrx_word' id='word_1_332' title='bbox 2439 1836 2736 1906; x_wconf 89' lang='lat' dir='ltr'><strong>legationes</strong></span> <span class='ocrx_word' id='word_1_333' title='bbox 2763 1835 3030 1902; x_wconf 91' lang='lat' dir='ltr'><strong>obierint,</strong></span> <span class='ocrx_word' id='word_1_334' title='bbox 3057 1834 3348 1890; x_wconf 87' lang='lat' dir='ltr'><strong>admodum</strong></span> <span class='ocrx_word' id='word_1_335' title='bbox 3388 1834 3513 1891; x_wconf 90' lang='lat' dir='ltr'><strong>illas</strong></span> <span class='ocrx_word' id='word_1_336' title='bbox 3537 1832 3712 1894; x_wconf 76' lang='lat' dir='ltr'><strong>fuisse</strong></span> 
     </span>
    </p>
   </div>
   <div class='ocr_carea' id='block_1_47' title="bbox 2104 1926 3710 2000">
    <p class='ocr_par' dir='ltr' id='par_1_47' title="bbox 2104 1926 3710 2000">
     <span class='ocr_line' id='line_1_47' title="bbox 2104 1926 3710 2000; baseline 0.002 -18"><span class='ocrx_word' id='word_1_337' title='bbox 2104 1926 2429 1984; x_wconf 87' lang='lat' dir='ltr'><strong>honorificas</strong></span> <span class='ocrx_word' id='word_1_338' title='bbox 2452 1944 2672 1986; x_wconf 90' lang='lat' dir='ltr'><strong>necesse</strong></span> <span class='ocrx_word' id='word_1_339' title='bbox 2698 1938 2864 1987; x_wconf 85' lang='lat' dir='ltr'><strong>esset.</strong></span> <span class='ocrx_word' id='word_1_340' title='bbox 2894 1928 3030 1985; x_wconf 85' lang='lat' dir='ltr'><strong>Cum</strong></span> <span class='ocrx_word' id='word_1_341' title='bbox 3061 1945 3189 1985; x_wconf 89' lang='lat' dir='ltr'><strong>vero</strong></span> <span class='ocrx_word' id='word_1_342' title='bbox 3218 1927 3456 1995; x_wconf 89' lang='lat' dir='ltr'><strong>tandem,</strong></span> <span class='ocrx_word' id='word_1_343' title='bbox 3486 1935 3710 2000; x_wconf 84' lang='lat' dir='ltr'><strong>propter</strong></span> 
     </span>
    </p>
   </div>
   <div class='ocr_carea' id='block_1_48' title="bbox 2103 2022 3712 2096">
    <p class='ocr_par' dir='ltr' id='par_1_48' title="bbox 2103 2022 3712 2096">
     <span class='ocr_line' id='line_1_48' title="bbox 2103 2022 3712 2096; baseline 0 -18"><span class='ocrx_word' id='word_1_344' title='bbox 2103 2038 2380 2095; x_wconf 79' lang='lat' dir='ltr'><strong>synaxeon</strong></span> <span class='ocrx_word' id='word_1_345' title='bbox 2430 2024 2806 2095; x_wconf 89' lang='lat' dir='ltr'><strong>disciplinam,</strong></span> <span class='ocrx_word' id='word_1_346' title='bbox 2847 2024 3134 2096; x_wconf 75' lang='lat' dir='ltr'><strong>ordinariis</strong></span> <span class='ocrx_word' id='word_1_347' title='bbox 3177 2022 3574 2094; x_wconf 85' lang='lat' dir='ltr'><strong>subjicerentur</strong></span> <span class='ocrx_word' id='word_1_348' title='bbox 3615 2038 3712 2094; x_wconf 59' lang='lat' dir='ltr'><strong>sy.</strong></span> 
     </span>
    </p>
   </div>
   <div class='ocr_carea' id='block_1_49' title="bbox 2105 2115 3710 2188">
    <p class='ocr_par' dir='ltr' id='par_1_49' title="bbox 2105 2115 3710 2188">
     <span class='ocr_line' id='line_1_49' title="bbox 2105 2115 3710 2188; baseline 0.001 -17"><span class='ocrx_word' id='word_1_349' title='bbox 2105 2130 2313 2174; x_wconf 88' lang='lat' dir='ltr'><strong>naxeon</strong></span> <span class='ocrx_word' id='word_1_350' title='bbox 2336 2117 2611 2182; x_wconf 88' lang='lat' dir='ltr'><strong>ministris,</strong></span> <span class='ocrx_word' id='word_1_351' title='bbox 2643 2118 2820 2174; x_wconf 91' lang='lat' dir='ltr'><strong>adhuc</strong></span> <span class='ocrx_word' id='word_1_352' title='bbox 2844 2127 3023 2174; x_wconf 87' lang='lat' dir='ltr'><strong>tamen</strong></span> <span class='ocrx_word' id='word_1_353' title='bbox 3056 2117 3314 2174; x_wconf 88' lang='lat' dir='ltr'><strong>honorem</strong></span> <span class='ocrx_word' id='word_1_354' title='bbox 3347 2115 3710 2188; x_wconf 87' lang='lat' dir='ltr'><strong>proculdubio</strong></span> 
     </span>
    </p>
   </div>
   <div class='ocr_carea' id='block_1_50' title="bbox 2105 2209 3712 2281">
    <p class='ocr_par' dir='ltr' id='par_1_50' title="bbox 2105 2209 3712 2281">
     <span class='ocr_line' id='line_1_50' title="bbox 2105 2209 3712 2281; baseline 0 -15"><span class='ocrx_word' id='word_1_355' title='bbox 2105 2225 2376 2267; x_wconf 93' lang='lat' dir='ltr'><strong>summum</strong></span> <span class='ocrx_word' id='word_1_356' title='bbox 2403 2212 2762 2268; x_wconf 91' lang='lat' dir='ltr'><strong>retinuerunt.</strong></span> <span class='ocrx_word' id='word_1_357' title='bbox 2797 2211 2908 2268; x_wconf 80' lang='lat' dir='ltr'><strong>Nec</strong></span> <span class='ocrx_word' id='word_1_358' title='bbox 2936 2212 3078 2268; x_wconf 89' lang='lat' dir='ltr'><strong>enim</strong></span> <span class='ocrx_word' id='word_1_359' title='bbox 3107 2221 3263 2268; x_wconf 90' lang='lat' dir='ltr'><strong>erant</strong></span> <span class='ocrx_word' id='word_1_360' title='bbox 3291 2211 3369 2266; x_wconf 92' lang='lat' dir='ltr'><strong>illi</strong></span> <span class='ocrx_word' id='word_1_361' title='bbox 3401 2209 3563 2268; x_wconf 90' lang='lat' dir='ltr'><strong>certis</strong></span> <span class='ocrx_word' id='word_1_362' title='bbox 3589 2211 3712 2281; x_wconf 81' lang='lat' dir='ltr'><strong>qui-</strong></span> 
     </span>
    </p>
   </div>
   <div class='ocr_carea' id='block_1_51' title="bbox 2105 2302 3711 2378">
    <p class='ocr_par' dir='ltr' id='par_1_51' title="bbox 2105 2302 3711 2378">
     <span class='ocr_line' id='line_1_51' title="bbox 2105 2302 3711 2378; baseline 0.001 -19"><span class='ocrx_word' id='word_1_363' title='bbox 2105 2304 2333 2361; x_wconf 89' lang='lat' dir='ltr'><strong>busdam</strong></span> <span class='ocrx_word' id='word_1_364' title='bbox 2379 2305 2624 2362; x_wconf 90' lang='lat' dir='ltr'><strong>ecclesiis</strong></span> <span class='ocrx_word' id='word_1_365' title='bbox 2661 2305 2841 2373; x_wconf 83' lang='lat' dir='ltr'><strong>afﬁxi,</strong></span> <span class='ocrx_word' id='word_1_366' title='bbox 2886 2305 2983 2362; x_wconf 91' lang='lat' dir='ltr'><strong>sed</strong></span> <span class='ocrx_word' id='word_1_367' title='bbox 3027 2307 3206 2378; x_wconf 89' lang='lat' dir='ltr'><strong>p0tius</strong></span> <span class='ocrx_word' id='word_1_368' title='bbox 3245 2305 3408 2362; x_wconf 89' lang='lat' dir='ltr'><strong>totius</strong></span> <span class='ocrx_word' id='word_1_369' title='bbox 3449 2302 3711 2361; x_wconf 71' lang='lat' dir='ltr'><strong>Ecclesia:</strong></span> 
     </span>
    </p>
   </div>
   <div class='ocr_carea' id='block_1_52' title="bbox 2104 2396 3708 2470">
    <p class='ocr_par' dir='ltr' id='par_1_52' title="bbox 2104 2396 3708 2470">
     <span class='ocr_line' id='line_1_52' title="bbox 2104 2396 3708 2470; baseline 0.001 -17"><span class='ocrx_word' id='word_1_370' title='bbox 2104 2396 2384 2453; x_wconf 64' lang='lat' dir='ltr'><strong>catholica:</strong></span> <span class='ocrx_word' id='word_1_371' title='bbox 2425 2412 2775 2466; x_wconf 90' lang='lat' dir='ltr'><strong>communes,</strong></span> <span class='ocrx_word' id='word_1_372' title='bbox 2817 2397 2960 2470; x_wconf 88' lang='lat' dir='ltr'><strong>quod</strong></span> <span class='ocrx_word' id='word_1_373' title='bbox 3007 2397 3102 2470; x_wconf 90' lang='lat' dir='ltr'><strong>(ea</strong></span> <span class='ocrx_word' id='word_1_374' title='bbox 3132 2398 3485 2469; x_wconf 81' lang='lat' dir='ltr'><strong>proculdubio</strong></span> <span class='ocrx_word' id='word_1_375' title='bbox 3510 2404 3708 2464; x_wconf 77' lang='lat' dir='ltr'><strong>:etate,</strong></span> 
     </span>
    </p>
   </div>
   <div class='ocr_carea' id='block_1_53' title="bbox 2105 2491 3709 2565">
    <p class='ocr_par' dir='ltr' id='par_1_53' title="bbox 2105 2491 3709 2565">
     <span class='ocr_line' id='line_1_53' title="bbox 2105 2491 3709 2565; baseline -0.003 -16"><span class='ocrx_word' id='word_1_376' title='bbox 2105 2508 2226 2549; x_wconf 92' lang='lat' dir='ltr'><strong>cum</strong></span> <span class='ocrx_word' id='word_1_377' title='bbox 2265 2491 2318 2546; x_wconf 91' lang='lat' dir='ltr'><strong>in</strong></span> <span class='ocrx_word' id='word_1_378' title='bbox 2361 2507 2428 2549; x_wconf 93' lang='lat' dir='ltr'><strong>eo</strong></span> <span class='ocrx_word' id='word_1_379' title='bbox 2466 2492 2659 2565; x_wconf 66' lang='lat' dir='ltr'><strong>positae</strong></span> <span class='ocrx_word' id='word_1_380' title='bbox 2693 2503 2876 2549; x_wconf 88' lang='lat' dir='ltr'><strong>essent</strong></span> <span class='ocrx_word' id='word_1_381' title='bbox 2915 2508 3291 2564; x_wconf 90' lang='lat' dir='ltr'><strong>supremorum</strong></span> <span class='ocrx_word' id='word_1_382' title='bbox 3335 2491 3709 2548; x_wconf 87' lang='lat' dir='ltr'><strong>ministrorum</strong></span> 
     </span>
    </p>
   </div>
   <div class='ocr_carea' id='block_1_54' title="bbox 2104 2584 3720 2658">
    <p class='ocr_par' dir='ltr' id='par_1_54' title="bbox 2104 2584 3720 2658">
     <span class='ocr_line' id='line_1_54' title="bbox 2104 2584 3720 2658; baseline -0.002 -16"><span class='ocrx_word' id='word_1_383' title='bbox 2104 2601 2320 2658; x_wconf 75' lang='lat' dir='ltr'><strong>operte,</strong></span> <span class='ocrx_word' id='word_1_384' title='bbox 2363 2585 2542 2657; x_wconf 89' lang='lat' dir='ltr'><strong>potius</strong></span> <span class='ocrx_word' id='word_1_385' title='bbox 2571 2595 2631 2640; x_wconf 94' lang='lat' dir='ltr'><strong>ut</strong></span> <span class='ocrx_word' id='word_1_386' title='bbox 2661 2585 2766 2641; x_wconf 90' lang='lat' dir='ltr'><strong>late</strong></span> <span class='ocrx_word' id='word_1_387' title='bbox 2807 2585 3258 2642; x_wconf 89' lang='lat' dir='ltr'><strong>christiauitatem</strong></span> <span class='ocrx_word' id='word_1_388' title='bbox 3291 2584 3720 2658; x_wconf 88' lang='lat' dir='ltr'><strong>disseminarent_</strong></span> 
     </span>
    </p>
   </div>
   <div class='ocr_carea' id='block_1_55' title="bbox 2104 2677 3710 2750">
    <p class='ocr_par' dir='ltr' id='par_1_55' title="bbox 2104 2677 3710 2750">
     <span class='ocr_line' id='line_1_55' title="bbox 2104 2677 3710 2750; baseline -0.001 -15"><span class='ocrx_word' id='word_1_389' title='bbox 2104 2694 2262 2750; x_wconf 89' lang='lat' dir='ltr'><strong>quam</strong></span> <span class='ocrx_word' id='word_1_390' title='bbox 2291 2687 2348 2734; x_wconf 91' lang='lat' dir='ltr'><strong>ut</strong></span> <span class='ocrx_word' id='word_1_391' title='bbox 2370 2678 2630 2734; x_wconf 89' lang='lat' dir='ltr'><strong>ecclesias</strong></span> <span class='ocrx_word' id='word_1_392' title='bbox 2661 2687 2914 2750; x_wconf 89' lang='lat' dir='ltr'><strong>regerent</strong></span> <span class='ocrx_word' id='word_1_393' title='bbox 2935 2677 3046 2750; x_wconf 84' lang='lat' dir='ltr'><strong>jam</strong></span> <span class='ocrx_word' id='word_1_394' title='bbox 3078 2678 3325 2734; x_wconf 87' lang='lat' dir='ltr'><strong>fundatas</strong></span> <span class='ocrx_word' id='word_1_395' title='bbox 3353 2678 3710 2735; x_wconf 84' lang='lat' dir='ltr'><strong>constitutas-</strong></span> 
     </span>
    </p>
   </div>
   <div class='ocr_carea' id='block_1_56' title="bbox 2103 2769 3712 2842">
    <p class='ocr_par' dir='ltr' id='par_1_56' title="bbox 2103 2769 3712 2842">
     <span class='ocr_line' id='line_1_56' title="bbox 2103 2769 3712 2842; baseline 0.001 -17"><span class='ocrx_word' id='word_1_396' title='bbox 2103 2774 2228 2842; x_wconf 89' lang='lat' dir='ltr'><strong>que)</strong></span> <span class='ocrx_word' id='word_1_397' title='bbox 2264 2771 2378 2826; x_wconf 89' lang='lat' dir='ltr'><strong>fieri</strong></span> <span class='ocrx_word' id='word_1_398' title='bbox 2420 2771 2508 2826; x_wconf 85' lang='lat' dir='ltr'><strong>vix</strong></span> <span class='ocrx_word' id='word_1_399' title='bbox 2547 2781 2725 2842; x_wconf 77' lang='lat' dir='ltr'><strong>poteSt</strong></span> <span class='ocrx_word' id='word_1_400' title='bbox 2753 2771 2881 2842; x_wconf 89' lang='lat' dir='ltr'><strong>quin</strong></span> <span class='ocrx_word' id='word_1_401' title='bbox 2921 2786 3108 2828; x_wconf 87' lang='lat' dir='ltr'><strong>eorum</strong></span> <span class='ocrx_word' id='word_1_402' title='bbox 3137 2769 3314 2826; x_wconf 86' lang='lat' dir='ltr'><strong>officio</strong></span> <span class='ocrx_word' id='word_1_403' title='bbox 3348 2771 3712 2827; x_wconf 85' lang='lat' dir='ltr'><strong>anteferretur</strong></span> 
     </span>
    </p>
   </div>
   <div class='ocr_carea' id='block_1_57' title="bbox 2103 2863 3711 2937">
    <p class='ocr_par' dir='ltr' id='par_1_57' title="bbox 2103 2863 3711 2937">
     <span class='ocr_line' id='line_1_57' title="bbox 2103 2863 3711 2937; baseline 0.001 -18"><span class='ocrx_word' id='word_1_404' title='bbox 2103 2864 2194 2937; x_wconf 94' lang='lat' dir='ltr'><strong>qui</strong></span> <span class='ocrx_word' id='word_1_405' title='bbox 2222 2865 2552 2936; x_wconf 88' lang='lat' dir='ltr'><strong>singularum</strong></span> <span class='ocrx_word' id='word_1_406' title='bbox 2584 2873 2767 2921; x_wconf 90' lang='lat' dir='ltr'><strong>essent</strong></span> <span class='ocrx_word' id='word_1_407' title='bbox 2792 2864 3073 2920; x_wconf 86' lang='lat' dir='ltr'><strong>dumtaxat</strong></span> <span class='ocrx_word' id='word_1_408' title='bbox 3093 2863 3466 2921; x_wconf 78' lang='lat' dir='ltr'><strong>ecclesiarum.</strong></span> <span class='ocrx_word' id='word_1_409' title='bbox 3495 2863 3579 2920; x_wconf 86' lang='lat' dir='ltr'><strong>Ex</strong></span> <span class='ocrx_word' id='word_1_410' title='bbox 3604 2863 3711 2920; x_wconf 87' lang='lat' dir='ltr'><strong>hoc</strong></span> 
     </span>
    </p>
   </div>
   <div class='ocr_carea' id='block_1_58' title="bbox 2103 2960 3712 3018">
    <p class='ocr_par' dir='ltr' id='par_1_58' title="bbox 2103 2960 3712 3018">
     <span class='ocr_line' id='line_1_58' title="bbox 2103 2960 3712 3018; baseline 0.001 -2"><span class='ocrx_word' id='word_1_411' title='bbox 2103 2969 2283 3018; x_wconf 90' lang='lat' dir='ltr'><strong>autem</strong></span> <span class='ocrx_word' id='word_1_412' title='bbox 2311 2961 2863 3018; x_wconf 87' lang='lat' dir='ltr'><strong>extraordinariorum</strong></span> <span class='ocrx_word' id='word_1_413' title='bbox 2887 2960 3256 3018; x_wconf 90' lang='lat' dir='ltr'><strong>ministrorum</strong></span> <span class='ocrx_word' id='word_1_414' title='bbox 3285 2976 3514 3018; x_wconf 88' lang='lat' dir='ltr'><strong>numero</strong></span> <span class='ocrx_word' id='word_1_415' title='bbox 3539 2961 3712 3018; x_wconf 85' lang='lat' dir='ltr'><strong>fuisse</strong></span> 
     </span>
    </p>
   </div>
   <div class='ocr_carea' id='block_1_59' title="bbox 2103 3055 3710 3130">
    <p class='ocr_par' dir='ltr' id='par_1_59' title="bbox 2103 3055 3710 3130">
     <span class='ocr_line' id='line_1_59' title="bbox 2103 3055 3710 3130; baseline 0 -18"><span class='ocrx_word' id='word_1_416' title='bbox 2103 3057 2352 3114; x_wconf 82' lang='lat' dir='ltr'><strong>videntur</strong></span> <span class='ocrx_word' id='word_1_417' title='bbox 2374 3059 2463 3127; x_wconf 93' lang='lat' dir='ltr'><strong>qui</strong></span> <span class='ocrx_word' id='word_1_418' title='bbox 2492 3057 2651 3130; x_wconf 88' lang='lat' dir='ltr'><strong>legati</strong></span> <span class='ocrx_word' id='word_1_419' title='bbox 2688 3057 2965 3116; x_wconf 91' lang='lat' dir='ltr'><strong>constituti</strong></span> <span class='ocrx_word' id='word_1_420' title='bbox 2993 3066 3198 3114; x_wconf 88' lang='lat' dir='ltr'><strong>essent.</strong></span> <span class='ocrx_word' id='word_1_421' title='bbox 3231 3055 3349 3128; x_wconf 90' lang='lat' dir='ltr'><strong>Ipsa</strong></span> <span class='ocrx_word' id='word_1_422' title='bbox 3382 3055 3472 3112; x_wconf 89' lang='lat' dir='ltr'><strong>illa</strong></span> <span class='ocrx_word' id='word_1_423' title='bbox 3516 3071 3710 3113; x_wconf 86' lang='lat' dir='ltr'><strong>eorum</strong></span> 
     </span>
    </p>
   </div>
   <div class='ocr_carea' id='block_1_60' title="bbox 397 3135 3709 3223">
    <p class='ocr_par' dir='ltr' id='par_1_60' title="bbox 397 3135 3709 3223">
     <span class='ocr_line' id='line_1_60' title="bbox 397 3135 3709 3223; baseline 0.002 -22"><span class='ocrx_word' id='word_1_424' title='bbox 397 3146 543 3201; x_wconf 84' lang='lat' dir='ltr'><strong>enim</strong></span> <span class='ocrx_word' id='word_1_425' title='bbox 584 3145 636 3200; x_wconf 90' lang='lat' dir='ltr'><strong>in</strong></span> <span class='ocrx_word' id='word_1_426' title='bbox 679 3146 748 3200; x_wconf 88' lang='lat' dir='ltr'><strong>ita</strong></span> <span class='ocrx_word' id='word_1_427' title='bbox 789 3146 1028 3216; x_wconf 83' lang='lat' dir='ltr'><strong>exceptis</strong></span> <span class='ocrx_word' id='word_1_428' title='bbox 1079 3145 1284 3200; x_wconf 92' lang='lat' dir='ltr'><strong>nullum</strong></span> <span class='ocrx_word' id='word_1_429' title='bbox 1332 3153 1506 3208; x_wconf 80' lang='lat' dir='ltr'><strong>esset,</strong></span> <span class='ocrx_word' id='word_1_430' title='bbox 1543 3143 1657 3198; x_wconf 53' lang='lat' dir='ltr'><strong>illis</strong></span> <span class='ocrx_word' id='word_1_431' title='bbox 1697 3142 1997 3214; x_wconf 74' lang='lat' dir='ltr'><strong>prtescrtim</strong></span> <span class='ocrx_word' id='word_1_432' title='bbox 2026 3135 2073 3201; x_wconf 89' lang='lat' dir='ltr'>C</span> <span class='ocrx_word' id='word_1_433' title='bbox 2105 3150 2245 3207; x_wconf 78' lang='lat' dir='ltr'><strong>dona</strong></span> <span class='ocrx_word' id='word_1_434' title='bbox 2283 3151 2578 3208; x_wconf 72' lang='lat' dir='ltr'><strong>inﬁdelium</strong></span> <span class='ocrx_word' id='word_1_435' title='bbox 2623 3166 2817 3218; x_wconf 82' lang='lat' dir='ltr'><strong>causa,</strong></span> <span class='ocrx_word' id='word_1_436' title='bbox 2865 3152 3044 3223; x_wconf 85' lang='lat' dir='ltr'><strong>potius</strong></span> <span class='ocrx_word' id='word_1_437' title='bbox 3090 3165 3250 3222; x_wconf 88' lang='lat' dir='ltr'><strong>quam</strong></span> <span class='ocrx_word' id='word_1_438' title='bbox 3281 3149 3549 3218; x_wconf 87' lang='lat' dir='ltr'><strong>fidelium,</strong></span> <span class='ocrx_word' id='word_1_439' title='bbox 3579 3149 3709 3205; x_wconf 88' lang='lat' dir='ltr'><strong>data</strong></span> 
     </span>
    </p>
   </div>
   <div class='ocr_carea' id='block_1_61' title="bbox 395 3235 1996 3310">
    <p class='ocr_par' dir='ltr' id='par_1_61' title="bbox 395 3235 1996 3310">
     <span class='ocr_line' id='line_1_61' title="bbox 395 3235 1996 3310; baseline -0.001 -18"><span class='ocrx_word' id='word_1_440' title='bbox 395 3237 840 3310; x_wconf 82' lang='lat' dir='ltr'><strong>persecutionum</strong></span> <span class='ocrx_word' id='word_1_441' title='bbox 879 3237 1119 3303; x_wconf 63' lang='lat' dir='ltr'><strong>saeculis,</strong></span> <span class='ocrx_word' id='word_1_442' title='bbox 1151 3239 1318 3293; x_wconf 87' lang='lat' dir='ltr'><strong>fastus</strong></span> <span class='ocrx_word' id='word_1_443' title='bbox 1341 3235 1674 3309; x_wconf 88' lang='lat' dir='ltr'><strong>periculum;</strong></span> <span class='ocrx_word' id='word_1_444' title='bbox 1715 3235 1879 3292; x_wconf 91' lang='lat' dir='ltr'><strong>multa</strong></span> <span class='ocrx_word' id='word_1_445' title='bbox 1912 3244 1996 3290; x_wconf 89' lang='lat' dir='ltr'><strong>ta-</strong></span> 
     </span>
    </p>
   </div>
   <div class='ocr_carea' id='block_1_62' title="bbox 394 3333 1996 3407">
    <p class='ocr_par' dir='ltr' id='par_1_62' title="bbox 394 3333 1996 3407">
     <span class='ocr_line' id='line_1_62' title="bbox 394 3333 1996 3407; baseline 0.001 -19"><span class='ocrx_word' id='word_1_446' title='bbox 394 3348 524 3389; x_wconf 87' lang='lat' dir='ltr'><strong>men</strong></span> <span class='ocrx_word' id='word_1_447' title='bbox 555 3341 709 3388; x_wconf 86' lang='lat' dir='ltr'><strong>erant</strong></span> <span class='ocrx_word' id='word_1_448' title='bbox 739 3333 791 3388; x_wconf 93' lang='lat' dir='ltr'><strong>in</strong></span> <span class='ocrx_word' id='word_1_449' title='bbox 825 3333 909 3388; x_wconf 91' lang='lat' dir='ltr'><strong>his</strong></span> <span class='ocrx_word' id='word_1_450' title='bbox 935 3333 1242 3404; x_wconf 89' lang='lat' dir='ltr'><strong>adiaphoris</strong></span> <span class='ocrx_word' id='word_1_451' title='bbox 1267 3351 1386 3407; x_wconf 66' lang='lat' dir='ltr'><strong>quae</strong></span> <span class='ocrx_word' id='word_1_452' title='bbox 1416 3334 1483 3390; x_wconf 89' lang='lat' dir='ltr'><strong>ad</strong></span> <span class='ocrx_word' id='word_1_453' title='bbox 1513 3335 1849 3392; x_wconf 90' lang='lat' dir='ltr'><strong>subditorum</strong></span> <span class='ocrx_word' id='word_1_454' title='bbox 1877 3334 1996 3390; x_wconf 88' lang='lat' dir='ltr'><strong>cul-</strong></span> 
     </span>
    </p>
   </div>
   <div class='ocr_carea' id='block_1_63' title="bbox 394 3427 1994 3501">
    <p class='ocr_par' dir='ltr' id='par_1_63' title="bbox 394 3427 1994 3501">
     <span class='ocr_line' id='line_1_63' title="bbox 394 3427 1994 3501; baseline 0.003 -22"><span class='ocrx_word' id='word_1_455' title='bbox 394 3435 510 3480; x_wconf 86' lang='lat' dir='ltr'><strong>tnm</strong></span> <span class='ocrx_word' id='word_1_456' title='bbox 540 3427 1008 3498; x_wconf 88' lang='lat' dir='ltr'><strong>reverentiamque</strong></span> <span class='ocrx_word' id='word_1_457' title='bbox 1033 3428 1426 3485; x_wconf 88' lang='lat' dir='ltr'><strong>conciliandam</strong></span> <span class='ocrx_word' id='word_1_458' title='bbox 1454 3429 1713 3496; x_wconf 88' lang='lat' dir='ltr'><strong>facerent,</strong></span> <span class='ocrx_word' id='word_1_459' title='bbox 1747 3445 1865 3501; x_wconf 60' lang='lat' dir='ltr'><strong>quae</strong></span> <span class='ocrx_word' id='word_1_460' title='bbox 1887 3444 1994 3485; x_wconf 93' lang='lat' dir='ltr'><strong>non</strong></span> 
     </span>
    </p>
   </div>
   <div class='ocr_carea' id='block_1_64' title="bbox 398 3508 1996 3592">
    <p class='ocr_par' dir='ltr' id='par_1_64' title="bbox 398 3508 1996 3592">
     <span class='ocr_line' id='line_1_64' title="bbox 398 3508 1996 3592; baseline 0.001 -17"><span class='ocrx_word' id='word_1_461' title='bbox 398 3529 550 3575; x_wconf 89' lang='lat' dir='ltr'><strong>erant</strong></span> <span class='ocrx_word' id='word_1_462' title='bbox 570 3535 702 3575; x_wconf 84' lang='lat' dir='ltr'><strong>sane</strong></span> <span class='ocrx_word' id='word_1_463' title='bbox 723 3520 1062 3591; x_wconf 79' lang='lat' dir='ltr'><strong>negligenda,</strong></span> <span class='ocrx_word' id='word_1_464' title='bbox 1077 3538 1197 3577; x_wconf 90' lang='lat' dir='ltr'><strong>cum</strong></span> <span class='ocrx_word' id='word_1_465' title='bbox 1224 3508 1518 3592; x_wconf 71' lang='lat' dir='ltr'><strong>prmsertim</strong></span> <span class='ocrx_word' id='word_1_466' title='bbox 1537 3537 1644 3576; x_wconf 91' lang='lat' dir='ltr'><strong>non</strong></span> <span class='ocrx_word' id='word_1_467' title='bbox 1664 3522 1996 3592; x_wconf 90' lang='lat' dir='ltr'><strong>imperaren-</strong></span> 
     </span>
    </p>
   </div>
   <div class='ocr_carea' id='block_1_65' title="bbox 392 3612 1995 3686">
    <p class='ocr_par' dir='ltr' id='par_1_65' title="bbox 392 3612 1995 3686">
     <span class='ocr_line' id='line_1_65' title="bbox 392 3612 1995 3686; baseline 0.001 -17"><span class='ocrx_word' id='word_1_468' title='bbox 392 3621 482 3669; x_wconf 89' lang='lat' dir='ltr'><strong>tur</strong></span> <span class='ocrx_word' id='word_1_469' title='bbox 536 3613 651 3668; x_wconf 76' lang='lat' dir='ltr'><strong>hzcc</strong></span> <span class='ocrx_word' id='word_1_470' title='bbox 693 3612 892 3680; x_wconf 85' lang='lat' dir='ltr'><strong>officia,</strong></span> <span class='ocrx_word' id='word_1_471' title='bbox 923 3614 1016 3670; x_wconf 90' lang='lat' dir='ltr'><strong>sed</strong></span> <span class='ocrx_word' id='word_1_472' title='bbox 1048 3630 1176 3671; x_wconf 88' lang='lat' dir='ltr'><strong>vero</strong></span> <span class='ocrx_word' id='word_1_473' title='bbox 1203 3614 1482 3671; x_wconf 91' lang='lat' dir='ltr'><strong>liberrimo</strong></span> <span class='ocrx_word' id='word_1_474' title='bbox 1507 3614 1995 3686; x_wconf 79' lang='lat' dir='ltr'><strong>ardentissimoquc</strong></span> 
     </span>
    </p>
   </div>
   <div class='ocr_carea' id='block_1_66' title="bbox 395 3706 1455 3781">
    <p class='ocr_par' dir='ltr' id='par_1_66' title="bbox 395 3706 1455 3781">
     <span class='ocr_line' id='line_1_66' title="bbox 395 3706 1455 3781; baseline 0.001 -17"><span class='ocrx_word' id='word_1_475' title='bbox 395 3706 734 3765; x_wconf 80' lang='lat' dir='ltr'><strong>subditorum</strong></span> <span class='ocrx_word' id='word_1_476' title='bbox 766 3719 1148 3780; x_wconf 61' lang='lat' dir='ltr'><strong>praestarentur</strong></span> <span class='ocrx_word' id='word_1_477' title='bbox 1171 3709 1455 3781; x_wconf 79' lang='lat' dir='ltr'><strong>obsequio.</strong></span> 
     </span>
    </p>
   </div>
   <div class='ocr_carea' id='block_1_67' title="bbox 390 3801 1997 3878">
    <p class='ocr_par' dir='ltr' id='par_1_67' title="bbox 390 3801 1997 3878">
     <span class='ocr_line' id='line_1_67' title="bbox 390 3801 1997 3878; baseline 0.001 -18"><span class='ocrx_word' id='word_1_478' title='bbox 390 3809 406 3860; x_wconf 60' lang='grc' dir='ltr'><strong>,ι</strong></span> <span class='ocrx_word' id='word_1_479' title='bbox 469 3801 498 3874; x_wconf 78' lang='lat'>§</span> <span class='ocrx_word' id='word_1_480' title='bbox 535 3802 626 3860; x_wconf 74' lang='grc'><strong>20.</strong></span> <span class='ocrx_word' id='word_1_481' title='bbox 669 3803 846 3874; x_wconf 83' lang='lat' dir='ltr'><strong>Atque</strong></span> <span class='ocrx_word' id='word_1_482' title='bbox 877 3803 1001 3861; x_wconf 91' lang='lat' dir='ltr'><strong>hinc</strong></span> <span class='ocrx_word' id='word_1_483' title='bbox 1021 3805 1758 3878; x_wconf 85' lang='lat' dir='ltr'><strong>coucludimus,quamquam</strong></span> <span class='ocrx_word' id='word_1_484' title='bbox 1780 3805 1997 3862; x_wconf 85' lang='lat' dir='ltr'><strong>aliunde</strong></span> 
     </span>
    </p>
   </div>
   <div class='ocr_carea' id='block_1_68' title="bbox 391 3896 1997 3970">
    <p class='ocr_par' dir='ltr' id='par_1_68' title="bbox 391 3896 1997 3970">
     <span class='ocr_line' id='line_1_68' title="bbox 391 3896 1997 3970; baseline 0.001 -17"><span class='ocrx_word' id='word_1_485' title='bbox 391 3910 504 3953; x_wconf 85' lang='lat' dir='ltr'><strong>non</strong></span> <span class='ocrx_word' id='word_1_486' title='bbox 535 3896 958 3968; x_wconf 90' lang='lat' dir='ltr'><strong>intelligeremus</strong></span> <span class='ocrx_word' id='word_1_487' title='bbox 999 3914 1158 3970; x_wconf 91' lang='lat' dir='ltr'><strong>quem</strong></span> <span class='ocrx_word' id='word_1_488' title='bbox 1189 3901 1362 3955; x_wconf 90' lang='lat' dir='ltr'><strong>locum</strong></span> <span class='ocrx_word' id='word_1_489' title='bbox 1392 3899 1444 3954; x_wconf 94' lang='lat' dir='ltr'><strong>in</strong></span> <span class='ocrx_word' id='word_1_490' title='bbox 1480 3899 1721 3955; x_wconf 84' lang='lat' dir='ltr'><strong>Ecclesia</strong></span> <span class='ocrx_word' id='word_1_491' title='bbox 1749 3897 1997 3956; x_wconf 83' lang='lat' dir='ltr'><strong>obtinue-</strong></span> 
     </span>
    </p>
   </div>
   <div class='ocr_carea' id='block_1_69' title="bbox 393 3987 1992 4063">
    <p class='ocr_par' dir='ltr' id='par_1_69' title="bbox 393 3987 1992 4063">
     <span class='ocr_line' id='line_1_69' title="bbox 393 3987 1992 4063; baseline 0.005 -19"><span class='ocrx_word' id='word_1_492' title='bbox 393 3987 506 4045; x_wconf 88' lang='lat' dir='ltr'><strong>rint</strong></span> <span class='ocrx_word' id='word_1_493' title='bbox 535 3987 626 4060; x_wconf 84' lang='lat' dir='ltr'><strong>qui</strong></span> <span class='ocrx_word' id='word_1_494' title='bbox 649 3988 732 4044; x_wconf 87' lang='lat' dir='ltr'><strong>his</strong></span> <span class='ocrx_word' id='word_1_495' title='bbox 758 3989 1113 4061; x_wconf 88' lang='lat' dir='ltr'><strong>legationibus</strong></span> <span class='ocrx_word' id='word_1_496' title='bbox 1139 3990 1403 4048; x_wconf 89' lang='lat' dir='ltr'><strong>obeundis</strong></span> <span class='ocrx_word' id='word_1_497' title='bbox 1431 3992 1854 4063; x_wconf 87' lang='lat' dir='ltr'><strong>destinarentur,</strong></span> <span class='ocrx_word' id='word_1_498' title='bbox 1887 4008 1992 4052; x_wconf 92' lang='lat' dir='ltr'><strong>non</strong></span> 
     </span>
    </p>
   </div>
   <div class='ocr_carea' id='block_1_70' title="bbox 391 4065 2002 4158">
    <p class='ocr_par' dir='ltr' id='par_1_70' title="bbox 391 4065 2002 4158">
     <span class='ocr_line' id='line_1_70' title="bbox 391 4065 2002 4158; baseline 0.005 -18"><span class='ocrx_word' id='word_1_499' title='bbox 391 4097 520 4140; x_wconf 83' lang='lat' dir='ltr'><strong>esse</strong></span> <span class='ocrx_word' id='word_1_500' title='bbox 548 4093 726 4141; x_wconf 89' lang='lat' dir='ltr'><strong>tamen</strong></span> <span class='ocrx_word' id='word_1_501' title='bbox 754 4084 897 4157; x_wconf 83' lang='lat' dir='ltr'><strong>quod</strong></span> <span class='ocrx_word' id='word_1_502' title='bbox 936 4086 1243 4143; x_wconf 90' lang='lat' dir='ltr'><strong>dubitemus</strong></span> <span class='ocrx_word' id='word_1_503' title='bbox 1273 4088 1400 4158; x_wconf 83' lang='lat' dir='ltr'><strong>quin</strong></span> <span class='ocrx_word' id='word_1_504' title='bbox 1432 4089 1475 4143; x_wconf 89' lang='lat' dir='ltr'><strong>is</strong></span> <span class='ocrx_word' id='word_1_505' title='bbox 1508 4089 1668 4145; x_wconf 89' lang='lat' dir='ltr'><strong>fuerit</strong></span> <span class='ocrx_word' id='word_1_506' title='bbox 1701 4065 2002 4148; x_wconf 32' lang='lat' dir='ltr'><strong>admodum.</strong></span> 
     </span>
    </p>
   </div>
   <div class='ocr_carea' id='block_1_71' title="bbox 391 4174 1993 4240">
    <p class='ocr_par' dir='ltr' id='par_1_71' title="bbox 391 4174 1993 4240">
     <span class='ocr_line' id='line_1_71' title="bbox 391 4174 1993 4240; baseline 0.006 -8"><span class='ocrx_word' id='word_1_507' title='bbox 391 4174 744 4234; x_wconf 76' lang='lat' dir='ltr'><strong>honorificus.</strong></span> <span class='ocrx_word' id='word_1_508' title='bbox 777 4179 1182 4235; x_wconf 87' lang='lat' dir='ltr'><strong>Ordinariortnn</strong></span> <span class='ocrx_word' id='word_1_509' title='bbox 1222 4178 1412 4235; x_wconf 89' lang='lat' dir='ltr'><strong>horum</strong></span> <span class='ocrx_word' id='word_1_510' title='bbox 1451 4181 1707 4238; x_wconf 75' lang='lat' dir='ltr'><strong>Ecclesia:</strong></span> <span class='ocrx_word' id='word_1_511' title='bbox 1747 4185 1993 4240; x_wconf 89' lang='lat' dir='ltr'><strong>ministe-</strong></span> 
     </span>
    </p>
   </div>
   <div class='ocr_carea' id='block_1_72' title="bbox 389 4269 1994 4351">
    <p class='ocr_par' dir='ltr' id='par_1_72' title="bbox 389 4269 1994 4351">
     <span class='ocr_line' id='line_1_72' title="bbox 389 4269 1994 4351; baseline 0.007 -23"><span class='ocrx_word' id='word_1_512' title='bbox 389 4269 596 4328; x_wconf 87' lang='lat' dir='ltr'><strong>riorum</strong></span> <span class='ocrx_word' id='word_1_513' title='bbox 614 4273 664 4327; x_wconf 91' lang='lat' dir='ltr'><strong>iu</strong></span> <span class='ocrx_word' id='word_1_514' title='bbox 684 4275 852 4344; x_wconf 89' lang='lat' dir='ltr'><strong>prima</strong></span> <span class='ocrx_word' id='word_1_515' title='bbox 872 4275 1056 4331; x_wconf 70' lang='lat' dir='ltr'><strong>illitevi</strong></span> <span class='ocrx_word' id='word_1_516' title='bbox 1077 4275 1350 4349; x_wconf 84' lang='lat' dir='ltr'><strong>apostolici</strong></span> <span class='ocrx_word' id='word_1_517' title='bbox 1369 4275 1792 4351; x_wconf 71' lang='lat' dir='ltr'><strong>ltistorin,rari0r</strong></span> <span class='ocrx_word' id='word_1_518' title='bbox 1812 4294 1994 4335; x_wconf 81' lang='lat' dir='ltr'><strong>occur-</strong></span> 
     </span>
    </p>
   </div>
   <div class='ocr_carea' id='block_1_73' title="bbox 1167 4405 1408 4414">
    <p class='ocr_par' dir='ltr' id='par_1_73' title="bbox 1167 4405 1408 4414">
     <span class='ocr_line' id='line_1_73' title="bbox 1167 4405 1408 4414; baseline 0 -2"><span class='ocrx_word' id='word_1_519' title='bbox 1167 4405 1408 4414; x_wconf 54' lang='lat'><strong>*—</strong></span> 
     </span>
    </p>
   </div>
   <div class='ocr_carea' id='block_1_74' title="bbox 1431 4407 1602 4418">
    <p class='ocr_par' dir='ltr' id='par_1_74' title="bbox 1431 4407 1602 4418">
     <span class='ocr_line' id='line_1_74' title="bbox 1431 4407 1602 4418; baseline 0 -4"><span class='ocrx_word' id='word_1_520' title='bbox 1431 4407 1602 4418; x_wconf 61' lang='lat'><strong>._—~</strong></span> 
     </span>
    </p>
   </div>
   <div class='ocr_carea' id='block_1_75' title="bbox 399 4397 688 4458">
    <p class='ocr_par' dir='ltr' id='par_1_75' title="bbox 399 4398 688 4452">
     <span class='ocr_line' id='line_1_75' title="bbox 399 4398 688 4452; baseline 0 -1"><span class='ocrx_word' id='word_1_521' title='bbox 399 4398 688 4452; x_wconf 50' lang='lat' dir='ltr'><strong>ﬁ</strong></span> 
     </span>
    </p>
   </div>
   <div class='ocr_carea' id='block_1_76' title="bbox 688 4405 1566 4689">
    <p class='ocr_par' dir='ltr' id='par_1_76' title="bbox 688 4405 1566 4689">
     <span class='ocr_line' id='line_1_76' title="bbox 688 4405 1566 4689; baseline 0.002 -2"><span class='ocrx_word' id='word_1_522' title='bbox 688 4405 1566 4689; x_wconf 47' lang='lat' dir='ltr'><strong>Bis???</strong></span> 
     </span>
    </p>
   </div>
   <div class='ocr_carea' id='block_1_77' title="bbox 1599 4446 1951 4459">
    <p class='ocr_par' dir='ltr' id='par_1_77' title="bbox 1599 4446 1951 4459">
     <span class='ocr_line' id='line_1_77' title="bbox 1599 4446 1951 4459; baseline 0 -1"><span class='ocrx_word' id='word_1_523' title='bbox 1599 4446 1951 4459; x_wconf 69' lang='lat'><strong>_-.———&#39;</strong></span> 
     </span>
    </p>
   </div>
   <div class='ocr_carea' id='block_1_78' title="bbox 1573 4447 3407 4696">
    <p class='ocr_par' dir='ltr' id='par_1_78' title="bbox 1573 4447 3407 4696">
     <span class='ocr_line' id='line_1_78' title="bbox 1573 4447 3407 4696; baseline -0.005 1"><span class='ocrx_word' id='word_1_524' title='bbox 1573 4447 2344 4696; x_wconf 60' lang='grc' dir='ltr'><strong>ΫῙΤΙΟ</strong></span> <span class='ocrx_word' id='word_1_525' title='bbox 2457 4447 3407 4691; x_wconf 61' lang='lat' dir='ltr'><strong>nam</strong></span> 
     </span>
    </p>
   </div>
   <div class='ocr_carea' id='block_1_79' title="bbox 976 4769 3073 4906">
    <p class='ocr_par' dir='ltr' id='par_1_79' title="bbox 976 4769 3073 4906">
     <span class='ocr_line' id='line_1_79' title="bbox 976 4769 3073 4906; baseline -0 -54"><span class='ocrx_word' id='word_1_526' title='bbox 976 4771 1136 4906; x_wconf 86' lang='lat' dir='ltr'><strong>DE</strong></span> <span class='ocrx_word' id='word_1_527' title='bbox 1193 4771 1752 4857; x_wconf 85' lang='lat' dir='ltr'><strong>SECUNDO</strong></span> <span class='ocrx_word' id='word_1_528' title='bbox 1811 4773 2397 4858; x_wconf 76' lang='lat' dir='ltr'><strong>MARTYRII</strong></span> <span class='ocrx_word' id='word_1_529' title='bbox 2455 4769 3073 4877; x_wconf 88' lang='lat' dir='ltr'><strong>BAPTISMO,</strong></span> 
     </span>
    </p>
   </div>
   <div class='ocr_carea' id='block_1_80' title="bbox 2103 3243 3708 3318">
    <p class='ocr_par' dir='ltr' id='par_1_80' title="bbox 2103 3243 3708 3318">
     <span class='ocr_line' id='line_1_80' title="bbox 2103 3243 3708 3318; baseline -0.001 -16"><span class='ocrx_word' id='word_1_530' title='bbox 2103 3261 2225 3303; x_wconf 90' lang='lat' dir='ltr'><strong>esse</strong></span> <span class='ocrx_word' id='word_1_531' title='bbox 2253 3245 2498 3318; x_wconf 88' lang='lat' dir='ltr'><strong>agnoscit</strong></span> <span class='ocrx_word' id='word_1_532' title='bbox 2522 3248 2800 3318; x_wconf 87' lang='lat' dir='ltr'><strong>apostolus</strong></span> <span class='ocrx_word' id='word_1_533' title='bbox 2830 3246 3042 3303; x_wconf 89' lang='lat' dir='ltr'><strong>utiliora</strong></span> <span class='ocrx_word' id='word_1_534' title='bbox 3072 3243 3297 3316; x_wconf 91' lang='lat' dir='ltr'><strong>proinde</strong></span> <span class='ocrx_word' id='word_1_535' title='bbox 3334 3243 3508 3300; x_wconf 82' lang='lat' dir='ltr'><strong>futura</strong></span> <span class='ocrx_word' id='word_1_536' title='bbox 3527 3284 3544 3308; x_wconf 90' lang='lat'><strong>,</strong></span> <span class='ocrx_word' id='word_1_537' title='bbox 3573 3243 3621 3299; x_wconf 92' lang='lat' dir='ltr'><strong>si</strong></span> <span class='ocrx_word' id='word_1_538' title='bbox 3653 3243 3708 3301; x_wconf 91' lang='lat' dir='ltr'><strong>in</strong></span> 
     </span>
    </p>
   </div>
   <div class='ocr_carea' id='block_1_81' title="bbox 2102 3335 3710 3412">
    <p class='ocr_par' dir='ltr' id='par_1_81' title="bbox 2102 3335 3710 3412">
     <span class='ocr_line' id='line_1_81' title="bbox 2102 3335 3710 3412; baseline -0.002 -15"><span class='ocrx_word' id='word_1_539' title='bbox 2102 3340 2484 3397; x_wconf 91' lang='lat' dir='ltr'><strong>convertendis</strong></span> <span class='ocrx_word' id='word_1_540' title='bbox 2513 3341 2816 3398; x_wconf 90' lang='lat' dir='ltr'><strong>inlidelibus</strong></span> <span class='ocrx_word' id='word_1_541' title='bbox 2843 3335 3024 3412; x_wconf 77' lang='lat' dir='ltr'><strong>patius</strong></span> <span class='ocrx_word' id='word_1_542' title='bbox 3050 3355 3209 3411; x_wconf 89' lang='lat' dir='ltr'><strong>quam</strong></span> <span class='ocrx_word' id='word_1_543' title='bbox 3236 3337 3482 3395; x_wconf 86' lang='lat' dir='ltr'><strong>fidelibus</strong></span> <span class='ocrx_word' id='word_1_544' title='bbox 3507 3339 3710 3395; x_wconf 85' lang='lat' dir='ltr'><strong>confir-</strong></span> 
     </span>
    </p>
   </div>
   <div class='ocr_carea' id='block_1_82' title="bbox 2102 3435 3712 3508">
    <p class='ocr_par' dir='ltr' id='par_1_82' title="bbox 2102 3435 3712 3508">
     <span class='ocr_line' id='line_1_82' title="bbox 2102 3435 3712 3508; baseline -0.002 -15"><span class='ocrx_word' id='word_1_545' title='bbox 2102 3437 2315 3495; x_wconf 91' lang='lat' dir='ltr'><strong>mandis</strong></span> <span class='ocrx_word' id='word_1_546' title='bbox 2335 3480 2350 3504; x_wconf 90' lang='lat'><strong>,</strong></span> <span class='ocrx_word' id='word_1_547' title='bbox 2378 3437 2796 3496; x_wconf 87' lang='lat' dir='ltr'><strong>collocarentur.</strong></span> <span class='ocrx_word' id='word_1_548' title='bbox 2819 3436 2956 3494; x_wconf 90' lang='lat' dir='ltr'><strong>Cum</strong></span> <span class='ocrx_word' id='word_1_549' title='bbox 2985 3436 3284 3508; x_wconf 72' lang='lat' dir='ltr'><strong>prmsertim</strong></span> <span class='ocrx_word' id='word_1_550' title='bbox 3322 3450 3390 3491; x_wconf 91' lang='lat' dir='ltr'><strong>eo</strong></span> <span class='ocrx_word' id='word_1_551' title='bbox 3420 3435 3538 3505; x_wconf 93' lang='lat' dir='ltr'><strong>ipso</strong></span> <span class='ocrx_word' id='word_1_552' title='bbox 3575 3449 3712 3490; x_wconf 82' lang='lat' dir='ltr'><strong>con-</strong></span> 
     </span>
    </p>
   </div>
   <div class='ocr_carea' id='block_1_83' title="bbox 2102 3525 3701 3599">
    <p class='ocr_par' dir='ltr' id='par_1_83' title="bbox 2102 3525 3701 3599">
     <span class='ocr_line' id='line_1_83' title="bbox 2102 3525 3701 3599; baseline -0.003 -12"><span class='ocrx_word' id='word_1_553' title='bbox 2102 3531 2224 3589; x_wconf 91' lang='lat' dir='ltr'><strong>silio</strong></span> <span class='ocrx_word' id='word_1_554' title='bbox 2246 3530 2393 3586; x_wconf 90' lang='lat' dir='ltr'><strong>missi</strong></span> <span class='ocrx_word' id='word_1_555' title='bbox 2417 3539 2622 3597; x_wconf 86' lang='lat' dir='ltr'><strong>essent,</strong></span> <span class='ocrx_word' id='word_1_556' title='bbox 2641 3546 2748 3586; x_wconf 90' lang='lat' dir='ltr'><strong>non</strong></span> <span class='ocrx_word' id='word_1_557' title='bbox 2769 3530 2860 3599; x_wconf 90' lang='lat' dir='ltr'><strong>qui</strong></span> <span class='ocrx_word' id='word_1_558' title='bbox 2883 3529 3160 3585; x_wconf 89' lang='lat' dir='ltr'><strong>venientes</strong></span> <span class='ocrx_word' id='word_1_559' title='bbox 3181 3527 3493 3598; x_wconf 81' lang='lat' dir='ltr'><strong>exciperent</strong></span> <span class='ocrx_word' id='word_1_560' title='bbox 3513 3525 3701 3593; x_wconf 87' lang='lat' dir='ltr'><strong>modo,</strong></span> 
     </span>
    </p>
   </div>
   <div class='ocr_carea' id='block_1_84' title="bbox 2100 3621 3708 3700">
    <p class='ocr_par' dir='ltr' id='par_1_84' title="bbox 2100 3621 3708 3700">
     <span class='ocr_line' id='line_1_84' title="bbox 2100 3621 3708 3700; baseline -0.003 -19"><span class='ocrx_word' id='word_1_561' title='bbox 2100 3625 2195 3682; x_wconf 93' lang='lat' dir='ltr'><strong>sed</strong></span> <span class='ocrx_word' id='word_1_562' title='bbox 2223 3626 2313 3696; x_wconf 93' lang='lat' dir='ltr'><strong>qui</strong></span> <span class='ocrx_word' id='word_1_563' title='bbox 2343 3624 2569 3682; x_wconf 87' lang='lat' dir='ltr'><strong>comites</strong></span> <span class='ocrx_word' id='word_1_564' title='bbox 2596 3632 2780 3680; x_wconf 89' lang='lat' dir='ltr'><strong>essent</strong></span> <span class='ocrx_word' id='word_1_565' title='bbox 2804 3632 2859 3680; x_wconf 92' lang='lat' dir='ltr'><strong>et</strong></span> <span class='ocrx_word' id='word_1_566' title='bbox 2879 3626 3118 3700; x_wconf 74' lang='grc' dir='ltr'><strong>συνεργοί</strong></span> <span class='ocrx_word' id='word_1_567' title='bbox 3144 3621 3510 3677; x_wconf 89' lang='lat' dir='ltr'><strong>itinerantium</strong></span> <span class='ocrx_word' id='word_1_568' title='bbox 3541 3630 3708 3692; x_wconf 87' lang='lat' dir='ltr'><strong>atque</strong></span> 
     </span>
    </p>
   </div>
   <div class='ocr_carea' id='block_1_85' title="bbox 2098 3713 3708 3794">
    <p class='ocr_par' dir='ltr' id='par_1_85' title="bbox 2098 3713 3708 3794">
     <span class='ocr_line' id='line_1_85' title="bbox 2098 3713 3708 3794; baseline -0.006 -15"><span class='ocrx_word' id='word_1_569' title='bbox 2098 3721 2578 3794; x_wconf 86' lang='lat' dir='ltr'><strong>peregrinantium.</strong></span> <span class='ocrx_word' id='word_1_570' title='bbox 2631 3718 2742 3776; x_wconf 91' lang='lat' dir='ltr'><strong>Sed</strong></span> <span class='ocrx_word' id='word_1_571' title='bbox 2790 3734 2920 3775; x_wconf 88' lang='lat' dir='ltr'><strong>vero</strong></span> <span class='ocrx_word' id='word_1_572' title='bbox 2967 3717 3127 3772; x_wconf 90' lang='lat' dir='ltr'><strong>aliam</strong></span> <span class='ocrx_word' id='word_1_573' title='bbox 3176 3715 3395 3773; x_wconf 91' lang='lat' dir='ltr'><strong>omnino</strong></span> <span class='ocrx_word' id='word_1_574' title='bbox 3439 3713 3708 3770; x_wconf 89' lang='lat' dir='ltr'><strong>adminis-</strong></span> 
     </span>
    </p>
   </div>
   <div class='ocr_carea' id='block_1_86' title="bbox 2100 3807 3709 3884">
    <p class='ocr_par' dir='ltr' id='par_1_86' title="bbox 2100 3807 3709 3884">
     <span class='ocr_line' id='line_1_86' title="bbox 2100 3807 3709 3884; baseline -0.007 -11"><span class='ocrx_word' id='word_1_575' title='bbox 2100 3815 2276 3874; x_wconf 90' lang='lat' dir='ltr'><strong>trandi</strong></span> <span class='ocrx_word' id='word_1_576' title='bbox 2306 3815 2568 3871; x_wconf 86' lang='lat' dir='ltr'><strong>rationem</strong></span> <span class='ocrx_word' id='word_1_577' title='bbox 2597 3812 2850 3884; x_wconf 89' lang='lat' dir='ltr'><strong>exigebat</strong></span> <span class='ocrx_word' id='word_1_578' title='bbox 2879 3811 3026 3866; x_wconf 91' lang='lat' dir='ltr'><strong>illius</strong></span> <span class='ocrx_word' id='word_1_579' title='bbox 3049 3809 3224 3866; x_wconf 73' lang='lat' dir='ltr'><strong>anatis</strong></span> <span class='ocrx_word' id='word_1_580' title='bbox 3259 3807 3503 3864; x_wconf 86' lang='lat' dir='ltr'><strong>Ecclesia</strong></span> <span class='ocrx_word' id='word_1_581' title='bbox 3541 3819 3709 3877; x_wconf 90' lang='lat' dir='ltr'><strong>quam</strong></span> 
     </span>
    </p>
   </div>
   <div class='ocr_carea' id='block_1_87' title="bbox 2099 3899 3708 3982">
    <p class='ocr_par' dir='ltr' id='par_1_87' title="bbox 2099 3899 3708 3982">
     <span class='ocr_line' id='line_1_87' title="bbox 2099 3899 3708 3982; baseline -0.009 -12"><span class='ocrx_word' id='word_1_582' title='bbox 2099 3911 2459 3982; x_wconf 90' lang='lat' dir='ltr'><strong>sequentium,</strong></span> <span class='ocrx_word' id='word_1_583' title='bbox 2489 3919 2545 3965; x_wconf 91' lang='lat' dir='ltr'><strong>ut</strong></span> <span class='ocrx_word' id='word_1_584' title='bbox 2567 3909 2764 3965; x_wconf 87' lang='lat' dir='ltr'><strong>frustra</strong></span> <span class='ocrx_word' id='word_1_585' title='bbox 2795 3907 2903 3962; x_wconf 89' lang='lat' dir='ltr'><strong>sint</strong></span> <span class='ocrx_word' id='word_1_586' title='bbox 2926 3904 3149 3961; x_wconf 91' lang='lat' dir='ltr'><strong>omnino</strong></span> <span class='ocrx_word' id='word_1_587' title='bbox 3178 3902 3268 3974; x_wconf 91' lang='lat' dir='ltr'><strong>qui</strong></span> <span class='ocrx_word' id='word_1_588' title='bbox 3301 3900 3430 3958; x_wconf 91' lang='lat' dir='ltr'><strong>nihil</strong></span> <span class='ocrx_word' id='word_1_589' title='bbox 3457 3899 3618 3956; x_wconf 88' lang='lat' dir='ltr'><strong>hodie</strong></span> <span class='ocrx_word' id='word_1_590' title='bbox 3649 3901 3708 3956; x_wconf 89' lang='lat' dir='ltr'><strong>in</strong></span> 
     </span>
    </p>
   </div>
   <div class='ocr_carea' id='block_1_88' title="bbox 2101 3991 3708 4075">
    <p class='ocr_par' dir='ltr' id='par_1_88' title="bbox 2101 3991 3708 4075">
     <span class='ocr_line' id='line_1_88' title="bbox 2101 3991 3708 4075; baseline -0.01 -12"><span class='ocrx_word' id='word_1_591' title='bbox 2101 4005 2342 4063; x_wconf 86' lang='lat' dir='ltr'><strong>Ecclesia</strong></span> <span class='ocrx_word' id='word_1_592' title='bbox 2395 4004 2713 4075; x_wconf 90' lang='lat' dir='ltr'><strong>permittunt</strong></span> <span class='ocrx_word' id='word_1_593' title='bbox 2759 4001 2861 4057; x_wconf 88' lang='lat' dir='ltr'><strong>nisi</strong></span> <span class='ocrx_word' id='word_1_594' title='bbox 2901 3998 3045 4072; x_wconf 89' lang='lat' dir='ltr'><strong>quod</strong></span> <span class='ocrx_word' id='word_1_595' title='bbox 3089 3995 3157 4052; x_wconf 90' lang='lat' dir='ltr'><strong>ad</strong></span> <span class='ocrx_word' id='word_1_596' title='bbox 3205 3996 3348 4051; x_wconf 88' lang='lat' dir='ltr'><strong>illius</strong></span> <span class='ocrx_word' id='word_1_597' title='bbox 3389 3991 3708 4065; x_wconf 61' lang='lat' dir='ltr'><strong>apostolicae</strong></span> 
     </span>
    </p>
   </div>
   <div class='ocr_carea' id='block_1_89' title="bbox 2101 4087 3705 4165">
    <p class='ocr_par' dir='ltr' id='par_1_89' title="bbox 2101 4087 3705 4165">
     <span class='ocr_line' id='line_1_89' title="bbox 2101 4087 3705 4165; baseline -0.01 -9"><span class='ocrx_word' id='word_1_598' title='bbox 2101 4099 2357 4156; x_wconf 67' lang='lat' dir='ltr'><strong>Ecclesiae</strong></span> <span class='ocrx_word' id='word_1_599' title='bbox 2383 4097 2589 4153; x_wconf 89' lang='lat' dir='ltr'><strong>accedit</strong></span> <span class='ocrx_word' id='word_1_600' title='bbox 2615 4094 2946 4165; x_wconf 83' lang='lat' dir='ltr'><strong>exemplum.</strong></span> <span class='ocrx_word' id='word_1_601' title='bbox 2979 4087 3404 4147; x_wconf 75' lang='lat' dir='ltr'><strong>Considerandte</strong></span> <span class='ocrx_word' id='word_1_602' title='bbox 3430 4095 3556 4143; x_wconf 90' lang='lat' dir='ltr'><strong>sunt</strong></span> <span class='ocrx_word' id='word_1_603' title='bbox 3581 4101 3705 4142; x_wconf 82' lang='lat' dir='ltr'><strong>om-</strong></span> 
     </span>
    </p>
   </div>
   <div class='ocr_carea' id='block_1_90' title="bbox 2097 4181 3708 4257">
    <p class='ocr_par' dir='ltr' id='par_1_90' title="bbox 2097 4181 3708 4257">
     <span class='ocr_line' id='line_1_90' title="bbox 2097 4181 3708 4257; baseline -0.007 -10"><span class='ocrx_word' id='word_1_604' title='bbox 2097 4192 2226 4247; x_wconf 92' lang='lat' dir='ltr'><strong>nino</strong></span> <span class='ocrx_word' id='word_1_605' title='bbox 2251 4189 2669 4246; x_wconf 67' lang='lat' dir='ltr'><strong>circumstantia:</strong></span> <span class='ocrx_word' id='word_1_606' title='bbox 2699 4197 2756 4244; x_wconf 89' lang='lat' dir='ltr'><strong>et</strong></span> <span class='ocrx_word' id='word_1_607' title='bbox 2783 4184 3061 4257; x_wconf 89' lang='lat' dir='ltr'><strong>prudentia</strong></span> <span class='ocrx_word' id='word_1_608' title='bbox 3091 4181 3417 4250; x_wconf 89' lang='lat' dir='ltr'><strong>adhibenda,</strong></span> <span class='ocrx_word' id='word_1_609' title='bbox 3451 4195 3558 4253; x_wconf 87' lang='lat' dir='ltr'><strong>qua</strong></span> <span class='ocrx_word' id='word_1_610' title='bbox 3585 4193 3708 4236; x_wconf 84' lang='lat' dir='ltr'><strong>cer-</strong></span> 
     </span>
    </p>
   </div>
   <div class='ocr_carea' id='block_1_91' title="bbox 2099 4278 3436 4351">
    <p class='ocr_par' dir='ltr' id='par_1_91' title="bbox 2099 4278 3436 4351">
     <span class='ocr_line' id='line_1_91' title="bbox 2099 4278 3436 4351; baseline -0.009 -9"><span class='ocrx_word' id='word_1_611' title='bbox 2099 4296 2208 4342; x_wconf 91' lang='lat' dir='ltr'><strong>tum</strong></span> <span class='ocrx_word' id='word_1_612' title='bbox 2240 4293 2323 4340; x_wconf 91' lang='lat' dir='ltr'><strong>est</strong></span> <span class='ocrx_word' id='word_1_613' title='bbox 2350 4283 2531 4338; x_wconf 76' lang='lat' dir='ltr'><strong>multis</strong></span> <span class='ocrx_word' id='word_1_614' title='bbox 2559 4283 2612 4337; x_wconf 91' lang='lat' dir='ltr'><strong>in</strong></span> <span class='ocrx_word' id='word_1_615' title='bbox 2644 4281 2803 4337; x_wconf 85' lang='lat' dir='ltr'><strong>rebus</strong></span> <span class='ocrx_word' id='word_1_616' title='bbox 2831 4295 2957 4338; x_wconf 91' lang='lat' dir='ltr'><strong>usos</strong></span> <span class='ocrx_word' id='word_1_617' title='bbox 2986 4295 3112 4337; x_wconf 91' lang='lat' dir='ltr'><strong>esse</strong></span> <span class='ocrx_word' id='word_1_618' title='bbox 3139 4278 3436 4351; x_wconf 88' lang='lat' dir='ltr'><strong>apostolos.</strong></span> 
     </span>
    </p>
   </div>
   <div class='ocr_carea' id='block_1_92' title="bbox 3651 4904 3702 4914">
    <p class='ocr_par' dir='ltr' id='par_1_92' title="bbox 3651 4904 3702 4914">
     <span class='ocr_line' id='line_1_92' title="bbox 3651 4904 3702 4914; baseline 0 0"><span class='ocrx_word' id='word_1_619' title='bbox 3651 4906 3655 4909; x_wconf 99' lang='lat'><strong><em>-</em></strong></span> <span class='ocrx_word' id='word_1_620' title='bbox 3677 4904 3702 4914; x_wconf 62' lang='grc' dir='ltr'><strong>σι</strong></span> 
     </span>
    </p>
   </div>
   <div class='ocr_carea' id='block_1_93' title="bbox 1653 4911 2426 4973">
    <p class='ocr_par' dir='ltr' id='par_1_93' title="bbox 1653 4911 2426 4973">
     <span class='ocr_line' id='line_1_93' title="bbox 1653 4911 2426 4973; baseline 0.001 -5"><span class='ocrx_word' id='word_1_621' title='bbox 1653 4911 1975 4972; x_wconf 81' lang='lat' dir='ltr'><strong>AUCTORE</strong></span> <span class='ocrx_word' id='word_1_622' title='bbox 2015 4913 2426 4973; x_wconf 81' lang='lat' dir='ltr'><strong>DODWELLO.</strong></span> 
     </span>
    </p>
   </div>
   <div class='ocr_carea' id='block_1_94' title="bbox 385 5046 1982 5128">
    <p class='ocr_par' dir='ltr' id='par_1_94' title="bbox 385 5046 1982 5128">
     <span class='ocr_line' id='line_1_94' title="bbox 385 5046 1982 5128; baseline -0.001 -19"><span class='ocrx_word' id='word_1_623' title='bbox 385 5049 416 5128; x_wconf 61' lang='grc' dir='ltr'>ς</span> <span class='ocrx_word' id='word_1_624' title='bbox 449 5052 502 5108; x_wconf 76' lang='grc'><strong>1.</strong></span> <span class='ocrx_word' id='word_1_625' title='bbox 526 5080 596 5093; x_wconf 68' lang='grc' dir='ltr'><strong>ισ-</strong></span> <span class='ocrx_word' id='word_1_626' title='bbox 618 5046 722 5104; x_wconf 86' lang='lat' dir='ltr'><strong>Cur</strong></span> <span class='ocrx_word' id='word_1_627' title='bbox 764 5047 1076 5120; x_wconf 79' lang='lat' dir='ltr'><strong>singularem</strong></span> <span class='ocrx_word' id='word_1_628' title='bbox 1117 5050 1234 5104; x_wconf 86' lang='lat' dir='ltr'><strong>huic</strong></span> <span class='ocrx_word' id='word_1_629' title='bbox 1265 5059 1567 5124; x_wconf 86' lang='lat' dir='ltr'><strong>argumento</strong></span> <span class='ocrx_word' id='word_1_630' title='bbox 1613 5051 1836 5109; x_wconf 75' lang='lat' dir='ltr'><strong>dicemus</strong></span> <span class='ocrx_word' id='word_1_631' title='bbox 1877 5055 1982 5109; x_wconf 87' lang='lat' dir='ltr'><strong>dis-</strong></span> 
     </span>
    </p>
   </div>
   <div class='ocr_carea' id='block_1_95' title="bbox 460 5139 1982 5217">
    <p class='ocr_par' dir='ltr' id='par_1_95' title="bbox 460 5139 1982 5217">
     <span class='ocr_line' id='line_1_95' title="bbox 460 5139 1982 5217; baseline 0.001 -15"><span class='ocrx_word' id='word_1_632' title='bbox 460 5144 808 5202; x_wconf 83' lang='lat' dir='ltr'><strong>sertationem.</strong></span> <span class='ocrx_word' id='word_1_633' title='bbox 830 5171 900 5183; x_wconf 92' lang='lat'><strong>—-</strong></span> <span class='ocrx_word' id='word_1_634' title='bbox 930 5139 961 5214; x_wconf 63' lang='grc' dir='ltr'>ἐ</span> <span class='ocrx_word' id='word_1_635' title='bbox 987 5141 1041 5196; x_wconf 71' lang='lat'><strong>2.</strong></span> <span class='ocrx_word' id='word_1_636' title='bbox 1063 5142 1137 5196; x_wconf 82' lang='lat' dir='ltr'><strong>Ab</strong></span> <span class='ocrx_word' id='word_1_637' title='bbox 1161 5144 1527 5212; x_wconf 86' lang='lat' dir='ltr'><strong>antiquissimis</strong></span> <span class='ocrx_word' id='word_1_638' title='bbox 1554 5161 1711 5217; x_wconf 84' lang='lat' dir='ltr'><strong>usque</strong></span> <span class='ocrx_word' id='word_1_639' title='bbox 1738 5145 1982 5204; x_wconf 71' lang='lat' dir='ltr'><strong>Ecclesia:</strong></span> 
     </span>
    </p>
   </div>
   <div class='ocr_carea' id='block_1_96' title="bbox 453 5235 1974 5312">
    <p class='ocr_par' dir='ltr' id='par_1_96' title="bbox 453 5235 1974 5312">
     <span class='ocr_line' id='line_1_96' title="bbox 453 5235 1974 5312; baseline 0.001 -18"><span class='ocrx_word' id='word_1_640' title='bbox 453 5237 760 5310; x_wconf 86' lang='lat' dir='ltr'><strong>temporibus</strong></span> <span class='ocrx_word' id='word_1_641' title='bbox 789 5235 858 5288; x_wconf 87' lang='lat' dir='ltr'><strong>ad</strong></span> <span class='ocrx_word' id='word_1_642' title='bbox 894 5250 1066 5290; x_wconf 86' lang='lat' dir='ltr'><strong>nostra</strong></span> <span class='ocrx_word' id='word_1_643' title='bbox 1093 5235 1201 5290; x_wconf 75' lang='lat' dir='ltr'><strong>lucc</strong></span> <span class='ocrx_word' id='word_1_644' title='bbox 1245 5237 1504 5292; x_wconf 74' lang='lat' dir='ltr'><strong>descendit</strong></span> <span class='ocrx_word' id='word_1_645' title='bbox 1533 5239 1727 5307; x_wconf 79' lang='lat' dir='ltr'><strong>Opinio.</strong></span> <span class='ocrx_word' id='word_1_646' title='bbox 1761 5271 1832 5280; x_wconf 96' lang='lat'><strong>—</strong></span> <span class='ocrx_word' id='word_1_647' title='bbox 1863 5240 1890 5312; x_wconf 65' lang='grc' dir='ltr'><strong>ς</strong></span> <span class='ocrx_word' id='word_1_648' title='bbox 1920 5243 1974 5296; x_wconf 84' lang='grc'><strong>5.</strong></span> 
     </span>
    </p>
   </div>
   <div class='ocr_carea' id='block_1_97' title="bbox 461 5331 1987 5406">
    <p class='ocr_par' dir='ltr' id='par_1_97' title="bbox 461 5331 1987 5406">
     <span class='ocr_line' id='line_1_97' title="bbox 461 5331 1987 5406; baseline 0.003 -20"><span class='ocrx_word' id='word_1_649' title='bbox 461 5331 756 5406; x_wconf 86' lang='lat' dir='ltr'><strong>Baptismus</strong></span> <span class='ocrx_word' id='word_1_650' title='bbox 817 5345 1009 5400; x_wconf 86' lang='lat' dir='ltr'><strong>uqucus</strong></span> <span class='ocrx_word' id='word_1_651' title='bbox 1055 5339 1102 5383; x_wconf 90' lang='lat' dir='ltr'><strong>et</strong></span> <span class='ocrx_word' id='word_1_652' title='bbox 1155 5331 1276 5385; x_wconf 88' lang='lat' dir='ltr'><strong>unio</strong></span> <span class='ocrx_word' id='word_1_653' title='bbox 1323 5341 1535 5386; x_wconf 73' lang='lat' dir='ltr'><strong>externa</strong></span> <span class='ocrx_word' id='word_1_654' title='bbox 1580 5349 1694 5388; x_wconf 90' lang='lat' dir='ltr'><strong>cum</strong></span> <span class='ocrx_word' id='word_1_655' title='bbox 1749 5333 1987 5390; x_wconf 86' lang='lat' dir='ltr'><strong>Ecclesia</strong></span> 
     </span>
    </p>
   </div>
   <div class='ocr_carea' id='block_1_98' title="bbox 465 5423 1980 5501">
    <p class='ocr_par' dir='ltr' id='par_1_98' title="bbox 465 5423 1980 5501">
     <span class='ocr_line' id='line_1_98' title="bbox 465 5423 1980 5501; baseline 0.005 -23"><span class='ocrx_word' id='word_1_656' title='bbox 465 5425 815 5496; x_wconf 75' lang='lat' dir='ltr'><strong>prwrequisita</strong></span> <span class='ocrx_word' id='word_1_657' title='bbox 879 5423 947 5476; x_wconf 88' lang='lat' dir='ltr'><strong>ad</strong></span> <span class='ocrx_word' id='word_1_658' title='bbox 992 5424 1325 5495; x_wconf 85' lang='lat' dir='ltr'><strong>sanguineum</strong></span> <span class='ocrx_word' id='word_1_659' title='bbox 1364 5427 1598 5498; x_wconf 84' lang='lat' dir='ltr'><strong>martyrii</strong></span> <span class='ocrx_word' id='word_1_660' title='bbox 1654 5427 1980 5501; x_wconf 84' lang='lat' dir='ltr'><strong>baptismum.</strong></span> 
     </span>
    </p>
   </div>
   <div class='ocr_carea' id='block_1_99' title="bbox 456 5515 1979 5592">
    <p class='ocr_par' dir='ltr' id='par_1_99' title="bbox 456 5515 1979 5592">
     <span class='ocr_line' id='line_1_99' title="bbox 456 5515 1979 5592; baseline 0.005 -23"><span class='ocrx_word' id='word_1_661' title='bbox 456 5547 528 5559; x_wconf 89' lang='lat'><strong>-—</strong></span> <span class='ocrx_word' id='word_1_662' title='bbox 556 5517 582 5589; x_wconf 86' lang='lat'>§</span> <span class='ocrx_word' id='word_1_663' title='bbox 610 5519 664 5572; x_wconf 71' lang='grc'><strong>4.</strong></span> <span class='ocrx_word' id='word_1_664' title='bbox 712 5515 1030 5584; x_wconf 84' lang='lat' dir='ltr'><strong>Baptismum</strong></span> <span class='ocrx_word' id='word_1_665' title='bbox 1069 5518 1406 5587; x_wconf 83' lang='lat' dir='ltr'><strong>sanguineum</strong></span> <span class='ocrx_word' id='word_1_666' title='bbox 1444 5537 1606 5590; x_wconf 83' lang='lat' dir='ltr'><strong>nqueo</strong></span> <span class='ocrx_word' id='word_1_667' title='bbox 1645 5523 1979 5592; x_wconf 70' lang='lat' dir='ltr'><strong>praetulerunt</strong></span> 
     </span>
    </p>
   </div>
   <div class='ocr_carea' id='block_1_100' title="bbox 457 5605 1979 5681">
    <p class='ocr_par' dir='ltr' id='par_1_100' title="bbox 457 5605 1979 5681">
     <span class='ocr_line' id='line_1_100' title="bbox 457 5605 1979 5681; baseline 0.005 -18"><span class='ocrx_word' id='word_1_668' title='bbox 457 5619 662 5664; x_wconf 80' lang='lat' dir='ltr'><strong>veteres.</strong></span> <span class='ocrx_word' id='word_1_669' title='bbox 697 5639 768 5648; x_wconf 98' lang='lat'>—</span> <span class='ocrx_word' id='word_1_670' title='bbox 795 5607 858 5680; x_wconf 57' lang='grc' dir='ltr'>ἐς</span> <span class='ocrx_word' id='word_1_671' title='bbox 887 5607 942 5674; x_wconf 84' lang='grc'><strong>5,</strong></span> <span class='ocrx_word' id='word_1_672' title='bbox 976 5607 1029 5662; x_wconf 87' lang='grc'><strong>6.</strong></span> <span class='ocrx_word' id='word_1_673' title='bbox 1058 5605 1381 5678; x_wconf 75' lang='lat' dir='ltr'><strong>Explicatur,</strong></span> <span class='ocrx_word' id='word_1_674' title='bbox 1416 5611 1514 5666; x_wconf 84' lang='lat' dir='ltr'><strong>hac</strong></span> <span class='ocrx_word' id='word_1_675' title='bbox 1551 5612 1605 5668; x_wconf 82' lang='lat' dir='ltr'><strong>in</strong></span> <span class='ocrx_word' id='word_1_676' title='bbox 1631 5629 1808 5681; x_wconf 87' lang='lat' dir='ltr'><strong>causa,</strong></span> <span class='ocrx_word' id='word_1_677' title='bbox 1837 5616 1979 5672; x_wconf 88' lang='lat' dir='ltr'><strong>locus</strong></span> 
     </span>
    </p>
   </div>
   <div class='ocr_carea' id='block_1_101' title="bbox 457 5697 1973 5771">
    <p class='ocr_par' dir='ltr' id='par_1_101' title="bbox 457 5697 1973 5771">
     <span class='ocr_line' id='line_1_101' title="bbox 457 5697 1973 5771; baseline 0.007 -17"><span class='ocrx_word' id='word_1_678' title='bbox 457 5699 723 5771; x_wconf 80' lang='lat' dir='ltr'><strong>Cypriani.</strong></span> <span class='ocrx_word' id='word_1_679' title='bbox 751 5729 823 5742; x_wconf 87' lang='lat'><strong>-—</strong></span> <span class='ocrx_word' id='word_1_680' title='bbox 856 5699 885 5771; x_wconf 83' lang='lat'><strong>§</strong></span> <span class='ocrx_word' id='word_1_681' title='bbox 909 5700 960 5754; x_wconf 88' lang='lat'><strong>7.</strong></span> <span class='ocrx_word' id='word_1_682' title='bbox 993 5697 1299 5771; x_wconf 83' lang='lat' dir='ltr'><strong>Defenditur</strong></span> <span class='ocrx_word' id='word_1_683' title='bbox 1327 5703 1435 5759; x_wconf 70' lang='lat' dir='ltr'><strong>[nec</strong></span> <span class='ocrx_word' id='word_1_684' title='bbox 1463 5715 1683 5761; x_wconf 82' lang='lat' dir='ltr'><strong>veterum</strong></span> <span class='ocrx_word' id='word_1_685' title='bbox 1710 5710 1973 5766; x_wconf 78' lang='lat' dir='ltr'><strong>sententia.</strong></span> 
     </span>
    </p>
   </div>
   <div class='ocr_carea' id='block_1_102' title="bbox 457 5790 1976 5879">
    <p class='ocr_par' dir='ltr' id='par_1_102' title="bbox 457 5790 1976 5879">
     <span class='ocr_line' id='line_1_102' title="bbox 457 5790 1976 5879; baseline 0.012 -33"><span class='ocrx_word' id='word_1_686' title='bbox 457 5824 528 5834; x_wconf 96' lang='lat'><strong><em>—</em></strong></span> <span class='ocrx_word' id='word_1_687' title='bbox 581 5790 609 5867; x_wconf 83' lang='lat'><strong>§</strong></span> <span class='ocrx_word' id='word_1_688' title='bbox 639 5793 691 5850; x_wconf 89' lang='grc'><strong>8.</strong></span> <span class='ocrx_word' id='word_1_689' title='bbox 727 5792 773 5849; x_wconf 85' lang='grc' dir='ltr'><strong><em>Ε</em></strong></span> <span class='ocrx_word' id='word_1_690' title='bbox 799 5791 978 5866; x_wconf 84' lang='lat' dir='ltr'><strong>quibus</strong></span> <span class='ocrx_word' id='word_1_691' title='bbox 1007 5793 1462 5876; x_wconf 34' lang='lat' dir='ltr'><strong>Scriptura-togis</strong></span> <span class='ocrx_word' id='word_1_692' title='bbox 1493 5798 1635 5858; x_wconf 86' lang='lat' dir='ltr'><strong>illam</strong></span> <span class='ocrx_word' id='word_1_693' title='bbox 1662 5803 1976 5879; x_wconf 77' lang='lat' dir='ltr'><strong>collegerint.</strong></span> 
     </span>
    </p>
   </div>
   <div class='ocr_carea' id='block_1_103' title="bbox 2160 5045 3698 5124">
    <p class='ocr_par' dir='ltr' id='par_1_103' title="bbox 2160 5045 3698 5124">
     <span class='ocr_line' id='line_1_103' title="bbox 2160 5045 3698 5124; baseline 0.001 -20"><span class='ocrx_word' id='word_1_694' title='bbox 2160 5051 2291 5124; x_wconf 88' lang='lat'><strong>—§</strong></span> <span class='ocrx_word' id='word_1_695' title='bbox 2335 5049 2389 5107; x_wconf 90' lang='lat'><strong>9.</strong></span> <span class='ocrx_word' id='word_1_696' title='bbox 2428 5049 2638 5105; x_wconf 84' lang='lat' dir='ltr'><strong>Observ.</strong></span> <span class='ocrx_word' id='word_1_697' title='bbox 2690 5049 2855 5120; x_wconf 86' lang='lat' dir='ltr'><strong>primo</strong></span> <span class='ocrx_word' id='word_1_698' title='bbox 2887 5063 2914 5101; x_wconf 90' lang='lat' dir='ltr'><strong>e</strong></span> <span class='ocrx_word' id='word_1_699' title='bbox 2955 5045 3108 5119; x_wconf 76' lang='lat' dir='ltr'><strong>factis</strong></span> <span class='ocrx_word' id='word_1_700' title='bbox 3150 5045 3363 5102; x_wconf 88' lang='lat' dir='ltr'><strong>Domini</strong></span> <span class='ocrx_word' id='word_1_701' title='bbox 3413 5047 3698 5120; x_wconf 82' lang='lat' dir='ltr'><strong>legitimam</strong></span> 
     </span>
    </p>
   </div>
   <div class='ocr_carea' id='block_1_104' title="bbox 2163 5140 3699 5215">
    <p class='ocr_par' dir='ltr' id='par_1_104' title="bbox 2163 5140 3699 5215">
     <span class='ocr_line' id='line_1_104' title="bbox 2163 5140 3699 5215; baseline 0 -17"><span class='ocrx_word' id='word_1_702' title='bbox 2163 5147 2436 5214; x_wconf 87' lang='lat' dir='ltr'><strong>procedere</strong></span> <span class='ocrx_word' id='word_1_703' title='bbox 2461 5142 2977 5215; x_wconf 86' lang='lat' dir='ltr'><strong>argumentationem,</strong></span> <span class='ocrx_word' id='word_1_704' title='bbox 3002 5140 3262 5212; x_wconf 65' lang='lat' dir='ltr'><strong>prazcipue</strong></span> <span class='ocrx_word' id='word_1_705' title='bbox 3277 5141 3331 5195; x_wconf 86' lang='lat' dir='ltr'><strong>id</strong></span> <span class='ocrx_word' id='word_1_706' title='bbox 3358 5157 3519 5214; x_wconf 83' lang='lat' dir='ltr'><strong>genus</strong></span> <span class='ocrx_word' id='word_1_707' title='bbox 3544 5143 3699 5214; x_wconf 76' lang='lat' dir='ltr'><strong>factis</strong></span> 
     </span>
    </p>
   </div>
   <div class='ocr_carea' id='block_1_105' title="bbox 2159 5234 3692 5308">
    <p class='ocr_par' dir='ltr' id='par_1_105' title="bbox 2159 5234 3692 5308">
     <span class='ocr_line' id='line_1_105' title="bbox 2159 5234 3692 5308; baseline 0 -16"><span class='ocrx_word' id='word_1_708' title='bbox 2159 5238 2337 5307; x_wconf 87' lang='lat' dir='ltr'><strong>qualia</strong></span> <span class='ocrx_word' id='word_1_709' title='bbox 2353 5236 2715 5303; x_wconf 80' lang='lat' dir='ltr'><strong>adhibuerunt,</strong></span> <span class='ocrx_word' id='word_1_710' title='bbox 2739 5234 2901 5291; x_wconf 82' lang='lat' dir='ltr'><strong>hacin</strong></span> <span class='ocrx_word' id='word_1_711' title='bbox 2920 5253 3094 5302; x_wconf 87' lang='lat' dir='ltr'><strong>causa,</strong></span> <span class='ocrx_word' id='word_1_712' title='bbox 3115 5235 3471 5308; x_wconf 82' lang='lat' dir='ltr'><strong>ueteres.—§§</strong></span> <span class='ocrx_word' id='word_1_713' title='bbox 3495 5237 3584 5305; x_wconf 72' lang='lat'><strong>10,</strong></span> <span class='ocrx_word' id='word_1_714' title='bbox 3603 5237 3692 5294; x_wconf 79' lang='grc' dir='ltr'><strong>Η.</strong></span> 
     </span>
    </p>
   </div>
   <div class='ocr_carea' id='block_1_106' title="bbox 2164 5328 3698 5402">
    <p class='ocr_par' dir='ltr' id='par_1_106' title="bbox 2164 5328 3698 5402">
     <span class='ocr_line' id='line_1_106' title="bbox 2164 5328 3698 5402; baseline 0.001 -17"><span class='ocrx_word' id='word_1_715' title='bbox 2164 5330 2286 5386; x_wconf 88' lang='lat' dir='ltr'><strong>Obs.</strong></span> <span class='ocrx_word' id='word_1_716' title='bbox 2345 5331 2607 5400; x_wconf 82' lang='lat' dir='ltr'><strong>secundo,</strong></span> <span class='ocrx_word' id='word_1_717' title='bbox 2663 5347 2764 5386; x_wconf 87' lang='lat' dir='ltr'><strong>non</strong></span> <span class='ocrx_word' id='word_1_718' title='bbox 2808 5348 2835 5387; x_wconf 90' lang='lat' dir='ltr'><strong>e</strong></span> <span class='ocrx_word' id='word_1_719' title='bbox 2871 5331 3024 5402; x_wconf 79' lang='lat' dir='ltr'><strong>factis</strong></span> <span class='ocrx_word' id='word_1_720' title='bbox 3071 5328 3246 5395; x_wconf 89' lang='lat' dir='ltr'><strong>modo,</strong></span> <span class='ocrx_word' id='word_1_721' title='bbox 3295 5329 3386 5385; x_wconf 88' lang='lat' dir='ltr'><strong>sed</strong></span> <span class='ocrx_word' id='word_1_722' title='bbox 3443 5346 3510 5385; x_wconf 79' lang='lat' dir='ltr'><strong>ea:</strong></span> <span class='ocrx_word' id='word_1_723' title='bbox 3565 5330 3698 5398; x_wconf 85' lang='lat' dir='ltr'><strong>ipsis</strong></span> 
     </span>
    </p>
   </div>
   <div class='ocr_carea' id='block_1_107' title="bbox 2160 5422 3700 5497">
    <p class='ocr_par' dir='ltr' id='par_1_107' title="bbox 2160 5422 3700 5497">
     <span class='ocr_line' id='line_1_107' title="bbox 2160 5422 3700 5497; baseline 0 -18"><span class='ocrx_word' id='word_1_724' title='bbox 2160 5423 2374 5479; x_wconf 88' lang='lat' dir='ltr'><strong>Domini</strong></span> <span class='ocrx_word' id='word_1_725' title='bbox 2401 5424 2584 5492; x_wconf 82' lang='lat' dir='ltr'><strong>verbis,</strong></span> <span class='ocrx_word' id='word_1_726' title='bbox 2613 5434 2810 5482; x_wconf 88' lang='lat' dir='ltr'><strong>constat</strong></span> <span class='ocrx_word' id='word_1_727' title='bbox 2853 5442 2948 5497; x_wconf 90' lang='lat' dir='ltr'><strong>pro</strong></span> <span class='ocrx_word' id='word_1_728' title='bbox 2991 5423 3243 5494; x_wconf 90' lang='lat' dir='ltr'><strong>baptismo</strong></span> <span class='ocrx_word' id='word_1_729' title='bbox 3269 5422 3557 5478; x_wconf 81' lang='lat' dir='ltr'><strong>habendum</strong></span> <span class='ocrx_word' id='word_1_730' title='bbox 3587 5440 3700 5479; x_wconf 88' lang='lat' dir='ltr'><strong>esse</strong></span> 
     </span>
    </p>
   </div>
   <div class='ocr_carea' id='block_1_108' title="bbox 2161 5519 3697 5594">
    <p class='ocr_par' dir='ltr' id='par_1_108' title="bbox 2161 5519 3697 5594">
     <span class='ocr_line' id='line_1_108' title="bbox 2161 5519 3697 5594; baseline 0.001 -21"><span class='ocrx_word' id='word_1_731' title='bbox 2161 5521 2486 5592; x_wconf 83' lang='lat' dir='ltr'><strong>martyrium.</strong></span> <span class='ocrx_word' id='word_1_732' title='bbox 2518 5552 2590 5562; x_wconf 78' lang='grc' dir='ltr'><strong>--ο</strong></span> <span class='ocrx_word' id='word_1_733' title='bbox 2617 5519 2646 5594; x_wconf 81' lang='lat'>§</span> <span class='ocrx_word' id='word_1_734' title='bbox 2677 5522 2761 5578; x_wconf 73' lang='lat'><strong>1‘2.</strong></span> <span class='ocrx_word' id='word_1_735' title='bbox 2798 5520 2922 5574; x_wconf 67' lang='grc' dir='ltr'><strong>οὺς.</strong></span> <span class='ocrx_word' id='word_1_736' title='bbox 2955 5519 3122 5583; x_wconf 87' lang='lat' dir='ltr'><strong>tertio,</strong></span> <span class='ocrx_word' id='word_1_737' title='bbox 3156 5534 3259 5573; x_wconf 85' lang='lat' dir='ltr'><strong>non</strong></span> <span class='ocrx_word' id='word_1_738' title='bbox 3292 5519 3562 5574; x_wconf 82' lang='lat' dir='ltr'><strong>verborum</strong></span> <span class='ocrx_word' id='word_1_739' title='bbox 3588 5534 3697 5575; x_wconf 80' lang='lat' dir='ltr'><strong>esse</strong></span> 
     </span>
    </p>
   </div>
   <div class='ocr_carea' id='block_1_109' title="bbox 2161 5611 3698 5685">
    <p class='ocr_par' dir='ltr' id='par_1_109' title="bbox 2161 5611 3698 5685">
     <span class='ocr_line' id='line_1_109' title="bbox 2161 5611 3698 5685; baseline 0 -17"><span class='ocrx_word' id='word_1_740' title='bbox 2161 5614 2449 5684; x_wconf 75' lang='lat' dir='ltr'><strong>dumtaxat,</strong></span> <span class='ocrx_word' id='word_1_741' title='bbox 2483 5616 2572 5671; x_wconf 89' lang='lat' dir='ltr'><strong>sed</strong></span> <span class='ocrx_word' id='word_1_742' title='bbox 2601 5632 2772 5671; x_wconf 89' lang='lat' dir='ltr'><strong>rerum</strong></span> <span class='ocrx_word' id='word_1_743' title='bbox 2807 5614 2961 5669; x_wconf 83' lang='lat' dir='ltr'><strong>etiam</strong></span> <span class='ocrx_word' id='word_1_744' title='bbox 2998 5613 3229 5684; x_wconf 87' lang='lat' dir='ltr'><strong>ipsarum</strong></span> <span class='ocrx_word' id='word_1_745' title='bbox 3268 5611 3510 5684; x_wconf 88' lang='lat' dir='ltr'><strong>baptismi</strong></span> <span class='ocrx_word' id='word_1_746' title='bbox 3542 5625 3698 5685; x_wconf 75' lang='lat' dir='ltr'><strong>atque</strong></span> 
     </span>
    </p>
   </div>
   <div class='ocr_carea' id='block_1_110' title="bbox 2161 5705 3695 5784">
    <p class='ocr_par' dir='ltr' id='par_1_110' title="bbox 2161 5705 3695 5784">
     <span class='ocr_line' id='line_1_110' title="bbox 2161 5705 3695 5784; baseline -0.003 -21"><span class='ocrx_word' id='word_1_747' title='bbox 2161 5709 2398 5780; x_wconf 80' lang='lat' dir='ltr'><strong>martyrii</strong></span> <span class='ocrx_word' id='word_1_748' title='bbox 2435 5710 2749 5784; x_wconf 63' lang='lat' dir='ltr'><strong>aﬂinitatem.</strong></span> <span class='ocrx_word' id='word_1_749' title='bbox 2798 5707 3051 5763; x_wconf 87' lang='lat' dir='ltr'><strong>Locorum</strong></span> <span class='ocrx_word' id='word_1_750' title='bbox 3097 5705 3450 5771; x_wconf 85' lang='lat' dir='ltr'><strong>occasionem,</strong></span> <span class='ocrx_word' id='word_1_751' title='bbox 3479 5705 3531 5760; x_wconf 87' lang='lat' dir='ltr'><strong>in</strong></span> <span class='ocrx_word' id='word_1_752' title='bbox 3573 5705 3695 5776; x_wconf 81' lang='lat' dir='ltr'><strong>qui-</strong></span> 
     </span>
    </p>
   </div>
   <div class='ocr_carea' id='block_1_111' title="bbox 2160 5799 3689 5880">
    <p class='ocr_par' dir='ltr' id='par_1_111' title="bbox 2160 5799 3689 5880">
     <span class='ocr_line' id='line_1_111' title="bbox 2160 5799 3689 5880; baseline -0.001 -20"><span class='ocrx_word' id='word_1_753' title='bbox 2160 5803 2253 5864; x_wconf 85' lang='lat' dir='ltr'><strong>bus</strong></span> <span class='ocrx_word' id='word_1_754' title='bbox 2296 5805 2360 5866; x_wconf 86' lang='lat' dir='ltr'><strong>de</strong></span> <span class='ocrx_word' id='word_1_755' title='bbox 2406 5805 2656 5880; x_wconf 86' lang='lat' dir='ltr'><strong>baptismo</strong></span> <span class='ocrx_word' id='word_1_756' title='bbox 2701 5802 2969 5877; x_wconf 82' lang='lat' dir='ltr'><strong>sanguinis</strong></span> <span class='ocrx_word' id='word_1_757' title='bbox 3010 5801 3094 5872; x_wconf 82' lang='lat' dir='ltr'><strong>agi</strong></span> <span class='ocrx_word' id='word_1_758' title='bbox 3124 5799 3448 5859; x_wconf 84' lang='lat' dir='ltr'><strong>crediderunt</strong></span> <span class='ocrx_word' id='word_1_759' title='bbox 3478 5810 3689 5875; x_wconf 81' lang='lat' dir='ltr'><strong>veteres,</strong></span> 
     </span>
    </p>
   </div>
  </div>
