3994 6318
239 351 300 410 49
1251 366 1341 424 DE
1373 366 1690 427 SECUNDO
1727 371 1912 434 MART
1926 377 2115 437 YRUM
2149 378 2502 440 BAPTISMO.
3473 399 3544 458 50

303 471 465 544 fuisse
502 474 824 547 martyrium.
879 475 1091 533 Domini
1134 480 1418 553 baptismus
1447 486 1676 556 ejusdem
1723 499 1833 544 erat
1860 493 1911 554 Α
1938 509 2147 550 morum
2181 504 2482 568 temporum
2513 503 2804 574 martyriis,
2837 505 3011 563 locum
3041 509 3110 565 ab
3134 511 3336 568 auxilio
3361 514 3544 573 divino

304 567 627 637 martyrium,
660 567 813 638 idque
836 586 988 625 sensu
1016 571 1391 631 Ecclesiastico.
1415 609 1487 618 —
1517 578 1580 652 §§
1607 580 1672 636 15
1695 622 1708 646 ,
1742 581 1832 651 14,

305 656 396 725 15,
417 657 508 714 16.
537 657 786 715 Ηωνθιὶεἱ
800 665 1050 732 apostolis
1067 668 1220 721 cowvi
1241 672 1544 741 martyrium
1558 673 1830 744 negabant.

309 749 513 806 Horum
555 754 1004 823 pseudo-Christos
1034 759 1295 831 refellebat
1328 762 1388 816 S.
1421 762 1654 820 Joannes
1677 784 1834 840 argu-

302 854 470 899 mento
510 864 543 901 a
575 847 679 901 ueri
710 846 918 906 Messio:
951 852 1168 907 aduentu
1210 871 1300 925 per
1335 872 1519 927 aquam
1552 869 1598 912 et
1625 861 1837 931 sangui-

300 954 436 994 nem.
464 937 776 1011 Explicatur
806 952 910 999 tota
935 946 1029 1001 illa
1055 952 1521 1020 argumentatio.—
1552 953 1579 1025 §
1606 954 1694 1009 l7.
1731 954 1837 1010 0b—

299 1049 430 1088 serv.
467 1046 673 1106 quarto,
723 1040 777 1093 in
819 1039 932 1112 ipso
961 1042 1055 1096 illo
1083 1043 1392 1101 initiationis
1432 1049 1836 1123 expiationisque

306 1129 430 1196 ritu,
458 1131 542 1184 cui
572 1141 893 1197 peccatorum
931 1137 1286 1208 purgationem
1313 1139 1596 1195 tribuebant
1622 1153 1828 1211 ueteres,

304 1231 409 1276 tam
459 1224 774 1295 frequentem
815 1226 974 1296 fuisse
1023 1229 1166 1298 apud
1213 1231 1331 1286 illos
1373 1235 1641 1304 sanguinis
1679 1253 1833 1304 quant

302 1333 450 1382 caute
465 1335 617 1373 usum
645 1335 664 1373 :
691 1328 738 1374 et
764 1321 965 1392 quidem
983 1324 1246 1393 sanguinis
1266 1325 1584 1382 initiatorum
1611 1328 1828 1398 proprii.

299 1441 368 1451 —
391 1409 420 1481 §
451 1410 539 1466 18.
572 1409 685 1465 Nec
711 1411 767 1464 id
791 1412 943 1466 modo
970 1413 1023 1467 in
1054 1415 1444 1482 initiationibus,
1467 1418 1556 1473 sed
1583 1420 1693 1474 etin
1716 1437 1840 1491 pac-

319 1504 378 1557 tis
427 1501 707 1565 obtinebat.
755 1520 848 1573 pro
895 1506 1120 1561 moribus
1172 1518 1392 1563 veterum
1432 1511 1826 1580 antiquissimis.

298 1623 365 1634 —-
392 1593 422 1666 §
449 1593 540 1650 19.
571 1592 641 1649 Ut
686 1597 960 1667 sanguini,
1016 1599 1070 1652 in
1121 1599 1218 1654 hoc
1267 1601 1578 1672 expiationis
1628 1606 1830 1676 negotio

297 1695 470 1754 partes
493 1685 840 1741 concedebant
867 1689 1020 1759 facile
1045 1692 1340 1760 primarius,
1369 1694 1441 1748 ita
1481 1696 1691 1751 humani
1716 1714 1838 1752 san-

297 1781 499 1852 guinis,
529 1796 638 1851 prae
661 1782 781 1837 aliis
805 1783 959 1838 etiam
986 1786 1339 1857 sanguinibus,
1364 1789 1464 1843 vim
1491 1791 1640 1862 longe
1666 1792 1832 1847 maxi-

1944 591 2260 659 primarium
2279 594 2576 651 obtinuisse
2606 607 2820 668 recepta
2841 600 2986 656 illius
3008 604 3252 661 ecclesia:
3273 610 3545 678 primaeva:

1942 685 2009 740 de
2061 687 2302 759 martyrii
2356 687 2616 758 dignitate
2646 690 2926 762 dogmata,
2960 695 3091 751 illud
3139 699 3382 770 inprimis
3436 719 3545 775 quo

1941 779 2166 834 secundi
2221 779 2472 852 baptismi
2517 783 2689 840 vicem
2742 796 2902 857 atque
2967 790 3226 848 beneficia
3277 798 3540 869 martyrio

1941 871 2301 928 vindicabant.
2359 873 2491 938 lloc,
2518 879 2640 946 quia
2672 878 2907 934 alienum
2935 883 3049 937 scio
3103 899 3131 939 a
3173 889 3539 946 recentiorum

1943 964 2154 1035 placitis
2181 967 2270 1036 qui
2318 982 2444 1022 suas
2471 983 2748 1026 sacrarum
2800 972 3101 1030 litterarum
3141 979 3543 1049 interpretatio-

1941 1077 2056 1127 nes,
2097 1072 2384 1136 utcumque
2407 1066 2676 1134 inﬁrmas,
2718 1085 2817 1126 nec
2853 1082 3002 1128 certo
3039 1077 3217 1147 aliquo
3249 1080 3534 1136 ratiocinio

1942 1157 2196 1220 nitentes.
2230 1167 2468 1214 veterum
2516 1170 2693 1217 tamen
2740 1165 3040 1222 ratiociniis
3084 1179 3445 1240 anteponunt;
3491 1186 3550 1231 et

1942 1248 2066 1319 quia
2114 1259 2222 1304 tota
2257 1250 2368 1306 haec
2393 1253 2636 1323 mysticae
2681 1262 3166 1326 argumentationis
3217 1266 3353 1318 ratio
3376 1308 3391 1332 ,
3421 1282 3542 1338 qua:

1943 1342 2290 1412 mysticorum
2319 1346 2542 1400 omnino
2573 1347 2989 1419 scripturarum,
3021 1353 3288 1425 lmjusqne
3311 1356 3449 1413 adeo
3476 1359 3544 1414 de

1941 1435 2300 1490 sacramentis
2345 1438 2671 1508 argumenti,
2706 1451 2808 1508 est,
2845 1456 2944 1497 suo
2993 1445 3226 1516 quodam
3257 1447 3380 1518 jure
3418 1465 3549 1520 pro-

1940 1527 2078 1598 pria,
2108 1537 2414 1600 contempta
2446 1539 2628 1589 tamen
2656 1534 2738 1589 vel
2759 1536 3002 1607 neglecta
3031 1549 3157 1596 esta
3178 1542 3553 1601 celeberrimis

1944 1619 2217 1692 plerisque
2243 1631 2554 1679 nostrorum
2579 1635 2882 1696 temporum
2913 1629 3321 1702 interpretibus;
3348 1646 3403 1691 et
3423 1638 3549 1707 quia

1943 1712 2036 1782 qui
2066 1712 2207 1768 hanc
2229 1723 2472 1772 veterum
2502 1721 2826 1776 sententiam
2862 1730 3080 1779 tuentur
3110 1725 3271 1784 hodie
3315 1730 3549 1801 scripto-

1943 1821 2030 1862 res
2081 1808 2376 1878 pontificii,
2437 1828 2597 1869 unam
2644 1824 2886 1870 veterum
2942 1818 3319 1876 auctoritatem
3370 1831 3548 1880 tamen

295 1891 432 1931 mam
476 1886 813 1948 agnoverunt.
841 1909 914 1920 —
943 1879 971 1952 §
1013 1880 1104 1938 20.
1139 1880 1263 1938 Obs.
1301 1885 1476 1954 quinto
1497 1928 1511 1950 ,
1567 1887 1636 1940 ad
1664 1889 1821 1956 ipsum

1938 1901 2261 1972 obtendunt,
2297 1906 2457 1970 plane
2499 1906 2567 1964 de
2621 1925 2808 1966 eorum
2860 1914 3157 1970 ratiociniis
3187 1918 3384 1984 securi,
3415 1935 3538 1975 ree-

297 1970 541 2039 baptismi
587 1981 964 2026 sacramentum
1003 1975 1258 2044 pertinere
1298 1980 1636 2050 sanguineum
1695 1982 1831 2037 hunc

296 2064 643 2134 baptismum,
671 2073 718 2118 et
743 2065 944 2134 quidem
991 2066 1063 2120 ita
1089 2069 1342 2137 pertinere
1383 2081 1438 2124 ut
1478 2083 1675 2140 partem
1719 2075 1832 2144 ejus

294 2145 613 2230 pracipuam
663 2170 992 2216 consummet.
1040 2192 1111 2202 -——
1168 2163 1196 2234 §
1238 2165 1333 2219 21.
1382 2163 1565 2220 Primo
1625 2176 1832 2237 pactum

300 2250 604 2321 baptismale
629 2269 721 2321 pro
743 2253 847 2307 illis
874 2253 982 2327 (qui
1012 2256 1154 2324 apud
1176 2266 1365 2312 veteres
1383 2259 1698 2333 obtinebant)
1732 2279 1828 2332 pa-

291 2353 492 2400 ctorum
519 2361 627 2400 esse
651 2347 875 2402 moribus
903 2348 1289 2420 explicandum.
1313 2383 1384 2391 -—
1411 2353 1439 2424 §
1467 2353 1558 2408 29..
1587 2354 1828 2411 Secundo

289 2447 346 2490 ut
392 2437 448 2490 in
494 2437 615 2492 aliis
642 2439 827 2508 pactis,
853 2439 925 2494 ita
947 2441 1068 2495 etin
1091 2451 1266 2497 nostro
1285 2460 1482 2515 quoque
1517 2447 1827 2518 baptismali,

287 2531 394 2585 duo
440 2546 549 2586 esse
574 2548 607 2585 a
633 2547 689 2585 se
716 2531 928 2588 invicem
956 2534 1317 2606 distinguenda
1362 2538 1680 2595 diuersarum
1707 2558 1832 2612 par-

286 2625 420 2679 tium
463 2625 662 2696 ofﬁcia,
692 2623 792 2680 Dei
825 2626 952 2693 alia,
984 2628 1090 2683 alia
1110 2639 1308 2684 nostra.
1332 2661 1404 2670 —
1435 2632 1463 2703 §
1505 2632 1596 2690 25.
1631 2633 1822 2703 Tertio,

275 2718 370 2788 jus
397 2715 534 2771 illud
552 2717 716 2788 legale
733 2733 901 2785 omne,
924 2721 1062 2791 quod
1083 2723 1219 2792 pacti
1245 2721 1495 2791 bene/icio
1522 2725 1824 2794 obtinemus,

285 2812 356 2866 ad
398 2808 502 2864 Dei
531 2812 928 2883 promissiones,
983 2830 1048 2870 ea“.
1101 2816 1264 2885 officii
1294 2819 1456 2871 nostri
1503 2822 1828 2888 praestatione

283 2922 395 2962 esse
438 2905 818 2962 deducendum.
850 2938 919 2947 —
951 2907 979 2980 §
1007 2908 1097 2963 24.
1140 2908 1355 2976 Quarto,
1385 2927 1499 2980 qua:
1545 2913 1693 2967 nobis
1742 2913 1822 2968 in-

280 2999 532 3054 cumbunt
557 3000 609 3054 in
628 3001 724 3054 hoc
745 3010 894 3071 pacto
924 3003 1218 3071 baptisntali
1243 3004 1558 3060 conditiones
1591 3023 1621 3059 a
1648 3017 1823 3062 nostra

281 3104 435 3166 parte
463 3094 776 3169 prtestandae
797 3112 824 3150 e
855 3095 1201 3167 symbolarum
1229 3099 1530 3153 solemnium
1560 3101 1825 3172 signiﬁca-

241 3198 243 3200 ’
281 3190 422 3242 tione
447 3186 817 3258 colligendum.
839 3218 912 3228 ——
929 3188 957 3260 §
974 3187 1065 3244 9.5.
1098 3189 1309 3257 Quinto,
1342 3192 1395 3245 in
1424 3184 1672 3262 symbolis
1696 3192 1823 3266 bap—

1940 2005 2061 2050 tene
2086 2005 2193 2052 tam
2224 2013 2254 2053 e
2282 1998 2598 2069 Scripturis,
2625 2011 2679 2057 et
2707 2018 2803 2074 pro
2827 2005 3097 2075 primaeva:
3125 2009 3538 2068 Christianitatis

1935 2096 2092 2156 captu
2125 2085 2234 2161 (cui
2269 2099 2447 2146 tamen
2477 2092 2576 2148 soli
2607 2092 2869 2164 Spiritum
2921 2099 2980 2152 S.
3034 2101 3086 2152 in
3135 2098 3536 2172 Scripturarunt

1935 2177 2352 2236 concinnatione
2387 2184 2727 2241 consuluisse
2774 2187 2901 2243 alibi
2933 2190 3276 2259 probavimus
3303 2194 3381 2266 (in
3405 2193 3543 2250 Pro-

1937 2270 2120 2340 legom.
2149 2272 2217 2326 ad
2244 2271 2396 2329 Dom.
2422 2275 2652 2343 Stearn.,
2681 2279 2744 2332 de
2774 2277 3078 2352 Obstinat.),
3100 2294 3262 2354 atque
3288 2283 3425 2340 adeo
3451 2301 3537 2341 so-

1935 2360 2063 2426 lide,
2095 2363 2456 2436 collegerint:
2495 2367 2720 2438 proinde
2765 2372 3226 2430 consultissimum
3283 2375 3540 2432 duximus

1934 2455 1978 2509 si
2008 2463 2113 2510 tam
2141 2456 2380 2526 iucundo
2412 2459 2638 2531 utilique
2667 2474 2986 2534 argumento
3013 2507 3028 2532 ,
3063 2467 3338 2538 propriam
3384 2482 3540 2526 suam

1933 2549 2367 2622 singularemque
2393 2553 2825 2612 dissertationem
2851 2559 3275 2630 assignaremus.

2006 2643 2034 2718 §
2062 2646 2118 2699 9..
2147 2677 2218 2685 —-
2239 2647 2322 2702 Ab
2360 2649 2748 2720 antiquissimis
2781 2653 2960 2726 itaque
2987 2659 3323 2728 temporibus
3349 2661 3538 2720 Eccle-

1931 2737 2046 2801 siae.
2078 2741 2554 2813 recentissimaque
2584 2746 2950 2814 apostolorum
2983 2753 3266 2820 memoria,
3298 2755 3530 2812 deducta

1930 2831 2046 2888 hare
2068 2842 2152 2889 est
2181 2834 2249 2890 de
2272 2838 2512 2892 secundo
2534 2841 2777 2912 martyrii
2797 2841 3062 2912 baptismo
3089 2848 3381 2916 sententia,
3405 2860 3459 2905 et
3480 2851 3534 2906 in

1929 2925 2174 2983 Ecclesia
2202 2930 2494 3002 vulgariter
2524 2944 2761 3004 recepta.
2805 2935 2879 2991 De
2921 2937 3202 2995 Felicitate
3233 2941 3302 2996 ita
3339 2954 3529 3000 auctor

1928 3022 2184 3076 Actorum
2206 3023 2346 3094 (Act.
2367 3023 2572 3098 Perpet.
2590 3035 2634 3080 et
2656 3024 2843 3094 Felic.,
2862 3046 2916 3097 p.
2935 3028 3026 3096 29,
3044 3031 3133 3097 50,
3152 3033 3274 3087 edit.
3299 3034 3531 3109 Unam):

1933 3131 1952 3166 ι
2003 3114 2130 3170 Item
2175 3115 2425 3174 Felicitas
2469 3119 2672 3175 salvam
2713 3137 2773 3176 se
2824 3125 3100 3193 peperisse
3143 3126 3425 3196 gaudens,
3472 3142 3534 3186 ut

1926 3209 1993 3263 ad
2024 3209 2224 3266 bestias
2256 3223 2540 3282 pugnaret,
2573 3215 2832 3285 sanguine
2861 3217 2930 3271 ab
2956 3217 3247 3276 obstetrice
3268 3221 3334 3276 ad
3358 3224 3529 3278 retia-

283 3283 426 3336 tismi
445 3280 610 3336 nostri
633 3281 1362 3349 sacramentalissolemnibus,
1383 3301 1483 3338 non
1501 3287 1817 3354 uqutesolius
1846 3298 1891 3361 ρ
1926 3303 2063 3357 rium
2087 3280 2403 3375 lutumvpoisr
2430 3317 2638 3376 parum,
2663 3280 2929 3380 ιξθριεειηο
2961 3311 3219 3368 secundo.
3259 3333 3279 3367 ,
3315 3315 3522 3372 Eodem

280 3374 569 3446 baptismus
581 3373 874 3440 denotatur,
891 3373 980 3428 sed
992 3373 1142 3427 etiam
1156 3373 1244 3428 ille
1254 3375 1541 3445 sanguinis;
1556 3385 1603 3430 et
1615 3377 1819 3443 quidem

277 3469 349 3523 ita
391 3467 672 3522 denotatur
720 3478 775 3521 ut
822 3469 891 3521 ad
933 3483 1093 3522 unum
1134 3467 1462 3540 eamdemque
1510 3469 1819 3540 baptismum

277 3575 492 3637 uterque
517 3563 774 3634 pertinere
801 3563 1137 3632 intelligatur.
1172 3594 1242 3604 —
1290 3561 1318 3635 §
1349 3562 1440 3618 26.
1477 3563 1563 3617 lla
1591 3581 1644 3619 se
1672 3565 1821 3621 habet

277 3661 337 3712 de
356 3659 523 3728 facta.
541 3687 614 3698 —-
635 3655 695 3730 §§
712 3657 802 3724 27,
825 3655 914 3711 28.
942 3654 1196 3711 Redditur
1214 3658 1338 3724 {acti
1358 3659 1508 3712 ratio.
1537 3689 1606 3700 ——-
1637 3657 1698 3731 §§
1724 3659 1816 3725 29,

279 3754 367 3809 50.
402 3752 592 3819 Sexto,
639 3753 712 3806 ita
764 3751 1101 3806 adumbratur
1149 3752 1200 3805 in
1246 3752 1359 3822 ipso
1408 3753 1554 3822 aquei
1583 3753 1821 3823 baptismi

275 3845 512 3916 symbolo
568 3844 846 3915 baptismus
876 3844 1222 3913 sanguineus,
1266 3857 1321 3897 ut
1364 3847 1518 3914 plane
1573 3845 1818 3900 innuatur

274 3939 478 3992 nullam
506 3953 616 3992 esse
647 3938 796 4006 aquei
817 3937 1052 4008 baptismi
1078 3938 1351 4007 efﬁcaciam
1377 3938 1476 3991 nisi
1505 3939 1574 3992 ad
1605 3940 1817 4011 sangui-

275 4047 433 4085 neum
471 4028 782 4099 baptismum
818 4029 1086 4098 referatur.
1116 4059 1185 4069 —
1219 4029 1282 4101 §§
1310 4031 1372 4087 51
1402 4072 1417 4097 ,
1463 4031 1552 4086 52.
1583 4031 1817 4102 lnfertur

275 4124 518 4195 septimo,
539 4139 644 4176 non
670 4122 822 4176 modo
846 4138 909 4176 ea;
925 4123 1060 4192 pacti
1086 4122 1408 4192 baptismalis
1431 4124 1558 4194 lege,
1587 4124 1678 4178 sed
1698 4111 1815 4178 itero

271 4233 335 4272 ea:
358 4215 599 4288 ejusdem
628 4215 782 4270 etiam
802 4216 1066 4282 tequitate.
1094 4216 1341 4270 vindicari
1367 4233 1514 4287 posse
1541 4218 1594 4271 in
1613 4221 1814 4290 sangui-

269 4326 364 4363 neo
394 4308 654 4378 baptismo
681 4308 853 4364 omnia
879 4308 1119 4378 beneﬁcia
1141 4326 1171 4362 a
1194 4307 1417 4375 Christo,
1446 4328 1540 4382 pro
1563 4329 1656 4365 sua
1676 4314 1814 4382 pacti

269 4403 600 4474 baptismalis
631 4413 795 4471 parte,
821 4404 1134 4473 praestanda.
1164 4435 1235 4443 —
1265 4403 1329 4476 §§
1357 4407 1447 4470 55,
1474 4406 1561 4461 54.
1586 4405 1814 4478 Infertur

268 4506 455 4550 octavo
505 4497 716 4566 plenam
766 4497 994 4550 omnium
1043 4507 1363 4566 peccatorum
1419 4501 1811 4567 praecedentium

266 4589 650 4662 indulgentiam
695 4599 800 4643 tam
839 4607 946 4645 esse
997 4592 1278 4661 martyrio,
1331 4608 1485 4662 quant
1536 4593 1808 4663 baptismo,

1925 3403 2137 3464 spectat
2175 3396 2336 3451 etiam
2383 3397 2664 3468 gentilium
2713 3399 2779 3454 de
2822 3399 3017 3456 Saturo
3056 3403 3374 3460 acclamatio
3399 3422 3522 3462 cum

1926 3505 2032 3545 uno
2060 3490 2301 3562 leopardi
2321 3506 2502 3546 morsu
2525 3500 2669 3548 totus
2688 3507 2787 3550 suo
2807 3497 3066 3568 sanguine
3089 3497 3524 3568 perfunderetur,

1923 3585 2130 3641 salvum
2156 3585 2361 3642 lotum!
2395 3586 2601 3642 salvum
2645 3588 2832 3643 lotum!
2869 3589 3010 3661 quod
3040 3591 3108 3645 ita
3140 3592 3527 3664 interpretatur

1922 3679 2180 3734 Actorum
2232 3689 2440 3748 auctor,
2475 3689 2532 3736 ut
2557 3681 2623 3737 ad
2666 3684 2954 3739 secundam
2987 3688 3230 3758 martyrii
3259 3687 3516 3743 lotionem

1923 3772 2059 3826 facta
2087 3782 2230 3827 esset
2261 3773 2398 3828 vela
2431 3773 2798 3831 nescientibus
2827 3777 2996 3833 turbis
3034 3777 3246 3832 allusio.
3297 3778 3374 3833 lta
3409 3779 3521 3850 jam

1921 3863 2226 3920 obtinuerat
2283 3864 2421 3936 apud
2472 3865 2796 3922 christianos
2839 3881 2902 3922 ea
2949 3867 3202 3939 loquendi
3230 3870 3370 3924 ratio
3408 3886 3524 3941 qua

1921 3961 2040 4029 quis
2071 3961 2232 4016 etiam
2279 3960 2522 4034 martyrii
2569 3961 2769 4032 pariter
2795 3976 2858 4017 ac
2885 3976 3038 4032 aqua:
3076 3963 3346 4034 baptismo
3373 3963 3514 4021 lotus

1919 4053 2212 4109 diceretur.
2242 4055 2505 4110 Secunda:
2549 4071 2714 4126 porro
2742 4055 3078 4111 intinctionis
3108 4073 3240 4113 voce
3268 4074 3399 4115 usus
3435 4071 3520 4116 est

1919 4146 1986 4203 de
2015 4148 2272 4218 martyrio
2298 4147 2661 4203 Tertullianus
2689 4147 2956 4217 (Tertull,
2981 4150 3044 4203 de
3079 4149 3325 4217 Patient.,
3357 4169 3402 4207 c.
3426 4152 3518 4221 15,

1918 4239 1982 4294 de
2006 4237 2186 4308 Bapt.,
2218 4256 2264 4293 c.
2293 4237 2407 4314 16),
2434 4240 2576 4311 quod
2607 4249 2660 4296 et
2687 4241 2816 4297 alibi
2855 4241 3076 4297 secundi
3112 4242 3356 4310 Lavacri,
3390 4259 3520 4299 san-

1915 4333 2094 4402 guinis
2111 4331 2363 4388 nimirum
2397 4332 2668 4404 baptismi,
2696 4334 2912 4390 nomine
2929 4333 3194 4404 designat.
3222 4335 3331 4391 Nec
3354 4337 3513 4393 aliter

1916 4426 2176 4496 Origenes
2197 4426 2284 4497 qui
2314 4441 2381 4482 ex
2408 4440 2476 4482 eo
2507 4428 2628 4497 ipso
2648 4425 3093 4496 baptismiollicio
3119 4429 3326 4500 colligit
3346 4439 3514 4497 recte,

1917 4519 2232 4591 martyrium
2281 4518 2537 4590 baptismi
2590 4519 2832 4586 nomine,
2889 4521 3212 4597 meritoque,
3266 4522 3516 4594 insigniri

1915 4627 2095 4684 posse,
2125 4611 2270 4683 quod
2299 4623 2640 4683 peccatorum
2668 4613 3045 4670 remissionem
3075 4624 3295 4685 prtestet
3313 4615 3516 4684 pariter

268 4685 673 4740 concedendam.
702 4714 776 4725 —
821 4685 850 4755 ᾗ
899 4685 988 4740 55.
1021 4683 1172 4739 Nihil
1218 4701 1324 4774 esse
1361 4685 1584 4747 alienum
1614 4705 1647 4741 a
1686 4689 1809 4760 bap-

1928 4683 1978 4761 tc
2005 4707 2300 4776 baptismus
2320 4747 2336 4774 ,
2367 4721 2435 4762 ne
2464 4705 2632 4761 solius
2662 4705 2896 4762 nominis
2929 4706 3016 4760 hic
3037 4705 3225 4762 haberi
3249 4707 3516 4764 rationem

268 4782 410 4835 tismi
443 4790 634 4834 natura
664 4780 801 4850 quod
823 4781 1064 4853 temporis
1110 4767 1379 4837 interuallo
1414 4782 1747 4854 sejungantar
1777 4799 1810 4835 a

268 4875 558 4930 seinvicem
573 4872 856 4945 baptismus
869 4890 1060 4946 aqueus
1077 4885 1229 4944 atque
1239 4875 1568 4946 sanguineus.
1581 4904 1654 4916 --
1673 4874 1700 4945 ς
1717 4875 1804 4930 56.

267 4999 341 5008 -
370 4965 535 5023 Nono
569 4978 850 5039 martyrum
883 4970 1183 5041 sanguinem
1211 4985 1303 5038 pro
1339 4967 1528 5024 Christi
1563 4971 1808 5040 sanguine

267 5061 514 5117 habuisse
565 5071 772 5117 ueteres.
803 5092 872 5102 --
911 5062 939 5134 §
969 5063 1060 5117 57.
1098 5061 1302 5116 Decimo
1330 5062 1588 5132 praecipue
1608 5063 1673 5128 si,
1713 5081 1806 5131 pro

267 5153 467 5211 Christi
516 5155 772 5226 exemplo,
827 5156 1031 5228 publica
1084 5155 1373 5209 animarum
1424 5171 1580 5209 causa
1628 5156 1807 5227 fuisset

264 5248 489 5316 effusus.
512 5279 586 5290 —
613 5248 642 5322 §
670 5249 758 5305 58.
781 5248 1138 5322 Defenduntur
1161 5259 1365 5306 ueteres.
1389 5251 1509 5324 —§
1534 5250 1623 5306 59.
1656 5251 1803 5308 Μαν-

269 5344 468 5414 tyrium
496 5342 553 5397 in
589 5341 750 5398 altera
779 5343 934 5398 etiam
969 5344 1289 5399 eucharistiae
1314 5356 1632 5400 sacramento
1649 5362 1805 5416 spon-

270 5441 477 5494 demus.
507 5469 582 5480 -
615 5437 644 5510 §
681 5437 772 5495 40.
801 5436 868 5493 In
900 5441 1145 5511 martyrio
1174 5441 1266 5512 jus
1315 5441 1384 5495 ad
1433 5441 1677 5511 beneﬁcia
1719 5441 1808 5496 ba—

269 5529 453 5604 ptismi
502 5540 610 5585 tam
654 5530 922 5601 privativa,
951 5549 1105 5604 quam
1143 5534 1291 5588 etiam
1336 5533 1570 5604 positivo,
1626 5551 1805 5591 conse-

272 5628 504 5699 quimur.

271 5719 303 5792 ς
334 5721 388 5776 Ι.
420 5749 490 5761 --
513 5719 776 5789 Diximus,
799 5722 1064 5792 superiori
1091 5720 1475 5778 dissertatione
1498 5721 1594 5795 (ι),
1621 5725 1672 5778 in
1697 5723 1808 5794 pri-

274 5833 350 5917 (‘_)
376 5833 475 5921 (Σμὶ
531 5834 720 5918 titulus
766 5854 779 5891 :
819 5834 1230 5921 De_primorutn
1284 5848 1574 5921 martyrum
1618 5839 1809 5911 insigni

215 5905 545 5977 fortitudine,
559 5909 768 5979 ejusque
789 5905 979 5968 causis.
996 5909 1164 5968 Nobis
1185 5921 1299 5969 erat
1314 5905 1542 5983 primum
1563 5912 1614 5970 in
1629 5905 1810 5976 mente
1841 5987 1843 5989 _

1914 4800 2258 4870 suspicentur
2269 4798 2561 4854 adversarii
2579 4799 2597 4870 (
2607 4797 2843 4869 0rigen.,
2860 4798 2912 4852 in
2938 4799 3142 4864 Mallia,
3163 4818 3215 4870 p.
3239 4799 3368 4865 416,
3390 4801 3513 4856 edit.

1913 4891 2137 4959 Haetii)
2171 4909 2185 4945 :
2216 4895 2374 4957 mea,
2409 4891 2607 4962 inquit,
2644 4889 2821 4966 ἄφεσιν
2850 4893 3098 4966 λαμϐάνει
3128 4893 3516 4971 ἁμαρτημάτων

1910 4985 1937 5041 ὁ
1964 4987 2266 5058 ὑπομείνας.
2289 4984 2565 5059 βάπτισμα
2593 4985 2730 5039 ἐστιν
2757 4999 2769 5012 ⁸
2803 4986 2846 5038 εἰ
2873 4985 2973 5059 γὰρ
3003 4986 3062 5041 τὸ
3091 4984 3367 5059 βάπτισμα
3393 4981 3515 5058 ἄφε-

1912 5099 1992 5133 σιν
2047 5077 2430 5156 ἁμαρτημάτων
2480 5065 2863 5149 ἕὲταῃέλλεται,
2924 5078 3087 5138 καθὼς
3134 5077 3514 5153 παρειλήφαμεν

1909 5174 2146 5246 περὶτοῦ
2168 5172 2218 5225 ἐν
2247 5167 2399 5225 ὐδατι
2429 5171 2516 5224 καὶ
2543 5170 2799 5242 πνεύματι
2823 5169 3190 5244 βαπτίσματος
3210 5209 3226 5234 ,
3259 5165 3432 5242 ἄφεσιν
3457 5166 3514 5221 δέ

1908 5263 2154 5336 λαμϐάνει
2200 5262 2584 5336 ἁμαρτημάτων
2614 5264 2700 5316 καὶ
2726 5260 2752 5315 ὁ
2777 5264 2837 5316 τὸ
2863 5267 2956 5318 τοῦ
2982 5266 3267 5338 μαρτυρίου
3295 5262 3512 5332 ὑπομεί-

1908 5379 2000 5418 νας
2027 5356 2332 5429 βάπτισμα,
2366 5356 2642 5427 βάπτισμα
2683 5357 2742 5410 τὸ
2774 5357 3059 5430 μαρτύριον
3089 5355 3308 5427 εὐλόγως
3335 5353 3514 5427 λέγοιτ’

1911 5445 1994 5515 ἂν,
2040 5461 2145 5506 etc.
2190 5447 2339 5504 Idem
2387 5459 2440 5505 et
2492 5449 2564 5526 in‘
2596 5447 2716 5503 aliis
2767 5449 2899 5504 locis
2954 5463 3099 5518 saepe
3149 5448 3310 5503 habet
3368 5449 3511 5506 idem

1911 5542 2265 5600 Adamantius
2285 5539 2549 5614 (0rigen.,
2566 5541 2623 5594 in
2655 5540 2745 5595 lib.
2769 5539 2973 5604 ludia,
2994 5543 3110 5594 hom
3131 5539 3162 5592 7
3181 5547 3226 5593 et
3254 5545 3305 5594 in
3325 5539 3509 5611 Joan.,

1915 5645 2037 5691 tom.
2054 5652 2166 5699 VIII,
2189 5654 2239 5706 p.
2261 5636 2387 5700 155,
2406 5633 2759 5706 edit.Huetii).
2781 5633 2922 5689 Idem
2938 5647 3084 5702 saepe
3103 5641 3287 5688 noster
3301 5633 3514 5706 Cypria-

1913 5747 2032 5800 nus,
2065 5729 2362 5802 (Cyprian.,
2412 5727 2515 5798 Ep.
2563 5745 2670 5797 uv,
2717 5730 2780 5781 de
2827 5724 2974 5781 Orat.
3024 5726 3232 5782 Domin.
3260 5726 3482 5785 Exhort.

1914 5845 2062 5902 illam
2095 5846 2147 5900 in
2180 5845 2284 5901 hoc
2314 5855 2463 5900 tomo
2485 5845 2745 5909 inserere;
2778 5841 2944 5901 multa
2975 5858 3106 5902 vero
3129 5853 3350 5916 promer
3371 5843 3510 5901 male

1913 5919 2164 5976 sonantia
2207 5917 2504 5975 omittenda
2535 5917 2650 5971 luit.
3084 5971 3152 5992 ω
