3994 6318
436 359 502 417 51
1309 347 1316 405 ζ
1442 345 1815 407 DODWELLI
1854 342 2308 411 DISSERTATIO
2342 341 2761 404 CYPRIANICA
3667 349 3745 408 52

427 474 657 545 Martyr.
690 471 797 542 Ep.
827 467 1037 540 uxm),
1076 473 1131 524 et
1170 463 1503 523 recentiores
1528 463 1619 520 alii
1645 463 1905 536 Cypriane
1934 461 2037 519 Pa-
2059 474 2115 537 Α
2140 476 2247 533 que
2275 460 2613 532 comprobat;
2668 474 2739 517 ex
2777 458 2897 531 ipsa
2944 460 3109 518 etiam
3152 460 3416 521 Ecclesia
3454 462 3745 523 catholicae

430 579 550 625 tres
576 561 978 638 quamplurimi,
1004 573 1142 633 quos
1170 558 1334 616 taedet
1379 558 1435 615 in
1473 556 1579 614 hoc
1609 556 1730 613 loco
1758 556 2032 629 sigillatim

428 674 738 720 recensere.
769 655 897 714 Inde
927 655 1073 713 enim
1101 651 1567 710 consentientibus
1594 650 1893 706 Graecorum
1930 649 2036 706 La-

435 754 761 822 tinorumque
791 748 1061 821 suﬁ‘ragiis
1084 746 1435 818 comprobata
1464 744 1582 803 ιιωο
1607 743 1791 817 opinio
1830 742 1900 801 ad
1934 758 2035 800 no-

435 854 549 904 stra
565 859 736 917 usque
752 852 997 915 tempora
1014 839 1315 898 descendit.
1444 834 1445 837 “
1898 836 1913 851 ⁵

516 939 546 1013 §
580 940 631 995 5.
664 967 737 978 —
762 937 861 993 Est
885 950 1049 1007 porro
1094 933 1226 990 illud
1263 932 1735 990 animadversione
1776 932 1993 1006 dignum
2016 976 2032 1004 ,

434 1034 510 1090 ita
533 1032 675 1088 inter
703 1045 763 1087 se
789 1029 926 1085 duos
957 1026 1123 1084 hosce
1149 1041 1305 1100 aquae
1331 1036 1494 1100 atque
1520 1025 1799 1099 sanguinis
1824 1026 2033 1099 baptis-

438 1144 563 1187 mos
588 1124 933 1185 contendisse
981 1124 1228 1190 Veteres,
1284 1132 1344 1179 ut
1379 1136 1769 1194 nonnunquam
1818 1131 2040 1194 postpo-

435 1229 570 1279 nant
594 1217 891 1275 secundum
919 1214 1063 1271 hunc
1108 1213 1386 1286 sanguinis
1418 1212 1744 1285 baptismum
1772 1229 1926 1285 aqua:
1962 1212 2039 1269 illi

438 1317 642 1393 primo,
672 1324 727 1372 et
743 1314 859 1371 vice
880 1327 1036 1370 versa
1061 1325 1447 1383 nonnunquam
1473 1308 1799 1378 anteferam,
1821 1308 2039 1366 diverso

438 1411 497 1470 id
546 1409 801 1481 nimirum
852 1417 1107 1478 respectu
1156 1414 1321 1478 atque
1366 1403 1824 1460 consideratione.
1883 1401 2038 1471 Quod

439 1504 660 1579 quidem
682 1503 751 1560 ad
778 1502 908 1559 illud
936 1510 1146 1575 spectat
1174 1500 1333 1574 aquei
1372 1500 1628 1573 baptismi
1653 1500 1892 1559 ofﬁcium
1933 1515 2042 1573 quo

440 1600 662 1656 unimur
682 1599 900 1656 Christo
924 1607 1084 1669 atquc
1102 1596 1363 1653 Ecclesia:
1377 1637 1394 1664 ,
1424 1610 1750 1668 quamquam
1770 1596 2040 1670 superiori

437 1697 553 1770 jam
584 1695 968 1753 dissertatione
992 1693 1394 1752 ostenderimus
1420 1708 1573 1751 suam
1601 1709 1815 1766 quoque
1852 1695 1960 1751 vim
1988 1694 2041 1750 in

442 1791 549 1847 hac
576 1790 694 1860 ipsa
732 1803 948 1861 quoque
987 1788 1190 1845 unione
1217 1786 1466 1859 augenda
1495 1786 1689 1845 saltem
1725 1798 1886 1858 atque
1913 1802 2043 1859 pro-

2140 553 2296 626 praxi
2327 554 2526 627 liquet,
2568 568 2689 625 qua:
2730 567 2857 610 cum
2890 567 3148 611 verorum
3189 564 3491 629 martyrum
3527 571 3747 630 semper

2137 646 2301 709 fuerit
2335 648 2811 707 observantissime
2831 692 2847 718 ,
2875 664 3173 722 numquam
3192 659 3371 705 tamen
3400 649 3509 706 illis
3530 652 3748 708 hareti-

2140 761 2237 804 cos
2264 746 2710 803 schismaticosve
2738 751 3100 818 accensuerit,
3136 748 3281 805 nulla
3302 763 3490 806 eorum
3520 752 3746 808 nomina

2141 843 2196 899 in
2219 843 2389 901 fastos
2406 858 2533 899 suos
2559 842 2862 914 admiserit,
2890 844 3098 900 nullam
3129 845 3627 903 institueriteorum
3658 863 3749 905 so.

2141 936 2378 995 lemnem
2421 939 3019 1005 commemorationem.

2213 1030 2317 1103 54.
2344 1061 2417 1072 —
2443 1031 2779 1103 Quamquam
2812 1047 2945 1108 ergo
2978 1032 3047 1089 ad
3067 1032 3297 1105 subjecti
3329 1033 3749 1107 dispositionem

2142 1127 2480 1185 necessarius
2500 1127 2572 1182 sit
2586 1127 2734 1198 prior
2760 1126 2855 1183 ille
2875 1142 3031 1199 aqua
3048 1127 3366 1199 baptismus,
3387 1136 3446 1185 ut
3468 1130 3592 1202 quis
3619 1145 3747 1187 san-

2144 1220 2325 1292 guinei
2351 1219 2605 1292 baptismi
2642 1221 2817 1292 possit
2853 1218 3089 1277 fructum
3135 1222 3446 1293 percipere;
3493 1222 3540 1277 si
3566 1229 3750 1278 tamen

2142 1323 2293 1371 recte
2336 1314 2478 1371 hanc
2499 1315 2960 1386 comparationem
2996 1317 3282 1373 instituere
3320 1317 3571 1386 velimus,
3599 1328 3656 1374 et
3683 1320 3753 1376 de

2144 1408 2428 1481 utriusque
2453 1408 2708 1481 baptismi
2740 1408 3011 1466 beneﬁcio
3036 1407 3304 1481 judicare,
3326 1408 3383 1466 id
3412 1425 3576 1482 porro
3599 1428 3752 1483 qua:-

2144 1504 2375 1561 reudum
2405 1506 2579 1562 utrius
2610 1506 2860 1577 baptismi
2888 1505 3060 1579 magis
3085 1508 3156 1563 sit
3176 1506 3498 1565 beneﬁcium
3537 1509 3591 1564 in
3621 1509 3753 1565 sub-

2141 1597 2292 1670 jeclao
2316 1596 2420 1654 rite
2448 1596 2753 1669 disposito?
2782 1599 2847 1654 Et
2880 1599 3100 1671 quidem
3130 1599 3289 1671 hujus
3336 1596 3586 1657 beneﬁcii
3629 1615 3753 1657 res-

2146 1698 2305 1763 pectu
2379 1692 2736 1762 sanguineum
2784 1691 3110 1764 baptismum
3162 1707 3337 1765 aqueo
3403 1694 3756 1766 praetulerunt

2146 1784 2409 1856 Origenes
2438 1793 2491 1840 et
2522 1794 2709 1840 noster
2728 1783 3051 1857 Cyprianus.
3090 1803 3110 1837 ι
3144 1785 3415 1857 Baptisms
3450 1787 3752 1859 sanguinis,

437 1885 714 1942 movenda
742 1883 1078 1942 concessisse
1102 1883 1329 1940 Veteres
1358 1900 1372 1937 :
1407 1883 1480 1939 ita
1510 1893 1689 1941 tamen
1724 1883 1873 1941 illam
1903 1899 2040 1941 con-
2070 1891 2120 1952 Β
2148 1877 2323 1951 inquit
2366 1876 2615 1949 Origines
2644 1876 2897 1952 (Origen.
2916 1918 2932 1946 ,
2957 1880 3014 1935 in
3042 1878 3221 1934 ludio.
3251 1879 3433 1935 limit.
3464 1880 3547 1955 7),
3574 1881 3757 1938 solum

444 1988 730 2036 cesserunt
758 1988 817 2035 ut
835 1979 944 2035 vim
973 1979 1190 2035 interim
1241 1977 1360 2048 ejus
1389 1978 1594 2034 nullam
1637 1978 1957 2050 agnoverint
1975 1978 2043 2036 ad

443 2088 635 2130 eorum
688 2074 943 2129 unionem
984 2071 1412 2145 promovendam
1442 2072 1532 2144 qui
1579 2073 1820 2130 nondum
1862 2083 2049 2131 essent

441 2167 650 2239 praevio
669 2167 852 2238 aliquo
875 2174 1039 2239 atque
1058 2165 1315 2223 inchoato
1327 2165 1520 2223 saltem
1544 2166 1804 2223 unitionis
1828 2168 2047 2224 vinculo

446 2261 712 2319 Ecclesia:
751 2260 1139 2333 conglutinati,
1173 2275 1269 2318 seu
1316 2260 1717 2317 communionis
1759 2261 1814 2316 in
1864 2259 2046 2318 ofﬁcio

446 2355 835 2426 eucharistico,
862 2371 958 2412 seu
981 2354 1233 2425 baptismi
1255 2354 1433 2426 reipsa
1457 2356 1718 2427 suscepti,
1740 2356 1827 2412 vel
1847 2355 1900 2412 in
1924 2364 2050 2412 voto

445 2450 642 2508 saltem
668 2449 911 2521 expetiti,
946 2464 1066 2521 qua
1093 2462 1255 2506 causa
1287 2457 1406 2504 erat
1430 2448 1854 2520 competentiam
1884 2450 2046 2509 Cate-

447 2543 878 2611 chumenorum;
908 2543 1015 2599 vim
1045 2558 1234 2599 rursus
1263 2543 1464 2599 nullam
1496 2544 1565 2600 ad
1604 2547 1849 2620 martyrii
1878 2547 2049 2604 bene-

447 2634 575 2691 ﬁcia
596 2634 835 2692 nondum
868 2635 1034 2693 unitis
1074 2636 1436 2707 impetranda.
1469 2636 1583 2695 Nec
1619 2640 1763 2695 enim
1791 2643 2052 2715 martyrio

448 2730 778 2788 beneﬁcium
827 2731 1044 2803 aliquod
1090 2731 1334 2789 tribuunt
1363 2732 1408 2788 si
1434 2734 1557 2805 quis
1585 2741 1736 2790 extra
1792 2736 2052 2793 unitatem

448 2839 646 2897 passus
690 2824 871 2891 fuerit;
930 2824 1027 2881 sed
1066 2840 1168 2882 nec
1194 2824 1327 2881 illud
1377 2825 1497 2896 ejus
1535 2826 1857 2885 beneﬁcium
1888 2843 2053 2902 agno-

453 2929 632 2989 scunt,
663 2930 721 2976 ut
749 2936 814 2978 ea
839 2920 953 2990 ipsa
985 2921 1196 2977 ratione
1218 2921 1341 2993 quis
1366 2922 1549 2978 unitus
1588 2923 1840 2980 invisibili
1872 2923 2052 2996 aliqua

451 3013 663 3071 unitate
680 3022 969 3070 censeatur
990 3013 1035 3069 si
1052 3016 1368 3086 martyrium
1388 3030 1581 3086 passus
1608 3015 1795 3073 fuerit.
1820 3017 2055 3074 Proinde

451 3107 831 3165 haereticorum
852 3108 1435 3180 schismaticorumque
1453 3111 1729 3182 martyrio,
1748 3110 1963 3167 illorum
1978 3113 2055 3168 vi-

457 3200 676 3269 delicet,
691 3202 780 3273 qui
794 3202 976 3274 aliquo
991 3202 1078 3258 vel
1092 3211 1212 3258 actu
1227 3218 1347 3269 suo,
1365 3204 1449 3259 vel
1468 3203 1747 3270 Ecclesiae,
1765 3203 1834 3260 ab
1848 3205 2055 3264 unitate

2149 1980 2232 2028 est
2261 1970 2408 2043 quod
2436 1985 2537 2028 nos
2562 1973 2808 2042 puriores
2835 1971 3049 2042 reddat,
3080 1987 3240 2043 quam
3268 1988 3424 2046 aqua:
3455 1973 3760 2046 baptismus

2148 2062 2407 2120 reddidit.
2445 2081 2469 2116 ι
2492 2062 2672 2132 Quod,
2713 2063 2901 2135 paucis
2951 2062 3323 2136 interpositis,
3354 2066 3425 2121 ita
3468 2066 3706 2138 explicat
3739 2086 3756 2126 :

2156 2175 2176 2210 ι
2214 2156 2426 2213 Vereor
2465 2172 2534 2213 ne
2560 2156 2708 2212 istud
2748 2157 3007 2230 baptismi
3032 2158 3361 2215 eminentius
3389 2160 3461 2215 sit
3500 2161 3608 2216 isto
3634 2160 3764 2234 bap-

2151 2249 2373 2307 tismate
2396 2250 2541 2323 quod
2569 2266 2665 2322 per
2692 2266 2887 2324 aquam
2919 2253 3172 2311 traditur.
3206 2254 3305 2311 lllo
3335 2255 3478 2311 enim
3506 2266 3761 2329 accepto,

2153 2345 2310 2402 valde
2332 2345 2489 2416 pauci
2515 2354 2643 2402 sunt
2668 2346 2738 2401 ita
2765 2346 2934 2417 beati,
2964 2348 3057 2419 qui
3088 2348 3140 2403 id
3165 2348 3565 2406 immaculatum
3589 2367 3764 2423 usque

2154 2439 2223 2495 ad
2248 2440 2453 2496 exitum
2481 2440 2605 2495 vitae
2632 2453 2854 2498 servare
2876 2443 3177 2512 potuerint.
3200 2442 3314 2499 Hoc
3335 2458 3468 2500 vero
3491 2444 3765 2517 baptismo

2154 2530 2247 2604 mni
2274 2532 2576 2603 baptizatus
2605 2530 2804 2601 fuerit,
2838 2547 3069 2605 peccare
3088 2534 3200 2607 jam
3234 2534 3378 2591 ul’tro
3408 2550 3514 2592 non
3556 2545 3761 2608 potest.

2155 2625 2225 2683 Et
2249 2625 2295 2681 si
2318 2627 2664 2683 temerarium
2696 2641 2804 2683 non
2835 2635 2921 2684 est
2948 2628 3001 2683 in
3024 2628 3190 2685 rebus
3214 2629 3413 2686 talibus
3438 2630 3641 2686 audere
3663 2630 3767 2686 ali-

2156 2717 2308 2790 quid,
2341 2733 2634 2790 possumus
2659 2719 2844 2776 dicere
2862 2720 3009 2792 quod
3041 2736 3141 2793 per
3165 2720 3299 2778 illud
3324 2722 3595 2794 baptisma
3619 2737 3765 2794 prae-

2158 2810 2317 2867 terita
2343 2820 2563 2883 peccata
2586 2821 2904 2885 purgantur,
2933 2827 3031 2885 per
3058 2813 3203 2869 istud
3230 2828 3361 2871 vero
3389 2814 3552 2871 etiam
3579 2814 3765 2872 futura

2157 2911 2519 2984 perimuntur.
2549 2911 2633 2968 lbi
2660 2924 2879 2983 peccata
2910 2911 3134 2969 dimissa
3160 2921 3308 2982 sunt,
3337 2913 3426 2968 hic
3453 2914 3695 2971 exclusa.
3740 2934 3760 2968 ι

2158 3007 2219 3064 In
2245 3010 2493 3067 eamdem
2525 3010 2686 3083 plane
2711 3010 3035 3066 sententiam
3062 3008 3517 3081 gloriosissimum
3549 3009 3693 3067 hunc
3712 3022 3769 3068 et

2158 3107 2453 3163 maximum
2475 3107 2754 3177 sanguinis
2782 3104 3108 3176 baptismum
3140 3103 3379 3177 appellat
3404 3113 3592 3161 noster
3620 3120 3768 3163 mar-

2160 3207 2267 3273 tyr,
2290 3198 2433 3271 quod
2453 3213 2650 3269 nempe
2680 3197 3001 3271 gloriosiora
3030 3197 3141 3253 sint
3166 3206 3223 3253 et
3244 3196 3449 3269 majora
3479 3198 3766 3271 sanguinei

456 3294 684 3352 abscissi
703 3303 909 3359 essent,
939 3310 1041 3351 nec
1072 3297 1346 3352 unitorum
1376 3296 1543 3353 fuisse
1562 3297 1929 3367 crediderunt,
1955 3316 2050 3359 nec

2160 3292 2414 3363 baptismi
2438 3292 2702 3349 beneﬁcia
2724 3306 2885 3364 quam
2907 3291 3015 3347 sint
3033 3302 3094 3348 ea
3116 3306 3237 3363 quae
3260 3305 3358 3363 per
3376 3306 3609 3365 aqueum
3636 3303 3770 3349 sunt

454 3388 593 3445 adeo
622 3389 780 3446 ullius
795 3390 939 3461 apud
970 3390 1140 3447 Deum
1165 3390 1342 3461 pretii.
1370 3388 1893 3447 Catechumenorum
1922 3410 2054 3451 cauv

455 3497 574 3539 sam
602 3482 1040 3540 favorabiliorem
1071 3493 1421 3552 censuerunt,
1451 3484 1540 3556 qui
1569 3499 1675 3540 non
1722 3494 1828 3543 tam
1872 3498 2058 3544 essent

455 3577 527 3633 ab
549 3577 755 3633 unitate
788 3577 1040 3649 scjuncti,
1075 3593 1234 3648 quam
1267 3592 1386 3632 eam
1427 3578 1601 3648 ipsam
1633 3580 1893 3636 unitatem
1922 3596 2058 3637 non-

458 3667 585 3725 dum
613 3670 914 3736 consecuti;
947 3670 1144 3741 quibus
1170 3670 1244 3724 ita
1273 3670 1404 3725 vitio
1432 3685 1539 3726 non
1562 3680 1710 3727 esset
1735 3673 2056 3729 vertendum

454 3762 602 3835 quod
648 3763 890 3821 nondum
935 3772 1121 3819 essent
1146 3762 1303 3829 uniti,
1338 3771 1396 3818 ut
1442 3772 1631 3820 contra
1680 3764 1822 3820 laudi
1882 3768 2059 3837 potius

457 3868 604 3916 esset
630 3859 770 3930 quod
818 3858 1203 3915 ecclesiastica:
1249 3857 1547 3929 disciplina:
1585 3858 1731 3930 leges
1772 3859 2058 3917 observas-

456 3962 604 4011 seut.
638 3953 704 4009 lli
728 3962 876 4009 certe
915 3962 1041 4009 voto
1074 3962 1181 4008 tam
1224 3966 1345 4020 suo,
1388 3967 1550 4024 quam
1595 3951 1892 4021 Ecclesia,
1926 3954 2058 4011 uniti

452 4048 569 4119 jam
597 4057 782 4114 erant;
809 4056 863 4103 et
889 4062 1013 4104 cum
1044 4061 1102 4103 se
1134 4047 1347 4119 legibus
1369 4045 1754 4105 ecclesiasticis
1789 4048 2058 4121 subiecis-

454 4148 601 4207 sent,
632 4155 699 4197 eo
731 4141 847 4212 ipso
899 4155 960 4197 se
1009 4140 1245 4212 politicaa
1293 4140 1516 4196 unitatis
1553 4140 1797 4197 membra
1826 4141 2059 4214 professi

454 4247 607 4302 sunt,
640 4236 787 4307 quod
812 4236 1093 4308 mysticam
1127 4235 1274 4291 illam
1302 4235 1598 4305 unitatem,
1629 4237 1919 4308 quantovis
1932 4251 2058 4293 eam

458 4329 730 4385 haberent
779 4329 830 4384 in
875 4329 1069 4401 pretio,
1100 4332 1346 4401 arripere
1391 4339 1571 4386 tamen
1605 4345 1710 4386 non
1756 4330 2057 4399 auderent;

460 4431 814 4495 expectarent
860 4425 1073 4479 interim
1096 4467 1110 4490 ,
1165 4424 1314 4490 dum,
1349 4439 1446 4494 per
1489 4425 1641 4496 leges
1674 4425 2060 4504 ecclesiastica:

454 4520 665 4593 politiae
688 4534 810 4574 eam
857 4518 961 4575 rite
986 4518 1209 4590 adipisci
1250 4517 1460 4573 liceret.
1499 4516 1612 4574 illis
1640 4518 1804 4589 igitur
1846 4534 2059 4589 acquum

457 4621 577 4669 erat
605 4611 829 4668 concedi
860 4610 1080 4667 unitatis
1133 4610 1417 4679 beneﬁcia,
1463 4611 1554 4682 qui
1578 4608 1690 4681 jam
1746 4625 1809 4667 ea
1853 4623 2056 4683 essent,

2160 3384 2489 3456 baptismum
2530 3400 2558 3438 τι
2590 3385 2837 3456 subjecto
2866 3385 2973 3441 rite
3001 3383 3267 3457 disposito
3292 3386 3653 3457 expectanda.
3687 3388 3769 3443 ita

2160 3479 2306 3534 enim
2338 3477 2526 3534 scribit
2559 3479 2651 3533 ille
2680 3477 2735 3532 in
2763 3492 2859 3533 sua
2888 3477 2955 3533 ad
2986 3483 3304 3552 martyrium
3334 3477 3715 3538 exhortatione
3751 3500 3765 3537 :

2169 3591 2187 3625 ε
2224 3571 2337 3629 Nos
2369 3581 2573 3629 tantum
2594 3615 2609 3637 ,
2645 3573 2838 3644 inquit,
2872 3573 2962 3645 qui
3010 3572 3238 3629 Domino
3275 3575 3621 3647 permittente
3652 3577 3769 3647 pri-

2164 3683 2310 3723 mum
2340 3668 2602 3740 baptisma
2625 3666 2978 3723 credentibus
3000 3666 3354 3734 dedimus,ad
3382 3668 3528 3725 aliud
3551 3684 3770 3741 quoque

2164 3760 2402 3833 singulos
2450 3775 2841 3832 praeparemus,
2873 3760 3209 3818 insinuantes
3254 3772 3309 3817 et
3352 3763 3613 3835 docentes
3663 3765 3770 3822 hoc

2164 3870 2287 3913 esse
2305 3855 2567 3926 baptisma
2586 3855 2640 3909 in
2667 3854 2838 3926 gratia
2867 3855 3069 3927 majus,
3091 3855 3145 3911 in
3169 3866 3439 3929 potestate
3455 3858 3766 3929 sublimius,

2164 3952 2219 4008 in
2252 3952 2459 4009 honore
2499 3950 2792 4023 pretiosius
2827 3968 2841 4005 :
2872 3950 3138 4023 baptisma
3168 3952 3220 4007 in
3252 3968 3360 4025 quo
3388 3954 3564 4028 angeli
3595 3954 3773 4027 bapti-

2164 4055 2309 4115 zant,
2335 4046 2601 4118 baptisma
2632 4045 2684 4100 in
2708 4059 2816 4117 quo
2836 4045 2977 4100 Deus
3002 4054 3059 4101 et
3078 4044 3327 4102 Christus
3356 4047 3473 4117 ejus
3499 4048 3769 4116 exultant,

2164 4141 2430 4213 baptisma
2454 4147 2577 4210 post
2597 4138 2739 4209 quod
2766 4152 2928 4193 nemo
2949 4138 3059 4209 jam
3091 4148 3298 4210 peccat,
3327 4138 3595 4211 baptisma
3623 4140 3770 4213 quod

2165 4234 2290 4290 ﬁdei
2332 4241 2529 4288 nostra:
2559 4231 2896 4286 incrementa
2926 4241 3289 4300 consummat,
3322 4231 3586 4305 baptisma
3623 4233 3770 4305 quod

2165 4343 2269 4385 nos
2298 4328 2367 4385 de
2418 4326 2618 4382 mundo
2662 4324 2984 4383 recedentes
3026 4322 3206 4382 statim
3258 4327 3370 4385 Deo
3418 4328 3656 4400 copulat.
3708 4329 3769 4387 In

2164 4438 2318 4494 aquae
2340 4422 2608 4493 baptismo
2629 4421 2898 4493 accipitur
2923 4434 3266 4494 peccatorum
3287 4424 3535 4491 remissa;
3560 4423 3613 4479 in
3644 4439 3771 4480 san-

2164 4515 2342 4588 guinis
2367 4531 2568 4572 corona
2613 4515 2898 4572 virtutum.
2933 4516 3324 4588 Amplectenda
3365 4530 3456 4574 res
3482 4526 3565 4574 est
3591 4526 3646 4574 et
3671 4534 3771 4591 op-

2167 4611 2346 4678 tanda,
2373 4618 2427 4667 et
2453 4610 2703 4667 omnibus
2730 4611 3146 4683 postulationum
3178 4622 3486 4669 nostrarum
3514 4614 3770 4685 precibus

459 4720 584 4776 quae
609 4704 848 4777 legitima
895 4712 1070 4771 esset,
1104 4704 1312 4759 unitate
1341 4703 1649 4775 conjuncti;
1680 4716 1779 4759 nec
1808 4703 1917 4760 ulla
1962 4718 2056 4760 sua
2084 4704 2138 4767 1)
2164 4703 2486 4777 expetenda,
2520 4703 2686 4774 utqui
2714 4704 2858 4760 servi
2887 4703 2981 4759 Dei
3000 4718 3207 4773 sumus,
3238 4706 3408 4762 simus
3437 4713 3494 4762 et
3521 4706 3700 4762 amici.
3744 4726 3766 4760 ι

458 4798 617 4869 culpa
640 4796 1032 4869 impedirentur
1051 4796 1345 4868 quominus
1374 4796 1520 4852 illam
1543 4811 1759 4869 quoque
1781 4799 2061 4856 consecuti

455 4898 643 4947 essent
671 4906 793 4962 quae
820 4889 1055 4945 nondum
1078 4898 1225 4946 esset
1251 4890 1510 4961 legitima.
1553 4891 1684 4947 Erat
1708 4901 1887 4949 autem
1915 4908 2060 4949 mar-

455 4985 587 5059 tyrii
615 4985 821 5040 fructus
850 4984 991 5041 inter
1014 4985 1239 5041 unitatis
1264 4984 1548 5059 beneﬁcia,
1580 5000 1678 5057 pro
1708 4986 1923 5043 illorum
1952 5002 2058 5043 ste-

458 5056 707 5139 c'ulorum
738 5078 1028 5148 sententia,
1078 5078 1405 5136 censendus.
1442 5056 1610 5136 hanc
1635 5080 2056 5142 catechumeno-

454 5193 577 5233 rum
617 5190 835 5233 causam
883 5174 992 5244 agit
1032 5174 1087 5228 in
1127 5174 1355 5244 epistola
1398 5173 1464 5229 ad
1505 5173 1826 5231 Jubaianum
1873 5185 2059 5233 noster

456 5271 760 5345 Cyprianus
783 5265 979 5341 (Epist.
1000 5266 1211 5339 Lxxtn).
1244 5268 1541 5324 Danmasse
1569 5277 1749 5325 autem
1770 5268 2057 5327 hmretico—

455 5379 577 5418 rum
602 5359 1182 5429 schismaticorumque
1206 5358 1461 5432 martyris
1492 5360 1670 5417 notius
1700 5370 1785 5417 est
1808 5377 1967 5433 quam
2001 5371 2060 5418 ut

454 5455 569 5510 ulla
599 5454 923 5525 probatione
968 5451 1223 5523 indigeat.
1254 5450 1364 5508 Nec
1419 5453 1598 5508 solum
1628 5453 1792 5510 fuisse
1856 5454 1912 5509 in
1958 5455 2059 5511 hac

455 5563 620 5605 causa
650 5550 997 5621 Cyprianum,
1032 5546 1129 5603 sed
1160 5545 1402 5603 Ecclesia
1433 5549 1635 5619 pariter
1661 5549 1906 5605 universa
1937 5548 2053 5604 suf-

454 5641 699 5711 fragante
722 5685 736 5709 ,
769 5643 1074 5712 damnasse,
1104 5656 1173 5698 ex
1199 5643 1317 5714 ipso
1336 5640 1392 5698 S.
1424 5643 1724 5714 Augustino
1745 5644 1929 5714 liquet,
1965 5646 2056 5717 qui

453 5750 577 5793 cum
609 5745 794 5789 nostro
820 5734 1065 5809 martyri,
1096 5736 1153 5792 in
1190 5749 1353 5793 causa
1381 5736 1635 5807 baptismi
1674 5736 2054 5796 haereticorum

452 5844 578 5887 sese
601 5830 977 5887 strenuissime
998 5832 1244 5903 opponit,
1270 5830 1410 5887 hanc
1437 5840 1617 5889 tamen
1641 5830 1761 5903 ejus
1787 5832 1856 5889 de
1878 5831 2057 5892 hare-

461 5924 689 5981 ticorum
716 5921 1291 5994 schismaticorumque
1318 5924 1595 5996 martyriis
1624 5939 1909 5984 censuram
1940 5926 2058 5987 ubi-

2166 4799 2329 4856 Multa
2362 4798 2451 4855 hic
2477 4798 2741 4855 habemus
2768 4798 2823 4854 in
2842 4798 2946 4855 hoc
2971 4799 3227 4872 Cypriani
3258 4801 3427 4856 nostri
3456 4802 3772 4857 testimonio

2166 4906 2287 4949 cum
2332 4891 2660 4965 Origeniano
2704 4891 2799 4947 illo
2837 4891 3165 4960 communia,
3209 4908 3437 4965 quaeque
3486 4902 3591 4948 tam
3621 4908 3774 4949 com-

2165 4989 2313 5045 muni
2342 4987 2649 5054 asscrtioni,
2703 5001 2863 5058 quam
2894 4986 2994 5043 sibi
3036 4985 3288 5058 invicem,
3322 4988 3497 5047 lucem
3528 4988 3772 5048 vicissim

2164 5079 2521 5137 fmuerentur.

2241 5173 2269 5246 §
2296 5172 2639 5229 5.-—Grati:e
2663 5172 2909 5245 inprimis
2934 5174 3358 5246 magnitudinem
3387 5176 3513 5233 inde
3535 5176 3777 5234 aestimat

2163 5264 2338 5338 quod,
2366 5279 2486 5321 cum
2513 5272 2637 5337 post
2666 5279 2819 5336 aqua:
2846 5264 3174 5337 baptismum
3215 5280 3501 5338 peccamus
3542 5269 3767 5338 iterum,

2162 5359 2228 5414 ba
2237 5356 2594 5430 ptizalemque
2608 5356 2837 5428 gratiam
2852 5357 3172 5428 amittimus,
3195 5360 3248 5414 in
3266 5359 3536 5432 baptismo
3550 5363 3778 5433 sangui-

2164 5452 2248 5508 nis
2278 5450 2455 5507 nullus
2482 5450 2719 5521 supersit
2757 5461 2934 5508 metus
2969 5452 3268 5509 futurorum
3302 5466 3674 5526 peccatorum,
3713 5468 3777 5515 ut

2159 5546 2393 5618 proinde
2423 5561 2518 5617 per
2552 5545 2703 5602 illum
2752 5555 2861 5602 tam
2910 5546 3211 5605 futurorum
3261 5550 3778 5611 securi-reddimur

2161 5654 2319 5712 quam
2338 5638 2752 5710 praeteritorum,
2777 5654 2899 5696 cum
2926 5641 3191 5711 prteterita
3219 5641 3499 5699 dumtaxat
3522 5644 3573 5699 iu
3593 5659 3778 5717 nqueo

2162 5732 2432 5805 baptismo
2459 5734 2767 5803 expientur,
2800 5730 2943 5803 quod
2971 5733 3133 5788 etiam
3155 5742 3282 5790 ante
3307 5733 3637 5807 Cyprianum
3665 5738 3775 5795 ob-

2157 5839 2475 5888 servaverat
2492 5826 2777 5902 Origenes,
2800 5837 2859 5884 et
2874 5836 2997 5899 post
3018 5826 3353 5902 Cyprianum
3374 5841 3620 5887 nostrum
3639 5846 3773 5889 san-

2162 5924 2407 5985 ctissima
2433 5935 2643 5998 martyr
2656 5925 2871 5997 Pelagia
2892 5923 3035 5999 apud
3063 5925 3429 5999 Ambrosium,
3452 5928 3548 5988 lib.
3584 5944 3665 5999 ιιι,
3693 5928 3769 5991 de
