3994 6318
225 310 298 373 53
1219 323 1311 384 DE
1343 325 1660 390 SECUNDO
1695 330 2094 399 MARTYRUM
2131 339 2497 415 BAPTISMO.
3471 360 3542 421 54

227 427 496 538 Virginib.
521 428 661 489 Tum
684 432 756 538 ad
784 435 974 538 gratia
994 452 1211 538 quoque
1234 444 1660 516 magnitudinem
1692 450 1825 508 illud
1852 456 1906 517 Α
1930 464 1985 513 et
2000 454 2249 517 Christus
2270 460 2390 534 ejus
2402 465 2664 525 exultent.
2691 469 2857 529 Docet
2877 473 3135 533 Dominus
3153 476 3539 538 exultationem

227 522 504 594 pertinere
518 535 732 597 censet,
751 529 919 600 quod,
936 547 1061 587 cum
1078 534 1145 590 ad
1162 539 1340 613 ἀρχῆς
1363 540 1505 617 λόγον
1533 552 1587 599 et
1606 546 1827 619 θεμέλιον

225 635 457 691 aqueum
490 622 644 679 illum
665 624 991 699 baptismum
1025 632 1270 691 retulerit
1292 635 1587 708 Apostolus
1617 640 1828 713 (Hahn,

232 728 306 780 vx,
345 715 405 783 1,
429 715 515 789 2).
556 717 847 790 Sanguinis
890 721 981 778 hic
1025 723 1328 797 baptismus
1363 729 1432 786 ad
1464 730 1590 787 ﬁdei
1634 743 1833 792 nostra:

223 809 564 867 incrementa
595 817 1023 874 consummanda
1065 820 1355 891 pertineat;
1397 824 1564 895 quod,
1607 841 1729 884 cum
1778 829 1830 884 in

221 916 392 972 aqueo
418 902 698 975 baptismo
734 909 1111 968 renuntiantes
1135 914 1340 971 mundo
1381 915 1696 976 fruitionem
1735 921 1830 978 Dei

224 1012 327 1053 non
353 999 457 1056 nisi
482 1014 519 1057 e
545 1001 844 1074 longinquo
873 1014 1051 1063 tamen
1080 1018 1456 1080 expectemus,
1493 1030 1588 1085 per
1614 1018 1827 1088 sangui-

220 1106 375 1148 neum
389 1094 579 1149 statim
595 1095 710 1152 Deo
722 1098 1057 1169 capulemur;
1074 1102 1240 1173 quod,
1260 1119 1382 1160 cum
1401 1104 1473 1162 ibi
1490 1117 1831 1177 peccatorum

218 1188 602 1245 reissionem
621 1205 1037 1264 consequamur,
1069 1196 1158 1253 hic
1185 1200 1467 1269 praemium
1489 1203 1651 1259 etiam
1676 1219 1831 1261 coro-

220 1294 450 1351 namque
472 1293 772 1354 expectare
799 1288 1089 1357 possimus;
1120 1289 1233 1347 illic
1256 1307 1445 1349 servos
1473 1294 1566 1353 Dei
1592 1311 1709 1364 nos,
1742 1313 1830 1369 vel

219 1373 405 1430 saltem
445 1378 822 1455 ἀπελευθέρους
850 1381 1222 1452 profiteamur,
1247 1385 1337 1444 hic
1361 1387 1524 1445 etiam
1554 1391 1712 1447 amici
1734 1387 1832 1451 Dei

228 1482 611 1540 agnoscamur.
645 1472 816 1529 Porro
840 1483 1106 1547 potestate
1133 1479 1508 1540 sublimiorem
1534 1484 1666 1542 dicit
1688 1485 1831 1543 hunc

219 1562 498 1634 sanguinis
548 1562 901 1637 baptismum,
930 1569 1075 1640 quod
1106 1570 1382 1631 hominem
1426 1577 1732 1646 ministrum
1761 1580 1828 1636 ad

219 1668 370 1724 aqua:
387 1654 727 1727 baptismum
742 1657 1119 1731 adhibeamus,
1136 1665 1188 1719 in
1203 1667 1500 1739 sanguineo
1514 1671 1827 1743 angelorum

221 1749 532 1806 ministerio
582 1752 878 1810 initiemur.
929 1754 998 1812 Ut
1040 1758 1184 1814 enim
1226 1759 1512 1819 invisibilis
1540 1764 1702 1836 plane
1745 1777 1830 1823 est

1940 550 1993 605 in
2019 552 2159 608 caelo
2179 568 2301 612 esse
2333 556 2383 611 in
2411 563 2765 620 conversione
2790 568 3110 636 peccatoris.
3138 568 3289 627 Hanc
3313 586 3541 631 conver-

1939 644 2146 702 sionem
2174 647 2248 704 illi
2272 650 2338 705 ad
2367 651 2691 723 baptismum
2720 673 2947 731 aqueum
2974 662 3200 719 fortasse
3238 665 3540 739 rettulerint,

1939 745 1994 793 et
2018 740 2399 800 exultationem
2450 747 2500 801 in
2546 750 2686 805 coelo
2718 751 2860 806 illam
2898 753 2965 808 de
2988 756 3302 827 angelorum
3333 761 3544 817 exulta-

1939 831 2085 890 tione
2122 834 2506 896 intellexerint.
2554 842 2860 916 Opponitur
2888 848 3032 904 enim
3071 851 3181 906 Deo
3221 852 3418 909 cmlum
3451 854 3539 927 (S.

1937 924 2092 995 Lua,
2112 945 2199 995 xv,
2219 929 2337 1005 21).
2364 934 2432 989 Et
2452 935 2646 992 caelum
2668 954 2787 995 cum
2811 949 2915 1003 τοῖς
2936 950 3233 1001 κατοικοῦσι
3254 924 3541 1019 conjungi-

1939 1029 2024 1112 ξυι-
2049 1022 2314 1096 (Apocal.,
2342 1044 2437 1094 xu,
2472 1030 2584 1104 12),
2626 1032 2766 1103 quod
2789 1044 2936 1091 certe
2955 1035 3022 1092 de
3041 1036 3314 1095 Trin-uno
3330 1039 3440 1095 Deo
3463 1042 3536 1099 ita

1934 1118 2217 1175 commode
2270 1120 2490 1193 intelligi
2544 1128 2749 1198 nequit.
2801 1129 2875 1184 lta
2930 1130 3089 1200 igitur
3144 1131 3310 1189 Deum
3368 1134 3533 1206 hujus

1933 1210 2215 1280 sanguinei
2244 1212 2496 1285 baptismi
2522 1219 2805 1288 prmsidem
2825 1222 3189 1291 crediderunt,
3222 1225 3386 1297 quod,
3411 1242 3536 1283 cum

1934 1306 2250 1378 martyrium
2293 1310 2579 1379 agonibus,
2610 1313 2723 1369 sive
2757 1313 2899 1373 ludis
2924 1315 3312 1383 theatralibus,
3346 1330 3536 1377 contu-

1935 1397 2145 1466 lissent,
2178 1399 2346 1457 Deum
2376 1405 2775 1475 Agouothetam
2808 1407 3060 1479 fecerint,
3081 1421 3136 1467 et
3167 1414 3318 1481 quasi
3342 1429 3541 1471 consu-

1933 1489 2041 1547 lem
2069 1491 2122 1547 in
2145 1491 2433 1550 Orchestra
2467 1508 2849 1569 spectatorem.
2883 1501 3000 1572 lpsa
3030 1504 3321 1574 spectaculi
3351 1520 3483 1563 voce
3511 1523 3543 1563 a

1935 1582 2163 1640 theatris
2204 1584 2490 1659 desumpta
2522 1605 2649 1646 usus
2697 1591 2799 1648 hac
2853 1594 2906 1648 iu
2950 1609 3109 1649 causa
3155 1606 3240 1652 est
3287 1594 3544 1657 Octavius

1935 1678 2147 1753 (Minut.
2182 1680 2299 1737 Fel.
2326 1682 2530 1751 Octav.,
2551 1703 2603 1756 p.
2630 1688 2781 1761 558).
2805 1689 3004 1759 «Quam
3025 1691 3544 1768 pulcltrum(inquit)

1931 1774 2298 1843 spectaculum
2331 1776 2461 1845 Deo,
2494 1793 2614 1835 cum
2660 1781 2988 1838 christianos
3027 1798 3151 1840 cum
3193 1784 3382 1842 dolore
3409 1802 3541 1844 con-

216 1851 521 1946 martyrum
550 1843 642 1953 ille
654 1845 975 1950 baptismus,
1003 1849 1354 1953 saltemquod
1372 1853 1439 1911 ad
1453 1854 1602 1953 illam
1615 1867 1824 1953 partem
1856 1867 1905 1928 B
1930 1866 2191 1939 greditur.
2209 1879 2339 1939 etc.,
2365 1843 2486 1928 ».Et
2502 1884 2684 1932 noster
2697 1874 2998 1949 Cyprianus
3017 1879 3145 1953 (Ep.
3164 1878 3276 1952 LVI)
3298 1900 3311 1934 :
3334 1899 3352 1933 α
3377 1879 3545 1953 Spec-

215 1934 403 1991 attinet
417 1950 545 2007 qua
562 1936 731 1993 Deum
756 1937 931 2009 ipsum
962 1950 1187 2012 spectat,
1218 1944 1291 1999 ita
1315 1955 1463 2003 certe
1496 1948 1822 2006 invisibilem

214 2026 357 2083 illam
383 2028 710 2108 λιπουργίαν
731 2030 798 2085 ad
828 2031 995 2087 Deum
1018 2034 1194 2104 ipsum
1222 2036 1479 2104 diximus,
1516 2054 1613 2110 pro
1635 2044 1828 2113 mysti-

213 2135 286 2178 ωε
325 2120 697 2193 philosophia:
742 2124 1051 2196 principiis,
1105 2126 1271 2185 fuisse
1323 2130 1687 2190 referendam.
1756 2133 1826 2192 Ut

217 2227 392 2274 autem
422 2217 478 2274 in
505 2220 739 2293 mystico
768 2222 1076 2280 sacerdotio
1104 2225 1212 2282 duo
1239 2235 1397 2283 erant
1425 2227 1601 2286 officia
1625 2232 1825 2290 visibili

218 2315 527 2373 sacerdotio
556 2318 882 2374 adamussim
936 2322 1344 2392 respondentia,
1376 2326 1626 2396 superius
1654 2326 1822 2396 aliud,

216 2410 351 2478 quod
380 2410 715 2481 βελτιωτικόν
747 2411 861 2468 sive
888 2414 1201 2472 τελειωτικόν
1232 2417 1592 2488 appellarunt,
1622 2419 1826 2479 Christi

215 2503 579 2574 proculdubio
617 2505 788 2576 ipsius
827 2507 879 2563 in
931 2508 1034 2564 hac
1079 2510 1303 2581 mystica
1359 2513 1649 2595 λειτουργίᾳ
1697 2528 1826 2585 pro-

220 2597 418 2666 prium;
441 2596 670 2654 inferius
688 2598 835 2655 aliud
864 2601 979 2656 sive
998 2602 1327 2679 ὑπηρετικόν,
1353 2604 1496 2675 quod
1512 2605 1826 2677 angelorum

217 2692 375 2749 etiam
407 2692 583 2751 fuisse
612 2696 888 2767 proprium
921 2696 1059 2752 nihil
1086 2707 1170 2754 est
1193 2698 1335 2769 quod
1366 2700 1673 2758 dubitemus
1705 2719 1719 2757 :
1752 2700 1827 2757 ita

216 2794 362 2841 certe
392 2786 655 2857 baptismi
682 2803 879 2844 munus
926 2787 993 2844 ad
1037 2787 1265 2845 inferius
1310 2789 1439 2846 illud
1471 2792 1827 2848 ministerium

215 2880 569 2950 pertinuisse,
591 2881 720 2939 alibi
741 2891 827 2940 est
852 2898 881 2938 a
905 2883 1079 2949 nobis,
1103 2884 1203 2939 nisi
1228 2883 1482 2953 fallimur,
1519 2885 1825 2957 probatum.

216 2968 270 3026 In
286 2984 529 3030 externo
556 2975 700 3030 enim
728 2976 886 3047 aquei
909 2975 1160 3047 baptismi
1192 2992 1416 3034 munere
1442 2976 1714 3035 inferioris
1733 2995 1826 3050 ge-

217 3064 356 3119 neris
411 3064 683 3122 ministris
736 3068 817 3121 usi
868 3075 997 3122 sunt
1030 3076 1092 3124 ut
1123 3069 1411 3139 plurimum
1462 3071 1712 3142 apostoli.
1756 3071 1828 3129 Ut

218 3157 449 3228 proinde
476 3158 622 3215 idem
641 3159 800 3216 sitde
833 3160 1085 3217 invisibili
1109 3177 1324 3233 quoque
1359 3163 1452 3220 illo
1488 3169 1824 3237 mysticoque

1932 1972 2010 2020 tat
2050 1965 2274 2023 militem
2317 1984 2475 2026 suum
2508 1972 2755 2029 Christus
2799 1975 2996 2048 ubique
3046 1987 3396 2048 pugnantem.
3431 2000 3450 2034 ι
3478 1978 3546 2037 Et

1936 2067 2123 2128 postea
2160 2076 2174 2115 :
2214 2079 2233 2112 ι
2266 2060 2407 2118 Ecce
2431 2078 2574 2134 agon
2603 2066 2850 2124 sublimis
2878 2077 2933 2124 et
2964 2085 3208 2141 magnus,
3239 2080 3295 2128 et
3319 2088 3540 2131 coronae

1932 2150 2170 2210 coelestis
2206 2158 2429 2223 prtemio
2458 2159 2752 2231 gloriosus,
2798 2171 2855 2218 ut
2884 2174 3092 2235 spectet
3134 2182 3237 2222 nos
3266 2177 3541 2226 certantes

1935 2243 2098 2301 Deus.
2125 2246 2445 2306 Praeliautes
2470 2267 2571 2310 nos
2592 2262 2647 2308 et
2670 2253 2793 2312 ﬁdei
2824 2259 3210 2329 congressione
3241 2270 3547 2334 pugnantes

1932 2349 2144 2410 spectat
2185 2342 2345 2411 Deus,
2376 2355 2623 2415 spectant
2651 2349 2827 2420 angeli
2874 2352 2993 2421 ejus
3013 2395 3029 2421 ,
3054 2363 3268 2425 spectat
3294 2365 3345 2412 et
3374 2356 3535 2413 Chri-

1934 2440 2102 2486 stusa
2136 2432 2204 2488 Et
2223 2435 2348 2491 alibi
2374 2435 2502 2510 (Ep.
2533 2436 2654 2511 1x):
2693 2440 2769 2496 «0
2792 2442 2947 2513 quale
2975 2444 3105 2500 illud
3134 2444 3233 2499 fuit
3259 2456 3541 2519 spectacu-

1933 2525 2047 2580 lum
2081 2526 2341 2595 Domino,
2375 2546 2534 2601 quam
2584 2533 2834 2601 sublime,
2867 2552 3027 2607 quam
3077 2554 3350 2610 magnum,
3383 2557 3545 2612 quam

1935 2620 2031 2677 Dei
2059 2622 2229 2678 oculis
2244 2633 2589 2681 sacramento
2605 2642 2669 2684 ac
2690 2627 2981 2687 devotione
3000 2631 3185 2687 militis
3203 2633 3321 2704 ejus
3338 2648 3539 2706 accep-

1936 2721 2087 2781 tum,
2117 2721 2223 2770 etc.
2263 2732 2283 2768 ›
2314 2714 2425 2773 Nec
2455 2718 2651 2774 mirum
2680 2719 2782 2777 hac
2809 2714 2998 2780 eadem
3034 2725 3384 2783 similitudine
3414 2742 3544 2784 usos

1935 2822 2059 2865 esse
2092 2810 2251 2866 toties
2278 2810 2609 2869 christianos
2630 2857 2645 2883 ,
2679 2831 2839 2887 quam
2866 2827 2917 2873 et
2948 2818 3117 2889 ipsam
3166 2819 3413 2876 eamdem
3442 2820 3543 2877 ad-

1934 2897 2228 2958 hibuerant
2263 2903 2365 2974 ipsi
2394 2904 2555 2960 etiam
2590 2907 2917 2979 philosophi,
2945 2909 3149 2966 Seneca
3201 2911 3442 2984 (Senec.,
3482 2912 3546 2969 de

1934 2988 2118 3059 Prov.,
2132 2993 2241 3065 αὖ)
2260 3002 2313 3048 et
2328 2994 2803 3070 Epictetus(Epist.
2823 3000 2911 3056 ad.
2933 3002 3191 3076 Arrium).
3209 3003 3546 3077 Quamquam

1933 3083 2095 3142 etiam
2121 3086 2282 3142 altius
2310 3090 2592 3160 repetitam
2616 3091 2779 3148 fuisse
2809 3095 3108 3151 verisimile
3136 3108 3237 3167 est,
3266 3113 3296 3152 a
3325 3097 3548 3156 visioni-

1932 3177 2034 3234 bus
2071 3179 2326 3236 nimirum
2369 3182 2479 3238 illis
2503 3183 2700 3254 quibus
2727 3185 2871 3242 Deus
2902 3202 3142 3257 praesens
3174 3190 3544 3248 laborantibus

215 3250 492 3324 baptismo
520 3253 888 3361 statuendum,
922 3261 979 3310 ut
1002 3255 1254 3310 exteriori
1275 3255 1543 3361 baptisptp
1574 3257 1826 3314 adamus-
1852 3271 1898 3335 Ο
1931 3283 2275 3344 apparuerat.
2309 3275 2384 3330 ita
2423 3277 2479 3333 S.
2513 3250 2787 3349 Stephano
2813 3250 3059 3337 Christus
3093 3283 3253 3355 (Ach,
3290 3302 3359 3341 vu
3381 3328 3394 3351 ,
3426 3285 3544 3361 55).

216 3345 315 3401 sim
365 3345 725 3417 respondeat,
757 3346 845 3402 hic
885 3363 1101 3419 quoque
1132 3350 1399 3422 ὑπηρετῶν
1448 3348 1612 3406 fuisse
1643 3365 1823 3419 usum,

216 3441 305 3513 qui
332 3456 450 3498 non
468 3442 559 3497 alii
578 3457 700 3498 esse
714 3445 1003 3514 potuerint,
1032 3461 1129 3516 pro
1146 3455 1390 3501 veterum
1411 3446 1627 3503 illorum
1644 3458 1825 3520 captu,

219 3550 379 3606 quam
440 3535 645 3607 angeli.
700 3536 906 3593 Divinze
953 3539 1096 3593 enim
1148 3540 1453 3611 prmsentiae
1520 3541 1826 3613 symbolum

216 3628 606 3697 (Sebecbinam
634 3631 906 3703 appellant
932 3632 1130 3706 Judaei)
1158 3634 1362 3706 angelis
1391 3635 1632 3692 tribuunt
1658 3638 1829 3709 scrip-

220 3732 363 3781 tores
401 3733 626 3781 veteres
677 3734 785 3781 tam
836 3725 1030 3795 Judmi,
1064 3742 1221 3799 quam
1252 3727 1632 3794 ecclesiastici,
1664 3744 1827 3800 quam

219 3820 354 3876 sacri
386 3828 449 3876 et
474 3819 750 3887 canonici;
783 3831 837 3875 et
864 3836 1025 3893 quam
1054 3821 1165 3877 Deo
1188 3822 1829 3894 tribuuntnonnunquam

219 3914 649 3985 appar-itionem,
692 3914 938 3971 eamdem
969 3916 1095 3971 alibi
1123 3916 1329 3989 angelis
1355 3918 1649 3987 assignant.
1687 3919 1829 3977 Deus

220 4009 271 4065 in
294 4010 443 4066 rubo
471 4008 643 4084 Moysi
672 4010 989 4081 apparuisse
1015 4011 1234 4083 legitur,
1267 4027 1431 4083 quem
1461 4022 1641 4068 tamen
1673 4029 1828 4086 ange-

220 4101 326 4161 lum
374 4106 625 4177 appellat
653 4105 711 4162 S.
748 4105 1059 4176 Stephanus
1089 4108 1254 4179 (Αστιη
1298 4122 1394 4170 vu,
1436 4106 1553 4178 55).
1588 4107 1732 4162 Deus
1773 4106 1828 4162 in

218 4210 400 4258 monte
437 4200 588 4258 Sinai
617 4201 932 4272 decalogum
963 4201 1159 4264 edidit,
1188 4216 1346 4272 quam
1372 4208 1547 4256 tamen
1580 4201 1827 4257 eamdem

218 4292 389 4367 legem
422 4295 496 4350 ab
521 4294 730 4365 angelis
764 4294 960 4349 editam
993 4294 1069 4348 ait
1099 4292 1386 4364 Apostolus
1414 4290 1624 4366 (Hahn,
1658 4309 1718 4361 u,
1747 4291 1824 4364 2).

220 4385 286 4443 Et
312 4403 454 4445 vero
480 4387 533 4443 in
566 4387 668 4442 hoc
697 4387 998 4444 caelestium
1030 4381 1410 4459 mysteriorum
1439 4387 1690 4443 universo
1722 4401 1820 4443 ne-

218 4484 405 4555 gotio,
447 4482 595 4554 quod
641 4491 932 4553 praestatur
962 4484 1014 4538 in
1042 4481 1272 4536 visibilis
1300 4480 1681 4538 ecclesiasticae
1710 4480 1826 4538 hie-

220 4576 453 4634 rarchim
493 4575 791 4648 mysteriis,
825 4574 1059 4631 officium
1105 4573 1173 4630 ab
1227 4573 1514 4631 ordinariis
1570 4574 1828 4631 Ecclesiae

1933 3365 2002 3421 Et
2030 3365 2084 3421 in
2129 3368 2429 3424 certamine
2462 3369 2744 3442 Polycarpi
2794 3388 2981 3428 vocem
3029 3375 3245 3431 cmiitus
3286 3378 3543 3433 emissam

1933 3467 2239 3515 memorant
2257 3459 2637 3532 Stnyrnenses,
2662 3462 2821 3538 ἴσχυε
2852 3468 3171 3546 Πολύκαρπε,
3196 3474 3283 3527 καὶ
3304 3470 3542 3550 ἀνδρίζου

1934 3549 2063 3623 (Ep.
2095 3551 2164 3605 ad
2192 3549 2421 3608 Philam.
2459 3570 2550 3623 ap.
2594 3554 2809 3621 Euaeb.,
2842 3556 2978 3615 Hist.
3013 3560 3160 3628 eccl.,
3208 3578 3283 3627 tv,
3478 3562 3546 3620 Et

1933 3643 2130 3700 merito
2154 3658 2286 3700 sane
2304 3644 2383 3701 illi
2416 3644 2507 3701 Dei
2526 3645 2665 3704 hanc
2689 3647 2918 3706 faventis
2945 3652 3294 3721 prmséntiam
3318 3655 3545 3710 maximi

1935 3735 2158 3792 honoris
2187 3736 2310 3793 loco
2336 3737 2628 3795 duxerunt.
2657 3739 2716 3795 In
2757 3757 2822 3797 eo
2850 3752 3030 3797 autem
3062 3743 3397 3814 praetulerint
3423 3743 3540 3800 for-

1933 3840 2080 3888 tasse
2105 3828 2387 3903 sanguinei
2410 3832 2569 3904 hujus
2590 3835 2844 3906 baptismi
2866 3846 3204 3908 apparatum,
3222 3837 3385 3909 quod,
3417 3854 3541 3895 cum

1934 3925 1988 3981 in
2030 3926 2170 3982 caelo
2198 3926 2450 3997 gaudium
2496 3943 2618 3985 esse
2648 3940 2953 3986 memorant
3006 3945 3175 3986 sacra:
3216 3930 3437 3986 Litterae
3486 3931 3540 3988 in

1934 4021 2293 4076 conversione
2339 4023 2641 4093 peccaturis
2673 4023 2692 4098 (
2721 4039 2896 4095 aqueo
2946 4024 3201 4079 nimirum
3270 4025 3541 4096 baptismo

1935 4112 2181 4187 expiati),
2214 4112 2337 4169 θα)Ιί
2363 4116 2582 4170 nomine
2603 4117 2857 4172 coelestes
2884 4126 3181 4182 creaturas,
3211 4119 3432 4190 angelos
3460 4117 3544 4173 ni-

1933 4205 2152 4273 mirum,
2183 4206 2576 4274 intellexerint;
2610 4208 2697 4265 hic
2735 4209 2902 4265 Deum
2924 4210 3100 4282 ipsum
3136 4210 3362 4285 ejusque
3387 4210 3543 4271 (111τί-

1933 4309 2076 4356 stum
2108 4301 2425 4372 plaudentes
2444 4302 2867 4361 introduxerint.
3034 4344 3035 4347 η
3056 4320 3071 4347 ~‘

2009 4393 2304 4468 §7.—Non
2325 4411 2413 4452 me
2429 4396 2558 4454 latet
2583 4398 2915 4470 antiquitatis
2939 4408 3345 4474 contemptores
3374 4419 3538 4476 quam

1932 4486 2010 4542 illi
2053 4486 2171 4544 hmo
2198 4497 2442 4547 veterum
2472 4491 2893 4550 christianorum
2924 4496 3207 4553 ratiocinia
3241 4498 3389 4554 nullo
3431 4501 3543 4555 sint

1933 4578 1986 4634 in
2032 4578 2157 4635 loco
2188 4578 2445 4637 habituri.
2478 4580 2633 4651 Quod
2679 4586 3000 4659 martyrium
3031 4587 3286 4661 baptismi
3318 4588 3544 4648 secundi

220 4669 510 4739 ministris,
548 4677 657 4724 tam
704 4670 1026 4742 βελτιωτικὸν
1075 4665 1240 4733 illud,
1289 4666 1435 4738 quod
1482 4667 1615 4736 dixi,
1664 4671 2090 4740 quathitulo
2140 4673 2509 4745 insignierint;
2564 4691 2668 4734 nec
2714 4678 2859 4735 nudo
2903 4679 3182 4738 dumtaxat
3225 4681 3401 4751 titulo,
3443 4683 3541 4740 sed

222 4762 385 4820 etiam
410 4764 737 4842 ,ὑπηρετικὸν
760 4762 902 4817 idem
925 4761 1131 4832 angelis
1162 4759 1401 4817 officium
1430 4762 1669 4833 assignat
1706 4762 1827 4819 Cle-

222 4872 377 4913 mens
429 4854 834 4913 Alexandrinus
878 4873 893 4910 :
949 4858 1146 4918 ταύτας
1194 4856 1368 4926 inquit
1405 4854 1602 4930 (Clem.
1650 4854 1824 4925 Alea,

222 4950 563 5021 Stram.,vn,
579 4951 743 5023 inil.),
763 4950 912 5026 ἄμφω
936 4954 1030 5015 τὰς
1052 4950 1308 5014 διακονίας
1339 4948 1538 5026 ἄγγελοι
1563 4973 1616 5009 τε
1642 4954 1829 5030 ὑπηρε-

222 5053 437 5105 τοῦνται
462 5042 538 5122 ’ἑῷ
574 5049 670 5122 θεῷ
697 5048 832 5102 κατά
869 5050 959 5105 τὴν
998 5053 1096 5101 τῶν
1126 5047 1388 5120 περιγείων
1409 5046 1713 5118 οἰκονομίαν,
1743 5047 1830 5101 καὶ

224 5142 384 5203 arti-ro;
404 5140 436 5197 ὁ
451 5142 759 5216 γνωστικὸς,
782 5149 886 5196 etc.
917 5136 1029 5195 Sed
1053 5137 1336 5193 redeamus
1356 5136 1423 5193 ad
1453 5144 1699 5200 nostrum
1724 5136 1830 5209 Cy-

224 5236 504 5307 primum.

300 5328 875 5403 §6.—--ldemdenique
905 5328 1358 5404 additmysticum
1388 5330 1531 5387 hunc
1556 5329 1832 5403 Sanguinis

226 5422 560 5497 baptismum
593 5426 647 5482 in
674 5423 883 5481 honore
913 5438 1035 5481 esse
1062 5425 1462 5496 pretiosiorem.
1485 5423 1615 5496 Quae
1665 5423 1831 5479 verba

226 5516 299 5576 ad
321 5518 418 5577 illa
460 5518 690 5577 fortasse
718 5518 1000 5577 referenda
1039 5530 1185 5588 sunt,
1218 5520 1361 5592 quod
1407 5536 1528 5576 cum
1566 5520 1618 5575 in
1659 5533 1833 5591 aqueo

229 5612 506 5687 baptismo
525 5616 668 5671 servi
689 5615 966 5671 dumtaxat
982 5615 1394 5684 conscribimur,
1425 5615 1513 5672 hic
1540 5617 1590 5671 in
1613 5613 1831 5685 sangui-

232 5718 343 5765 nec
359 5705 627 5781 baptismo
644 5707 940 5764 amicorum
959 5708 1117 5765 titulo
1139 5708 1296 5780 longe
1320 5708 1649 5765 honeratiori
1671 5723 1832 5765 exor-

237 5818 456 5861 nentur.
489 5802 654 5862 Forte
678 5804 841 5861 etiam
866 5804 937 5860 ad
960 5813 1239 5862 externam
1267 5805 1433 5860 divini
1471 5804 1629 5877 hujus
1648 5804 1835 5876 agonis

233 5912 495 5973 pompam
523 5910 684 5973 atque
711 5908 1057 5975 apparatum,
1091 5899 1234 5974 quod
1275 5914 1471 5972 nempe
1511 5900 1564 5959 in
1601 5913 1669 5957 eo
1695 5900 1836 5957 Deus

1931 4775 2193 4837 praeterea
2212 4768 2393 4823 omnia
2414 4768 2610 4840 prioris
2626 4770 2874 4842 baptismi
2893 4771 3154 4830 beneficia
3183 4776 3360 4832 eidem
3382 4777 3540 4833 attri-

1932 4858 2177 4927 bueriut;
2209 4876 2311 4917 nec
2338 4876 2405 4917 eo
2433 4861 2551 4933 ipso
2597 4864 2870 4930 contenti,
2903 4867 3246 4937 superiorem
3277 4867 3438 4924 etiam
3471 4884 3538 4926 eo

1934 4954 2052 5026 ipso
2073 4954 2341 5025 baptismo
2368 4954 2595 5012 fecerint
2619 4957 2758 5028 quia
2774 4958 2884 5015 Deo
2909 4957 3085 5015 fuerat
3108 4960 3415 5017 institutus:
3440 4976 3540 5033 pro

1935 5050 2092 5107 nudis
2120 5049 2195 5106 illi
2215 5049 2570 5122 proculdubio
2593 5051 2826 5109 habituri
2849 5064 2974 5110 sunt
2999 5064 3297 5129 martyrum
3333 5056 3538 5113 deliriis

1937 5150 2099 5215 atque
2147 5143 2487 5202 commentis.
2518 5143 2949 5217 lndignabuutur
2998 5162 3186 5220 porro,
3222 5164 3323 5206 nec
3362 5148 3539 5204 feren-

1935 5235 2060 5293 dam
2083 5236 2360 5294 audaciam
2384 5253 2507 5296 esse
2529 5237 2901 5311 clamitabunt,
2925 5250 3132 5298 tantum
3161 5242 3283 5298 illos
3305 5240 3539 5298 inventis

1936 5330 2049 5387 suis
2076 5331 2312 5387 tribuere
2343 5340 2399 5387 ut
2424 5333 2852 5389 commentitium
2890 5351 3044 5391 suum
3062 5334 3386 5408 baptismum
3407 5335 3538 5406 bap-

1935 5423 2100 5481 tismo
2122 5438 2154 5479 a
2182 5424 2398 5481 Christo
2415 5424 2661 5482 instituto
2678 5425 2762 5483 vel
2784 5426 3035 5484 conferre
3057 5427 3307 5496 audeant,
3339 5427 3539 5484 nedum

1935 5514 2226 5574 anteferre.
2275 5519 2594 5587 Quaeramus
2639 5519 2799 5592 igitur
2844 5520 3140 5589 meritone,
3173 5534 3240 5575 an
3273 5534 3454 5591 secus,
3483 5521 3538 5578 in

1936 5627 2000 5670 ea
2052 5621 2264 5670 veteres
2325 5611 2524 5671 fuerint
2572 5616 2879 5672 sententia?
2928 5616 3079 5687 Rogo
3120 5615 3336 5673 interim
3375 5627 3539 5690 atque

1936 5709 2187 5777 obsecro,
2218 5715 2279 5765 ut
2311 5709 2575 5782 tantisper
2615 5719 2880 5782 seponam
2925 5709 3149 5768 ali‘ectus
3190 5711 3321 5769 dum
3366 5714 3537 5770 ratio-

1940 5814 2063 5858 nem
2088 5800 2367 5859 reddimus
2394 5816 2494 5859 cur
2518 5803 2591 5858 ita
2635 5802 2907 5861 senserint
2938 5803 3183 5877 primaevi
3233 5805 3533 5864 christiani.

1940 5891 2018 5951 Ita
2049 5890 2141 5951 fiet
2166 5903 2223 5951 ut
2246 5903 2302 5952 et
2326 5893 2482 5952 nobis
2511 5895 2778 5965 aequiores
2805 5895 2936 5968 sint,
2966 5906 3020 5955 et
3043 5898 3144 5957 sibi
3175 5899 3307 5973 ipsis
3333 5900 3535 5971 optime
