3994 6318
279 286 350 341 57
1271 276 1359 333 DE
1399 275 1722 336 SECUNDO
1762 275 2157 340 MARTYRUM
2199 271 2561 332 BAPTISMO.
3524 275 3590 333 {i8

276 403 481 476 aliquid
527 403 728 474 opponi
768 402 821 459 in
865 399 1194 458 contrarium
1226 407 1405 470 potest
1426 398 1494 455 de
1533 399 1692 470 hujus
1717 413 1879 471 argu-
1909 400 1961 460 Α
2059 397 2086 468 §
2141 396 2227 453 Η.
2249 424 2318 435 ——
2339 389 2744 450 Observandum
2775 390 2955 460 itaque
3005 389 3267 459 secundo,
3301 390 3355 448 id
3382 406 3597 468 quoque

274 495 630 553 mentationis
673 492 1098 561 incertitudine,
1146 491 1290 562 quod
1356 505 1464 546 non
1522 490 1594 546 sit
1643 490 1883 546 omnium

272 593 389 650 fere
442 590 848 663 prophetiarutn
895 588 1342 658 oraculorumque
1382 599 1668 641 commune
1703 585 1771 642 ab
1806 585 1885 657 ip-

272 687 353 743 sis
379 701 556 758 usque
604 694 954 756 utrorumque
982 683 1242 739 exordiis.

353 778 381 851 ξ
409 778 500 835 10.
525 808 598 819 -
620 775 748 834 iizec
770 777 949 849 itaque
979 778 1158 832 omnia
1196 775 1526 832 validissime
1556 774 1882 847 procedent,

272 872 321 928 si
361 872 554 942 quinto
584 870 637 926 id
669 884 886 941 quoque
915 877 1269 941 supponatur,
1303 883 1393 924 res
1425 869 1495 923 ita
1525 885 1553 923 a
1610 866 1886 940 prOpheti-

271 965 354 1021 cis
399 966 546 1038 typis
603 971 1023 1034 repraesentatas
1078 960 1144 1017 ad
1211 973 1525 1033 perpetuum
1604 961 1886 1016 attinuisse

272 1055 537 1112 Ecclesia:
570 1070 744 1110 usum.
785 1054 914 1124 Qua:
945 1054 1088 1110 enim
1132 1054 1200 1108 ita
1229 1062 1488 1125 perpetua
1520 1052 1694 1108 futura
1721 1061 1880 1120 sunt,

271 1161 364 1203 θει-
395 1147 507 1202 Deo
558 1161 705 1202 cura:
761 1161 882 1202 esse
941 1145 1302 1201 certissimum
1353 1155 1466 1212 est,
1518 1160 1579 1200 ea
1651 1145 1885 1200 maxime

270 1244 585 1302 necessaria
628 1253 686 1298 ut
714 1253 866 1299 certo
895 1243 1074 1314 aliquo
1103 1241 1321 1298 decreto
1373 1240 1772 1305 stabilirentur;
1820 1255 1883 1296 ea

270 1337 337 1393 ad
367 1336 694 1409 primarium
737 1335 831 1391 Dei
861 1335 914 1391 in
949 1335 1278 1407 propheticis
1309 1333 1570 1407 symbolis
1595 1333 1881 1390 consilium

273 1430 604 1502 pertinuisse
652 1428 923 1486 censenda
968 1437 1115 1485 sunt.
1163 1427 1223 1483 ln
1268 1427 1353 1484 his
1397 1428 1578 1500 itaque
1603 1443 1726 1483 eum
1753 1427 1883 1499 quid

269 1525 684 1582 accuratissime
723 1523 988 1595 quadrat,
1021 1537 1128 1579 non
1180 1522 1404 1580 fortuito
1453 1522 1506 1578 id
1552 1523 1739 1589 casui,
1786 1521 1881 1578 sed

267 1619 585 1675 certissimo
638 1618 1006 1674 Providentia:
1059 1616 1290 1673 consilio
1369 1616 1714 1674 tribuendum
1774 1625 1878 1674 est.

267 1707 398 1766 Cum
471 1726 607 1783 ergo
653 1726 772 1782 quas
807 1709 877 1766 de
951 1710 1164 1766 Domini
1230 1710 1461 1767 adventu
1511 1710 1743 1782 legimus
1783 1726 1882 1782 per

1991 491 2174 562 negari
2207 504 2314 544 non
2349 500 2530 559 posse,
2580 483 2892 557 passionem
2922 497 3073 539 suam
3124 483 3451 556 baptismum
3497 503 3598 560 ap-

1991 584 2221 656 pellasse
2269 582 2608 638 Salvatorem
2663 597 2676 634 :
2730 588 2784 633 et
2835 578 2978 649 qttod
3033 579 3265 649 aposmli
3325 597 3425 652 pro
3479 585 3598 656 ejus

1989 677 2206 733 nomine
2239 676 2445 748 passuri
2470 683 2674 739 essent,
2701 672 3035 728 tantumdem
3065 673 3205 745 apud
3239 673 3387 731 illum
3414 676 3600 735 valere

1988 786 2052 828 ac
2079 769 2341 844 baptizari
2389 784 2455 826 eo
2486 768 2756 837 baptismo
2797 782 2904 838 quo
2936 774 3081 822 esset
3131 767 3247 839 ipse
3296 768 3599 840 baptizatus

1987 864 2076 936 (S.
2118 847 2328 931 itania,
2361 879 2462 928 xx,
2492 861 2608 934 2‘2).
2639 861 2716 916 Ita
2747 861 2889 915 enim
2920 860 2972 915 in
3003 875 3181 932 graeco
3207 860 3470 920 habemus
3493 906 3510 933 ,
3544 875 3599 923 et

1989 962 2040 1017 in
2089 962 2210 1016 aliis
2256 959 2641 1016 vetustissimis
2691 956 3053 1023 versiouibus,
3087 956 3285 1013 desunt
3315 970 3491 1016 tamen
3533 976 3596 1018 ea

1988 1057 2152 1113 verba
2210 1058 2261 1111 in
2317 1055 2484 1111 latino
2537 1055 2834 1124 interprete
2886 1052 3124 1123 vulgato,
3179 1051 3598 1125 suifragantibus

1987 1151 2148 1208 etiam
2181 1151 2385 1206 Hilario
2417 1149 2704 1205 Ambrosio
2758 1146 2986 1219 (Hilar.,
3020 1163 3139 1202 can.
3171 1148 3241 1205 50
3267 1148 3322 1202 in
3347 1147 3595 1223 Matth),

1988 1245 2319 1317 Hieronymo
2358 1241 2629 1316 (Hieron.,
2665 1241 2755 1295 lib.
2789 1257 2866 1296 ιιι.
2902 1240 3096 1296 Comm.
3155 1240 3206 1294 in
3240 1239 3430 1296 Matth.
3464 1242 3597 1313 xx),

1988 1339 2238 1411 ipsoque,
2268 1337 2524 1410 quiequid
2553 1336 2742 1392 innuat
2769 1335 2824 1390 in
2853 1333 3186 1390 contrarium
3206 1333 3447 1400 Grotius,
3474 1335 3594 1390 Ori-

1985 1448 2121 1503 gene
2143 1432 2342 1504 (Urig.,
2359 1431 2413 1485 in
2433 1430 2650 1497 Mattio,
2669 1439 2789 1484 tam.
2811 1444 2918 1492 xvt,
2934 1426 3131 1500 p.415,
3156 1426 3255 1482 Ed.
3276 1425 3594 1500 Huetianae).

1985 1508 2252 1580 Convenit
2317 1531 2496 1578 tamen
2557 1537 2680 1578 cum
2732 1521 2924 1590 grtrcis
2973 1517 3249 1574 codicibus
3297 1520 3600 1576 vetustissi-

1986 1631 2104 1672 mus
2133 1617 2402 1687 interpres
2435 1615 2629 1687 Syrus,
2663 1624 2712 1671 et
2745 1625 2803 1670 ut
2833 1614 2919 1669 hic
2945 1610 3298 1684 expungenda
3325 1627 3448 1669 esse
3466 1612 3599 1669 fate-

1986 1725 2210 1778 remur,
2261 1709 2392 1780 quin
2439 1717 2620 1764 tamen
2675 1707 2814 1780 apud
2857 1706 2915 1762 S.
2952 1707 3188 1761 Marcum
3240 1703 3465 1776 legenda
3489 1705 3599 1763 sint

263 1815 462 1874 aquam
519 1813 577 1857 et
603 1801 941 1874 sanguinem,
973 1802 1041 1858 de
1071 1817 1207 1874 aqua
1239 1803 1403 1859 etiam
1455 1812 1510 1860 et
1536 1802 1798 1875 sanguine
1848 1818 1870 1858 c

1984 1806 2126 1878 (cap.
2159 1822 2211 1873 ιι,
2243 1807 2334 1874 58,
2365 1805 2478 1876 59),
2532 1819 2694 1860 nemo
2737 1813 2822 1859 est
2870 1803 2962 1875 qui
2989 1805 3219 1872 dubitet,
3274 1812 3331 1860 ιιι
3371 1800 3597 1876 proinde

264 1892 456 1950 lateris
499 1894 730 1950 vulnere
763 1894 1152 1965 profluentibus
1179 1937 1194 1958 ,
1250 1911 1347 1966 pro
1389 1895 1518 1968 styli
1573 1895 1876 1968 prophetici

263 1985 548 2054 idiomate,
597 1987 965 2060 symbolorum
1015 1986 1187 2043 vicem
1240 1988 1606 2054 obtinuerint;
1635 2003 1756 2043 cum
1813 2003 1878 2044 ea

264 2080 316 2135 in
371 2080 672 2153 utrumipie
727 2081 870 2137 hunc
909 2082 1172 2139 Ecclesiae
1225 2083 1551 2154 baptismum
1599 2082 1878 2152 aptissime

261 2175 639 2240 conveniant;
688 2188 812 2228 eum
869 2173 1004 2229 nihil
1061 2176 1130 2231 sit
1177 2175 1321 2246 qttod
1386 2175 1696 2230 dubitemus
1747 2177 1876 2247 quin

261 2273 565 2337 perpetuus
612 2275 842 2338 uterque
880 2266 1086 2322 iuturus
1132 2267 1238 2323 sit:
1292 2268 1448 2339 plane
1480 2269 1750 2340 sequitur,
1804 2270 1877 2325 ita

261 2371 382 2414 esse
427 2358 723 2415 Dominum
767 2360 1205 2418 commodissime
1253 2362 1681 2434 intelligendum.
1730 2363 1875 2422 Prat-

255 2451 455 2507 sertim
496 2464 654 2508 sexto
682 2453 727 2508 si
768 2452 820 2508 id
851 2469 1065 2526 quoque
1092 2455 1430 2523 observetur,
1481 2457 1533 2510 ni
1585 2456 1690 2511 huc
1719 2465 1876 2528 typos

259 2544 484 2602 Domini
513 2545 824 2603 referamus
853 2557 908 2603 ut
942 2551 1364 2619 praeuuntiarent
1391 2565 1551 2621 quem
1584 2551 1675 2606 ille
1705 2551 1879 2607 voluit

258 2635 528 2696 Ecclesia:
580 2650 780 2696 statum
831 2651 994 2714 atque
1032 2644 1513 2713 constitutionem,
1547 2645 1682 2700 nihil
1729 2656 1878 2703 certe

254 2748 378 2790 esse
409 2749 525 2806 quo
556 2734 776 2792 aliunde
799 2746 1013 2793 constet
1057 2737 1316 2794 Ecclesia:
1343 2737 1685 2809 disciplinam
1713 2740 1782 2796 ab
1810 2755 1877 2797 eo

257 2844 384 2886 esse
412 2831 796 2888 constitutam.
840 2831 952 2889 Nec
1004 2833 1148 2889 enim
1200 2833 1269 2890 de
1319 2849 1382 2890 ea
1427 2835 1644 2891 disertis
1697 2835 1878 2893 verbis

259 2935 288 2976 a
337 2921 582 2978 Domino
627 2923 826 2980 alicubi
872 2934 1091 2981 cautum
1137 2926 1388 2998 legimus.
1421 2927 1559 2996 Quid
1588 2928 1732 2999 quod
1764 2927 1879 2984 lucc

258 3029 352 3086 per
373 3015 632 3087 symbola
658 3017 905 3073 tradendi
931 3018 1216 3075 methodus
1235 3020 1306 3075 ita
1332 3029 1415 3076 est
1442 3037 1471 3075 a
1499 3021 1728 3077 Domino
1747 3037 1874 3093 pro-

258 3105 403 3174 hate,
432 3119 495 3164 ut
525 3109 857 3166 multitudini
884 3113 1088 3180 omnia,
1119 3113 1398 3183 discipulis
1427 3114 1588 3170 etiam
1619 3115 1877 3186 pleraque

1983 1899 2118 1954 nihil
2175 1899 2246 1953 sit
2283 1899 2426 1970 quod
2473 1898 2541 1953 de
2571 1906 2888 1967 argumento
2920 1906 3246 1953 metuamus.
3279 1895 3387 1954 Sed
3434 1895 3595 1951 aliam

1983 1992 2070 2048 hic
2110 1991 2556 2063 signiﬁcationem
2589 1991 2748 2062 hujus
2795 1991 2944 2045 vocis
2985 1991 3292 2061 intelligent
3337 1989 3594 2046 adversa-

1981 2088 2045 2142 rii
2086 2101 2245 2158 quam
2292 2101 2396 2158 qua
2428 2087 2629 2140 utimur
2652 2099 2773 2140 eum
2806 2084 2874 2139 de
2918 2091 3260 2139 sacramento
3302 2081 3592 2153 loquimur.

1981 2179 2281 2236 Ostendant
2353 2181 2516 2250 igitur
2591 2179 2753 2234 aliam
2814 2179 2866 2232 in
2925 2176 3065 2232 illius
3124 2176 3222 2232 aevi
3281 2173 3594 2230 auctoribus

1982 2290 2142 2347 quam
2225 2289 2346 2345 qum
2417 2273 2483 2328 atl
2558 2273 2926 2344 expiationem
3001 2271 3594 2342 sanctiﬁcationemque

1985 2369 2238 2441 pertinet.
2288 2367 2368 2424 Eo
2417 2376 2567 2423 certe
2619 2367 2957 2438 spectabant,
2993 2367 3083 2439 qui
3114 2377 3225 2422 tum
3278 2363 3594 2422 obtinebant

1985 2464 2257 2536 baptismi,
2313 2471 2371 2517 ιιι
2417 2464 2630 2535 opinor,
2687 2478 2898 2530 omnes,
2942 2477 3049 2517 non
3098 2461 3376 2518 hominum
3430 2458 3593 2516 modo

1982 2558 2245 2630 quibusin
2268 2557 2655 2629 phariszeorum
2679 2557 3006 2614 autJoannis
3033 2557 3371 2626 disciplinam
3395 2554 3592 2610 adscri-

1985 2655 2262 2719 berentur,
2310 2654 2407 2711 sed
2449 2662 2505 2710 et
2548 2669 2802 2710 vasorum
2849 2668 3066 2724 quoque
3099 2653 3174 2708 illi
3205 2666 3588 2724 sacrorumque

1985 2751 2309 2806 utensilium.
2353 2749 2579 2817 Quando
2626 2750 2787 2820 igitur
2838 2760 2977 2804 noue
3029 2746 3440 2819 signiﬁcationis
3492 2760 3588 2801 vo-

1983 2859 2100 2900 cem
2135 2844 2392 2900 Dominus
2431 2843 2618 2899 tribuit
2646 2843 2931 2913 martyrio,
2969 2841 3019 2896 id
3043 2841 3196 2896 illum
3223 2839 3462 2896 voluisse
3489 2854 3586 2895 ne-

1983 2955 2136 2996 cesse
2159 2948 2262 3007 est,
2295 2939 2433 2994 idem
2463 2938 2581 2993 fore
2610 2953 2638 2991 a
2673 2937 2956 3009 martyrio.
2988 2936 3131 3007 quod
3161 2950 3188 2988 a
3215 2934 3497 3005 haptismis
3523 2933 3587 2988 il-

1983 3033 2051 3088 lis
2081 3031 2497 3102 expectandum,
2523 3040 2579 3086 ut
2600 3031 2855 3086 nimirum
2885 3038 2993 3083 tam
3013 3028 3274 3100 sanguine
3300 3043 3329 3082 a
3347 3029 3461 3083 suis
3484 3029 3588 3082 int-

1983 3125 2307 3196 puritatibus
2320 3139 2480 3197 quam
2495 3139 2654 3196 aqua,
2671 3133 3026 3195 purgarenlur
3041 3131 3202 3192 atque
3213 3123 3582 3192 expiarentur.

259 3216 352 3271 ρετ
371 3201 626 3274 εῐωδοίθ
651 3203 964 3270 tradiderit;
995 3205 1307 3277 etquidem,
1335 3222 1431 3278 pro
1459 3217 1704 3263 veterum
1727 3207 1794 3264 de
1815 3223 1876 3266 se
1902 3208 1948 3271 C
1981 3216 2136 3286 Quod
2164 3219 2209 3273 si
2241 3218 2424 3273 dicant
2453 3217 2697 3288 nuspiam
2729 3216 2997 3271 indicasse
3028 3216 3312 3270 Dominum
3340 3213 3440 3271 hos
3461 3229 3584 3271 esse

256 3297 673 3368 prophetiarum
727 3298 868 3366 ﬁde,
909 3299 981 3354 ita
1012 3308 1129 3355 erat
1178 3300 1492 3356 traditurus.
1541 3301 1692 3358 Tunc
1737 3317 1874 3359 vero

256 3395 499 3451 maxime
525 3394 726 3452 idonea
749 3405 866 3452 erat
891 3413 955 3454 ea
985 3397 1229 3454 tradendi
1248 3400 1385 3454 ratio
1413 3414 1536 3455 cum
1561 3416 1647 3455 res
1680 3399 1873 3456 futurze

254 3494 608 3552 traderentur
650 3496 847 3568 quibus
901 3496 1140 3552 nondum
1186 3505 1428 3553 maturtts
1476 3505 1621 3552 esset
1655 3495 1870 3552 audito-

253 3604 369 3646 rum
421 3601 638 3661 mptus.
682 3588 820 3646 Cum
887 3591 1031 3647 enim
1107 3591 1230 3646 talia
1293 3590 1527 3647 traderet
1580 3590 1866 3655 Salvator,

253 3682 416 3738 etiam
450 3681 751 3753 discipulos
780 3699 874 3752 per
903 3682 1149 3756 symbola
1181 3684 1414 3740 instituit
1436 3727 1449 3750 ,
1481 3685 1661 3740 dedita
1703 3683 1867 3740 nimi-

253 3790 370 3832 rum
419 3791 613 3847 opera,
669 3792 736 3833 ne
784 3787 943 3833 antea
997 3779 1426 3850 intelligerentur
1461 3795 1619 3850 quam
1675 3795 1866 3835 eorum

253 3865 415 3925 ﬁdem
470 3878 700 3924 eventus
727 3870 1158 3942 comprobasset.
1189 3873 1350 3943 Atqui
1398 3873 1632 3942 Spiritus
1667 3873 1866 3944 baptis-

250 3976 406 4032 mus,
461 3978 586 4031 qua:
635 3962 851 4036 quidem
904 3967 1224 4020 sacramenti
1257 3981 1379 4036 pars
1409 3975 1521 4021 erat
1562 3968 1860 4037 praecipua,

252 4070 357 4112 non
391 4068 580 4113 tamen
609 4066 736 4112 ante
766 4059 1221 4114 resurrectionem
1255 4069 1372 4113 erat
1396 4060 1822 4115 communicatos
1843 4101 1859 4128 ,

249 4158 308 4203 ut
352 4147 595 4220 proinde
636 4148 788 4203 illum
845 4165 1060 4221 quoque
1094 4167 1200 4206 non
1241 4151 1460 4207 disertis
1498 4151 1678 4206 verbis
1704 4193 1720 4219 ,
1765 4153 1862 4208 sed

252 4256 408 4314 aqua:
455 4242 708 4315 symbolo
733 4285 749 4310 ,
792 4243 1112 4313 praediceret
1140 4244 1236 4316 (S.
1278 4243 1459 4308 Joan.,
1494 4261 1586 4311 vn,
1619 4247 1709 4312 58,
1741 4246 1854 4319 39).

251 4336 406 4406 Quod
459 4337 507 4393 si
537 4337 864 4408 baptismum
913 4337 1186 4408 Spiritus,
1239 4339 1327 4411 qui
1359 4339 1424 4394 ad
1476 4340 1703 4410 gloriam
1738 4341 1860 4410 ejus

251 4439 545 4502 tantopere
599 4429 866 4499 faciebat,
924 4433 1168 4489 obscuris
1249 4443 1427 4491 tamen
1484 4435 1858 4506 :enigmatihus

250 4523 645 4580 involvendum
695 4525 945 4595 duxerit,
991 4529 1157 4583 multo
1198 4538 1346 4584 certe
1398 4529 1594 4600 potiori
1646 4530 1857 4586 ratione

1981 3310 2187 3367 fructus
2242 3327 2270 3366 a
2324 3311 2588 3385 martyrio
2651 3309 3018 3382 expectandos
3048 3351 3064 3378 ,
3099 3308 3262 3366 iidem
3293 3308 3584 3364 observare

1979 3412 2227 3474 poterant
2279 3419 2346 3460 ne
2409 3403 2478 3460 de
2532 3403 2782 3475 baptismi
2839 3401 3056 3472 quidem
3126 3411 3467 3457 sacramento
3529 3400 3582 3455 id

1977 3512 2230 3567 umquam
2271 3495 2522 3552 docuisse
2551 3494 2914 3550 Salvatorem.
2972 3493 3129 3548 Nulla
3178 3504 3327 3549 certe
3376 3493 3582 3548 mentio

1975 3600 2317 3661 peccatorum
2359 3589 2746 3662 expiandorum
2781 3592 2832 3645 in
2859 3589 2977 3659 ejus
3003 3587 3143 3658 apud
3173 3589 3232 3644 S.
3267 3587 3576 3642 Matthteutn

1974 3687 2337 3752 institutione,
2370 3687 2512 3742 nulla
2544 3687 2595 3740 itt
2626 3684 2745 3756 ejus
2774 3699 2876 3740 usu
2921 3682 3062 3755 apud
3113 3683 3171 3739 S.
3199 3681 3483 3738 Joannem.
3516 3681 3582 3736 Et

1973 3789 2150 3836 tamen
2175 3781 2316 3836 hunc
2347 3779 2598 3850 baptismi
2626 3775 3032 3833 sacramentalis
3063 3776 3292 3830 fructum
3314 3789 3413 3830 nos
3451 3773 3578 3830 alibi

1971 3891 2034 3932 ex
2068 3875 2434 3944 apostolorum
2464 3873 2678 3943 scriptis
2722 3869 3089 3941 probavimus.
3127 3867 3282 3937 Quod
3339 3881 3467 3938 ergo
3506 3865 3578 3921 ita

1968 3968 2252 4024 docuerint
2305 3966 2555 4036 apostoli,
2605 3964 2657 4018 id
2697 3979 2764 4019 ex
2793 3971 2916 4018 nota
2941 3962 3052 4029 illa,
3082 3976 3242 4032 quam
3268 3959 3399 4026 dixi,
3449 3967 3576 4014 tunc

1970 4063 2231 4133 temporis
2253 4061 2644 4130 signiﬁcatione
2673 4059 2842 4125 vocis,
2867 4067 2920 4113 et
2952 4057 3029 4113 rei
3063 4055 3231 4126 ipsius
3261 4055 3402 4125 apud
3432 4053 3571 4120 illos,

1966 4173 1994 4212 a
2014 4157 2205 4227 quibus
2237 4157 2378 4210 illam
2405 4153 2716 4220 Christiani,
2741 4169 2837 4207 usu
2859 4152 2979 4207 illos
2999 4150 3284 4207 deduxisse
3315 4159 3397 4204 est
3447 4162 3576 4204 sane

1965 4249 2447 4314 verisimillitnum,
2503 4247 2605 4302 nisi
2659 4246 2725 4301 ad
2755 4261 2945 4300 novam
2994 4245 3169 4314 potius
3207 4243 3575 4312 apostolorum

1966 4344 2347 4401 revelationem
2390 4342 2498 4408 hic,
2529 4341 2647 4398 sine
2675 4340 2781 4396 ulla
2805 4353 3032 4410 prorsus
3059 4337 3406 4402 necessitate,
3438 4351 3570 4390 con-

1967 4437 2274 4509 fugiendum
2334 4445 2521 4507 pulent
2564 4432 2884 4489 adversarii.
2939 4431 3091 4500 Quod
3124 4431 3167 4485 si
3218 4428 3452 4500 apostoli
3505 4443 3574 4484 ex

1963 4541 2088 4588 nota
2143 4531 2232 4586 illa
2279 4530 2427 4586 vocis
2485 4528 2879 4600 signiﬁcatione
2936 4523 3254 4596 collegerint
3303 4522 3574 4592 baptismo

250 4618 610 4675 occultandas
636 4629 754 4675 erat
780 4620 1055 4691 sanguinis
1109 4621 1184 4676 illi
1215 4631 1376 4691 atque
1423 4623 1666 4694 martyrii
1697 4638 1857 4694 quem
1883 4623 1937 4686 D
1963 4625 2341 4685 sacramenta“
2413 4624 2522 4687 vim
2595 4622 2739 4678 illam
2799 4629 3141 4691 peccatorum
3217 4616 3568 4687 expiatricem

248 4713 476 4768 modum
504 4723 729 4785 possent
757 4715 977 4770 omnino
1004 4730 1220 4786 capere.
1268 4715 1378 4772 Nec
1429 4716 1573 4772 enim
1603 4713 1670 4770 ad
1719 4715 1861 4770 hunc

250 4804 427 4878 ipsum
463 4806 750 4863 Dominum
783 4824 849 4864 eo
876 4810 1155 4880 sanguinis
1186 4810 1455 4881 baptismo
1493 4810 1638 4881 iungi
1693 4823 1860 4880 Opor-

251 4903 367 4957 tere
396 4899 790 4968 crediderant,
821 4902 874 4958 in
908 4902 1282 4958 inﬁdelitatem
1314 4902 1428 4958 fere
1460 4903 1658 4972 relapsi
1688 4944 1702 4968 ,
1732 4918 1856 4958 cum

251 4992 301 5049 id
327 5011 524 5051 verum
550 5037 568 5064 ,
598 5005 794 5067 prater
816 4997 1246 5067 expectationem
1276 5011 1452 5063 suam,
1489 5012 1679 5052 revera
1706 5011 1857 5052 com-

251 5088 631 5160 perissent(S.
654 5087 807 5156 Lua,
834 5106 994 5158 xxtv,
1012 5089 1128 5163 2i),
1157 5091 1373 5162 gravius
1402 5089 1627 5146 omnino
1647 5089 1855 5161 passuri

252 5179 574 5236 scandalum
601 5180 646 5236 si
679 5181 784 5237 sibi
813 5198 1030 5254 quoque
1052 5183 1300 5238 eumdem
1349 5183 1688 5239 subeundum
1717 5198 1854 5239 non—

252 5271 381 5328 dum
432 5273 633 5329 maturi
673 5274 1014 5332 didicissent.
1066 5276 1300 5334 Proinde
1346 5279 1592 5350 quamvis
1641 5291 1851 5343 eorum,

251 5381 376 5439 qua
403 5381 504 5422 sua
533 5380 694 5422 causa
715 5370 921 5438 passuri
949 5380 1104 5425 erant
1133 5370 1402 5441 discipuli,
1431 5370 1740 5426 meminerit
1767 5369 1858 5424 ali-

255 5459 470 5532 qu0ties
500 5460 761 5516 Dominus
780 5504 795 5528 ,
824 5478 895 5517 ne
923 5477 1044 5516 cum
1074 5464 1402 5528 evenissent,
1435 5479 1559 5520 eum
1587 5463 1809 5521 latuisse
1835 5504 1850 5529 ,

253 5563 350 5610 aut
375 5563 576 5626 praeter
603 5555 748 5610 illius
779 5556 1060 5612 consilium
1089 5559 1354 5624 evenisse,
1403 5559 1850 5627 suspicarentur;

256 5647 310 5705 id
339 5657 519 5706 tamen
549 5659 707 5706 caute
733 5649 1044 5718 admodum,
1075 5660 1130 5706 et
1181 5665 1280 5721 pro
1310 5650 1642 5706 inﬁrmorum
1696 5659 1856 5721 captu

255 5740 405 5810 fecit,
430 5757 501 5799 ne
517 5742 646 5800 dum
669 5755 727 5800 ut
751 5743 1076 5816 baptismum
1103 5744 1398 5817 sanguinis,
1425 5744 1515 5817 qui
1543 5751 1716 5802 status
1739 5755 1857 5802 erat

262 5835 518 5906 patiendi,
550 5838 836 5910 perspicue
857 5847 1330 5897 commemoraret.

1963 4736 2084 4778 esse
2123 4716 2495 4783 tribuendam;
2544 4715 2731 4788 quidni
2761 4723 2814 4768 et
2847 4727 2947 4768 nos
2972 4753 2986 4778 ,
3018 4726 3090 4765 ex
3134 4710 3378 4781 ejusdem
3418 4708 3569 4763 vocis

1962 4815 2355 4888 signiﬁcatione
2400 4811 2582 4868 itidem
2621 4809 2962 4879 colligamus,
2999 4806 3297 4875 sanguineo
3353 4817 3570 4874 quoque

1961 4909 2227 4979 baptismo
2293 4905 2401 4961 vim
2455 4902 2699 4960 eamdem
2767 4897 3127 4972 purgatrieem
3184 4911 3307 4953 esse
3367 4897 3572 4967 pariter

1964 5003 2299 5060 tribuendam
2324 5004 2347 5058 ?

2037 5096 2064 5169 ἓ
2109 5098 2196 5152 ιε.
2232 5095 2404 5152 -—Ne
2447 5097 2569 5166 quis
2623 5103 2799 5148 autem
2852 5097 3004 5162 putet
3058 5088 3273 5144 unicum
3321 5093 3566 5140 nostrum

1962 5190 2270 5261 praesidium
2294 5189 2346 5243 in
2383 5186 2530 5243 vocis
2557 5187 2670 5257 ipsa
2717 5184 3113 5255 signiﬁcatione
3145 5195 3267 5236 esse
3295 5178 3564 5248 positum;

1961 5298 2093 5356 age,
2143 5284 2460 5347 videamus,
2516 5295 2697 5336 annon
2751 5295 2816 5334 ex
2876 5294 2933 5332 re
2985 5277 3101 5346 ipsa
3151 5281 3364 5328 constet
3419 5278 3567 5324 recte

1963 5377 2048 5432 hic
2088 5393 2114 5429 a
2148 5377 2420 5432 veteribus
2462 5383 2737 5446 acceptum
2775 5386 2894 5428 esse
2933 5365 3315 5427 Salvatorem?
3363 5363 3564 5420 Obser-

1959 5469 2188 5527 vandum
2238 5470 2416 5538 itaque
2465 5467 2649 5532 tertio,
2707 5462 3149 5520 verisimillimam
3183 5458 3380 5514 horum
3411 5456 3560 5512 loco-

1961 5580 2078 5620 rum
2128 5556 2488 5628 occasionem,
2526 5562 2577 5616 iu
2633 5561 2832 5632 quibus
2861 5558 2928 5613 de
2973 5557 3238 5624 baptismo
3283 5552 3565 5625 sanguinis

1959 5659 2044 5728 agi
2087 5657 2436 5714 crediderunt
2474 5669 2685 5711 veteres
2718 5696 2733 5720 ,
2787 5651 2954 5706 fuisse
3009 5649 3350 5721 martyrium.
3385 5649 3563 5704 Alium

1960 5753 2109 5809 illum
2141 5753 2488 5824 baptismum,
2521 5766 2628 5822 quo
2653 5764 2711 5803 se
2756 5747 2893 5801 dixit
2946 5745 3207 5801 Dominus
3233 5745 3350 5801 fore
3382 5745 3560 5816 bapti-

1961 5843 2190 5902 zandum
2217 5885 2231 5913 ,
2285 5845 2353 5916 de
2400 5843 2649 5915 passione
2693 5840 2810 5910 ejus
2857 5839 2907 5895 in
2947 5854 3110 5896 cruce
3154 5837 3561 5907 intelligendum
