3994 6318
428 282 501 345 59
558 378 565 384 Ι
1424 288 1792 353 οοῡινειιι
1832 289 2286 361 DISSBRTATIO
2320 293 2741 359 CYPRIANICA
3661 311 3735 369 (it)

428 420 554 467 esse
584 418 744 467 nemo
769 403 995 465 dubitet.
1029 403 1105 463 Ea
1135 413 1316 465 autem
1349 405 1465 479 ipsa
1494 409 1700 479 passio,
1736 424 1834 480 pro
1875 424 2028 467 more
2056 412 2108 473 A
2133 409 2338 483 Nempe
2401 412 2543 470 inter
2586 414 2728 472 alios
2778 415 2989 475 Messias
3064 419 3280 487 titulos.
3335 421 3531 493 quibus
3582 422 3738 483 illum

429 503 593 561 etiam
634 501 954 571 scriptorum
1000 513 1303 566 sacrorum,
1339 502 1655 573 martyrium
1701 502 2024 573 appellatur.

430 594 561 654 Inde
604 604 660 662 et
697 594 813 666 ipse
849 592 1110 651 Dominus
1136 595 1340 672 μάρτυς
1386 596 1413 653 ὁ
1458 598 1644 659 πιστὸς
1690 600 1778 653 καὶ
1806 597 2029 661 ἀληθινὸς

431 687 694 763 (Αροωιη
719 702 757 753 t,
800 686 834 743 5
856 702 873 752 ;
904 700 985 751 ill,
1018 683 1111 757 14)
1138 687 1334 743 dicitur
1358 696 1415 744 et
1435 699 1773 763 μαρτυρῆσαι
1797 692 1883 748 ἐπι
1902 702 2023 747 Πον-

427 784 542 843 τίου
560 782 776 839 Πιλάτου
797 785 886 842 τήν
906 780 1064 841 καλήν
1094 780 1360 857 ὁμολογίαν
1388 780 1431 854 (1
1458 779 1621 850 Tim.,
1653 798 1725 847 vt,
1758 784 1871 854 15).
1897 784 2028 852 Quae

428 875 590 939 verba
616 875 797 935 omnia
822 875 1156 948 martyrium,
1183 889 1283 946 pro
1309 876 1579 946 primaevae
1606 877 1863 935 Ecclesia:
1887 878 2026 933 idio-

427 977 607 1038 rnate,
633 967 936 1040 designant.
964 967 1175 1040 Nequid
1199 977 1383 1025 autem
1410 968 1501 1027 ltie
1547 970 1616 1025 ab
1642 970 2023 1029 ecclesiasticis

426 1061 722 1127 coniiciunt
772 1060 1117 1127 arbitremur,
1151 1061 1313 1117 etiam
1342 1062 1514 1132 ipsam
1563 1063 1808 1136 martyrii
1837 1078 2022 1121 vocem

426 1154 822 1228 significatione
873 1153 1239 1210 ecclesiastica
1293 1164 1555 1226 usurpant
1589 1170 1759 1211 sacra:
1811 1155 2023 1212 littertu.

426 1249 504 1306 Ita
518 1249 727 1323 μάρτυς
740 1244 1045 1316 Stephanus
1057 1244 1218 1318 (Act.,
1238 1260 1367 1312 χιιι,
1383 1245 1500 1317 20),
1516 1257 1565 1303 et
1581 1250 1782 1325 μάρτυς
1798 1248 1824 1305 ὁ
1840 1250 2026 1313 πιστὸς

428 1343 665 1414 Antipas
694 1342 956 1415 (Apocat.,
995 1358 1057 1410 ιι,
1092 1343 1205 1415 15),
1251 1358 1372 1414 quae
1395 1343 1583 1399 eadem
1616 1344 1844 1402 Domino
1870 1354 2025 1401 antea

425 1437 707 1505 tribuerat,
741 1444 800 1493 ut
849 1435 1104 1505 vidimus,
1138 1446 1327 1495 auctor
1350 1437 1780 1511 Apocalypseos,
1808 1453 1878 1494 ne
1905 1440 2025 1511 quis

425 1530 515 1590 hic
540 1531 768 1591 miretur
794 1531 1049 1603 martyris
1076 1544 1265 1589 vocem
1294 1532 1455 1589 etiam
1487 1531 1717 1588 Domino
1746 1528 2021 1597 tributam,

425 1638 592 1687 sensu
628 1624 1038 1691 ecclesiastico,
1090 1624 1424 1685 intellectam
1474 1640 1597 1687 esse
1639 1641 1671 1681 a
1727 1626 2021 1685 veteribus.

423 1719 502 1781 ita
546 1728 695 1781 certe
739 1720 977 1777 alienam
1020 1735 1131 1779 non
1182 1718 1533 1778 crediderunt
1562 1736 1590 1774 a
1626 1720 1855 1777 Domino
1883 1722 2023 1777 hanc

2132 503 2468 577 designatum
2510 507 2884 566 intellexerant
2908 510 2963 567 in
2989 509 3305 584 Scripturis,
3334 525 3453 573 erat
3479 517 3564 575 vel
3590 533 3736 589 prte-

2133 596 2323 667 cipuns
2370 599 2457 655 ille
2498 603 2823 678 Ερχομένου.
2867 602 2943 659 ita
2979 602 3242 663 habemus
3273 606 3327 663 in
3355 607 3414 665 S.
3445 608 3601 677 Luc.,
3638 625 3736 676 vn,

2134 690 2223 757 19,
2267 690 2339 747 20
2381 700 2438 748 et
2483 694 2632 750 alibi.
2685 694 2842 751 illum
2882 696 3115 756 fortasse
3161 716 3193 758 e
3244 701 3603 760 celeberrimo
3644 705 3740 761 illo

2131 782 2274 853 loco,
2325 784 2488 854 Gen.,
2521 802 2671 856 nix,
2706 789 2794 858 10,
2842 791 2927 847 vel
2954 792 3045 849 Ps.
3076 809 3126 850 ι..
3158 795 3214 861 5;
3245 809 3400 862 xstv,
3431 797 3519 863 15;
3548 811 3735 865 xcvtn,

2132 878 2206 946 9,
2260 877 2613 950 collegerint,
2670 881 2860 938 aliisve
2927 884 3217 947 similibus,
3256 885 3547 956 Scriptura:
3603 888 3738 946 locis

2131 969 2325 1041 quibus
2349 970 2571 1029 Messias
2600 982 2862 1030 venturus
2905 974 3123 1033 dicitur.
3154 978 3334 1046 Quare
3360 993 3483 1035 cum
3513 979 3738 1036 Messias

2131 1072 2393 1119 venturus
2412 1064 2796 1135 appellaretur,
2814 1068 3147 1127 tantumdem
3166 1071 3509 1142 valentsigna
3524 1072 3739 1130 Messim

2129 1167 2194 1213 ac
2219 1156 2370 1226 signa
2400 1154 2681 1214 adventus.
2711 1158 2787 1214 Ita
2820 1160 2888 1216 de
2918 1175 3048 1216 vero
3075 1161 3264 1218 Messia
3300 1160 3551 1233 discipuli
3583 1164 3737 1234 ejus;

2134 1244 2284 1314 Quod
2324 1248 2529 1321 signum
2584 1250 2830 1307 aduentus
2878 1252 2987 1306 tui?
3036 1252 3125 1325 (S.
3173 1252 3387 1325 Matth.)
3420 1256 3572 1313 etde
3600 1256 3741 1314 falso

2128 1337 2321 1397 Messio
2359 1342 2681 1410 Apostolus:
2712 1342 2873 1415 Cujus
2900 1354 2974 1403 est
2999 1345 3245 1402 aduentus
3283 1349 3562 1405 secundum
3615 1367 3740 1422 ope-

2128 1437 2382 1491 rationem
2433 1434 2648 1493 Satana:
2691 1438 2745 1492 in
2792 1440 2931 1495 omni
2979 1440 3160 1498 virtute
3184 1451 3232 1497 et
3281 1442 3462 1515 signis,
3508 1453 3616 1505 etc.
3675 1444 3737 1519 (ιι

2133 1526 2339 1596 Thess.,
2373 1546 2434 1599 ιι,
2463 1530 2540 1599 9).
2574 1531 2778 1591 Venire
2830 1534 3010 1605 itaque
3043 1549 3142 1606 per
3182 1550 3375 1609 aquam
3424 1545 3481 1593 et
3521 1541 3744 1610 sangui-

2129 1636 2254 1683 nem
2298 1623 2439 1682 idem
2475 1624 2616 1681 valet
2660 1640 2723 1682 ac
2752 1640 2849 1699 per
2879 1642 3082 1699 aquam
3113 1636 3170 1684 et
3208 1630 3522 1700 sanguinem
3549 1646 3610 1687 se
3634 1646 3734 1688 ve-

2130 1730 2251 1771 rum
2278 1715 2526 1775 Messiatn
2571 1721 2964 1791 comprobare.-

426 1814 592 1885 hujus
621 1814 768 1873 vocis
808 1814 1276 1886 significationem,
1325 1824 1385 1872 ut
1410 1817 1686 1887 prepriam
1715 1818 1878 1873 etiam
1907 1816 2020 1875 fere
2055 1819 2101 1895 β
2204 1807 2235 1882 §
2262 1809 2642 1884 i4.—-Nempe
2661 1813 2751 1885 qui
2769 1822 3027 1871 venturus
3051 1815 3239 1871 eratin
3252 1816 3508 1874 mundum
3530 1818 3575 1872 is
3592 1818 3739 1875 idem

426 1909 661 1969 Domino
689 1909 918 1971 fecerint
969 1910 1072 1981 ipsi
1103 1918 1370 1982 martyres
1400 1911 1644 1967 nonnulli
1669 1911 1812 1982 apud
1857 1912 2028 1971 Euse-

427 2002 577 2064 bium
623 2001 867 2077 (Euseb.,
892 2001 1032 2061 Hist.
1078 2003 1245 2069 eccl.,
1304 2016 1361 2070 v,
1407 2000 1489 2074 2).
1520 2002 1672 2071 Quod
1724 2005 1770 2060 si
1818 2004 2029 2062 Domini

421 2096 605 2170 passio
651 2096 991 2168 martyrium,
1060 2094 1363 2166 eademque
1391 2092 1463 2153 sit
1505 2094 1758 2165 baptismi
1813 2111 2029 2168 quoque

422 2190 647 2249 nomine
693 2187 1076 2260 insignienda,
1125 2186 1319 2258 ecquid
1361 2202 1562 2247 novum
1609 2188 1912 2249 alienumve
1946 2192 2028 2248 di-

424 2286 601 2345 cimus
650 2285 699 2345 si
754 2283 919 2343 etiam
958 2280 1031 2339 de
1083 2280 1411 2355 martyribus
1459 2280 1840 2341 ecclesiasticis
1886 2283 2027 2345 idem

422 2376 760 2439 afﬁrmemus
783 2377 807 2431 ι

496 2472 527 2546 ς
555 2468 843 2543 i5.—-—Sed
864 2458 1164 2529 et‘aliorum
1185 2470 1429 2528 locorum
1455 2471 1795 2530 occasionem
1832 2473 2025 2532 eodem

426 2564 708 2627 collimare
754 2573 838 2622 est
885 2579 1017 2620 sane
1071 2565 1542 2623 verisimillimum.
1592 2563 1725 2623 Cum
1766 2567 2030 2629 scriberet

423 2660 703 2735 apostolus
748 2659 809 2717 S.
859 2658 1133 2728 Joannes,
1178 2660 1293 2732 jam
1332 2662 1436 2718 orti
1486 2660 1736 2721 videntur
1786 2662 2027 2721 hmretici

425 2756 811 2817 valentinianis
872 2754 1094 2829 quidem
1156 2755 1530 2828 antiquiores,
1590 2771 1781 2813 eorum
1844 2766 2027 2815 tamen

419 2863 675 2927 parentes
714 2861 877 2925 atque
916 2853 1173 2923 origines.
1226 2865 1328 2909 nec
1369 2851 1515 2911 enim
1567 2865 1787 2922 prorsus
1825 2866 2025 2915 novum

423 2958 548 3009 erat
592 2946 1087 3007 valentinianorttm
1133 2945 1466 3012 institutum,
1515 2944 1613 3003 sed
1654 2946 1895 3009 priorum
1918 2946 2028 3007 ha:-

418 3039 710 3099 reticorum
759 3038 977 3099 inventa
1005 3039 1138 3110 πρὸς
1176 3035 1302 3095 ἴδιον
1346 3046 1671 3113 χαρακτῆρα,
1701 3041 2023 3118 μιθήρμωσι,

418 3132 593 3204 inquit
643 3131 713 3191 de
758 3130 1045 3193 Valentino
1073 3130 1310 3191 lrenaaus
1334 3129 1530 3205 (irem,
1569 3131 1661 3187 tib.
1690 3148 1731 3201 t,
1759 3149 1807 3189 ι’.
1841 3133 1899 3203 5)
1926 3148 2023 3190 cu-

2136 1913 2252 1961 erat
2277 1919 2308 1960 a
2333 1914 2485 1975 patre
2502 1906 2797 1964 mittendus
2812 1917 2974 1980 atque
2990 1910 3409 1967 sanctilicandus
3436 1911 3522 1985 (S.
3545 1912 3735 1981 lnam,

2137 2011 2195 2064 lt,
2218 1996 2330 2070 56).
2355 1998 2435 2054 Ea
2463 2008 2643 2055 autem
2666 2002 3031 2058 sanctiﬁcatio
3056 2004 3233 2075 qualis
3263 2004 3676 2078 intelligeretur,
3702 2020 3737 2063 e

2134 2096 2483 2155 sanctissimo
2509 2097 2822 2157 Judmornm
2864 2101 3067 2173 ofﬁcio,
3123 2120 3337 2163 summo
3367 2106 3619 2163 nimirum
3645 2121 3736 2163 sa-

2135 2190 2403 2257 cerdotio,
2446 2193 2649 2264 cptime
2687 2194 3028 2268 colligemus.
3058 2197 3118 2255 in
3153 2199 3298 2256 illius
3326 2200 3509 2273 itaque
3533 2203 3739 2258 sancti-

2135 2283 2388 2341 ﬁcatione
2420 2294 2527 2345 tam
2570 2302 2763 2359 aquam
2795 2306 2956 2360 quam
2996 2293 3159 2349 etiam
3195 2296 3511 2366 sanguinem
3550 2296 3733 2355 locum

2135 2377 2392 2437 habuisse
2443 2390 2702 2449 constat;
2731 2399 2920 2454 aquam
2963 2387 3212 2457 equidem
3256 2386 3454 2457 Emam,
3481 2390 3730 2457 ιχικμις

2133 2470 2284 2540 Lam,
2317 2489 2435 2542 vm,
2459 2473 2495 2531 6
2519 2491 2534 2542 ;
2565 2478 2870 2547 sanguinem
2906 2489 3089 2536 autem
3113 2479 3313 2549 Exod"
3341 2498 3489 2551 χιιι,
3509 2482 3603 2551 30,
3633 2484 3730 2552 2|;

2137 2564 2281 2633 Leu,
2302 2581 2417 2637 vttt,
2437 2566 2638 2633 25,24.
2670 2567 2756 2626 Ad
2785 2570 3035 2629 Messiam
3062 2572 3206 2629 enim
3239 2582 3514 2645 tamquam
3543 2576 3734 2648 mysti-

2133 2672 2255 2717 cum
2304 2661 2604 2731 evangelici
2655 2660 2880 2721 fmderis
2920 2664 3282 2731 sacerdotem,
3309 2666 3492 2722 retulit
3517 2666 3572 2722 in
3630 2667 3735 2724 hac

2134 2754 2251 2825 ipsa
2298 2769 2462 2812 causa
2515 2755 2809 2828 Apostolus
2852 2757 3026 2816 intimi
3074 2759 3344 2831 pontificis
3391 2762 3729 2833 exemplum,

2131 2846 2278 2918 quod
2330 2847 2420 2904 ille
2453 2850 2617 2905 etiam
2646 2851 2901 2921 passione
2951 2866 3046 2909 sua
3091 2864 3236 2911 esset
3287 2853 3730 2912 sanctilicandus.

2132 2940 2436 3004 Τιλσιὼσεος
2464 2956 2598 2999 voce
2620 2959 2752 3003 usus
2780 2954 2864 3000 est
2892 2944 3170 3015 apostolus
3197 2944 3409 3018 (ﬂabra,
3428 2963 3488 3015 ιι,
3517 2946 3608 3014 i0,
3637 2948 3730 3017 ii;

2130 3047 2186 3100 γ,
2211 3034 2267 3098 8,
2294 3034 2375 3106 9),
2397 3037 2620 3108 mystica
2649 3038 2906 3099 nimirum
2936 3039 3046 3106 illa,
3076 3049 3132 3097 et
3155 3055 3324 3097 sacra:
3346 3042 3734 3114 mysteriorum

2133 3124 2469 3196 praefectura:
2502 3130 2738 3200 propria.
2769 3130 2846 3187 ita
2878 3140 3055 3188 tamen
3099 3132 3298 3190 Christi
3328 3134 3432 3191 hoc
3476 3134 3736 3191 sacerdo-

413 3226 630 3298 jusdam
683 3226 883 3283 veteris
932 3223 1200 3295 opinionis
1247 3224 1455 3281 semina
1507 3234 1668 3283 natus
1712 3233 1834 3290 est,
1886 3234 2024 3283 teste
2051 3220 2098 3287 (ᾖ
2136 3217 2268 3277 tium
2294 3235 2418 3277 cum
2444 3221 2757 3280 Judtuorum
2787 3224 3385 3283 sacerdotiocontendit
3411 3228 3730 3299 Apostolus,

418 3320 754 3383 Tertulliano
771 3319 961 3394 (Tam,
991 3319 1108 3376 adv.
1140 3317 1360 3387 Valent.,
1387 3335 1435 3375 ε.
1458 3316 1539 3391 4).
1568 3317 1637 3377 Ut
1654 3319 1811 3392 igitur
1836 3318 2020 3379 lusum

417 3431 451 3473 a
473 3414 693 3477 Christo
717 3414 1017 3473 diviserunt
1040 3412 1406 3480 valentiniani,
1440 3413 1506 3467 ad
1528 3413 1891 3484 antiquiorum
1918 3413 2022 3469 hm-

417 3509 711 3569 reticurum
761 3506 1068 3578 exemplum
1108 3505 1374 3578 Apostolo
1422 3520 1760 3573 coaevorum,
1791 3522 2020 3579 quorum

416 3600 705 3659 occasione
751 3607 862 3656 tam
906 3608 991 3659 est
1039 3600 1093 3657 in
1143 3601 1360 3671 eoipso
1385 3608 1702 3671 argumento
1730 3600 1935 3661 multus
1966 3601 2019 3659 in

416 3694 589 3766 prima
616 3708 713 3751 sua
750 3692 979 3764 cpistola
1007 3692 1333 3763 Apostolus;
1367 3692 1439 3749 ita
1494 3702 1550 3755 et
1586 3693 1845 3766 martyria
1895 3708 2017 3755 cum

418 3791 611 3849 iisdem
639 3790 1028 3849 valentinianis
1070 3787 1293 3847 eosdem
1319 3788 1482 3847 etiam
1512 3789 1774 3860 Apostqu
1802 3803 2022 3849 coaevus

414 3886 700 3943 hereticos
753 3885 1040 3945 sustulisse
1083 3881 1365 3955 probabile
1417 3890 1520 3939 est.
1565 3883 1624 3941 In
1676 3882 1823 3939 illam
1872 3890 2021 3939 certe

415 3983 742 4042 sententiam
766 3981 972 4053 optime
996 3978 1342 4052 quadrabunt
1369 3976 1612 4048 Apostoli
1660 3984 1977 4049 argumenta
1998 4017 2014 4045 ,

415 4084 476 4133 ut
526 4084 653 4132 ante
707 4089 810 4132 nos
856 4081 1043 4131 noster
1096 4069 1407 4131 observavit
1437 4068 1828 4131 Hammondus.
1862 4069 2018 4127 Antio

414 4169 604 4227 christi
641 4178 796 4226 erant
839 4166 895 4227 hi
925 4165 1166 4225 haeretici
1193 4179 1312 4233 seu,
1344 4164 1489 4237 quod
1516 4164 1656 4236 apud
1699 4164 2019 4236 Apostolum

418 4264 752 4322 tantumdem
819 4263 1000 4331 valet,
1076 4260 1494 4333 pseudo-emisti
1530 4300 1549 4331 ,
1605 4259 1750 4332 quod
1816 4258 2019 4323 Christi

413 4359 616 4416 Judmis
676 4357 930 4429 promissi
981 4370 1268 4426 personam
1316 4353 1434 4425 ipsi.
1467 4353 1519 4408 in
1559 4367 1617 4411 ac
1658 4351 2015 4422 susciperent.

414 4451 653 4508 Proinde
706 4448 838 4507 illud
883 4448 1055 4506 innuit
1099 4442 1393 4518 Apostolus
1437 4444 1598 4500 tutius
1625 4443 1905 4512 Evangelii
1934 4442 2018 4503 sui

411 4545 582 4602 fuisse
604 4542 915 4609 consilium,
942 4548 1002 4601 ut
1022 4537 1313 4599 crederent
1335 4535 1520 4597 Jesum
1540 4535 1702 4593 fuisse
1726 4534 1894 4601 lilium
1920 4534 2017 4597 Dei

2131 3322 2210 3380 ut,
2239 3329 2361 3373 cum
2391 3315 2443 3371 in
2490 3317 2774 3388 utriusque
2817 3317 3227 3375 consecratione
3264 3320 3540 3390 sanguinis
3569 3336 3729 3377 nsum

2129 3405 2430 3467 adhibitum
2463 3410 2767 3480 probasset,
2800 3401 2857 3467 in.
2879 3427 2946 3468 eo
2985 3412 3277 3469 eminuerit
3313 3410 3513 3473 Christi
3539 3429 3728 3470 sacer-

2128 3500 2335 3565 dotium
2354 3506 2496 3576 quod
2519 3520 2619 3561 suo
2639 3504 2920 3566 dumtaxat
2939 3508 3203 3579 sanguine
3219 3518 3570 3567 consecratus
3594 3508 3733 3566 fuis-

2127 3603 2212 3655 set
2229 3595 2474 3655 Christus
2491 3612 2612 3654 cum
2631 3608 2856 3657 externo
2870 3599 3148 3675 dumtaxat
3171 3600 3437 3671 pecudum
3464 3602 3731 3673 sanguine

2128 3689 2214 3751 usi
2243 3698 2432 3749 essent
2459 3690 2513 3747 in
2544 3689 2885 3749 sacerdotum
2929 3707 3151 3750 suorum
3182 3696 3593 3753 consecratione
3630 3696 3732 3754 Ju-

2127 3782 2254 3853 daei,
2274 3782 2464 3852 Hebr.,
2490 3800 2567 3851 ιχ,
2595 3784 2690 3851 25,
2716 3784 2809 3842 26.
2836 3786 2983 3847 Idem
3013 3798 3069 3843 et
3095 3788 3223 3845 alibi
3244 3791 3445 3860 smpius
3470 3791 3727 3862 inculcat,

2125 3892 2247 3937 cum
2264 3892 2370 3934 non
2397 3885 2672 3935 taurorum
2689 3879 3059 3948 hircorumve,
3077 3881 3172 3938 sed
3196 3897 3326 3943 vero
3345 3885 3564 3956 proprio
3575 3884 3730 3944 dum.

2127 3979 2295 4037 taxat,
2329 3968 2587 4042 sanguine
2616 3968 2890 4029 Christum
2914 3973 3075 4031 docet
3102 3974 3392 4033 initiatum.
3426 3975 3571 4049 Ergo
3597 3993 3731 4037 cum

2126 4061 2332 4121 Judtcis
2355 4063 2408 4119 in
2431 4078 2497 4120 eo
2525 4073 2857 4123 convenerat
2882 4066 3198 4137 Apostolus,
3224 4066 3292 4124 ad
3318 4083 3546 4140 quorum
3575 4071 3732 4142 princ

2127 4155 2267 4229 cipia
2297 4172 2455 4213 suam
2484 4156 2573 4215 hic
2600 4159 2806 4230 aptavit
2843 4162 3387 4232 argumentationem,
3418 4173 3478 4221 ut
3512 4166 3730 4236 pontifi-

2125 4264 2243 4306 cem
2300 4248 2416 4306 fore
2460 4248 2738 4308 Christum
2780 4267 2815 4308 a
2844 4268 3060 4313 summo
3101 4256 3356 4315 nimirum
3406 4257 3727 4321 indecorum

2127 4340 2383 4413 pontiﬁce
2436 4343 2835 4416 adumbratam,
2891 4347 2965 4406 ita
2993 4350 3085 4421 qui
3117 4365 3277 4409 verus
3326 4351 3534 4413 futurus
3575 4366 3729 4414 esset

2125 4433 2373 4503 Messias,
2397 4437 2657 4508 sanguine
2700 4439 2902 4511 pariter
2924 4455 2989 4497 ac
3033 4457 3171 4514 aqua
3220 4451 3329 4501 tam
3380 4445 3559 4515 ipsum
3601 4446 3729 4510 fore

2123 4526 2464 4589 lustrandum
2492 4528 2623 4604 (vel,
2657 4539 2718 4591 ut
2755 4533 3067 4606 evangelica
3111 4549 3247 4594 voce
3289 4546 3524 4606 utamur,
3547 4539 3729 4611 bapti—

415 4638 620 4712 (Joan.,
651 4652 754 4704 xx,
785 4634 918 4709 δι),
971 4633 1156 4707 (quem
1198 4645 1392 4703 nempe
1422 4628 1649 4714 titulum
1680 4627 1889 4691 Messias
1915 4642 2014 4689 suo
2040 4625 2097 4696 D
2124 4622 2385 4693 zandum)
2439 4639 2603 4696 quam
2643 4624 2778 4683 alios
2825 4627 3017 4687 iisdem
3068 4645 3192 4688 esse
3246 4631 3607 4690 lustrandum.
3641 4634 3731 4695 De

416 4733 555 4789 ePs.
573 4747 633 4799 ιι,
658 4731 713 4799 7,
733 4729 876 4786 illius
906 4728 1090 4789 saeculi
1117 4726 1290 4785 Judaei
1315 4722 1676 4793 asserebant),
1703 4737 1809 4782 non
1830 4730 2015 4783 autem

411 4824 535 4881 illos
582 4822 965 4880 hmreticorum
1004 4820 1408 4892 antesignanos.
1429 4816 1607 4887 Quare
1654 4816 1796 4875 inter
1819 4825 2017 4877 caetera

410 4927 727 4992 argumenta
771 4919 966 4990 quibus
1012 4917 1209 4979 falsum
1243 4913 1399 4969 illum
1439 4911 1508 4969 de
1535 4909 1753 4977 Christo
1783 4919 2016 4984 praetqu

412 5025 523 5070 tum
570 5011 770 5069 refellit
815 5011 1145 5084 Apostolus,
1177 5008 1270 5064 illo
1296 5021 1511 5078 quoque
1548 5019 1677 5061 usus
1699 5013 1782 5067 est
1808 5004 1875 5063 de
1898 5002 2015 5071 veri

411 5106 615 5166 Christi
654 5106 889 5163 adventu
938 5119 1034 5176 per
1063 5116 1259 5179 aquam
1285 5110 1343 5159 et
1383 5098 1722 5172 sanguinem.
1767 5096 1865 5155 llic
1906 5104 2011 5164 est,

413 5202 585 5276 inquit
622 5201 691 5276 (Ι
736 5200 925 5269 leam,
972 5215 1027 5266 v,
1063 5198 1097 5255 6
1129 5197 1171 5271 ),
1217 5197 1306 5268 qui
1361 5194 1509 5255 venit
1555 5208 1651 5266 per
1711 5206 1905 5264 aquam
1961 5198 2018 5250 et

411 5296 728 5368 sanguinem
753 5293 913 5352 Jesus
941 5292 1211 5358 Christus;
1256 5304 1365 5347 non
1394 5289 1449 5357 in
1477 5302 1632 5358 aqua
1676 5284 1874 5351 solum,
1918 5282 2016 5351 sed

410 5390 468 5445 in
492 5404 629 5460 aqua
675 5396 733 5445 et
756 5386 1043 5459 sanguine.
1071 5385 1117 5439 A
1156 5382 1326 5454 signis
1353 5380 1610 5445 nimirum
1652 5379 1765 5443 veri
1804 5378 2016 5437 Messias

410 5491 821 5553 argumentatus
848 5489 933 5537 est
959 5479 1029 5539 de
1053 5477 1250 5549 quibus
1272 5478 1413 5533 inter
1440 5473 1679 5542 Judmos,
1702 5473 1786 5530 vel
1818 5472 2016 5549 saltem

411 5577 558 5634 illius
607 5577 711 5632 aevi
754 5574 1115 5639 christianos,
1154 5579 1505 5639 convenerat,
1564 5580 1670 5625 tam
1723 5577 1781 5625 ut
1826 5567 2016 5631 Jesum

411 5662 659 5728 nostrum
723 5683 913 5725 verum
971 5666 1220 5725 Messium
1275 5665 1683 5736 comprobaret,
1742 5677 1902 5736 quam
1958 5668 2018 5729 ut

419 5759 889 5831 peetuio-cbristos
935 5760 1057 5819 illos
1101 5758 1184 5821 vel
1230 5773 1296 5823 eo
1327 5758 1447 5830 ipso
1495 5757 1748 5830 baptismi
1795 5756 2017 5827 nomine

416 5851 777 5925 improbaret.
818 5851 998 5922 Venit,
1030 5852 1223 5922 inquit,
1254 5866 1352 5926 per
1377 5864 1573 5923 aquam
1597 5858 1652 5908 et
1672 5848 2017 5944 sanguinem,

2125 4733 2281 4792 aqua:
2311 4718 2581 4790 baptismo
2610 4721 2663 4778 id
2689 4721 2858 4782 fuisse
2874 4734 3149 4797 receptum
3167 4736 3380 4785 constat
3399 4744 3467 4789 ex
3490 4729 3603 4801 ipsa
3629 4729 3728 4792 illa

2120 4813 2513 4887 pharisaeorum
2544 4817 2966 4891 interrogatione
2995 4836 3100 4892 qua
3133 4821 3418 4892 Joannem,
3438 4825 3638 4896 ipsene
3660 4840 3729 4887 se

2118 4922 2216 4980 pro
2232 4907 2424 4967 Messia
2444 4910 2760 4978 venditaret,
2783 4913 3169 4984 explorandum
3183 4928 3513 4977 censuerunt
3544 4937 3558 4974 :
3583 4919 3726 4986 Quid

2121 5018 2242 5077 ergo
2285 5003 2513 5077 baptista
2547 5046 2565 5074 ,
2596 5006 2643 5062 si
2684 5014 2739 5062 tu
2787 5023 2891 5065 non
2926 5024 2978 5081 es
3032 5008 3264 5066 Christus
3315 5028 3479 5085 neque
3523 5010 3675 5071 Elius
3700 5055 3725 5084 ,

2122 5114 2283 5170 aeque
2307 5098 2595 5171 propheta?
2623 5099 2713 5172 (S.
2738 5098 2924 5167 leam,
2960 5117 2997 5171 ι,
3030 5101 3150 5174 95).
3172 5103 3319 5161 Idem
3346 5103 3414 5161 de
3441 5106 3728 5178 sanguinis

2122 5194 2394 5265 baptismo
2416 5194 2646 5259 innuunt
2668 5194 2758 5251 illa
2790 5195 3006 5253 Domini
3027 5196 3094 5253 ad
3122 5197 3458 5270 discipulos:
3499 5199 3545 5255 0
3571 5202 3727 5257 stulti

2121 5298 2167 5351 et
2220 5288 2357 5347 tardi
2409 5287 2563 5347 corde
2591 5287 2660 5345 ad
2687 5288 2998 5349 credendum
3044 5292 3099 5346 in
3156 5292 3390 5348 omnibus
3417 5309 3533 5363 qut:
3563 5294 3727 5351 locuti

2118 5391 2235 5445 sunt
2260 5375 2522 5454 prophetat
2537 5382 2557 5437 .'
2572 5381 2759 5441 Nonne
2774 5385 2883 5447 [nec
2907 5385 3129 5457 apertuit
3142 5387 3251 5456 pati
3265 5384 3545 5457 Christum,
3571 5398 3622 5444 et
3646 5389 3728 5446 ita

2122 5478 2317 5543 intrare
2341 5478 2397 5535 in
2423 5478 2642 5551 gloriam
2667 5496 2815 5540 suam
2846 5480 2934 5553 (S.
2957 5479 3116 5550 Lua,
3145 5497 3300 5549 χιιι,
3322 5480 3418 5550 95,
3445 5481 3585 5555 26)?
3607 5482 3727 5540 Hoc

2121 5571 2330 5629 scilicet
2359 5586 2429 5633 ex
2469 5572 2577 5630 illis
2629 5573 2845 5645 collegit
2889 5571 3183 5645 Scripturis
3226 5588 3457 5644 quarum
3499 5589 3726 5634 sensum

2122 5673 2309 5737 pOStea
2351 5664 2633 5739 discipulis
2678 5666 2966 5738 explicuit,
3014 5680 3138 5725 cum
3187 5681 3376 5727 eorum
3409 5667 3722 5727 intellectus

2121 5758 2427 5829 aperuisset
2456 5766 2513 5819 ut
2540 5758 2854 5829 Scriptores
2894 5758 3278 5838 intelligerent,
3306 5757 3415 5819 illis
3457 5759 3717 5818 nimirum

2119 5865 2242 5923 qum
2273 5851 2355 5910 vel
2392 5866 2458 5910 ex
2489 5851 2705 5917 illorum
2744 5852 3067 5915 mulorum
3113 5850 3425 5929 concessis,
3446 5851 3531 5911 vel
3553 5854 3723 5911 certis
