3994 6318
236 300 303 360 st
1269 300 1360 361 ns
1398 299 1718 363 SECUNDO
1753 299 2148 364 mansum
2204 305 2569 365 sanusne.
3322 276 3331 285 ’
3477 311 3551 370 ea

235 416 565 494 qumuadam
592 415 742 475 illius
759 416 944 475 saeculi
964 417 1283 489 ratiociniis,
1314 420 1384 477 de
1416 419 1610 477 Messia
1641 419 1843 477 intelli—
1866 421 1923 482 Α
1946 422 2332 495 sanguinisque
2375 424 2676 497 baptismos
2721 438 2844 483 esse
2869 424 3119 484 similiter
3145 425 3538 500 intelligendos.

236 510 431 586 genti-'3
486 520 689 577 erant,
750 527 978 584 qucque
1057 511 1292 569 futuram
1357 523 1847 571 commemorarent

237 604 455 664 lossia
491 605 831 676 passionem,
858 606 1050 678 quales
1095 607 1376 678 proferunt
1418 608 1844 681 quamplurimas

236 713 351 757 non
374 696 516 755 Novi
541 698 711 757 modo
722 699 1052 757 Testamenti
1079 702 1396 774 scriptores,
1413 702 1508 759 sed
1534 711 1590 759 et
1615 717 1845 774 sequen-

238 794 375 851 tium
404 793 735 853 aculeum
752 802 935 864 patres
955 809 1187 866 quorum
1215 802 1401 853 extant
1421 795 1582 852 hodie
1604 795 1844 868 disputa-

238 886 421 943 tiones
466 883 735 944 adversus
754 885 990 957 indecus,
1017 886 1280 957 Justinus,
1307 887 1700 959 Tertullianus,
1731 890 1843 945 Eu-

234 982 448 1053 sebius,
474 991 588 1038 etc.

309 1075 339 1148 ς
369 1075 555 1132 i5.—
573 1073 685 1131 illa:
709 1089 840 1147 ergo
868 1076 1162 1148 Scriptum
1190 1093 1334 1149 quae,
1362 1092 1462 1149 pro
1491 1078 1636 1134 illius
1660 1076 1846 1134 saeculi

236 1180 425 1243 captu,
454 1169 529 1227 de
547 1169 763 1228 llessia:
779 1172 1033 1243 passione
1060 1172 1348 1228 intellectte
1376 1182 1526 1241 sunt,
1544 1173 1845 1246 argumenti

234 1266 407 1322 vicem
438 1265 697 1322 obtinere
722 1275 974 1337 poterant
992 1267 1133 1338 apud
1164 1266 1308 1335 illos,
1336 1268 1448 1338 qui,
1483 1276 1541 1322 ut
1561 1266 1630 1322 ab
1652 1265 1842 1322 ortho-

238 1359 395 1417 doxis
438 1358 829 1431 riserepabant
856 1359 912 1414 in
940 1375 1009 1447 eo
1034 1359 1179 1432 quod
1210 1359 1397 1417 Jesum
1421 1374 1544 1417 esse
1569 1358 1845 1416 Christum

238 1451 511 1525 negarint,
542 1452 619 1508 ita
647 1460 703 1508 et
730 1450 786 1509 in
816 1466 884 1508 eo
910 1452 1150 1508 vicissim
1178 1468 1210 1508 a
1249 1452 1475 1519 ludatis,
1507 1452 1651 1525 quod
1681 1452 1843 1509 Chri-

237 1553 378 1603 stum
410 1545 871 1617 qualemcumque
911 1545 1064 1601 illum
1094 1545 1396 1614 tinxissent,
1425 1547 1640 1603 venisse
1666 1554 1844 1602 tamen

234 1637 594 1698 crediderint.
618 1638 694 1695 ita
717 1652 851 1712 ergo
866 1639 1051 1697 Jesum
1075 1640 1369 1713 Apostolus
1381 1640 1654 1698 Christum
1677 1640 1845 1698 fuisse

233 1732 627 1800 conﬁrmavit,
679 1731 826 1805 quod
878 1740 989 1789 tam
1034 1748 1131 1804 per
1175 1732 1493 1805 sanguinem
1539 1748 1699 1805 quam
1745 1748 1847 1805 per

1950 513 2025 570 Ita
2057 521 2238 588 itaque
2262 531 2330 573 ex
2356 518 2598 574 locorum
2631 518 2913 576 occasione
2939 518 2996 575 in
3021 519 3216 592 quibus
3242 535 3396 592 aqum
3422 537 3550 579 san-

1946 608 2232 680 guinisque
2256 610 2584 667 mentionem
2616 612 2799 667 retulit
2826 613 2930 668 huc
2943 600 3328 684 Tertullianus,
3346 624 3547 674 etcum

1948 698 2283 758 Tertulliano
2315 713 2472 759 vetus
2519 704 2609 759 illa
2656 704 3012 777 proculdubio
3058 708 3325 778 Ecclesia,
3351 709 3550 783 colligi-

1949 808 2091 864 mus,
2119 809 2230 851 non
2261 795 2427 852 alium
2461 797 2644 869 utique
2688 799 3004 871 sanguinem
3051 815 3213 874 quam
3252 800 3549 874 baptisma-

1949 886 2055 941 lcm
2083 900 2206 943 esse
2230 885 2660 958 intelligendum.

2022 978 2248 1052 gf].—
2279 982 2348 1036 At
2374 984 2671 1052 aequivoee,
2703 983 2935 1055 inquies,
2955 986 3257 1043 communis
3276 994 3395 1045 erat
3414 988 3545 1062 δερ-

1948 1072 2093 1129 tismi
2117 1073 2206 1129 illa
2236 1074 2377 1131 ratio
2403 1091 2577 1147 aquae,
2605 1078 2857 1150 sanguini
2886 1089 3049 1152 atque
3064 1079 3314 1153 Spiritui,
3343 1092 3400 1138 ut
3421 1097 3549 1156 pro-

1950 1166 2076 1223 inde
2097 1183 2203 1223 non
2227 1169 2298 1223 sit
2327 1168 2471 1240 quod
2502 1186 2567 1227 ex
2598 1173 2872 1228 communi
2897 1165 2998 1229 hac
3028 1176 3281 1247 baptismi
3325 1179 3540 1236 ratione

1949 1257 2246 1316 inferamus
2297 1264 2578 1333 sanguinei
2630 1274 2791 1336 atque
2837 1268 2994 1337 aquei
3045 1268 3296 1340 baptismi
3342 1270 3547 1329 fructus

1948 1351 2169 1409 eosdem
2193 1368 2321 1411 esse
2347 1357 2733 1427 expectandos.
2759 1358 2815 1414 id
2839 1374 2907 1415 ne
2934 1358 3163 1428 dicatur,
3196 1364 3547 1423 observamus

1949 1455 2211 1517 praeterea
2237 1456 2430 1518 quarto
2460 1448 2513 1504 in
2558 1451 2679 1522 ipso
2707 1451 2801 1509 illo
2831 1452 3146 1510 initiationis
3191 1455 3546 1524 expiationis-

1951 1552 2057 1609 que
2086 1538 2217 1608 ritu,
2251 1542 2337 1596 cui
2367 1553 2715 1612 peccatorum
2747 1545 2893 1600 illam
2939 1548 3313 1619 purgationem
3343 1548 3548 1608 tribue-

1947 1632 2082 1689 bant
2105 1642 2340 1700 veteres,
2372 1643 2479 1690 tam
2508 1635 2845 1709 frequentem
2878 1638 3048 1697 fuisse
3089 1642 3235 1713 apud
3275 1641 3396 1700 illos
3423 1659 3549 1700 san-

1946 1725 2124 1796 guinis
2171 1742 2333 1798 quam
2377 1743 2757 1799 aqum,usum.
2788 1731 2846 1788 in
2893 1740 3119 1803 utraque
3165 1734 3255 1791 illa
3308 1744 3415 1791 tam
3454 1735 3552 1793 Ju-

233 1840 436 1898 aquam
462 1825 698 1893 venerit,
726 1824 783 1881 in
810 1839 878 1882 eo
905 1841 1103 1898 nempe
1131 1841 1342 1899 ponens
1360 1825 1644 1897 emphasin
1675 1836 1842 1898 atque
1870 1828 1920 1891 Β
1947 1817 2214 1887 deorum,
2246 1835 2409 1891 quam
2459 1820 2776 1888 Gentilium,
2818 1823 3121 1881 initiatione
3156 1826 3545 1884 sacrificiorum

234 1920 548 1992 argumenti
578 1918 715 1986 vim,
742 1919 891 1991 quod
908 1935 1017 1976 non
1038 1921 1093 1975 in
1121 1935 1259 1992 aqua
1289 1921 1466 1977 solum
1485 1920 1718 1986 venerit,
1743 1919 1840 1976 sed

234 2014 288 2073 in
339 2028 490 2086 aqua
518 2020 579 2069 et
633 2014 930 2084 sanguine,
963 2013 1109 2085 quod
1159 2013 1416 2069 nimirum
1454 2012 1607 2069 illum
1650 2012 1719 2068 de
1747 2010 1843 2067 ad-

232 2116 399 2164 ventu
445 2106 505 2163 in
548 2120 689 2177 aqua
718 2115 1039 2177 praetextum
1070 2121 1174 2164 nec
1203 2106 1601 2178 pseudocbristi
1623 2105 1840 2178 quidem

234 2200 593 2274 abiecissent,
622 2200 941 2272 sanguinem
986 2199 1271 2257 dumtaxat
1300 2201 1441 2257 inter
1469 2199 1734 2256 adventus
1758 2200 1842 2256 sui

233 2295 381 2367 signa
415 2309 532 2352 non
564 2291 943 2350 adhibuissent
968 2292 1112 2363 (cum
1142 2308 1244 2350 nec
1269 2293 1372 2365 ipsi
1415 2292 1720 2349 antichristi
1741 2306 1842 2364 pa-

233 2388 431 2456 tiendi,
464 2400 565 2445 seu
616 2386 950 2459 exemplum,
981 2401 1081 2444 seu
1109 2387 1273 2444 etiam
1313 2386 1730 2455 institutionem,
1755 2386 1842 2442 di-

233 2482 465 2554 scipulis
491 2479 843 2553 edidissent),
864 2497 969 2552 qua
999 2481 1119 2553 ipsa
1164 2481 1375 2538 ratione
1422 2480 1546 2537 illos
1594 2480 1788 2553 prohat
1812 2495 1843 2537 a

232 2576 434 2634 Christi
464 2590 588 2634 esse
640 2576 863 2636 nomine
890 2575 1281 2645 excludendos,
1327 2577 1420 2649 qui
1450 2584 1739 2650 utrumque
1769 2576 1844 2633 si-

232 2685 398 2742 gnum
433 2669 702 2728 adhibere
729 2669 1004 2728 debuerit.

299 2766 328 2839 ς
344 2764 521 2823 16.-
534 2764 649 2823 Nec
657 2765 768 2822 alio
782 2765 1126 2823 referendum
1141 2764 1396 2822 existimo
1409 2766 1576 2837 quod,
1592 2765 1649 2821 in
1663 2764 1842 2822 Evan-

233 2859 397 2931 gelio,
417 2858 638 2932 signum
669 2858 802 2915 illud
827 2858 898 2915 de
927 2874 1066 2930 aqua
1096 2868 1154 2916 et
1172 2860 1434 2931 sanguine
1460 2875 1493 2915 e
1522 2858 1709 2915 lateris
1728 2860 1845 2916 vul—

234 2967 362 3010 nere
403 2951 468 3008 in
507 2966 676 3009 cruce
704 2952 1051 3009 manantibus
1100 2960 1384 3024 tantopere
1413 2952 1842 3009 conﬁrmandum

234 3044 535 3102 crediderit
568 3045 883 3117 Apostolus,
915 3047 1070 3119 quasi
1116 3046 1183 3102 de
1229 3063 1297 3105 eo
1342 3046 1534 3103 fuisset
1574 3047 1842 3103 maximo-

232 3153 357 3209 pere
420 3136 752 3195 dubitatum.
810 3137 880 3194 Et
940 3140 1027 3211 qui
1088 3139 1261 3207 uidit,
1320 3141 1538 3212 inquit,
1599 3140 1844 3196 testimo-

1945 1925 2101 1968 usum
2114 1912 2489 1970 intercessisse
2514 1925 2768 1971 nomoest
2789 1917 2917 1987 quin
2940 1917 3548 1982 facile:concedat.Nota

1945 2013 2032 2061 est
2057 2005 2201 2077 apud
2238 2005 2457 2063 Judaios
2493 2008 2655 2064 etiam
2709 2010 3065 2068 rabbinorum
3108 2013 3197 2069 illa
3235 2016 3546 2076 observatio

1945 2112 2053 2167 qua
2111 2097 2215 2154 tria
2258 2097 2444 2155 dicunt
2498 2100 2553 2156 in
2590 2102 2976 2175 proselytismo
3027 2118 3149 2163 esse
3176 2107 3544 2182 observanda,

1945 2191 2451 2261 circumeisionem,
2527 2196 2855 2252 sacrificium
2900 2206 3062 2271 atque
3107 2200 3455 2272 baptismum.
3482 2200 3551 2262 Et

1948 2300 2079 2343 vero
2104 2286 2356 2344 sacriﬁcii
2384 2288 2561 2346 vicem
2590 2292 2934 2361 sustinuisse,
2966 2286 3033 2350 ex
3054 2303 3298 2352 veterum
3326 2307 3547 2357 senten-

1949 2380 2043 2443 tia.
2073 2382 2395 2455 martyrium
2420 2383 2535 2455 jam
2559 2385 2930 2456 probavimus.
2957 2388 3137 2445 Porro
3166 2398 3365 2462 praeter
3384 2394 3552 2451 sacri—

1948 2474 2195 2531 ﬁciorum
2210 2478 2551 2549 sanguinem,
2570 2494 2639 2537 ne
2659 2479 2711 2536 id
2724 2481 2943 2553 quidem
2957 2490 3073 2539 erat
3093 2498 3125 2538 a
3149 2488 3420 2543 communi
3447 2478 3549 2544 ini-

1948 2569 2229 2625 tiationutn
2256 2585 2357 2628 usu
2381 2573 2617 2631 alienum
2640 2583 2699 2630 ut
2718 2588 2875 2632 suum
2903 2592 3118 2649 quoque
3140 2580 3455 2649 sanguinem
3479 2581 3547 2637 ad

1948 2664 2030 2720 sui
2059 2666 2423 2737 expiationem
2452 2668 2794 2727 adhiberent.
2839 2669 3056 2728 Clarum
3086 2673 3224 2730 illud
3261 2684 3344 2731 est
3369 2675 3421 2731 in
3443 2676 3547 2733 cir-

1948 2759 2282 2817 cumcisionc
2320 2760 2463 2832 apud
2497 2761 2716 2819 Judaeos
2761 2766 3094 2837 exemplum.
3130 2766 3236 2825 Sed
3265 2777 3320 2824 et
3347 2769 3399 2824 in
3428 2768 3546 2825 Bel-

1948 2853 2089 2909 lonae
2136 2855 2310 2912 initiis
2355 2858 2670 2929 sanguinem
2716 2860 2978 2916 emissum
3018 2876 3139 2918 esse
3180 2861 3439 2919 discimus
3477 2877 3543 2920 ex

1948 2945 2282 3003 Tertulliano
2331 2948 2647 3023 (Αροεοῃσιη
2693 2965 2745 3008 c.
2776 2951 2839 3027 8)
2894 2969 2908 3007 :
2952 2951 3147 3023 Hodie,
3197 2954 3391 3026 inquit,
3423 2955 3544 3014 istic

1948 3042 2185 3099 Bellona:
2232 3053 2476 3102 sacratus
2530 3047 2749 3119 sanguis
2802 3047 2871 3104 de
2917 3048 3123 3106 temore
3173 3030 3443 3122 proscisso
3485 3053 3540 3109 in

1948 3137 2245 3207 palmulam
2270 3149 2532 3210 exceptus
2559 3140 2670 3196 suis
2699 3141 2858 3197 datur
2907 3143 3150 3213 signatis.
3184 3144 3437 3218 Ejusdem
3468 3147 3541 3203 ri-

234 3231 379 3286 nium
420 3231 723 3302 perhibuit,
754 3240 809 3288 et
832 3246 1016 3288 verum
1071 3242 1155 3288 est
1207 3234 1552 3288 testintouium
1607 3236 1737 3305 ejus.
1775 3233 1840 3289 Et
1867 3237 1913 3300 C
1948 3239 2036 3287 tus
2088 3232 2454 3291 meminerunt
2490 3245 2546 3291 et
2593 3234 2703 3290 alii.
2737 3234 2873 3291 Cum
2919 3245 3098 3293 tamen
3140 3240 3214 3295 ita
3258 3237 3459 3294 scribat
3488 3240 3541 3295 in

232 3324 317 3379 ille
338 3327 446 3382 scit
485 3326 610 3398 quia
639 3342 758 3381 uera
800 3326 957 3394 dicit,
983 3338 1039 3382 ut
1084 3338 1133 3384 et
1178 3345 1265 3383 vos
1303 3329 1837 3403 credatis(S.Joan.,

234 3432 355 3485 xtx,
382 3416 505 3492 55).
536 3417 600 3476 Ni
640 3420 872 3490 quaistio
897 3419 1091 3477 fuisset
1116 3421 1258 3477 inter
1275 3420 1502 3477 aemulos
1518 3420 1734 3489 Christi,
1753 3438 1838 3492 ea,

233 3528 331 3583 qua
362 3512 527 3579 dixi,
562 3513 976 3570 ratiocinatione
1026 3513 1403 3583 terminanda,
1454 3515 1560 3572 alia
1601 3516 1842 3586 profecto

235 3608 451 3666 Domini
481 3609 743 3666 miracula
761 3610 975 3668 abunde
995 3610 1116 3682 ejus
1132 3625 1163 3667 a
1194 3620 1342 3682 patre
1367 3611 1679 3669 missionem
1701 3627 1835 3671 con-

238 3701 581 3761 ﬁrmassent.
611 3703 814 3760 Eorum
844 3713 1025 3761 tamen
1063 3704 1447 3760 miraculorum
1468 3712 1635 3762 testes
1661 3706 1840 3764 nullos

237 3797 485 3865 protulit,
516 3796 721 3854 nedum
756 3805 905 3853 tanta
961 3797 1070 3863 illa,
1105 3812 1211 3869 qua
1252 3797 1339 3853 hic
1393 3812 1524 3855 usus
1551 3810 1654 3867 est,
1687 3814 1838 3858 asse-

233 3891 545 3948 veratione.
580 3889 719 3958 Quid
755 3890 900 3962 quod
924 3893 1091 3948 verba
1123 3893 1234 3960 illa,
1265 3901 1323 3948 ut
1348 3901 1535 3961 ctvos,
1557 3895 1839 3965 emphasin

238 3985 535 4058 quamdam
578 3984 812 4042 habeant
840 3986 1116 4052 eximiam,
1146 3986 1351 4057 reliqua
1388 3986 1642 4043 nimirum
1673 3990 1841 4043 mira-

233 4079 348 4136 cula
376 4078 687 4137 inﬁdelium
709 4094 873 4137 causa
895 4079 1060 4137 fuisse
1091 4090 1200 4136 tam
1244 4081 1409 4150 edita,
1433 4096 1594 4152 quam
1625 4083 1840 4154 scriptis

235 4175 395 4232 etiam
424 4174 785 4246 consignata;
810 4174 916 4231 hoc
940 4190 1107 4232 unum
1130 4174 1253 4229 aliis
1267 4175 1491 4232 omnino
1513 4175 1839 4233 adversariis

235 4267 401 4325 fuisse
428 4266 766 4325 destinatum
797 4268 904 4324 illis
924 4268 1182 4324 nimirum
1209 4282 1442 4340 quorum
1465 4269 1636 4340 gratia
1664 4270 1838 4341 serip-

241 4368 353 4418 tum
393 4360 594 4418 inisset
620 4360 993 4433 Evangelium,
1015 4361 1457 4417 antichristorum
1517 4363 1838 4419 aemulorum

235 4453 630 4511 asaertoribus.
667 4452 838 4511 Recte
867 4454 1051 4525 itaque
1072 4452 1214 4510 hanc
1242 4454 1520 4526 sanguinis
1546 4456 1753 4526 pariter
1774 4469 1838 4512 ac

234 4564 386 4621 aqua
410 4563 448 4606 e
473 4546 680 4605 Christi
733 4547 905 4605 latere
948 4547 1299 4604 emissionem
1319 4589 1334 4613 ,
1362 4555 1525 4620 atque
1565 4548 1836 4620 duplicem

1945 3321 2247 3391 Commodo
2270 3340 2371 3381 suo
2394 3325 2757 3397 Lampridius,
2789 3347 2807 3381 ι
2838 3326 3073 3384 Bellona:
3096 3330 3393 3385 servientes
3418 3345 3544 3386 vere

1945 3430 2207 3472 exsecare
2236 3417 2518 3474 brachium
2547 3422 2807 3491 pmepit
2827 3461 2843 3487 ,
2881 3438 2901 3474 ι
2933 3422 3137 3493 colligit
3191 3421 3543 3481 Casaubonus

1948 3508 2264 3581 plerumque
2308 3510 2431 3566 ficta
2469 3518 2525 3568 et
2553 3512 2803 3568 simulata
2856 3520 3067 3570 tantum
3122 3513 3289 3571 fuisse
3315 3513 3540 3572 vulnera

1944 3601 2397 3661 Beilonariorum.
2419 3604 2501 3661 Eo
2525 3615 2791 3662 venerunt
2814 3606 3048 3663 fortasse
3069 3608 3406 3665 mollioribus
3426 3609 3540 3665 suis

1946 3697 2493 3768 interpretatiunculis
2549 3699 2767 3757 fanatici
2819 3700 3172 3758 recentiores.
3211 3701 3318 3757 Sed
3348 3718 3536 3759 verum

1946 3788 2115 3848 fuisse
2163 3793 2440 3864 sanguinis
2480 3794 2831 3850 emissionem
2878 3810 2995 3867 quze
3047 3794 3118 3850 ab
3144 3795 3539 3868 antiquioribus

1946 3881 2250 3941 introducta
2297 3894 2407 3952 est,
2437 3894 2494 3941 et
2531 3903 2721 3944 verum
2752 3888 2897 3944 illam
2922 3904 3047 3961 quae
3092 3905 3125 3944 a
3156 3889 3413 3946 militibus
3438 3889 3538 3944 oh—

1944 3987 2163 4035 servata
2182 3989 2265 4036 est
2290 3980 2527 4038 Bellona
2554 3981 2798 4050 initiatis,
2822 3997 2855 4040 e
2883 3983 3195 4055 supradicto
3221 3982 3539 4041 Tertulliani

1943 4067 2069 4127 loco
2094 4071 2403 4143 colligimus
2431 4085 2592 4145 atque
2621 4072 2852 4146 Vegetii,
2874 4075 3213 4146 aliorumque
3238 4076 3541 4147 plerorum~

1942 4177 2051 4233 quo
2062 4163 2155 4234 qui
2167 4163 2326 4235 hujus
2338 4166 2475 4223 ritus
2489 4167 2870 4226 meminerunt.
2885 4168 2955 4225 Et
2972 4184 3105 4225 vero
3117 4171 3541 4227 vetustissimum

1942 4253 2113 4315 fuisse
2136 4256 2289 4314 illum
2319 4258 2652 4318 lustrationis
2686 4276 2894 4320 morem
2924 4276 3022 4335 per
3067 4266 3343 4336 sanguinis
3382 4266 3542 4323 emis-‘-

1943 4350 2152 4410 sionem
2170 4366 2203 4409 e
2226 4353 2642 4425 quamplurimis
2663 4357 3185 4429 constatSoripturse
3204 4359 3340 4415 iocis
3360 4358 3537 4430 ειη,

1941 4459 2060 4512 mi,
2090 4443 2200 4512 28;
2228 4444 2410 4514 Deut...
2440 4464 2551 4515 xiv,
2582 4449 2609 4504 ί
2639 4465 2655 4516 ;
2684 4449 2707 4505 Ι
2736 4449 2891 4522 ng.,
2926 4466 3080 4519 xvnl,
3108 4451 3181 4508 $8
3205 4458 3227 4519 ;'
3252 4451 3391 4520 leta,
3425 4466 3535 4520 xvr,

1942 4536 1997 4595 6.
2017 4536 2096 4598 ita
2121 4554 2317 4611 nempe
2345 4535 2588 4609 Baaiitc,
2608 4542 2681 4598 ita
2706 4542 2845 4603 Galli
2873 4543 3129 4617 (quorum
3154 4545 3301 4602 diem
3327 4558 3541 4603 sacrum

235 4641 377 4701 hunc
420 4656 582 4714 aqua
636 4642 1017 4714 sanguinisque
1055 4634 1405 4712 baptismum,
1432 4641 1626 4699 eodem
1655 4643 1839 4699 retulit

1947 4646 1997 4687 ix
2021 4630 2134 4691 kal.
2185 4633 2344 4704 april.
2392 4650 2555 4706 quem
2605 4644 2662 4695 et
2687 4639 2965 4710 sanguinis
2991 4638 3139 4697 diem
3174 4640 3539 4714 appellabant,

234 4734 630 4795 Tertullianus.
657 4732 813 4802 Quod
840 4733 982 4790 enim
1014 4734 1276 4791 adversus
1323 4734 1545 4790 eosdem
1588 4734 1841 4791 adversus

233 4830 345 4887 rios
382 4828 698 4900 censeripta
740 4835 925 4885 essent
970 4828 1039 4884 ab
1065 4828 1345 4899 Apostolo,
1378 4828 1505 4885 inde
1535 4843 1681 4885 sane
1709 4829 1843 4886 veri-

234 4921 413 4981 simile
438 4928 527 4979 est
579 4920 776 4979 eodem
804 4935 927 4977 esse
953 4918 1261 4977 referenda.
1293 4919 1362 4976 Et
1383 4921 1509 4993 quia
1536 4935 1660 4977 cum
1686 4935 1840 4993 aquae

234 5025 289 5074 et
355 5017 601 5089 Spiritus
676 5015 960 5088 baptismis
1020 5017 1096 5073 ita
1158 5016 1380 5088 sanguis
1443 5015 1513 5073 ab
1580 5016 1841 5087 Apostolo

233 5110 277 5185 (l
300 5111 492 5180 locum,
515 5127 575 5177 v,
599 5108 657 5183 8)
686 5109 985 5178 confertur,
1012 5118 1072 5166 ut
1097 5110 1214 5180 ipse
1259 5109 1554 5167 ternarium
1579 5122 1703 5166 cum
1731 5109 1840 5167 iiiis

234 5221 522 5263 numerum
551 5204 1035 5276 conﬁciat;plane
1084 5204 1328 5275 sequitur
1377 5204 1628 5275 baptismi
1674 5204 1839 5261 etiam

234 5300 504 5359 rationem
533 5297 783 5372 sanguini
808 5313 931 5356 eum
963 5312 1099 5368 aqua
1122 5297 1289 5355 tuisse
1307 5310 1674 5365 communem.
1700 5297 1838 5368 Quia

233 5392 399 5455 etiam
421 5408 491 5451 ex
516 5408 672 5465 aqua:
692 5401 749 5449 et
773 5390 1053 5464 sanguinis
1068 5390 1360 5457 emissione
1385 5390 1461 5449 ita
1489 5389 1837 5447 antichristus

231 5485 434 5553 refutat
460 5487 520 5553 in
566 5484 859 5557 Evangelia
886 5483 1027 5542 utin
1057 5483 1286 5555 epistola
1312 5483 1571 5541 refutaret
1615 5498 1715 5555 per
1736 5484 1837 5541 ad.

234 5591 461 5643 ventu
506 5582 563 5641 in
593 5595 734 5652 aqua
770 5590 825 5637 et
864 5580 1129 5650 sanguine
1157 5597 1172 5635 :
1204 5579 1450 5650 sequitur
1478 5586 1760 5648 prmtema,
1790 5580 1839 5637 si

236 5675 293 5737 in
314 5673 548 5748 epistola
578 5689 677 5748 per
698 5674 1012 5747 sanguinem
1039 5674 1338 5746 baptismus
1363 5673 1641 5745 sanguinis
1671 5675 1836 5732 intel-

237 5768 489 5842 ligendus
530 5769 631 5839 sit,
680 5768 736 5827 in
761 5768 1056 5827 emissione
1094 5766 1257 5826 etiam
1302 5766 1397 5826 illa
1424 5781 1581 5839 aqua;
1619 5774 1678 5824 et
1702 5778 1834 5824 san-

226 5860 435 5935 guinis,
462 5878 587 5938 quae
635 5863 693 5925 in
734 5861 1030 5936 Evangelia
1077 5870 1442 5933 memoratur,
1486 5876 1640 5935 θρα
1668 5861 1834 5924 etiam

1946 4735 2214 4787 memorat
2242 4728 2298 4784 in
2327 4729 2395 4785 Ι).
2435 4728 2661 4787 Claudio
2695 4730 3004 4789 Trebellius
3030 4733 3226 4805 Pollio,
3258 4748 3540 4807 perperam

1943 4821 2090 4877 enim
2136 4836 2201 4879 ea
2229 4821 2297 4879 ad
2345 4822 2625 4880 Bellonam
2670 4826 2859 4883 retulit
2907 4825 3276 4896 Casaubonus,
3327 4844 3449 4900 qure
3472 4827 3541 4884 ad

1940 4931 2192 4987 magna
2214 4927 2452 4975 matrem
2479 4902 2601 4991 ipse
2620 4920 2802 4978 retulit
2823 4921 3173 4996 ll‘rubellius),
3201 4923 3274 4979 ita
3299 4921 3453 4977 isiaei
3484 4928 3542 4978 et

1939 5012 2170 5085 Luperci
2193 5012 2373 5086 ﬂagris
2407 5029 2529 5071 sese
2566 5018 2915 5088 pectorumve
2937 5018 3275 5073 tnnsienlbus
3302 5016 3444 5072 male
3472 5015 3540 5071 ad

1940 5108 2219 5180 sanguinis
2242 5110 2555 5167 missionem
2574 5124 2747 5183 usque
2768 5113 3319 5170 mulctantes.Eodem
3335 5111 3541 5167 scilicet

1940 5203 2191 5273 exemplo
2238 5219 2345 5276 quo
2394 5219 2490 5260 sua
2519 5221 2734 5279 quoque
2780 5221 2903 5265 cum
2951 5206 3288 5265 dm‘nionihus
3336 5196 3539 5262 rosum

1940 5296 2209 5355 Veneﬁca:
2235 5301 2396 5357 etiam
2418 5302 2681 5374 sanguine
2707 5302 2963 5360 dicuntur
2986 5301 3149 5358 hodie
3169 5301 3400 5357 sancire.

2012 5392 2041 5465 §
2068 5392 2235 5448 £8.—-—
2253 5392 2441 5466 Neque
2456 5409 2589 5452 vero
2607 5396 2883 5456 initiorum
2912 5397 3190 5453 dumtmt
3216 5394 3389 5450 vicem
3412 5408 3541 5467 sup.

1941 5485 2121 5557 plebat
2175 5487 2513 5559 baptismus,
2567 5490 2710 5562 pacti
2743 5492 2910 5546 etiam
2959 5489 3102 5544 illam
3143 5487 3440 5544 obtinebat.
3468 5489 3542 5546 At

1940 5580 2329 5651 miscentium
2352 5596 2565 5655 quoque
2594 5594 2712 5639 mos
2736 5592 2853 5639 erat
2882 5597 2979 5638 suo
3007 5582 3245 5638 invicem
3272 5584 3537 5656 sanguine

1940 5673 2144 5731 findere
2190 5677 2422 5732 sancire.
2454 5677 2532 5732 ita
2576 5675 3043 5733 circumeisionem
3087 5689 3243 5732 suam
3271 5676 3539 5749 intellige-

1939 5769 2069 5827 bant
2095 5769 2288 5831 Ιυόωἰ.
2311 5770 2467 5827 Unde
2501 5771 2663 5827 etiam
2709 5769 2799 5842 qui
2824 5776 2984 5841 pacto
3027 5770 3269 5827 mosaico
3296 5780 3394 5844 per
3417 5784 3533 5826 sane

1938 5865 2163 5937 guinem
2192 5864 2437 5924 initiatus
2455 5863 2667 5936 inisset,
2689 5878 2834 5936 ctua,
2854 5878 2957 5936 pro
2980 5864 3215 5938 receptis
3230 5864 3545 5921 Judmom
