3994 6318
415 271 487 329 65
619 263 632 273 ’
1409 267 1776 326 DODWELLI
1816 264 2270 323 DISSERTATIO
2308 266 2724 332 CYPRIANICA
3653 273 3723 334 64

417 392 678 462 moribus,
699 397 811 482 tm
851 398 1000 450 nam
1028 390 1356 463 appellatum
1383 390 1448 448 ad
1480 390 1678 459 Exod.,
1710 406 1782 457 tv,
1807 389 1898 456 26,
1923 389 2020 444 oh-
2049 387 2099 448 Α
2128 384 2264 440 irato
2317 386 2538 444 numine
2583 389 2771 459 patria:
2815 390 3091 449 calamitas
3121 406 3245 464 qntc
3288 394 3580 450 multorum
3607 397 3724 452 exi-

421 495 708 546 servarunt
753 484 936 542 Medus
991 495 1153 558 atque
1195 485 1512 559 Gregorius,
1544 495 1598 541 et
1646 494 1769 540 ante
1827 483 1944 539 illos
1969 483 2018 537 in

418 579 622 638 Lexico
653 595 752 637 suo
790 578 1166 636 Schindlerus.
1198 579 1342 636 hiem
1399 580 1450 634 in
1503 578 1779 650 gentilium
1808 591 2019 648 quoque

421 675 596 747 pactis
624 673 873 741 obtinuit,
906 689 1138 746 quorum
1175 673 1427 744 equidem
1452 671 1764 727 memoriam
1789 670 2020 740 aliquam

423 765 587 824 hodie
627 766 944 837 retinemus,
978 768 1386 840 antiquissimis.
1423 767 1498 823 De
1528 765 1694 822 Medis
1719 775 1879 836 atque
1918 763 2022 836 Ly-

425 859 509 917 dis
533 869 723 917 auctor
765 870 845 917 est
899 862 952 917 in
997 862 1114 918 Clio
1161 860 1481 930 Herodotus,
1525 858 1669 938 ὅρκια
1699 859 1754 916 δὲ
1790 861 2020 915 ποιέεται

420 960 594 1012 ταῦτα
617 955 686 1012 τὰ
718 953 865 1033 ἔθνεα
909 957 1132 1034 τάπιρτε
1177 955 1405 1017 Eumer
1450 960 1537 1011 καὶ
1581 956 1711 1032 πρὸς
1749 956 1840 1009 τοὺ
1894 971 2027 1006 τοισι

423 1052 578 1107 ἐπεὰν
606 1052 728 1113 τοὺς
749 1051 1041 1129 βραχίονας
1071 1050 1440 1126 ἐπιτάμωνται.
1464 1072 1515 1113 ις
1537 1055 1627 1109 τήν
1649 1045 1952 1123 ὁμοχροιΐην
1972 1045 2029 1098 τὸ

426 1139 556 1218 αἷμα
595 1144 938 1218 ἀναλείχουσι
977 1146 1215 1205 ἀλλήλων.
1247 1146 1321 1202 De
1351 1144 1560 1216 Scythis
1581 1143 1632 1198 in
1663 1141 1983 1213 Melpomene
2011 1153 2029 1191 :

430 1234 582 1313 ὅρκια
624 1234 678 1290 δὲ
701 1241 970 1292 ποιοῦνται
991 1240 1172 1294 Σκύθαι
1195 1235 1290 1294 ὧδε
1309 1283 1322 1302 ,
1351 1241 1480 1315 πρὸς
1503 1239 1624 1297 τούς
1650 1229 1710 1290 ἂν
1737 1235 2026 1289 ποιέωνται·

429 1335 480 1390 ις
501 1328 684 1384 κύλικα
708 1329 929 1404 μεγάλην
958 1335 1230 1407 κεραμίνην
1258 1327 1386 1388 οἶνον
1410 1332 1708 1404 ἐγχέαντες,
1740 1325 1870 1401 αἷμα
1891 1350 2026 1398 συμ-

427 1425 676 1498 μίσγουσι
700 1431 801 1480 τῶν
837 1427 902 1480 τὰ
929 1423 1076 1502 ὅρκια
1106 1428 1449 1500 ταμνομένων.
1486 1425 1560 1480 De
1587 1425 1777 1480 iisdem
1815 1423 2032 1494 Scythis

427 1523 592 1586 atque
620 1514 791 1572 Medis
834 1515 904 1570 ita
946 1515 1204 1574 Solinus:
1243 1535 1262 1570 ι
1295 1517 1502 1572 Haustu
1547 1518 1721 1574 mutui
1751 1518 2030 1590 sanguinis

427 1606 606 1664 fmdus
638 1609 906 1674 sanciunt,
937 1625 1044 1666 non
1074 1624 1175 1666 suo
1207 1620 1410 1667 tantum
1434 1626 1607 1676 more,
1633 1610 1728 1666 sed
1751 1610 2027 1667 Medorum

427 1713 645 1772 quoque
679 1711 932 1772 usurpata
959 1701 1262 1773 disciplina.
1303 1722 1322 1756 ι
1359 1703 1668 1776 (Polyhist.,
1718 1718 1771 1760 c.
1802 1704 1920 1775 νο.)
1961 1703 2030 1759 Ει

2135 481 2270 537 tium
2297 482 2650 552 epidetnicum
2680 485 2998 554 minaretur,
3045 488 3337 544 multorum
3371 489 3493 544 vita:
3521 503 3723 560 pauco-

2130 593 2248 632 rum
2304 587 2460 634 erant
2511 581 2771 652 sanguine
2815 582 3178 648 redimendae,
3219 585 3332 639 sive
3382 583 3426 639 is
3457 585 3724 640 sacriﬁcio

2130 679 2292 737 esset,
2319 672 2432 728 sive
2457 673 2563 728 alio
2593 674 2771 742 aliquo
2811 674 2970 730 modo
2998 674 3344 733 hauriendus.
3369 676 3501 733 Eam
3531 680 3725 754 ἀνθρω-

2138 768 2405 834 ποθυσίας,
2437 767 2577 838 apud
2605 768 2891 824 thuicas
2920 769 3180 824 rationem
3203 768 3436 826 reddidit
3464 769 3590 842 (Ap.
3621 769 3728 824 Eu-

2131 857 2256 924 seb.,
2277 856 2453 932 Prwp.
2479 861 2855 933 evang.,t,10;
2880 877 2950 928 tv,
2972 860 3040 918 16
3059 879 3074 920 :
3093 861 3458 934 Porpltyr.,de
3472 862 3642 930 Abst.,
3668 879 3725 929 ιι,

2133 949 2246 1022 liti),
2269 952 2408 1022 apud
2438 953 2714 1010 Philonem
2745 955 3006 1028 Byblium,
3037 955 3243 1011 Pseudo
3275 957 3728 1030 Sanchoniathon

2131 1053 2338 1112 auctor,
2370 1055 2426 1100 ut
2455 1047 2614 1118 vulgo
2641 1049 2899 1114 creditur,
2923 1051 3333 1107 vetustissimus.
3363 1049 3619 1108 Eamdem
3647 1051 3734 1108 di—

2130 1147 2258 1193 cunt
2290 1137 2552 1194 rationem
2597 1143 2889 1214 mytlmlogi
2935 1159 3031 1200 cur
3075 1144 3316 1217 Phryrus
3364 1155 3419 1202 et
3451 1145 3602 1202 Helle
3633 1160 3728 1200 sa-

2131 1232 2337 1287 criﬁcio
2362 1233 2784 1302 destinarentur,
2817 1252 2936 1293 cum
2968 1248 3124 1294 terra:
3153 1239 3409 1296 sterilitas
3443 1240 3542 1314 (ita
3571 1240 3733 1296 enim

2134 1324 2443 1382 Athamanti
2468 1331 2733 1398 persuasit
2761 1329 2878 1402 lno)
2903 1332 3094 1386 famem
3127 1332 3442 1388 minaretur.
3467 1332 3734 1388 Eamdem

2132 1433 2231 1473 cur
2256 1417 2450 1474 Leonis
2497 1419 2643 1488 ﬁliae,
2675 1435 2772 1477 cur
2820 1423 3185 1492 Andromeda,
3233 1439 3328 1480 cur
3353 1424 3546 1491 etiam,
3587 1423 3735 1495 apud

2133 1513 2466 1571 recentiores
2511 1515 2801 1582 Romanos,
2817 1513 3031 1573 Curtius
3057 1528 3112 1573 et
3137 1518 3249 1573 duo
3278 1518 3422 1574 Decii
3443 1533 3521 1583 se,
3547 1517 3740 1589 patriae

2133 1605 2415 1661 servanda:
2443 1608 2774 1679 augendaeve
2801 1610 3174 1680 gratia,exitio
3197 1611 3540 1670 devoverint.
3570 1612 3741 1668 Exer-

2134 1699 2273 1756 citus
2297 1703 2524 1758 salutem
2558 1703 2724 1759 voluit
2747 1706 3116 1775 Agamemnon
3150 1704 3424 1778 Iphigenia
3456 1705 3562 1760 tilia
3585 1720 3683 1760 sua
3719 1722 3736 1771 ;

431 1805 562 1849 vero
585 1792 818 1849 aliorum
846 1793 1219 1864 barbarorum,
1244 1810 1472 1867 quorum
1495 1795 1612 1852 haec
1633 1805 1847 1867 recepta
1869 1795 2032 1852 fuerit
2058 1789 2107 1850 B
2139 1793 2308 1849 voluit
2328 1805 2382 1851 et
2409 1795 2563 1850 hoste
2604 1796 2898 1868 Polyxena,
2927 1796 3259 1854 immolanda
3299 1813 3534 1854 servare.
3571 1795 3740 1853 Multa

432 1887 788 1956 consuetudo,
813 1890 1180 1946 meminerunt
1208 1890 1448 1947 historici
1478 1891 1641 1947 etiam
1675 1890 2027 1947 recentiores.

431 1982 766 2054 Quamquam
781 1991 836 2040 et
854 1984 908 2040 in
930 1984 1036 2040 illis
1052 1999 1268 2056 quoque
1295 1985 1572 2041 hrutorum
1589 1984 1870 2041 sacriﬁciis
1889 1984 2031 2040 idem

433 2074 764 2133 intellexisse
781 2077 1017 2149 gentiles
1032 2078 1389 2136 ostenderunt
1416 2079 1585 2135 nostri
1605 2079 1866 2136 adversus
1892 2080 2030 2135 soci-

432 2168 644 2231 nianos.
678 2168 955 2226 hominum
985 2170 1156 2227 vicem
1189 2172 1426 2241 gessisse
1458 2172 1578 2228 illas
1607 2174 1886 2230 brutorum
1919 2188 2032 2228 ma-

435 2264 702 2321 ctationes
729 2265 924 2321 similia
950 2265 1050 2322 sibi
1073 2265 1500 2338 imprecantium
1527 2266 1571 2322 si
1615 2265 1778 2321 ﬁdem
1811 2263 2036 2322 fefellis-

436 2368 584 2416 sent.
615 2357 757 2430 Ergo
786 2357 874 2417 ille
901 2374 1119 2431 quoque
1147 2359 1540 2418 sacriﬁciorum
1565 2361 1784 2434 sanguis
1813 2359 2034 2416 humani

443 2459 622 2507 tamen
649 2460 769 2509 erat
805 2453 1084 2524 sanguinis
1120 2453 1389 2520 vicarius,
1435 2453 1737 2524 eodemque
1766 2464 1883 2510 erat
1916 2453 2036 2510 loco

434 2545 740 2603 censendus
760 2561 825 2604 ac
855 2548 901 2603 si
931 2548 1094 2606 homo
1123 2549 1240 2620 ipse
1287 2549 1602 2620 sanguinem
1646 2550 1918 2622 proprium
1940 2565 2037 2622 op—

436 2641 800 2713 pignorasset.
828 2640 1074 2714 Cumque
1102 2643 1302 2714 duplex
1347 2654 1494 2701 esset
1523 2643 1663 2711 haec,
1712 2660 1870 2716 quam
1899 2644 2032 2709 dixi,

443 2741 554 2790 tam
581 2733 721 2804 apud
751 2733 968 2792 Iudaeos
989 2751 1152 2806 quam
1179 2737 1427 2808 gentiles,
1458 2753 1610 2808 aqua:
1632 2747 1792 2809 atque
1820 2738 2038 2808 sangui-

435 2826 541 2890 nis,
558 2834 900 2898 peccatorum
923 2843 985 2884 ex
994 2828 1312 2899 piandorum
1325 2829 1515 2900 gratia,
1533 2839 1749 2902 recepta
1768 2830 2036 2898 luatratio;

437 2919 616 2990 major
642 2930 820 2976 tamen
864 2921 1070 2978 credita
1118 2931 1236 2989 est,
1283 2923 1558 2994 sanguinis
1587 2965 1602 2988 ,
1653 2940 1811 2996 quam
1859 2941 2036 2997 aqum,

443 3012 706 3069 efﬁcacia.
755 3013 983 3071 Leviora
1026 3015 1170 3072 enim
1218 3025 1373 3072 erant
1403 3015 1495 3072 illa
1525 3032 1644 3088 qua:
1674 3033 1828 3088 aqua:
1854 3033 2040 3089 asper-

439 3106 594 3164 sione
638 3109 903 3180 expianda
945 3110 1320 3169 crederentur.
1359 3109 1621 3168 Graviora
1665 3127 1893 3183 quaeque
1919 3127 2038 3183 quae

2137 1895 2264 1940 sunt
2315 1887 2504 1942 eodem
2554 1891 2850 1960 spectantia
2901 1891 3147 1963 exempla
3175 1907 3294 1963 qua}
3329 1892 3540 1963 plenam
3572 1891 3738 1949 ﬁdem

2136 1978 2336 2034 faciant
2374 1989 2632 2052 quantum
2674 1983 2727 2038 in
2777 1981 3029 2039 humanis
3077 1985 3393 2041 criminibus
3442 1987 3742 2059 expiandis

2136 2073 2374 2130 humano
2424 2077 2670 2148 sanguini
2703 2079 3009 2145 tribuerint,
3043 2091 3298 2150 quantum
3352 2081 3516 2137 etiam
3547 2082 3743 2153 aqueis

2137 2169 2286 2223 illum
2333 2171 2739 2228 lustrationibus
2769 2174 3118 2242 prmtulerint.
3152 2173 3305 2245 Apud
3357 2173 3582 2230 Iudaeos
3614 2174 3735 2244 ipsa

2139 2264 2479 2320 circumcisio
2507 2267 2815 2338 sanguineae
2835 2267 3056 2323 omnino
3094 2269 3413 2336 expiationis
3441 2267 3580 2341 (sive
3609 2268 3740 2340 bap-

2143 2357 2361 2414 tismum
2405 2374 2526 2414 cum
2589 2360 2814 2415 Domino
2840 2361 3116 2431 appellare
3147 2361 3323 2433 malis)
3363 2361 3535 2417 vicem
3568 2360 3743 2416 susti—

2143 2451 2326 2520 nebat,
2379 2462 2433 2507 et
2463 2452 2680 2523 quidem
2733 2453 2970 2510 humano
3018 2453 3186 2526 ipsius
3237 2455 3428 2510 initiati
3473 2455 3746 2526 sanguine

2144 2545 2420 2602 faciendae.
2452 2545 2585 2602 Cum
2615 2549 2796 2622 itaque
2821 2548 2872 2604 id
2902 2564 3063 2603 unum
3092 2549 3156 2603 ad
3185 2548 3438 2620 baptismi
3472 2551 3744 2604 rationem

2143 2639 2359 2710 proprie
2388 2650 2596 2710 spectet
2626 2650 2684 2696 ut
2711 2642 2764 2695 in
2793 2656 2859 2697 eo
2891 2651 3107 2712 peccata
3135 2641 3400 2712 expianda
3432 2641 3539 2697 sint
3565 2659 3580 2708 ;
3613 2657 3742 2699 cum

2143 2736 2326 2802 etiam,
2363 2737 2412 2791 in
2453 2751 2517 2791 ea
2553 2737 2872 2807 expiationis
2917 2736 3146 2802 ratione,
3196 2735 3440 2807 exempla
3489 2735 3745 2792 habuerit

2145 2829 2402 2884 Dominus
2431 2837 2537 2884 tam
2567 2829 2898 2895 Judazornm,
2935 2845 3092 2899 quam
3149 2830 3448 2901 gentilium,
3479 2830 3572 2901 qui
3623 2844 3747 2884 san-

2141 2921 2288 2992 guini
2323 2922 2824 2988 beneﬁcium-illud,
2859 2924 3058 2992 pariter
3088 2939 3151 2978 ac
3197 2938 3353 2994 aqua:
3395 2923 3742 2990 tribuissent,

2144 3014 2232 3084 qui
2267 3013 2500 3068 humano
2529 3015 2692 3070 etiam
2724 3015 2891 3086 ipsius
2921 3016 3110 3071 initiati
3140 3016 3404 3086 sanguini,
3433 3017 3524 3087 qui
3580 3017 3750 3086 maju-

2144 3122 2258 3161 rem
2303 3123 2514 3179 quoque
2543 3107 2842 3164 efﬁcaciam
2875 3111 3181 3180 sanguinea:
3211 3109 3509 3164 lustrationi
3537 3151 3550 3174 ,
3579 3125 3747 3179 quam

440 3197 653 3273 piacula
706 3201 822 3259 sive
870 3200 970 3277 ἄγη
1026 3203 1362 3260 habebantur
1388 3246 1402 3269 ,
1450 3204 1712 3276 sanguine
1765 3205 2039 3278 purganda
2067 3191 2112 3255 C
2148 3200 2231 3255 vel
2259 3215 2446 3271 aqueae
2495 3202 2896 3259 concessissent
2927 3222 2941 3258 :
2971 3203 3086 3258 Non
3133 3212 3249 3260 erat
3291 3218 3424 3258 sane
3450 3215 3750 3259 consenta—

440 3294 994 3354 erant.Homicidium
1025 3297 1166 3354 inter
1188 3299 1395 3370 piacula
1423 3301 1781 3356 numerabant
1804 3313 2038 3369 veteres,

439 3388 586 3460 quod
625 3390 877 3447 nimirum
928 3391 1030 3463 ipsi
1079 3403 1237 3449 terrae
1283 3393 1551 3449 maculam
1604 3394 2039 3461 inureretnnllo,

448 3492 809 3557 praeterquam
839 3487 1142 3558 sanguinis,
1174 3487 1390 3543 lavacro
1417 3487 1721 3544 eluendam.
1761 3489 1890 3558 Ejus
1941 3504 2041 3544 au-

444 3586 574 3643 tem,
599 3579 646 3634 si
674 3587 836 3636 notus
883 3579 1078 3637 fuisset
1127 3589 1336 3645 auctor,
1373 3583 1591 3653 proprio
1619 3583 1738 3654 ejus
1781 3585 2043 3655 sanguine

445 3671 716 3744 piaculum
739 3674 1029 3745 expiabant
1053 3692 1068 3741 ;
1095 3675 1178 3731 sin
1211 3675 1477 3742 latuisset,
1507 3691 1682 3732 vacca:
1704 3678 1962 3748 sanguine
1991 3679 2042 3734 in

448 3767 571 3824 loco
595 3768 959 3826 immolandze.
985 3769 1172 3840 Neque
1200 3785 1331 3826 vero
1357 3771 1535 3826 caedes
1564 3771 1702 3839 sola,
1742 3770 1839 3826 sed
1864 3781 1918 3827 et
1944 3773 2045 3826 im-

441 3861 648 3932 puritas
675 3859 761 3916 illa
781 3861 969 3933 legalis
993 3878 1023 3918 e
1047 3863 1368 3919 morticiniis
1395 3872 1649 3920 contactu
1675 3865 2044 3923 contrahenda

440 3970 620 4013 vaccae
641 3955 774 4013 rufae
795 3955 1071 4012 cineribus
1097 3955 1373 4029 purganda
1395 3965 1528 4013 erat.
1551 3957 1856 4026 Quinetiam
1881 3960 2044 4016 totius

447 4052 630 4124 populi
651 4051 928 4108 israelitici
954 4061 1172 4124 peccata
1193 4053 1245 4108 in
1269 4053 1477 4108 hircum
1503 4054 1840 4110 emissarium
1868 4052 2043 4125 (Leu,

444 4146 562 4220 xw)
603 4145 992 4218 imprecatione
1018 4145 1259 4218 conjecta
1289 4156 1446 4215 sunt,
1468 4147 1710 4218 ejusdem
1737 4156 1795 4202 ιιι
1817 4147 2045 4204 Rabbini

441 4239 678 4307 volunt,
726 4249 901 4297 morte
956 4240 1174 4297 luenda.
1203 4239 1314 4298 Nec
1365 4241 1468 4296 alia
1497 4240 1808 4297 Graecorum
1834 4253 1951 4298 erat
1977 4241 2044 4296 de

441 4337 554 4393 suis
583 4349 800 4408 quoque
829 4338 1130 4409 καθάρμασι
1159 4336 1448 4400 sententia,
1476 4343 1535 4390 ut
1560 4351 1629 4391 ex
1661 4335 2045 4406 Aristophanis

451 4427 744 4486 scholiaste
767 4428 1028 4484 discimus
1053 4429 1264 4498 (Arist.
1296 4429 1459 4484 schol.
1488 4429 1541 4484 in
1572 4427 1771 4501 Plut.).
1804 4428 2047 4500 Tamque

443 4531 562 4581 erat
619 4521 940 4579 universalis
994 4523 1110 4579 haec
1170 4533 1513 4593 peccatorum
1559 4537 1655 4594 per
1731 4525 2044 4594 sanguinem

2146 3309 2306 3350 neum
2340 3305 2397 3348 ut
2426 3310 2585 3366 quam
2615 3295 2868 3366 expiandi
2900 3296 3157 3367 majorem
3186 3297 3238 3351 in
3270 3295 3533 3369 sanguine
3579 3312 3747 3367 quam

2145 3389 2198 3446 in
2226 3404 2362 3460 aqua
2391 3391 2642 3445 virtutem
2692 3390 2780 3445 alii
2812 3391 2953 3462 apud
2986 3407 3044 3447 se
3074 3392 3237 3447 fuisse
3265 3393 3649 3462 gloriarentur,
3680 3406 3761 3466 ea.

2145 3483 2245 3539 soli
2275 3483 2552 3539 christiani
2603 3484 3042 3540 destituerentur.
3077 3485 3392 3541 Prmsertim
3443 3501 3564 3541 cum
3596 3485 3647 3539 in
3681 3501 3748 3539 eo

2148 3579 2376 3644 versari,
2413 3579 2522 3649 jam
2571 3579 2824 3648 diximus,
2881 3580 3184 3635 universam
3236 3581 3347 3635 lere
3383 3579 3516 3636 Novi
3548 3580 3747 3635 Testa-

2149 3676 2314 3731 menti
2343 3675 2883 3746 argumentationem.
2916 3685 2973 3730 ut
3005 3689 3355 3746 quaecumque
3385 3684 3590 3740 essent,
3628 3675 3747 3729 sive

2148 3771 2286 3844 apud
2315 3771 2548 3837 Judmos,
2574 3771 2686 3826 sive
2717 3772 2969 3843 gentiles,
2999 3772 3274 3844 privilegia
3311 3771 3378 3826 de
3403 3771 3599 3843 quibus
3623 3769 3744 3842 glo—

2148 3866 2441 3930 riarentur,
2471 3879 2532 3920 ea
2565 3865 2876 3921 Christianis
2923 3866 3116 3936 pctiori
3166 3865 3628 3935 praestantiorique
3659 3880 3754 3918 ra-

2149 3958 2296 4014 tione
2324 3960 2615 4016 convenire
2638 3960 3012 4030 probarentur.
3035 3959 3147 4013 Non
3181 3968 3296 4013 erat
3323 3965 3747 4012 consentaneum

2151 4061 2232 4119 ut,
2263 4068 2386 4108 cum
2422 4057 2473 4108 in
2522 4053 2711 4109 eadem
2760 4053 2862 4108 hac
2904 4067 3066 4108 causa
3098 4052 3345 4123 baptismi
3376 4067 3561 4106 vocem
3595 4050 3754 4105 adhi-

2148 4146 2343 4202 berent
2387 4154 2493 4200 tam
2542 4147 2659 4215 ipse
2693 4145 2952 4200 Dominus
3003 4160 3162 4216 quam
3223 4144 3352 4199 Novi
3410 4144 3748 4199 Testamenti

2151 4240 2468 4311 scriptores,
2500 4239 2659 4293 aliam
2691 4249 2867 4292 tamen
2897 4238 3346 4308 signiﬁcationem
3382 4237 3757 4308 intelligerent

2149 4348 2310 4404 quam
2339 4331 2591 4402 expiandi
2627 4331 2772 4387 illam
2816 4332 3054 4386 omnium
3106 4332 3442 4387 notissimam
3482 4331 3757 4400 receptis-

2151 4426 2469 4494 simamque.
2493 4423 2611 4480 Non
2634 4435 2750 4480 erat
2774 4434 3194 4480 consentaneum
3223 4434 3300 4492 ut,
3325 4426 3414 4495 qui
3444 4425 3513 4478 ita
3541 4423 3759 4480 sensis-

2151 4529 2292 4584 sent,
2324 4520 2483 4576 aliter
2533 4528 2710 4576 tamen
2755 4520 3103 4589 loquerentur
3131 4535 3290 4590 quam
3324 4521 3614 4591 martyrem
3647 4533 3758 4572 no-

451 4617 720 4690 purgatio,
751 4627 810 4673 ut
840 4617 1042 4674 nullam
1077 4592 1570 4688 hicexceptionem'
1614 4592 1868 4674 adhibeat
1898 4618 2044 4688 Apo-
2071 4592 2126 4654 Β
2152 4622 2324 4668 strum
2353 4612 2464 4684 jam
2512 4613 2752 4668 locutum
2779 4613 3205 4678 observavimus,
3237 4621 3294 4665 nt
3339 4613 3587 4667 nimirum
3617 4627 3757 4668 san-

444 4712 618 4768 stolus
650 4730 664 4768 :
692 4713 820 4770 Sine
862 4713 1150 4784 sanguinis,
1201 4713 1410 4784 inquit,
1443 4711 1693 4779 effusione
1720 4729 1823 4767 non
1853 4714 1912 4782 ﬁt
1958 4729 2042 4767 re-

445 4807 620 4864 missio
648 4805 864 4881 (Helm,
893 4824 976 4874 Ix,
1009 4806 1126 4881 22).
1153 4806 1229 4861 lla
1274 4817 1698 4862 consentaneum
1749 4815 1870 4861 erat
1919 4806 2042 4861 illo-

446 4915 568 4959 rum
618 4909 921 4972 temporum
981 4898 1343 4971 dogmatibus,
1375 4907 1433 4954 ut
1456 4914 1578 4954 cum
1624 4909 1905 4970 utramque
1937 4909 2044 4954 tam

445 4993 742 5066 sanguinis,
795 5007 955 5065 quam
1003 5008 1157 5064 aqua:
1203 4992 1564 5063 expiationem
1629 5007 1726 5061 pro
1776 4991 2045 5061 baptismo

448 5087 734 5153 haberent,
769 5086 1029 5157 majorem
1071 5095 1249 5142 tamen
1276 5084 1558 5154 sanguinei
1580 5084 1854 5155 baptismi,
1883 5098 2042 5155 quam

448 5183 629 5256 aquei,
657 5183 913 5238 virtutem
937 5190 1316 5254 agnoscerent.

521 5278 549 5350 §
574 5277 663 5332 i9.
692 5304 765 5316 -—
793 5275 860 5331 Et
879 5286 939 5330 ut
963 5276 1212 5346 sanguini
1241 5275 1294 5330 in
1320 5273 1422 5330 hoc
1447 5276 1774 5347 expiationis
1798 5275 2039 5346 negotio,

447 5380 631 5442 partes
659 5368 1028 5426 concedebant
1050 5369 1205 5424 facile
1233 5369 1552 5439 primarias;
1587 5370 1657 5424 ita
1683 5369 2043 5425 humanisan-

446 5461 646 5533 guinis,
671 5476 787 5532 prae
811 5461 930 5517 aliis
958 5461 1124 5527 etiam
1148 5461 1518 5531 sanguinibus,
1542 5462 1649 5517 vim
1682 5462 1840 5533 longe
1868 5461 2042 5516 maxi-

450 5568 595 5613 mam
639 5561 994 5624 agnoverunt.
1039 5553 1164 5610 Inde
1217 5564 1393 5610 ortum
1445 5554 1598 5609 duxit
1651 5553 1902 5610 immanis
1929 5554 2042 5622 illa,

446 5668 570 5725 qua:
617 5651 760 5722 apud
800 5661 1014 5707 veteres
1044 5651 1289 5718 invaluit,
1320 5654 1739 5731 ἁνθρωποθυσία,
1771 5652 1914 5722 quod
1945 5651 2044 5708 de-

455 5745 669 5804 delictis
717 5744 994 5801 hominum
1018 5745 1300 5817 expiandis
1327 5745 1594 5801 humanus
1623 5745 1846 5818 sanguis
1873 5745 2044 5817 aptis-

452 5845 620 5903 simus
644 5838 936 5900 videretur.
968 5843 1104 5902 Cum
1155 5845 1368 5917 gravior
1399 5836 1583 5911 aliqua
1628 5838 1938 5900 immineret
1978 5842 2049 5901 ab

2147 4705 2328 4778 guinei
2371 4706 2620 4776 baptismi
2661 4706 2765 4759 vim
2809 4708 2971 4760 etiam
3015 4706 3363 4775 expialricem
3409 4707 3565 4777 aqnei
3610 4705 3756 4776 bap-

2149 4801 2292 4855 tismi
2343 4800 2418 4855 illi
2457 4799 2615 4870 longe
2645 4800 3047 4855 anteferendam
3085 4801 3481 4856 existimarent.
3515 4800 3755 4856 Tantum

2148 4892 2301 4948 abest
2332 4903 2392 4948 ut
2417 4893 2606 4948 duram
2647 4893 2803 4960 hanc,
2834 4902 2936 4946 eta
2965 4901 3429 4947 sacramentorum
3458 4893 3754 4963 dignitate,

2148 4996 2205 5042 et
2255 4986 2469 5042 Domini
2537 4997 2718 5040 mente
2769 4987 2998 5041 alienam
3046 5000 3270 5041 censere
3326 4985 3620 5040 debeamus
3670 4986 3759 5044 ιο.

2150 5084 2350 5157 quendi
2398 5085 2686 5150 rationem,
2721 5093 2778 5139 ut
2835 5095 3020 5156 putant
3077 5086 3217 5140 illam
3278 5086 3507 5141 alienam
3559 5085 3759 5141 adver—

2149 5178 2298 5235 sarii.

2221 5270 2350 5343 §20.
2383 5303 2453 5312 —
2474 5273 2548 5328 Ita
2570 5274 2746 5344 itaque
2765 5275 3122 5341 ostendimus,
3138 5289 3296 5344 quam
3317 5275 3402 5331 hic
3419 5279 3601 5332 omnia
3625 5288 3755 5350 apte

2151 5367 2294 5423 inter
2339 5383 2398 5423 se
2450 5385 2831 5440 congrueqne,
2867 5385 2965 5440 pro
3007 5370 3151 5424 illius
3180 5373 3353 5426 (etatis
3405 5372 3756 5443 dogmatibus

2148 5462 2474 5528 cohaereant,
2510 5467 2553 5519 si
2585 5465 2656 5519 ita
2677 5464 2960 5520 Dominum
2989 5465 3276 5535 ipsum,ita
3308 5466 3425 5534 eius
3451 5468 3752 5538 aposwlos,

2149 5559 2534 5630 intelligamus.
2603 5559 2732 5613 lnde
2781 5559 3025 5628 sequitur
3081 5574 3176 5628 pro
3238 5557 3339 5613 hoc
3396 5575 3518 5616 esse
3570 5562 3756 5632 potius

2151 5667 2315 5708 sensu
2369 5651 2856 5724 praajudicandnm,
2885 5650 2971 5706 vel
2998 5693 3012 5718 ,
3043 5651 3086 5704 si
3117 5664 3300 5704 vocem
3355 5650 3606 5707 malimus
3639 5665 3757 5709 ter-

2156 5746 2464 5802 tullianeam
2492 5787 2507 5811 ,
2560 5741 3042 5816 prtescribendum,
3087 5741 3139 5796 ni
3185 5740 3330 5797 clara
3378 5756 3668 5800 occurrant
3695 5747 3754 5803 in

2151 5841 2331 5912 reipsa
2380 5846 2689 5910 argumenta
2739 5851 2838 5893 cur
2885 5836 2952 5892 sit
2994 5835 3151 5892 aliter
3180 5834 3544 5906 intelligenda.
3577 5838 3751 5909 Atqui
