3994 6318
167 262 230 324 65
1137 257 1232 318 DE
1273 255 1594 318 SECUNDO
1634 250 2020 317 MARTYRUM
2052 255 2411 319 BAPTISMO.
2446 255 2456 283 τ
3365 259 3436 320 66

171 387 356 449 tantum
385 377 535 434 abest
567 385 621 432 ut
653 376 706 432 in
736 374 911 446 reipsa
950 375 1219 432 contraria
1251 375 1544 431 habeamus
1575 389 1732 444 argu-
1765 374 1818 434 Λ
1845 373 1944 429 bus
1968 376 2020 432 in
2052 377 2368 434 societatem
2415 374 2837 435 christianorum
2892 377 3162 450 politicam
3212 378 3436 436 ascribi-

170 483 329 528 meuta
360 513 376 538 ,
411 481 470 526 ut
517 470 648 526 nihil
697 470 868 541 magis
909 468 1071 525 faciat
1119 469 1184 525 ad
1233 478 1430 524 nostra:
1459 467 1742 524 sententia:
1849 483 1988 536 mur,
2015 483 2076 524 ea
2104 469 2326 526 foederis
2352 485 2474 526 esse
2495 469 2776 527 solemnia.
2808 470 2941 541 Quis
2970 481 3151 528 autem
3181 471 3311 528 illud
3340 452 3441 526 du-

170 563 609 622 conﬁrmationem
643 579 800 634 quam
848 564 896 618 si
926 577 1039 619 rem
1069 561 1238 633 ipsam
1275 560 1508 632 penitius
1537 558 1742 618 exami-
1847 557 1977 616 bitet
2009 561 2264 634 baptismi
2298 577 2420 619 esse
2469 565 2740 634 proprium
2788 564 3026 621 ofﬁcium
3055 573 3115 622 ut
3160 580 3259 636 per
3286 563 3438 621 illum

172 671 362 714 nemus.
408 654 958 712 Animadvertendum
1011 657 1190 725 itaque
1233 655 1422 726 quinto
1466 653 1535 708 ad
1564 653 1739 723 ipsum
1845 656 2017 712 sacris
2042 658 2460 713 christiauorum
2491 658 2786 728 initientur,
2813 660 2937 716 etin
2970 660 3243 732 propriam
3265 659 3438 716 ascri-

169 749 402 821 baptismi
445 758 840 805 sacramentum
881 748 1154 819 pertinuere
1177 789 1192 814 ,
1221 748 1572 818 sanguineum
1600 744 1741 799 hunc
1846 748 2038 804 bamur
2063 749 2482 806 christianorum
2511 753 2868 809 societatem?
2897 754 3158 810 Convenit
3180 762 3440 824 praeterea

170 843 500 914 baptismum,
526 851 582 897 et
617 841 833 913 quidem
866 842 936 896 ita
981 841 1252 912 pertinere
1282 849 1335 894 ut
1391 848 1596 909 partem
1624 835 1743 907 ejus
1845 842 1990 912 quod
2036 842 2126 912 qui
2172 843 2450 900 confertur
2481 844 2532 900 in
2578 843 2996 903 Christianorum
3025 847 3297 918 baptismo
3319 842 3442 917 Spi-

176 935 477 1008 prazcipuam
531 945 891 991 consummet.
941 934 1055 990 Hoc
1082 933 1172 989 ubi
1203 931 1484 1004 probatum
1527 931 1742 988 dederi-
1848 936 2002 999 ritus,
2037 936 2081 991 is
2110 937 2352 1012 ἀρραϐὼν
2383 937 2528 1009 (qua:
2559 947 2613 993 ct
2645 939 2804 994 arrha
2833 949 2917 994 est
2954 937 3307 1009 scriptoribus
3349 952 3443 992 ro-

173 1045 293 1094 mus,
320 1043 477 1084 nemo
508 1028 632 1094 erit,
667 1027 878 1101 Opinor,
910 1028 1038 1101 quin
1069 1026 1221 1083 facile
1255 1027 1515 1083 concedat
1546 1025 1742 1096 pracci-

173 1141 316 1196 puum
361 1124 616 1196 baptismi
663 1125 890 1180 fructum
926 1125 992 1181 ab
1023 1140 1089 1180 eo
1119 1139 1243 1180 esse
1271 1123 1393 1194 jure
1441 1124 1744 1192 meritoque

174 1218 565 1288 expectandum.
622 1219 732 1275 Nec
783 1218 890 1274 alio
940 1226 1170 1290 spectat,
1201 1227 1259 1274 ut
1306 1227 1468 1289 puto,
1503 1214 1742 1288 Apostoli

175 1312 248 1370 illa
297 1311 630 1382 comparatio
677 1327 780 1383 qua
819 1327 1031 1384 aquam,
1063 1312 1375 1384 sanguinem
1405 1321 1459 1368 et
1487 1312 1742 1382 Spiritum

172 1405 218 1460 in
238 1421 384 1460 unum
406 1404 480 1460 ita
503 1405 754 1472 contulit,
780 1412 855 1470 ut,
880 1404 1340 1476 quemadmodum
1367 1405 1542 1471 Pater,
1577 1404 1744 1461 Filius

175 1508 227 1555 et
253 1499 466 1570 Spiritus
509 1508 730 1556 sanctus
750 1515 922 1556 unum
968 1510 1114 1565 sunt,
1143 1499 1213 1554 ita
1246 1515 1402 1571 aqua,
1429 1497 1663 1569 Spiritus
1690 1509 1744 1556 et

174 1592 364 1664 sanguis
388 1591 501 1647 sint
547 1591 600 1646 in
649 1608 836 1654 unum,
868 1591 1011 1664 quod
1064 1606 1256 1662 nempe
1305 1608 1469 1648 unum
1500 1592 1747 1663 idemque

1848 1028 2045 1100 manis)
2080 1030 2128 1084 in
2156 1030 2305 1086 Novo
2329 1030 2676 1087 Testamento
2717 1033 3038 1103 appelletur.
3064 1032 3192 1088 Erat
3213 1031 3357 1088 enim
3387 1031 3442 1090 in

1842 1124 1964 1195 jure
1986 1140 2212 1182 romano
2235 1126 2396 1182 arrha
2426 1140 2700 1198 pactorum
2737 1127 2971 1198 propria,
2998 1126 3267 1198 prmeipue
3291 1140 3430 1198 nup-

1850 1217 2081 1274 tialium.
2135 1219 2342 1291 Nempe
2383 1221 2663 1293 mysticam
2718 1236 2840 1275 cum
2887 1219 3131 1276 Ecclesia
3181 1219 3442 1275 unitatem

1849 1313 2232 1368 matrimoniali
2280 1311 2469 1368 unitati
2526 1312 2855 1384 respondere
2896 1329 2930 1367 v
2976 1312 3043 1368 ad
3098 1310 3237 1383 Eph.
3269 1311 3443 1367 innuit

1852 1407 2165 1478 Apostolus.
2195 1407 2417 1478 Propria
2473 1422 2635 1479 porro
2665 1407 2824 1463 arrha
2878 1417 2959 1464 est
3008 1407 3149 1462 illius
3187 1405 3444 1478 temporis

1850 1514 1958 1570 quo
1985 1500 2161 1571 primo
2209 1499 2385 1555 foedus
2434 1499 2650 1555 inimus.
2694 1497 2825 1554 Inde
2867 1497 3112 1570 sequitur
3158 1507 3216 1554 ut
3245 1497 3315 1553 de
3343 1495 3449 1552 alia

1851 1592 2084 1664 Spiritus
2111 1593 2417 1658 collatione,
2451 1602 2807 1664 praeterquam
2852 1592 3180 1664 baptismali,
3215 1598 3450 1662 nequeat

176 1692 401 1756 praestent
421 1699 618 1739 omnes
639 1699 760 1740 com
770 1683 1053 1755 pleantque
1068 1682 1331 1739 ofﬁcium.
1351 1683 1428 1740 De
1444 1683 1744 1756 baptismali

1852 1683 2098 1756 intelligi.
2131 1684 2474 1742 Conveniunt
2501 1686 2736 1756 denique
2759 1694 2813 1741 et
2843 1683 3098 1756 baptismi
3125 1683 3230 1740 illa:
3257 1683 3310 1739 in
3344 1683 3448 1738 Ec-

172 1793 288 1848 aqua
312 1789 362 1834 et
388 1777 600 1849 Spiritu
643 1777 1047 1850 intelligendum
1076 1777 1502 1847 observavimus,
1535 1789 1594 1835 ut
1619 1795 1744 1850 pro-
1773 1784 1820 1844 Β
1850 1777 2014 1834 clesia
2043 1777 2299 1848 primmva
2332 1778 2540 1846 fomite,
2559 1777 2790 1834 Credis?
2814 1775 3016 1845 Credo,
3041 1775 3402 1833 Abrenuntias
3427 1777 3452 1832 ἲ

171 1872 279 1930 inde
295 1870 620 1942 baptismum
640 1871 788 1927 illum
808 1872 1258 1928 sacramentalem
1279 1872 1528 1943 supplere
1553 1872 1750 1928 debeat

172 1966 466 2037 sanguineus
504 1966 591 2022 hic
646 1966 962 2037 baptismus.
1003 1965 1168 2036 ldque
1214 1966 1386 2037 ipsum
1439 1965 1750 2022 observavit

171 2068 276 2116 ante
298 2075 390 2116 nos
415 2060 704 2132 Origenes,
727 2075 794 2116 ne
815 2060 936 2131 quis
953 2067 1191 2116 veterum
1209 2059 1550 2130 dogmatibus
1571 2061 1747 2114 minus

173 2163 570 2210 oonsentaneam
621 2153 924 2225 suspicetur
955 2162 1193 2210 nostram
1247 2151 1388 2208 hanc
1428 2152 1750 2222 interpreta-

173 2247 367 2305 ti0aem.
419 2248 616 2320 Neque
657 2264 790 2326 vero
816 2258 1017 2320 pugnat
1044 2247 1188 2319 quod
1216 2246 1570 2319 sanguineum
1606 2246 1751 2302 hunc

176 2341 478 2414 baptismum
538 2341 830 2399 secundum
859 2340 1183 2416 appellarint
1227 2340 1389 2398 iidem
1415 2350 1648 2398 veteres.
1673 2338 1750 2394 lta

175 2434 297 2489 enim
325 2434 668 2507 intelligendi
717 2443 864 2500 sunt,
905 2433 1070 2505 quod,
1119 2448 1240 2489 cum
1272 2432 1521 2488 renovari
1573 2431 1753 2488 denuo

175 2543 263 2583 non
289 2527 454 2599 possit
479 2525 900 2583 sacramentalis
923 2527 1015 2582 ille
1047 2527 1369 2597 baptismus,
1404 2525 1457 2582 in
1486 2525 1746 2597 martyrio

177 2632 327 2678 tatnen
369 2622 490 2693 ejus
541 2621 798 2678 beneﬁcia
845 2622 953 2676 sint
991 2620 1060 2676 de
1088 2635 1248 2688 novo,
1278 2620 1394 2675 sine
1419 2617 1536 2690 ejus
1563 2628 1739 2673 tamen

175 2715 319 2784 ipsius
361 2717 720 2772 renovatione
773 2713 1130 2786 expectanda,
1163 2726 1217 2770 et
1259 2713 1403 2785 quod
1453 2728 1590 2768 nova
1617 2711 1743 2768 ﬁde-

179 2807 288 2863 lium
314 2807 628 2864 adultarum
668 2819 902 2880 peccata,
927 2825 1047 2880 qua:
1081 2808 1298 2879 quidem
1325 2806 1378 2863 in
1416 2822 1588 2877 aqueo
1621 2805 1757 2878 bap-

181 2905 316 2958 tismo
364 2905 602 2960 remissa
646 2919 752 2958 non
803 2911 1006 2969 essent,
1039 2900 1126 2956 hic
1153 2901 1310 2972 plene
1356 2901 1672 2972 penitusque
1703 2906 1758 2956 et

180 3010 263 3066 pro
313 2997 653 3068 baptismalis
708 2997 1045 3054 remissionis
1099 2996 1260 3053 modo
1288 3012 1646 3068 mensuraque
1672 3011 1760 3053 re-

181 3090 416 3146 mittatur.
471 3091 613 3160 Quae
649 3105 773 3146 cum
804 3090 1039 3146 secunda
1080 3091 1151 3145 sit
1186 3091 1454 3158 remissio,
1491 3107 1596 3146 non
1655 3091 1762 3147 erit

183 3183 342 3254 utique
387 3183 593 3240 mirum
624 3184 670 3241 si
719 3184 958 3242 secundo
983 3183 1145 3241 etiam
1176 3183 1444 3256 baptismo
1475 3183 1756 3241 tribuenda

1857 1871 2214 1928 Abrenuntio.
2245 1872 2383 1928 Sunt
2410 1872 2552 1928 enim
2585 1881 2639 1927 et
2667 1871 2772 1927 illa:
2801 1870 2867 1927 ad
2897 1886 3244 1927 romanorum
3271 1877 3452 1942 pacto-

1859 1978 1980 2018 rum
2005 1962 2207 2019 formas
2247 1979 2539 2034 expressaa,
2581 1978 2770 2020 rursus
2812 1965 3083 2036 praecipue
3108 1963 3450 2035 nuptialium,

1869 2055 2018 2112 Das?
2068 2057 2146 2113 Do
2175 2074 2189 2124 ;
2221 2057 2512 2129 Spondes?
2558 2057 2828 2129 Spondeo.
2881 2057 3036 2114 Unde
3080 2057 3211 2114 illud
3260 2059 3455 2115 saltem

1870 2152 2178 2208 necessario
2202 2151 2492 2224 colligitur,
2509 2166 2608 2224 pro
2629 2160 2786 2224 pacto
2811 2151 3135 2222 baptismum
3163 2152 3455 2224 primaevos

1858 2244 2049 2301 saltem
2080 2244 2336 2302 habuisse
2361 2245 2712 2302 christianos.

1936 2339 1964 2410 ς
1995 2337 2086 2394 22.
2115 2369 2188 2380 --
2210 2339 2344 2396 Hinc
2374 2341 2625 2411 sequitur
2651 2338 2894 2396 secundo
2923 2347 2980 2396 ut
3010 2339 3064 2396 in
3093 2339 3214 2398 aliis
3257 2340 3451 2412 pactis,

1863 2435 1938 2490 ita
2001 2444 2058 2491 et
2115 2436 2168 2490 in
2225 2445 2414 2492 nosuo
2467 2445 2627 2504 pacto
2674 2449 2888 2506 quoque
2951 2435 3294 2506 baptismali,
3349 2434 3460 2491 duo

1862 2543 1986 2585 esse
2015 2544 2044 2582 a
2073 2544 2134 2584 se
2161 2528 2391 2584 invicem
2447 2526 2826 2600 distinguenda
2858 2527 3194 2584 diversarum
3226 2527 3461 2598 partium

1865 2622 2061 2689 ofﬁcia,
2090 2623 2186 2679 Dei
2211 2620 2340 2688 alia,
2365 2623 2470 2678 alia
2512 2633 2720 2679 nostra.
2747 2621 2828 2678 Ad
2863 2623 3028 2678 Deum
3059 2632 3307 2694 spectant
3333 2638 3461 2694 pro-

1867 2715 2154 2772 missiones
2203 2716 2400 2790 quibus
2450 2726 2672 2772 cavetur
2727 2715 2795 2772 de
2853 2715 3173 2787 praastandis
3208 2715 3462 2788 baptismi

1869 2807 2168 2875 beneﬁciis,
2195 2818 2302 2864 tam
2326 2809 2434 2865 illa:
2449 2824 2568 2880 qua:
2593 2808 2663 2863 de
2684 2809 2938 2879 praesenti
2967 2807 3288 2879 praestanda:
3313 2819 3462 2877 sunt,

1872 2913 2215 2976 peccatorum
2271 2903 2510 2958 omnium
2539 2901 2812 2973 expiatio,
2861 2901 3096 2973 Spiritus
3138 2901 3312 2958 sancti
3360 2901 3462 2958 do-

1873 3000 2040 3064 natio,
2061 2999 2286 3070 mystica
2303 3011 2427 3052 cum
2446 2994 2662 3051 Christo
2681 2995 2831 3060 unio,
2853 2994 3044 3051 saltem
3065 3003 3312 3060 externa,
3331 3004 3462 3064 etc.,

1871 3105 2032 3163 quam
2066 3105 2186 3162 qua:
2215 3088 2284 3144 de
2333 3087 2526 3144 futuris
2578 3086 2904 3143 adhibentur
2929 3085 3093 3143 ofﬁcii
3129 3085 3298 3144 nostri
3329 3101 3468 3158 pra:-

1871 3186 2014 3241 miis.
2037 3185 2120 3242 Ad
2148 3199 2248 3240 nos
2269 3191 2517 3255 spectant
2536 3197 2658 3254 qua:
2686 3197 2718 3236 a
2743 3179 2900 3237 nobis
2923 3180 3160 3237 vicissim
3186 3179 3466 3252 sponden-

181 3276 418 3335 videatur.
451 3279 594 3342 Sed.
623 3278 789 3335 misso
837 3280 1077 3351 Apostoli
1118 3279 1460 3349 testimonio,
1492 3295 1591 3352 age
1641 3293 1757 3335 rem
1785 3269 1839 3336 (Ξ
1871 3286 1956 3334 tur
1998 3292 2100 3348 pro
2151 3284 2334 3334 nostra
2379 3275 2523 3347 pacti
2567 3273 2908 3344 baptismalis
2939 3283 3096 3345 parte
3136 3271 3467 3346 praestanda.

183 3367 353 3440 ipsam,
380 3388 446 3429 ex
480 3374 705 3446 propria
737 3373 894 3444 hujus
934 3373 1347 3430 sacramentalis
1372 3371 1621 3445 baptismi
1664 3387 1763 3428 na-

183 3472 280 3520 tura
305 3467 662 3538 esplicemus.
714 3452 717 3455 ’
1617 3541 1619 3543 .
1677 3536 1757 3550 η..

244 3558 444 3631 §2|.-—
462 3561 797 3620 Recolamus
825 3561 1006 3634 itaque
1037 3561 1292 3634 inprimis
1320 3575 1480 3618 omne
1508 3559 1610 3616 hoc
1635 3560 1768 3630 bap-

189 3653 311 3710 tismi
353 3657 637 3732 negotium
665 3669 886 3731 pactum
913 3671 1032 3716 esse
1059 3658 1326 3728 quoddam
1372 3656 1615 3714 ﬁdelium
1641 3671 1765 3712 cum

188 3747 301 3818 Deo,
330 3767 428 3810 nec
479 3752 710 3809 aliunde
739 3753 942 3810 rectius
967 3767 1128 3824 quam
1166 3767 1198 3807 e
1232 3750 1464 3823 receptis
1490 3759 1766 3822 pactorum

184 3847 398 3903 moribus
443 3847 856 3919 explicandum.
906 3847 1040 3903 Esse
1089 3848 1232 3902 enim
1281 3845 1561 3918 Evangelii
1599 3851 1771 3905 καινήν

187 3937 394 4001 διαθήκην
446 3943 524 3998 ab
568 3943 657 3998 illa
700 3941 910 3998 scilicet
956 3941 1231 3997 diversam
1283 3956 1405 4012 qua:
1457 3939 1770 3996 Judznorum

186 4032 336 4092 fuerat
361 4047 534 4109 atque
567 4037 701 4109 legis
733 4037 1022 4102 mosaicte;
1053 4051 1176 4091 esse
1206 4035 1366 4090 etiam
1395 4033 1496 4089 sub
1520 4034 1771 4104 Evange-

189 4123 246 4181 lio
275 4145 372 4184 non
407 4129 827 4186 Testamentum
861 4128 1043 4195 modo,
1067 4127 1160 4184 sed
1196 4136 1253 4185 et
1279 4136 1516 4198 pactum,
1545 4141 1774 4199 eamque

187 4216 430 4292 duplicem
482 4222 728 4285 διαθήκης
770 4220 1222 4294 signiﬁcationem
1254 4221 1582 4292 evangelicis
1609 4220 1772 4276 etiam

192 4317 506 4387 temporibus
537 4317 852 4383 convenire;
881 4332 1006 4373 esse
1033 4315 1194 4374 etiam
1217 4315 1320 4372 sub
1346 4314 1574 4388 mystico
1602 4314 1775 4371 israe-

189 4409 366 4467 litismo
405 4411 606 4469 eadem
657 4411 880 4466 omnino
921 4411 1060 4482 pacti
1115 4411 1376 4468 beneﬁcia
1407 4425 1529 4481 qum
1557 4409 1774 4480 propria

189 4503 298 4561 olim
338 4506 564 4566 fuerant
618 4506 946 4563 israelitismi
996 4505 1249 4562 litteralis
1279 4546 1294 4572 ,
1346 4514 1403 4560 ut
1451 4506 1606 4561 nobis
1637 4505 1777 4561 Deus

192 4612 418 4658 summus
473 4603 532 4657 in
569 4600 843 4672 prOprium
891 4598 1190 4656 ascribatur
1241 4599 1430 4666 Deum,
1461 4613 1560 4654 nos
1587 4598 1664 4653 illi
1698 4597 1777 4652 vi-

1869 3371 2203 3442 Quamquam
2229 3371 2374 3426 enim
2409 3367 2799 3440 promissiones
2835 3366 3102 3424 fateamur
3131 3376 3282 3424 extra
3316 3373 3470 3438 pacta

1870 3465 2058 3534 factas,
2076 3465 2193 3520 sine
2221 3463 2444 3520 alterius
2473 3461 2641 3534 partis
2665 3460 2997 3533 obligatione
3022 3460 3158 3516 satis
3180 3458 3468 3516 commode

1872 3559 2094 3631 intelligi
2125 3571 2326 3629 posse;
2357 3565 2413 3611 at
2456 3570 2579 3628 quae
2607 3555 2834 3611 alteram
2867 3553 3006 3624 pacti
3032 3561 3236 3625 partem
3267 3550 3474 3608 consti-

1876 3662 2055 3720 tuunt,
2086 3652 2192 3707 illze
2239 3659 2422 3707 mutua
2465 3649 2688 3706 omnino
2728 3647 3006 3718 utriusque
3041 3645 3211 3718 partis
3251 3644 3474 3716 exigunt

1879 3746 2079 3804 ofﬁcia.
2124 3744 2242 3817 Ipsa
2295 3747 2399 3800 hoc
2448 3743 2588 3816 pacti
2640 3743 2780 3798 ratio
2837 3739 3148 3798 necessario
3194 3737 3470 3809 supponit.

1877 3843 2024 3898 Data;
2071 3843 2218 3896 enim
2259 3839 2512 3905 fortasse,
2546 3852 2652 3893 non
2697 3846 2847 3892 certe
2889 3843 3082 3907 pactae,
3107 3833 3214 3888 illa;
3243 3830 3475 3904 promis-

1876 3937 2059 3992 siones
2089 3935 2400 3992 dicerentur
2429 3947 2550 4003 qute
2589 3930 2732 3985 nulla
2766 3935 3133 4002 supponerent
3163 3924 3340 3983 ofﬁcia
3370 3922 3474 3980 sibi

1875 4043 1941 4084 ex
1968 4027 2191 4083 adversa
2222 4033 2374 4097 parte
2406 4023 2813 4094 rcSpoudentia.

1949 4120 1976 4191 §
2003 4119 2435 4189 25.—Seqoitur
2465 4115 2623 4171 tertio
2642 4115 2732 4185 jus
2763 4113 2892 4170 illud
2921 4111 3092 4184 legale
3117 4125 3299 4177 omne,
3326 4108 3473 4182 quod

1879 4217 2022 4290 pacti
2053 4213 2318 4272 beneﬁcio
2369 4211 2702 4276 obtinemus,
2733 4207 2801 4264 ad
2836 4207 2929 4263 Dei
2971 4205 3383 4279 promissiones,
3409 4219 3477 4260 cx

1879 4311 2043 4371 ofﬁcii
2070 4310 2240 4366 nostri
2274 4305 2618 4380 prmstatione
2645 4319 2768 4360 esse
2789 4301 3186 4359 deducendum.
3208 4300 3307 4357 Est
3331 4299 3476 4356 enim

1882 4408 2010 4466 illud
2035 4406 2276 4464 omnium
2331 4411 2608 4475 pactorum
2654 4413 2947 4458 commune
2977 4407 3034 4453 ut
3061 4412 3182 4469 qum
3211 4387 3480 4472 habentur

1883 4503 1936 4558 in
1965 4487 2086 4557 illis.
2117 4495 2508 4570 promissiones
2538 4509 2619 4550 ea:
2664 4491 3050 4549 conditionata
3082 4488 3478 4560 intelligantur,

1883 4611 1986 4652 nec
2027 4600 2186 4650 antea
2212 4590 2412 4648 debitae
2436 4603 2598 4662 quam
2649 4587 2904 4659 praestita:
2931 4585 3151 4652 fuerint,
3199 4599 3264 4640 ex
3311 4583 3479 4639 altera

189 4691 346 4750 cissim
375 4694 430 4750 in
460 4693 745 4766 proprium
793 4692 1130 4748 ascribamur
1166 4692 1465 4764 populum;
1497 4707 1596 4747 uec
1645 4679 1854 4749 illudD
1883 4701 2055 4765 parte,
2099 4687 2519 4758 promissionum
2560 4681 2927 4740 conditiones.
2977 4679 3082 4736 Sed
3129 4679 3180 4735 in
3215 4677 3267 4735 id
3311 4691 3481 4750 genus

186 4785 352 4853 modo,
386 4789 487 4846 sed
536 4796 820 4844 externam
877 4803 999 4844 esse
1054 4788 1194 4843 hanc
1240 4796 1481 4844 nostram
1511 4804 1633 4844 cum
1668 4788 1777 4844 Deo

189 4879 723 4946 confinderatiouem,
749 4880 820 4936 ita
843 4896 1039 4953 nempe
1066 4879 1492 4953 intelligendam,
1512 4891 1570 4937 ut
1594 4891 1775 4937 exter-

189 4986 300 5029 num
349 4974 581 5044 aliquod
637 4975 936 5032 intercedat
979 4974 1191 5032 unionis
1236 4975 1469 5046 politica:
1505 4975 1776 5031 vinculum

192 5074 288 5123 tam
307 5070 471 5129 nobis
504 5070 763 5136 invicem,
794 5085 956 5142 quam
984 5071 1097 5126 Deo
1135 5071 1296 5127 etiam
1325 5070 1605 5127 nobiscum
1631 5085 1780 5126 com-

185 5175 356 5234 mune,
387 5179 507 5237 quo
538 5178 641 5220 nos
665 5164 768 5234 ipsi
792 5164 1140 5234 proﬁteantur
1165 5163 1276 5220 Deo
1299 5162 1613 5230 fmderatos,
1643 5163 1780 5220 etab

189 5254 294 5312 aliis
321 5257 496 5315 etiam
541 5255 788 5315 foederati
836 5272 1211 5329 agnoscamur,
1244 5257 1311 5314 ad
1340 5257 1588 5314 eumdem
1622 5258 1781 5329 plane

187 5349 394 5408 modum
421 5365 541 5424 quo
571 5361 627 5408 et
649 5350 814 5408 Israel
837 5351 1133 5408 secundum
1151 5367 1370 5409 carnem
1395 5367 1495 5424 pro
1519 5350 1782 5408 foederato

190 5440 278 5500 Dei
307 5444 542 5518 populo,
574 5459 685 5518 pne
708 5443 949 5502 universi
981 5444 1129 5502 orbis
1159 5446 1436 5518 gentibus,
1461 5445 1590 5503 olim
1623 5453 1781 5516 pote-

187 5549 265 5596 rat
287 5541 520 5613 agnosci
563 5558 578 5595 :
611 5541 746 5610 haec,
791 5543 1030 5615 inquam,
1063 5545 1134 5600 ita
1166 5554 1290 5600 sunt
1333 5559 1398 5601 ex
1431 5543 1561 5600 Novi
1593 5543 1782 5600 Testa-

189 5637 351 5690 menti
381 5633 695 5692 ratiociniis
721 5636 1030 5704 manifesta,
1055 5646 1115 5694 ut
1157 5639 1354 5695 mirum
1380 5639 1450 5693 sit
1479 5653 1601 5696 esse
1622 5637 1787 5695 hodie

188 5725 270 5796 qui
295 5727 366 5784 de
413 5737 604 5785 nostra
633 5730 938 5788 assertione
976 5730 1241 5788 dubitent.
1272 5731 1401 5788 Haec
1425 5735 1567 5788 enim
1591 5732 1637 5787 si
1658 5746 1786 5788 vera

189 5834 582 5896 agnoscamus:
604 5824 763 5898 plane
783 5827 1026 5902 sequitur
1041 5837 1266 5886 externa
1295 5843 1357 5887 ea
1379 5827 1640 5888 solemnia
1668 5828 1788 5905 qui-

1880 4784 2056 4856 pactis
2083 4796 2228 4852 quae,
2258 4794 2325 4834 ex
2365 4777 2532 4832 altera
2565 4785 2737 4847 parte,
2765 4773 2881 4829 sola
2914 4771 3197 4828 includunt
3221 4769 3482 4826 beneﬁcia

1881 4879 2002 4936 aliis
2032 4871 2361 4949 praestanda,
2391 4869 2541 4927 nulla
2588 4867 2829 4924 vicissim
2875 4865 2943 4921 ab
2997 4865 3118 4920 aliis
3148 4861 3478 4934 recipienda,

1880 4971 2058 5045 qualia
2091 4971 2199 5026 sint
2238 4976 2394 5039 pacta
2425 4977 2648 5022 necesse
2677 4970 2761 5018 est
2797 4974 2916 5032 qua:
2948 4959 3057 5015 Deo
3094 4964 3218 5013 sunt
3247 4955 3479 5013 homini-

1883 5069 2094 5139 busque
2146 5061 2481 5125 communia,
2513 5073 2674 5115 nemo
2700 5063 2786 5114 est
2833 5054 2963 5127 quin
2994 5067 3205 5125 mquum
3250 5049 3484 5107 fateatur

1884 5161 2090 5218 nullum
2124 5173 2245 5214 esse
2271 5170 2436 5228 posse
2469 5153 2560 5225 jus
2585 5151 2654 5208 ad
2685 5147 2969 5214 beneﬁcia,
3006 5147 3061 5203 ni
3102 5141 3482 5218 praecesserint

1885 5253 2224 5310 conditiones
2253 5265 2319 5307 ex
2348 5248 2515 5304 altera
2546 5257 2698 5317 parte
2712 5239 3054 5315 praestanda).
3072 5238 3184 5295 Nos
3212 5247 3389 5293 tamen
3413 5231 3485 5289 de

1880 5348 2006 5422 jure
2033 5347 2188 5417 legali
2217 5333 2703 5415 imprzesentiarum
2724 5339 2954 5409 agimus,
2973 5349 3080 5390 non
3097 5332 3167 5389 de
3183 5330 3296 5388 sola
3319 5326 3485 5422 aequis

1887 5420 2018 5501 tate.
2043 5441 2110 5498 Et
2139 5448 2196 5494 ut
2224 5439 2450 5509 aequitas
2473 5436 2648 5507 aliqua
2689 5432 2921 5488 fortasse
2948 5441 3070 5484 esse
3099 5423 3288 5497 possit,
3312 5429 3371 5476 ut
3391 5420 3483 5492 qui

1887 5533 2253 5593 conditionem
2283 5531 2511 5602 implere
2527 5527 2783 5594 voluerit,
2813 5520 3137 5580 conditionis
3159 5515 3482 5573 beneﬁcium

1889 5642 2297 5700 nonnumquam
2322 5625 2596 5695 impetret,
2627 5621 2755 5677 licet
2791 5617 2937 5674 illam
2965 5613 3034 5670 de
3063 5611 3208 5668 facto
3238 5608 3480 5666 nondum

1889 5721 2236 5798 impleverit,
2261 5735 2383 5777 cum
2428 5715 2577 5775 nulla
2605 5729 2703 5771 sua
2741 5710 2898 5782 culpa
2928 5724 2958 5763 a
2985 5703 3300 5764 conditione
3319 5703 3483 5798 etiam

1889 5796 2145 5885 (lc—facto
2183 5813 2489 5894 praestanda
2520 5806 2844 5884 impeditur;
2873 5813 2930 5860 at
2963 5801 3120 5877 legali
3146 5799 3338 5859 saltem
3361 5796 3485 5872 jure
