3994 6318
493 247 559 304 67
1488 237 1860 296 DODWELLI
1898 225 2354 303 DISSERTATIO
2391 232 2813 294 CYPRlANlCA
3727 225 3806 296 68

493 379 683 424 carere
738 363 829 436 qui
889 360 1252 419 conditionem
1294 358 1364 415 dc
1413 357 1554 414 facto
1597 375 1705 414 non
1753 357 2088 430 praestiterit,
2118 355 2169 417 Α
2197 355 2319 412 bula
2348 356 2654 428 sponsoria,
2677 356 2851 428 ipsum
2870 350 3156 428 praeterea,
3183 367 3282 427 pro
3299 355 3798 427 mutuopactijurc,

497 474 839 533 quocumque
872 455 1088 512 tandem
1131 469 1312 510 rerum
1343 463 1542 509 eventu
1591 453 1753 507 fuerit
1785 451 2092 521 impeditus,

499 562 584 608 cst
633 553 856 608 omnino
898 548 1279 604 certissimum.
1323 545 1381 601 In
1439 546 1543 601 illis
1596 544 1895 617 praesertim
1926 543 2097 614 pactis

499 644 674 701 adhuc
702 642 934 698 validius
961 639 1210 712 procedit
1235 648 1614 710 argumentum
1645 652 1875 708 quortnu
1903 635 2094 691 condi-

503 742 676 796 tiones
717 752 822 793 non
870 744 998 790 sunt
1025 734 1368 791 conditiones
1409 734 1693 788 dumtaxat
1722 731 1788 787 ad
1819 731 2096 786 arbitrium

499 833 822 904 imponentis
842 830 1134 901 requisitio,
1155 829 1248 885 sed
1271 829 1431 884 etiam
1455 826 1836 898 dispositiones
1856 841 1922 881 ex
1947 831 2099 895 parte

501 925 728 996 subjecti
757 923 1106 979 necessariae.
1140 920 1275 978 Cum
1309 922 1487 993 itaque
1531 921 1735 976 nullum
1768 919 1925 990 hujus
1955 917 2098 989 pacti

501 1019 768 1078 redundet
797 1019 852 1074 in
897 1020 1065 1074 Deum
1093 1016 1440 1082 beneﬁcium,
1473 1016 1717 1087 sequitur
1746 1027 2099 1085 quaecumque

505 1117 647 1172 Deus
672 1131 702 1171 a
730 1115 885 1171 nobis
917 1114 1177 1185 postulat,
1207 1128 1271 1168 ea
1303 1110 1476 1169 nostri
1499 1125 1626 1168 esse
1649 1124 1811 1165 causa
1841 1122 2097 1164 necessa-

502 1211 602 1278 ria,
637 1220 692 1265 ut
745 1208 974 1280 proinde
1005 1208 1058 1264 ni
1100 1207 1372 1279 postulata
1421 1215 1767 1276 praestemus,
1813 1204 1946 1274 ipsis
1974 1216 2099 1273 pro-

502 1306 814 1361 missionem
838 1302 1115 1359 beneﬁciis
1150 1300 1461 1358 obtinendis
1502 1300 1671 1371 inepti
1699 1298 1992 1356 reddamur
2019 1307 2101 1353 at-

503 1413 607 1467 que
636 1396 964 1467 indispositi.

573 1488 1000 1561 ﬁala—Quarto
1025 1489 1206 1560 itaque
1227 1495 1285 1542 ut
1306 1486 1669 1559 intelligamus
1697 1501 1817 1558 quae
1843 1483 1998 1541 nobis
2025 1485 2102 1540 in-

503 1585 760 1641 cumbant
786 1585 839 1640 in
868 1582 973 1639 hoc
1001 1582 1304 1653 baptismali
1337 1591 1492 1653 pacto
1521 1581 1861 1637 conditiones
1882 1595 1913 1634 a
1945 1578 2100 1635 nobis

505 1694 602 1750 pro
631 1687 812 1734 nostra
845 1679 983 1749 pacti
1024 1687 1178 1749 parte
1226 1675 1572 1747 praestandae,
1602 1672 1992 1730 attendendum
2018 1680 2100 1728 est

2200 448 2268 503 ad
2301 449 2605 519 prmstanda
2634 464 2695 504 ea
2727 463 2846 520 quae
2884 447 3146 521 symbolis
3178 459 3636 520 repraesentantur
3661 449 3803 504 obli-

2199 543 2401 613 gantia,
2431 558 2490 598 se
2511 557 2727 613 quoque
2754 551 2971 597 nostras
3023 541 3301 612 passiones
3331 556 3428 612 pro
3453 542 3568 598 suis
3591 542 3801 614 agnitu-

2202 649 2342 702 rum,
2373 643 2427 688 et
2460 650 2559 689 suo
2588 634 2801 701 merito,
2832 648 2929 688 sua
2978 633 3231 690 mercede
3260 642 3761 706 compensaturum.

2276 727 2303 799 §
2335 727 2428 783 26.
2461 759 2532 769 —
2563 727 2627 782 Et
2654 743 2784 783 vero
2809 728 3232 797 accuratissime,
3259 743 3359 800 pro
3385 729 3594 784 Domini
3626 726 3804 786 nostri

2205 831 2391 876 mente
2413 831 2574 892 atque
2603 819 2882 893 principiis
2899 831 3212 893 conceptam
3233 820 3372 877 hanc
3397 836 3612 878 omnem
3635 820 3805 878 fuisse

2203 919 2732 988 argumentationem
2761 917 2918 974 facile
2944 918 3220 975 constabit
3244 919 3288 974 si
3320 919 3533 976 diversa
3558 919 3803 976 diversa-

2203 1026 2322 1065 rum
2369 1010 2773 1082 Scripturarum
2796 1021 3005 1068 asserta
3027 1012 3078 1069 in
3111 1027 3274 1067 unum
3304 1012 3622 1083 colligamus
3646 1011 3803 1084 quasi

2205 1104 2539 1159 fasciculum.
2569 1103 2971 1175 Repraesentari
3027 1106 3273 1177 inprimis
3303 1115 3543 1162 nostram
3588 1107 3642 1162 in
3672 1107 3804 1177 bap-

2205 1196 2364 1252 tismo
2391 1212 2513 1253 cum
2543 1197 2760 1253 Christo
2789 1199 3093 1268 passionem
3119 1208 3282 1272 atque
3308 1208 3562 1269 mortem,
3590 1213 3692 1256 nec
3714 1213 3806 1256 re-

2204 1291 2519 1360 praesentari
2537 1290 2718 1357 modo,
2733 1305 2920 1348 verum
2935 1292 3095 1349 etiam
3114 1293 3184 1348 ita
3199 1293 3574 1361 repraesentari
3583 1303 3663 1362 ,ut
3677 1307 3805 1350 cum

2203 1381 2403 1438 Christi
2436 1383 2687 1455 passione
2713 1395 2928 1442 nostras
2957 1387 3110 1442 uniat
3151 1386 3550 1458 quodammodo
3573 1395 3631 1445 et
3654 1401 3807 1444 corn-

2205 1491 2396 1533 munes
2421 1479 2701 1548 utriusque
2731 1477 2912 1546 faciat,
2938 1489 3090 1537 sexto
3115 1481 3184 1537 ad
3213 1481 3486 1540 Romanos
3511 1483 3692 1554 capite
3710 1497 3807 1539 sa-

2206 1571 2275 1627 tis
2296 1582 2484 1643 apertc
2505 1572 2665 1629 docet
2691 1574 3001 1644 Apostolus.
3033 1575 3207 1632 Unam
3229 1591 3352 1634 esse
3372 1585 3613 1634 nostram
3641 1577 3808 1634 Chri-

2208 1668 2386 1739 stique
2413 1670 2722 1740 passionem
2749 1684 2815 1726 ex
2849 1669 2954 1725 illis
2973 1670 3090 1740 ejus
3115 1671 3296 1728 verbis
3320 1680 3535 1728 constat
3563 1687 3578 1724 :
3609 1668 3807 1727 Μονιυί

503 1789 625 1844 qum
653 1773 897 1846 symbola
951 1771 1059 1827 sint
1087 1786 1117 1824 a
1145 1769 1302 1825 nobis
1358 1770 1410 1824 in
1441 1769 1571 1839 ipsis
1601 1769 1740 1841 pacti
1772 1764 2105 1822 solemnibus
2134 1767 2182 1828 B
2210 1780 2387 1818 sumus
2415 1781 2532 1818 cum
2586 1764 2812 1832 Christo,
2841 1779 2894 1819 v.
2929 1765 2998 1832 8;
3037 1764 3192 1822 Vetus
3238 1767 3388 1824 homo
3439 1775 3610 1824 noster
3650 1766 3810 1823 simul

505 1863 834 1930 adhibenda,
855 1873 910 1920 ct
934 1863 1061 1933 quid
1086 1862 1172 1916 illa
1196 1861 1462 1933 symbola,
1487 1876 1554 1916 ex
1587 1861 1705 1930 ipso
1739 1860 1831 1915 Dei
1857 1859 2102 1914 instituto

506 1959 827 2030 signiﬁcant,
859 1965 915 2013 et
946 1972 1041 2028 pro
1069 1955 1278 2026 legibus
1324 1954 1738 2025 signiﬁcationis
1787 1953 2104 2025 symbolica:

503 2071 622 2123 qua:
651 2054 744 2108 illa
792 2051 981 2108 saltem
1036 2060 1196 2105 :ctate
1223 2049 1496 2120 vigebant.
1525 2049 1658 2117 Qum
1685 2049 1829 2105 enim
1856 2048 2101 2118 symbols

505 2145 557 2201 in
591 2145 734 2217 pacti
764 2145 1104 2202 solemnibus
1131 2153 1463 2214 usurpantur
1492 2159 1554 2199 ea
1603 2159 1709 2200 non
1764 2142 2102 2216 signiﬁcandi

506 2240 787 2294 dumtaxat
816 2257 829 2305 ;
863 2239 959 2294 sed
987 2237 1264 2309 obligandi
1305 2239 1467 2294 etiam
1490 2240 1660 2310 gratia
1691 2239 1932 2294 instituta
1956 2247 2102 2294 sunt.

506 2332 577 2389 Ut
606 2334 750 2389 enim
781 2342 1124 2388 sacramenta
1145 2332 1348 2400 omnia,
1367 2334 1484 2388 sive
1510 2333 1787 2403 mysteria,
1818 2348 1915 2404 pro
1936 2333 2104 2388 sacris

505 2425 783 2481 hominum
805 2441 925 2480 cum
959 2426 1068 2480 Deo
1089 2425 1260 2496 pactis
1300 2425 1654 2495 intelligenda
1679 2433 1806 2479 sunt
1828 2467 1845 2493 ,
1879 2425 1948 2479 ita
1975 2433 2031 2480 et
2051 2423 2104 2479 id

504 2521 642 2576 sacri
673 2519 852 2575 omnis
891 2519 1201 2574 commercii
1234 2517 1523 2589 genuinum
1574 2529 1659 2574 est
1699 2527 1758 2573 ut
1799 2518 2103 2590 symbolice

506 2613 686 2684 potius
715 2627 877 2682 quam
911 2610 976 2665 ad
1030 2610 1305 2677 litteram,
1349 2608 1697 2680 intelligenda
1745 2609 1872 2677 sint,
1903 2624 2003 2664 nec
2032 2610 2102 2665 ita

506 2705 707 2772 verbis,
735 2719 898 2775 quam
931 2704 1117 2773 rebus,
1150 2718 1334 2759 rerum
1362 2711 1538 2758 tamen
1562 2703 1788 2758 aliarum
1816 2703 2100 2774 symbolis,

505 2798 682 2854 officia
711 2798 800 2854 illa
830 2806 1293 2868 repraesententur
1311 2813 1430 2867 qua:
1453 2798 1684 2867 partium
1707 2798 1847 2853 inter
1870 2813 1931 2853 se
1953 2809 2102 2854 tran-

503 2895 788 2965 sigentium
817 2893 1084 2948 habentur
1109 2891 1449 2962 obligatoria.
1479 2891 1610 2960 Qua:
1637 2893 1818 2963 itaque
1843 2891 2104 2964 symbolis

505 2987 913 3057 bnptismalibus
929 2986 1304 3057 signiﬁcantur
1315 3000 1380 3041 ea
1394 2999 1494 3040 nos
1507 2984 1776 3055 spondere
1793 3000 1823 3039 a
1837 2985 1995 3040 nobis
2009 2984 2102 3042 de-

505 3079 628 3135 inde
655 3078 958 3150 praestanda
977 3077 1176 3132 virtute
1193 3078 1330 3148 pacti
1347 3076 1686 3147 baptismalis
1706 3077 2099 3146 existimamur,

2206 1857 2486 1927 cruciﬁxus
2513 1870 2608 1925 est,
2647 1873 2706 1911 ν.
2740 1858 2796 1913 6.
2825 1856 3128 1930 Consepttlti
3179 1875 3354 1916 sumus
3402 1877 3516 1916 cum
3561 1877 3640 1929 eo,
3672 1859 3807 1916 ιι.

2208 1951 2275 2007 Et
2299 1952 2516 2023 quidem
2549 1953 3034 2024 repraesentatione
3057 1953 3289 2026 quadam
3317 1953 3384 2010 ad
3429 1954 3611 2010 vivum
3639 1961 3807 2031 totatn

2209 2047 2348 2102 hanc
2372 2048 2595 2120 transigi
2629 2048 2888 2104 unionem
2915 2049 3009 2103 illa
3033 2049 3229 2106 innunt
3253 2068 3266 2106 :
3287 2046 3645 2122 Complantati
3683 2048 3810 2123 facti

2207 2157 2381 2196 sumus
2431 2142 2753 2196 similitudini
2783 2143 2961 2197 mortis
3006 2144 3138 2216 ejus,
3180 2157 3236 2198 v.
3266 2144 3319 2200 5.
3350 2143 3461 2200 Nec
3505 2143 3616 2201 alio
3641 2158 3807 2216 quam

2208 2233 2464 2304 baptismi
2489 2232 2675 2290 ofﬁcio
2707 2252 2722 2290 :
2752 2235 2833 2290 An
2880 2236 3131 2308 ignoratis
3158 2237 3280 2308 quia
3303 2237 3607 2310 quicumque
3637 2238 3810 2308 bapti-

2207 2326 2310 2379 zati
2339 2341 2514 2380 sumus
2537 2327 2594 2380 in
2621 2325 2830 2382 Christo
2853 2326 3001 2394 Iesu,
3025 2330 3084 2384 in
3127 2339 3292 2385 morte
3341 2330 3506 2400 ipsius
3561 2327 3812 2402 baptisati

2207 2421 2424 2476 sumus?
2441 2419 2736 2492 Consepulti
2759 2422 2894 2477 enim
2923 2439 3100 2480 sumus
3126 2439 3242 2478 cum
3268 2424 3360 2479 illo
3381 2441 3474 2497 per
3499 2423 3811 2496 baptismum

2207 2512 2262 2567 in
2307 2523 2538 2581 mortem,
2569 2530 2622 2568 v.
2654 2515 2706 2580 5,
2738 2515 2793 2570 4.
2840 2514 3025 2587 Neque
3075 2531 3206 2572 vero
3254 2519 3384 2573 unio
3412 2518 3526 2574 sola
3555 2526 3610 2574 et
3658 2533 3810 2576 mera

2208 2606 2329 2662 haec
2358 2605 2607 2662 habenda
2650 2617 2754 2673 est,
2783 2617 2838 2664 et
2862 2625 2982 2680 quac
3024 2618 3133 2665 tota
3161 2611 3213 2666 in
3243 2610 3520 2668 hominum
3544 2613 3810 2685 imagina-

2210 2704 2355 2759 tione
2384 2709 2542 2775 atque
2571 2703 2930 2760 mstimatione
2973 2706 3262 2761 constituta
3293 2717 3396 2762 est.
3421 2707 3552 2763 Eam
3573 2705 3810 2764 diximus

2207 2798 2434 2870 symboli
2462 2798 2733 2870 sponsorii
2773 2813 2897 2855 esse
2923 2807 3172 2855 naturam
3204 2808 3262 2856 ut
3292 2815 3396 2856 una
3431 2800 3627 2857 inferat
3657 2801 3810 2874 lega-

2207 2890 2312 2946 lem
2338 2891 2625 2962 quamdam
2653 2891 3040 2963 obligationem
3089 2908 3194 2963 qua
3226 2901 3410 2964 partes
3453 2894 3597 2950 inter
3620 2909 3682 2950 se
3711 2907 3810 2967 pa-

2207 2982 2474 3038 ciscentes
2495 2993 2760 3054 praestare
2789 2983 2843 3038 id
2877 2993 3130 3040 tenentur
3149 2985 3293 3056 quod
3322 2987 3583 3059 symbolis
3605 3004 3810 3060 reprae-

2210 3078 2499 3133 sentarint.
2529 3077 2661 3134 Inde
2690 3077 2746 3133 ﬁt
2774 3088 2852 3144 ut,
2882 3079 3024 3149 quod
3047 3081 3160 3136 sola
3185 3079 3534 3139 similitudine
3556 3082 3673 3138 ﬁeri
3701 3099 3810 3140 non

505 3189 566 3227 ea
584 3188 612 3225 a
641 3171 798 3228 nobis
829 3171 1066 3242 praestita
1089 3171 1178 3241 jus
1209 3170 1335 3226 inde
1357 3169 1512 3225 nobis
1538 3169 1737 3226 faciunt
1764 3181 1822 3225 ut
1840 3171 2102 3241 promissa
2129 3172 2174 3237 C
2209 3173 2402 3242 potuit,
2436 3170 2590 3227 nobis
2617 3181 2794 3226 tamen
2823 3186 2889 3227 ex
2936 3170 3038 3227 hac
3065 3173 3178 3243 ipsa
3205 3175 3682 3244 reprazsentatione
3721 3175 3816 3248 jus

505 3266 684 3322 divina
731 3264 982 3334 ejusdem
1012 3262 1157 3334 pacti
1185 3262 1487 3334 evangelici
1515 3263 1716 3320 virtute
1745 3263 2099 3320 vindicemus.

503 3398 514 3424 ς
580 3357 732 3430 ᾕῖὅ.
756 3387 829 3398 --
848 3356 1048 3425 Quinto
1074 3357 1128 3412 in
1157 3356 1416 3428 symbolis
1437 3355 1689 3426 baptismi
1725 3357 1895 3412 nostri
1922 3371 2104 3413 sacra-

506 3444 756 3500 mentalis
778 3441 1139 3508 solemnibus,
1169 3456 1275 3496 non
1303 3456 1458 3512 aquae
1485 3442 1654 3497 solius
1680 3441 1979 3512 baptismns
2003 3442 2102 3498 de-

505 3545 742 3603 notatur,
767 3536 867 3594 sed
898 3538 1062 3592 etiam
1094 3535 1184 3591 ille
1213 3535 1516 3607 sanguinis,
1563 3550 1750 3591 verum
1783 3536 1854 3590 ita
1881 3534 2102 3591 denote-

508 3642 594 3687 tur
621 3639 678 3685 ut
693 3644 801 3686 uno
821 3629 1124 3700 eodemque
1147 3627 1417 3700 symbolo,
1436 3643 1544 3683 uno
1561 3626 1860 3700 eodemque
1880 3629 2104 3684 denote-

510 3737 594 3783 tur
624 3728 915 3795 elemento,
943 3734 1001 3780 ut
1029 3724 1255 3797 proinde
1281 3724 1348 3780 ad
1377 3740 1564 3792 unum,
1581 3733 1642 3780 ut
1664 3725 1923 3788 diximus.
1945 3740 2102 3782 eunt-

502 3820 736 3892 demque
767 3820 1093 3890 baptismum
1123 3820 1394 3889 pertinere
1422 3818 1810 3890 intelligantur.
1841 3818 1910 3875 Ut
1935 3819 2102 3888 enim,

503 3931 625 3972 cum
651 3931 791 3987 aqua
843 3914 1152 3981 adhibetur,
1203 3920 1547 3986 peccatorum
1593 3912 1960 3969 desertioncm
1991 3913 2105 3984 pol-

508 4009 756 4072 licemur,
781 4006 1127 4076 futuramque
1153 4005 1280 4060 vita:
1301 4005 1713 4060 sanctimoniam
1733 4021 1850 4076 qua:
1880 4014 2106 4060 externo

505 4115 658 4172 aquae
705 4098 953 4172 symbolo
991 4098 1123 4152 satis
1151 4106 1277 4168 apte
1315 4106 1770 4168 repraesentatur:
1801 4097 1873 4152 ita
1895 4113 2017 4154 cum
2050 4098 2103 4153 in

503 4208 696 4263 aquam
719 4191 1099 4249 descendimus
1121 4190 1428 4247 etvicissim
1457 4206 1523 4246 ex
1549 4190 1736 4247 eadem
1755 4192 2102 4262 emergimus,

503 4284 702 4339 Christi
754 4293 1012 4350 mortem,
1043 4283 1378 4354 sepulturam
1424 4285 1989 4354 resurrectionemque
2013 4301 2106 4341 re-

503 4385 916 4448 prtcsentamus,
945 4392 1151 4448 nosque
1178 4377 1342 4432 etiam
1391 4376 1720 4446 spondcmus
1756 4377 1949 4432 horum
1979 4393 2098 4432 om-

504 4474 652 4528 nium
682 4472 992 4543 participes,
1017 4478 1233 4541 paratos
1263 4469 1519 4525 nimirum
1553 4480 1608 4525 ut
1636 4486 1989 4541 qumcutuque
2016 4471 2106 4528 ille

2208 3265 2479 3335 quoddam
2534 3265 2602 3321 ad
2652 3281 2768 3321 rem
2817 3266 2987 3336 ipsam
3029 3270 3357 3339 proveniat,
3399 3285 3506 3342 quo
3553 3273 3816 3330 unionem

2209 3361 2380 3430 ipsam
2432 3362 2697 3416 internum
2747 3368 2806 3416 et
2858 3361 3139 3432 mysticam
3184 3363 3456 3421 vindicare
3484 3379 3810 3436 possumus,

2207 3455 2430 3526 ejusque
2460 3455 2744 3510 beneﬁcia.
2775 3455 2853 3510 Eo
2901 3454 3021 3525 ipso
3053 3457 3316 3528 principio
3344 3459 3586 3516 nituntur
3634 3459 3687 3516 id
3718 3476 3819 3532 ge-

2209 3565 2308 3604 nus
2339 3549 2618 3605 ratiocinia
2652 3564 2666 3602 :
2700 3548 2762 3604 Si
2778 3549 2913 3602 enim
2940 3550 3278 3620 complantati
3305 3553 3431 3623 facti
3457 3565 3632 3610 sumus
3657 3554 3815 3609 simi-

2211 3641 2414 3696 litudini
2468 3641 2648 3697 mortis
2677 3642 2832 3712 ejus;
2879 3642 3033 3698 simul
3088 3653 3134 3697 et
3187 3646 3573 3702 resurrectionis
3618 3646 3816 3703 erimus

2207 3751 2258 3789 v.
2292 3737 2326 3790 5
2355 3751 2370 3802 ;
2403 3736 2448 3790 si
2482 3747 2652 3790 amem
2681 3737 2871 3792 mortui
2914 3753 3093 3793 sumus
3136 3754 3254 3794 cum
3293 3737 3522 3808 Christo,
3551 3741 3817 3798 credimus

2208 3829 2327 3901 quia
2353 3831 2506 3885 simul
2527 3830 2682 3885 etiam
2711 3837 2935 3887 vivemus
2955 3847 3071 3886 cum
3092 3831 3321 3900 Christo,
3345 3851 3399 3895 v.
3434 3836 3489 3892 6.
3522 3835 3633 3892 Nec
3661 3835 3815 3893 enim

2208 3923 2277 3979 de
2299 3923 2403 3978 alia
2431 3934 2608 3980 morte
2637 3924 2722 3980 hic
2747 3925 2832 3996 agi
2871 3941 3032 3997 quam
3065 3929 3240 3999 typica
3271 3927 3372 3985 hac
3401 3939 3562 4001 atque
3584 3928 3818 4001 symbo-

2212 4019 2312 4075 lica
2367 4019 2421 4074 in
2474 4019 2742 4090 baptismo
2788 4032 3174 4092 repraesentata
3202 4023 3312 4094 jam
3344 4024 3703 4081 ostendimus.
3729 4024 3813 4082 Ea

2210 4120 2386 4167 morte
2430 4113 2727 4185 symbolica
2757 4115 3042 4171 constabat
3064 4117 3175 4186 jam
3201 4117 3487 4175 defunctos
3524 4133 3646 4176 esse
3667 4117 3817 4190 apud

2209 4220 2346 4274 quos
2369 4206 2439 4259 ita
2461 4215 2870 4277 argumentatur
2892 4211 3186 4279 Apostolus
3210 4212 3304 4283 qui
3333 4211 3524 4268 mortis
3551 4212 3816 4269 nimirum

2209 4298 2551 4368 symbolisin
2601 4298 2872 4369 baptismo
2924 4302 3004 4356 usi
3057 4303 3289 4359 fuerant.
3320 4304 3448 4361 inde
3475 4313 3749 4375 tamquam
3779 4319 3817 4364 e

2213 4391 2474 4462 principio
2504 4393 2716 4448 notoria
2756 4395 2992 4465 legitima
3039 4397 3368 4468 procedebat
3413 4398 3817 4471 argumentatio

2211 4483 2256 4537 si
2279 4493 2334 4538 et
2357 4484 2487 4540 illud
2515 4484 2984 4558 subintelligamus
3005 4490 3248 4561 symbola
3265 4491 3402 4547 inter
3428 4491 3818 4563 paciscendum

503 4566 660 4622 nobis
689 4565 997 4633 immiserit,
1018 4580 1079 4620 ea
1104 4580 1226 4627 nos,
1248 4563 1394 4619 illius
1409 4580 1568 4620 causa
1585 4565 1650 4620 ad
1677 4575 1906 4622 mortem
1938 4582 2106 4638 usque
2129 4576 2184 4638 D
2213 4589 2465 4647 usurpata
2497 4593 2619 4634 esse
2662 4579 2824 4635 etiam
2855 4591 2910 4636 et
2953 4581 3066 4652 ipsa
3113 4585 3416 4654 sponsoria.
3458 4584 3570 4642 Nec
3593 4585 3720 4654 alia,
3753 4592 3822 4644 ut

505 4661 850 4716 toleraturos.
883 4658 1089 4714 Eodem
1119 4657 1391 4730 symbolo,
1421 4673 1524 4728 qua
1562 4657 1838 4714 Christum
1860 4661 2100 4730 respicit,

503 4753 856 4825 intelligimus
879 4752 1157 4809 Christum
1188 4753 1291 4810 sibi
1325 4753 1606 4823 passiones
1633 4763 1847 4809 nostras
1875 4755 2106 4824 imputa-

505 4857 777 4912 tttrum,ct
804 4861 967 4916 quam
996 4844 1304 4901 mercedem
1336 4845 1452 4916 ipse
1477 4859 1509 4900 a
1541 4845 1724 4912 Patre,
1740 4861 1837 4916 pro
1857 4860 1956 4902 suo
1981 4862 2103 4902 cum

504 4945 663 5000 Patre
701 4941 907 4998 ftedere
935 4940 1194 5009 vindicat,
1223 4939 1412 4996 eadem
1453 4950 1668 4996 nostras
1711 4955 1926 5012 quoque
1981 4955 2104 5012 pas-

503 5038 688 5093 siones
713 5049 838 5092 esse
876 5043 1371 5090 remuneraturum.
1403 5031 1479 5087 Ita
1534 5032 1803 5089 Constabit
1852 5048 1958 5104 quo
1981 5035 2103 5104 jure

500 5130 602 5186 sibi
655 5127 911 5198 baptismi
958 5141 1156 5181 nomen
1208 5125 1484 5182 vindicent
1531 5136 1733 5181 nostra:
1782 5127 2101 5198 passiones,

502 5243 624 5284 eum
655 5223 722 5280 ad
749 5224 921 5295 ipsam
962 5222 1214 5293 baptismi
1245 5222 1653 5278 sacramentalis
1681 5223 1942 5279 rationem
1973 5239 2101 5293 spe-

501 5315 1168 5376 ctentconsnmmandam.
1185 5313 1641 5369 Constabitetiam
1669 5329 1774 5384 quo
1799 5329 1960 5384 porro
1983 5314 2103 5386 jure

502 5413 747 5484 ejusdem
780 5411 880 5467 sibi
936 5407 1214 5465 vindicent
1246 5407 1499 5478 baptismi
1530 5407 1814 5475 beneﬁcia,
1841 5425 1962 5464 cum
1995 5408 2103 5465 illis

501 5507 662 5562 etiam
717 5503 980 5577 symbolis
1016 5510 1474 5572 repraesententur
1501 5516 1622 5571 qum
1653 5517 1682 5554 a
1712 5501 1825 5557 Deo
1856 5501 2100 5558 instituta

502 5609 648 5664 sunt,
679 5610 736 5655 et
762 5614 881 5668 quae
910 5597 1016 5653 hoc
1049 5597 1167 5668 ipso
1195 5594 1424 5652 consilio
1446 5595 1693 5652 instituta
1723 5605 1849 5653 sunt
1880 5606 1939 5653 ut
1978 5612 2100 5669 pas-

500 5695 681 5750 siones
705 5702 920 5748 nostras
939 5699 1333 5761 repraesentem
1359 5699 1522 5762 atque
1543 5690 1868 5762 spondeant,
1897 5701 1955 5749 et
1979 5709 2102 5764 quae

499 5787 592 5844 Dei
643 5785 805 5844 etiam
858 5773 1134 5842 nobiscum
1167 5783 1491 5856 paciscentis
1545 5794 1672 5841 sunt
1697 5801 1912 5859 quoque
1954 5802 2100 5859 synt-

2207 4671 2484 4740 existimo,
2509 4672 2796 4744 hypothesi
2839 4674 2969 4731 illud
2997 4676 3187 4732 nititur
3205 4678 3368 4733 etiam
3401 4678 3642 4750 ejusdem
3665 4680 3820 4750 Apo-

2207 4765 2352 4832 stoli,
2385 4767 2495 4822 alio
2521 4777 2698 4824 tamen
2746 4767 2801 4822 in
2832 4770 2952 4826 loco
2979 4771 3318 4827 ratiocinium
3345 4788 3359 4825 :
3389 4771 3580 4844 Igitur,
3608 4773 3654 4827 si
3685 4787 3821 4827 con-

2207 4859 2522 4929 surrexistis,
2550 4861 2744 4931 inquit,
2768 4877 2883 4916 cum
2910 4863 3134 4930 Christo,
3164 4879 3278 4935 quin
3296 4881 3498 4920 sursum
3522 4873 3640 4920 sunt
3666 4879 3821 4935 quae.

2208 4951 2322 5019 rite,
2354 4959 2460 5008 etc.
2487 4950 2627 5023 (Col.
2653 4969 2732 5018 ut,
2768 4955 2844 5026 1).
2873 4953 3187 5025 Mortiﬁcate
3216 4973 3334 5029 ergo
3361 4959 3587 5012 membra
3612 4965 3812 5024 uestra,

2206 5053 2312 5100 etc.
2345 5045 2420 5118 (v.
2446 5045 2524 5118 5).
2547 5045 2704 5112 Quod
2727 5046 2848 5101 illos
2865 5047 2977 5117 jam
3001 5060 3268 5121 supponat
3285 5050 3709 5115 consurrexisse,
3735 5049 3814 5108 ad

2206 5137 2338 5192 illud
2365 5138 2554 5194 referri
2589 5154 2694 5194 non
2746 5149 2927 5209 potest
2955 5156 3113 5210 quam
3154 5142 3220 5197 ad
3253 5143 3610 5200 emersionetn
3655 5143 3817 5202 illam

2209 5248 2277 5288 ex
2332 5248 2469 5303 aqua
2496 5233 2801 5303 baptismali
2832 5250 2952 5305 quae
3000 5237 3415 5294 resurrectionis
3441 5250 3559 5294 erat
3583 5239 3816 5312 symbo-

2209 5327 2345 5394 lum,
2376 5334 2438 5381 ut
2467 5325 2724 5382 nimirum
2757 5327 2955 5384 forensi
2987 5340 3265 5400 pactorum
3283 5330 3542 5389 idiomate
3569 5342 3697 5389 tunc
3721 5347 3821 5391 re-

2205 5419 2510 5475 surrexisse
2563 5420 3005 5478 existimarentur
3033 5439 3157 5480 cum
3191 5437 3517 5496 usurparent
3559 5442 3820 5484 resurre-

2205 5512 2400 5568 ctionis
2447 5513 2775 5585 symbolum.
2813 5515 2942 5572 lude
2970 5527 3116 5572 recte
3167 5519 3373 5590 colligit
3400 5518 3820 5579 Colossensiutn

2206 5604 2408 5674 ofﬁcia,
2439 5621 2502 5662 ea
2533 5607 2694 5664 modo
2730 5619 3104 5680 supponantur
3147 5627 3269 5683 qua
3309 5613 3422 5684 jam
3467 5613 3816 5673 ostendimus

2207 5701 2514 5758 necessario
2541 5718 2665 5760 esse
2712 5702 3085 5776 supponenda.
3119 5705 3252 5762 Cum
3300 5708 3445 5764 enim
3491 5709 3683 5767 mortis
3713 5709 3820 5769 illo

2205 5793 2470 5868 symbolo,
2500 5793 2846 5855 immersione
2891 5797 3167 5867 nimirum,
3191 5799 3522 5872 sponderent
3548 5817 3607 5862 se
3634 5817 3816 5861 mem~
