3994 6318
185 289 248 345 69
1183 296 1301 366 2ma
1341 297 1660 359 secusne
1687 281 2072 360 MAR'i‘YRUM
2111 301 2473 365 BtP’l‘lSMO.
3420 315 3490 378 ro

181 407 389 462 brorum
419 420 645 466 suorum
674 411 1139 471 mortiﬁcationem
1159 425 1440 473 curaturos
1465 435 1479 484 ;
1514 427 1567 473 et
1595 433 1776 472 resur-
1804 417 1858 478 Α
1886 420 2115 488 probare
2139 438 2390 494 umquam
2421 425 2674 496 poterunt
2697 427 2785 498 qui
2816 427 3017 485 nullam
3048 431 3148 489 nisi
3176 449 3239 489 ex
3264 433 3482 497 disertis

182 501 431 557 rectionis
453 504 704 575 symbolo
732 505 784 561 id
800 523 1015 579 quoque
1032 525 1054 562 s
1063 507 1468 580 pependissent,
1489 511 1554 565 ad
1587 525 1782 566 novam

181 605 235 648 sc
259 594 653 668 caelestemque
675 597 835 654 vitam
863 615 985 655 esse
1008 611 1414 658 resurrecturos
1442 620 1454 656 :
1482 601 1605 658 inde
1625 617 1783 658 nemo

181 701 280 740 non
308 685 460 744 videt
486 705 645 760 quam
672 692 764 748 ille
805 692 978 749 solide
1007 695 1404 768 prudenterque
1433 705 1781 768 argumente-

179 789 278 845 tur,
311 795 438 836 cum
467 797 500 839 e
527 794 685 854 pacto
712 787 1091 858 promissaque
1137 789 1256 846 illos
1301 791 1545 848 hortatur
1570 809 1638 848 ne
1668 789 1783 848 offi-

179 874 257 929 cio
300 873 583 941 deessent,
616 876 846 935 fidemve
878 880 1143 938 fallerent.
1197 881 1429 940 Inﬁrmus
1459 894 1637 941 autem
1689 881 1782 941 ad-

179 965 392 1023 modum
423 975 484 1023 et
508 969 709 1041 jejuna:
736 973 913 1030 forent
938 973 991 1030 id
1018 990 1188 1046 genus
1216 977 1449 1048 sequela:
1472 979 1516 1034 si
1541 993 1608 1034 ex
1638 979 1782 1034 inani

177 1061 358 1118 mortis
385 1066 919 1139 resurrectionisque
949 1069 1200 1142 symbolo
1247 1071 1313 1128 ad
1350 1073 1632 1144 mysticam
1661 1073 1784 1130 illos

175 1165 404 1213 mortem
427 1159 994 1234 resurrectionemque
1022 1165 1351 1222 hortaretur.

245 1249 571 1321 §_21.—lta
603 1254 856 1312 nimirum
875 1265 1089 1313 constat
1115 1257 1182 1314 de
1201 1256 1364 1326 facto,
1393 1273 1459 1314 ex
1487 1259 1601 1331 ipsa
1621 1259 1782 1332 aquei

179 1346 426 1418 baptismi
484 1349 824 1407 institutione
873 1350 1200 1422 baptismum
1239 1353 1516 1424 sanguinis
1569 1355 1782 1412 excludi

180 1456 278 1497 non
318 1455 511 1514 posse,
542 1458 643 1500 nec
692 1445 854 1515 etiam
884 1461 914 1501 e
953 1447 1090 1516 pacti
1121 1445 1454 1519 baptismalis
1497 1447 1780 1506 beneficio.

179 1539 230 1597 Si
259 1557 424 1613 porro
460 1542 590 1598 facti
621 1542 884 1600 rationem
914 1545 1229 1616 quaerimus,
1267 1561 1326 1603 ea
1374 1555 1476 1613 est,
1510 1546 1563 1602 ni
1597 1545 1770 1615 fallor,

178 1633 328 1691 altius
347 1651 380 1691 e
403 1635 620 1691 duobus
643 1638 940 1707 przesertim
964 1641 1238 1712 principiis
1257 1637 1572 1697 deducenda
1600 1661 1612 1698 :
1638 1642 1782 1714 quod

177 1730 384 1786 scilicet
407 1731 616 1786 Christi
641 1745 789 1787 mors
807 1747 871 1788 ea
901 1733 969 1789 sit
991 1733 1162 1791 beata:
1193 1737 1607 1793 resurrectionis
1639 1754 1782 1792 mer-

1889 512 2289 582 Scripturarum
2324 518 2645 574 testimoniis
2669 521 3038 589 probationem
3071 524 3378 584 admittunt.

1962 605 1988 679 §
2013 607 2317 666 9.8.—liuic
2345 612 2522 682 itaque
2553 613 2758 670 cmi'esti
2781 623 2935 686 pacto
2961 618 3067 673 duo
3090 619 3176 674 illa
3207 622 3489 682 tribuenda

1888 712 2046 758 erant
2077 723 2088 759 :
2122 705 2294 775 primo
2325 715 2381 762 ut
2427 705 2548 778 jure
2576 709 2737 764 etiam
2769 709 2927 782 legali
2957 711 3172 771 Christo
3203 718 3484 788 pnnmium

1887 809 1985 865 pro
2015 793 2124 850 Suis
2167 798 2372 854 meritis
2412 798 2696 856 deberetur
2721 821 2733 866 ;
2759 803 2998 859 secundo
3025 808 3185 862 etiam
3218 811 3274 865 ut
3301 809 3489 869 fideles

1888 887 2118 943 universi
2151 905 2309 944 unam
2342 890 2394 946 in
2419 887 2532 963 iege
2553 908 2675 948 cum
2717 893 2933 950 Christo
2963 913 3248 968 personam
3289 905 3488 960 consti-

1888 987 2122 1034 tuerent.
2159 977 2270 1036 Nec
2321 983 2462 1037 enim
2516 981 2583 1039 de
2629 987 2834 1041 utrovis
2879 986 3071 1044 horum
3122 992 3402 1064 quicquam
3434 995 3486 1052 in

1888 1074 2130 1129 terrestri
2177 1085 2334 1143 pacto
2372 1085 2586 1132 cautum
2618 1078 2869 1148 legimus.
2903 1079 3149 1138 Nondum
3209 1097 3384 1143 tamen
3416 1088 3485 1145 ad

1887 1166 2130 1239 singulos
2163 1168 2409 1225 homines
2453 1169 2730 1227 descendit
2765 1173 2867 1230 hoc
2911 1184 3148 1246 pactum,
3175 1187 3231 1234 ut
3262 1179 3488 1253 intelligi

1887 1261 2058 1330 possit
2092 1260 2307 1331 quinam
2353 1261 2419 1317 ad
2465 1261 2604 1320 hanc
2650 1265 2921 1335 politicam
2964 1259 3162 1324 Christi
3197 1286 3486 1340 personam

1888 1351 2132 1407 homines
2161 1352 2462 1422 pertineant
2482 1364 2539 1410 ut
2561 1356 2659 1412 sibi
2686 1361 2890 1428 possint
2913 1349 3059 1416 illius
3081 1361 3318 1419 caelestis
3346 1365 3487 1435 pacti

1887 1443 2148 1500 beneficia
2180 1445 2475 1502 vindicare.
2511 1445 2744 1506 Proinde
2778 1461 2977 1522 praeter
3017 1452 3122 1508 hoc
3163 1451 3338 1512 Patris
3365 1471 3488 1513 cum

1886 1537 2100 1594 Christo
2127 1539 2349 1596 caeleste
2384 1552 2630 1612 pactum;
2664 1543 2810 1601 aliud
2839 1557 3099 1618 praeterea
3122 1552 3488 1610 necessarium

1886 1641 2022 1698 erat,
2061 1630 2262 1688 ChriStl
2310 1649 2433 1690 cum
2472 1635 2800 1705 hominibus,
2826 1647 2881 1696 et
2929 1641 3150 1712 quidem
3203 1653 3300 1715 pro
3325 1655 3486 1717 captu

1887 1722 2123 1779 humano
2153 1734 2457 1792 externum,
2507 1731 2852 1802 externisque
2901 1733 3164 1806 symbolis
3202 1735 3487 1792 celebran-

177 1821 300 1878 cede
331 1821 654 1879 coronanda
682 1840 697 1886 ;
731 1823 875 1892 quod
926 1827 1090 1881 etiam
1146 1827 1277 1882 illud
1306 1827 1371 1883 sit
1412 1830 1464 1882 in
1496 1829 1781 1900 praecipuis
1809 1825 1859 1888 B
1886 1815 2110 1880 dum,ut
2137 1825 2351 1874 constet
2371 1821 2586 1891 quinam
2614 1823 2691 1878 illi
2718 1827 2825 1880 sint
2848 1827 2938 1898 qui
2965 1842 2992 1880 a
3018 1825 3234 1884 Christo
3259 1845 3358 1900 pro
3378 1833 3493 1888 suis

177 1915 425 1987 baptismi
453 1915 737 1973 beneﬂciis
761 1920 1152 1975 numerandum
1176 1929 1233 1976 ut
1254 1920 1508 1976 nimirum
1532 1921 1780 1992 baptismi

176 2009 368 2065 virtute
416 2009 551 2066 illud
577 2025 972 2083 consequamur
999 2024 1058 2068 ut
1083 2024 1266 2070 nostra
1298 2031 1510 2086 quoque
1541 2029 1686 2071 mors
1711 2016 1782 2072 sit

177 2102 388 2160 Christo
418 2104 758 2174 imputanda.
783 2105 938 2174 Quod
965 2104 1204 2175 ChriSto,
1233 2123 1301 2164 eo
1328 2107 1446 2180 ipso
1478 2109 1666 2165 mortis
1685 2119 1783 2164 no-

177 2197 334 2265 mine,
380 2212 447 2254 ea
479 2196 794 2266 deberetur,
823 2215 982 2271 quam
1034 2201 1164 2267 dixi,
1194 2201 1609 2259 resurrectionis
1639 2215 1782 2258 mer-

177 2303 277 2356 ces,
312 2305 343 2345 e
372 2287 567 2346 Veteri
618 2307 832 2363 quoque
857 2291 1208 2350 Testamento
1256 2293 1368 2364 jam
1417 2294 1666 2366 superius
1692 2309 1785 2351 os-

179 2383 470 2439 tendimus.
503 2383 580 2438 Ex
613 2384 706 2440 illo
753 2385 1004 2442 nimirum
1041 2387 1329 2459 antiquiori
1376 2396 1534 2459 pacto
1581 2404 1688 2460 quo
1715 2389 1784 2446 de

180 2487 281 2533 toto
296 2478 700 2549 redemptionis
726 2480 941 2550 negotio
967 2481 1458 2553 inearnationisque
1483 2495 1604 2538 cum
1623 2481 1786 2539 Patre

180 2571 459 2642 transegit.
511 2570 668 2639 Quod
721 2573 864 2627 enim
904 2571 1103 2629 Christi
1133 2575 1482 2642 resurrectio,
1515 2591 1620 2630 non
1674 2585 1780 2631 tam

177 2664 406 2734 propria:
437 2663 556 2733 ejus
582 2671 636 2718 et
663 2665 856 2720 nativa:
887 2665 1106 2733 Deitati,
1136 2682 1295 2737 quam
1328 2666 1467 2722 Patri
1497 2667 1780 2735 tribuitur;

176 2755 309 2824 quod
341 2757 518 2811 etiam
563 2755 724 2810 Pater
768 2771 873 2812 non
902 2757 1100 2826 ,Patris
1145 2766 1323 2814 tamen
1365 2759 1416 2814 in
1466 2758 1568 2816 hac
1621 2773 1782 2816 causa

175 2862 464 2919 personam
518 2849 713 2920 egerit,
756 2850 852 2906 sed
902 2851 1143 2920 judicis;
1197 2866 1296 2908 nec
1346 2867 1458 2909 suae
1509 2853 1562 2909 in
1611 2854 1822 2910 ﬁlium-

177 2952 399 3020 στοργῆς
429 2945 697 3000 rationem
721 2943 992 3014 habuerit,
1017 2945 1113 3002 sed
1136 2945 1337 3003 Christi
1369 2949 1550 3019 potius
1580 2949 1632 3003 in
1664 2964 1785 3019 pas-

179 3035 320 3093 sione
362 3036 552 3092 meriti
587 3055 602 3093 :
632 3038 772 3108 quod
805 3038 968 3094 etiam
1000 3039 1250 3096 Christus
1279 3056 1386 3096 non
1417 3056 1516 3111 pro
1560 3056 1654 3097 sua
1697 3041 1784 3098 hic

177 3135 482 3206 aequalitate
532 3148 656 3190 cum
684 3133 867 3202 Patre,
913 3134 1008 3190 sed
1036 3134 1193 3207 plane
1222 3138 1377 3206 quasi
1418 3135 1681 3203 subditus,
1714 3137 1786 3192 sit

1885 1920 2266 1980 agnoscantur.
2306 1911 2418 1968 Hoc
2466 1924 2642 1970 autem
2686 1929 2899 1987 pactum
2931 1928 2988 1975 ut
3040 1922 3106 1977 ad
3154 1935 3492 1981 sacramenta

1885 2009 2092 2070 spectat
2133 2001 2184 2056 in
2216 2018 2438 2074 genere,
2475 2006 2547 2061 ita
2578 2009 2799 2078 propius
2837 2021 2891 2065 et
2933 2013 3205 2083 praecipue
3234 2013 3301 2070 ad
3355 2014 3492 2088 bap-

1888 2095 2101 2149 tismum
2130 2097 2270 2166 quod
2301 2099 2514 2154 unicum
2533 2100 2848 2157 initiationis
2869 2113 3270 2162 sacramentum
3301 2119 3492 2166 omnes

1885 2198 2204 2257 agnoscunt.
2235 2188 2382 2246 Illud~
2401 2193 2544 2248 enim
2565 2194 2778 2264 proprie
2793 2206 3008 2267 pactum
3032 2199 3360 2270 appellamus
3385 2218 3492 2274 quo

1881 2282 1971 2352 jus
2001 2285 2140 2354 pacti
2175 2285 2528 2358 ejusdemque
2545 2287 2806 2346 beneficia
2833 2289 3066 2362 primum
3083 2296 3488 2367 consequimur,

1886 2391 1992 2434 non
2021 2393 2126 2450 quo
2153 2381 2432 2437 consecuti
2455 2382 2542 2454 jus
2590 2384 2729 2440 idem
2760 2400 3022 2458 augemus
3052 2397 3212 2461 atque
3237 2405 3491 2448 consum-

1886 2485 2116 2529 mamus.
2141 2475 2254 2544 Qua
2286 2475 2468 2547 itaque
2504 2479 2713 2536 ratione
2744 2480 2811 2536 ad
2838 2480 3093 2552 baptismi
3137 2500 3488 2543 consumma-

1888 2567 2092 2621 tionem
2111 2568 2446 2624 ostendimus
2471 2570 2745 2642 pertinere
2767 2575 3107 2647 martyrium,
3129 2578 3321 2634 eadem
3346 2589 3400 2635 et
3421 2578 3489 2636 ad

1886 2667 2100 2728 pactum
2153 2663 2527 2730 evangelicum
2587 2667 2832 2738 pactique
2885 2667 3141 2726 beneﬁcia
3214 2673 3487 2742 pertinere

1887 2752 2215 2820 censebitur,
2250 2769 2318 2810 ne
2348 2756 2470 2825 quis
2498 2758 2734 2813 nominis
2764 2760 2952 2825 solius,
2983 2777 3090 2817 non
3120 2763 3248 2819 item
3280 2763 3356 2822 rei
3392 2782 3490 2838 per

1887 2861 2083 2901 nomen
2103 2847 2438 2918 significata),
2470 2851 2608 2906 hanc
2633 2853 2886 2924 baptismi
2908 2869 3028 2912 cum
3059 2859 3318 2931 martyrio
3335 2875 3488 2917 com-

1887 2938 2308 2995 municationem
2340 2941 2746 3013 interpretetur.

1963 3030 1992 3103 §
2034 3031 2630 3091 29.--Observandum
2660 3037 2801 3094 cnim
2829 3047 2984 3098 sexto
3003 3085 3017 3110 ,
3042 3055 3152 3100 non
3176 3059 3238 3102 ea
3273 3054 3483 3106 tantum

1887 3127 2124 3196 generali
2157 3128 2368 3185 ratione
2408 3129 2719 3186 adumbrari
2751 3132 2802 3188 in
2833 3133 3103 3206 baptismo
3139 3141 3490 3214 martyrium,

176 3227 622 3293 considerandus,
657 3235 710 3282 et
737 3226 1064 3284 obedientia:
1088 3229 1283 3285 merito
1321 3230 1598 3300 prtemium
1630 3229 1782 3284 exal-

1889 3233 1990 3288 qua
2024 3226 2078 3274 et
2107 3220 2314 3292 reliqua
2349 3223 2527 3278 omnia
2570 3224 2824 3296 bap‘tizati
2855 3227 3033 3285 ofﬁcia
3060 3229 3489 3304 adumbrantur;

178 3321 392 3376 talionis
422 3337 453 3374 a
485 3319 648 3376 Patre
666 3322 962 3392 reputarit;
993 3322 1169 3391 plane,
1196 3322 1436 3393 inquam,
1461 3322 1580 3378 inec
1601 3324 1780 3378 omnia

177 3421 405 3487 arguunt
428 3428 542 3470 non
571 3428 721 3469 suam
750 3413 861 3481 hic,
894 3413 989 3469 sed
1017 3429 1148 3470 vero
1171 3414 1424 3482 alienam,
1465 3423 1519 3471 et
1563 3416 1780 3488 quidem

175 3522 200 3560 a
222 3523 314 3563 sua
346 3508 515 3578 longe
544 3506 963 3562 diversissimam
1001 3523 1031 3562 a
1064 3508 1278 3565 Christo
1324 3519 1630 3580 susceptam
1659 3525 1784 3566 esse

176 3615 484 3668 personam.
516 3601 583 3656 Et
604 3616 733 3656 vero
764 3601 878 3672 ipsa
902 3617 1172 3672 personae,
1193 3615 1354 3672 quam
1384 3604 1658 3671 sustinuit,
1691 3620 1782 3659 ra-

177 3697 246 3753 tio
271 3707 498 3769 pactum
526 3695 742 3768 aliquod
771 3697 992 3751 omnino
1020 3698 1278 3768 postulat,
1305 3707 1359 3752 et
1388 3708 1629 3753 mutuum
1657 3713 1780 3754 cum

177 3788 324 3846 Patre
374 3803 732 3845 consensum.
764 3787 873 3847 Nec
901 3790 1043 3844 enim
1071 3789 1275 3844 Christi
1308 3791 1527 3845 nomine
1552 3799 1654 3844 una
1683 3791 1785 3846 ali-

177 3899 288 3952 qua,
311 3892 374 3940 ut
399 3881 612 3938 schola:
643 3882 955 3952 loquuntur,
980 3882 1255 3937 individua
1281 3897 1509 3955 persona
1529 3884 1772 3955 intelligi~

179 3986 274 4043 tur,
304 3976 405 4033 sed
442 3975 662 4046 politica
693 3984 748 4030 et
776 3975 989 4046 publica
1030 3989 1150 4045 qua:
1190 3991 1290 4030 suo
1336 3976 1544 4032 ambitu
1592 3991 1782 4034 omnes

177 4072 413 4124 omnium
434 4068 756 4124 saeculorum
784 4069 869 4124 Ioc
879 4083 1142 4140 oramque
1161 4071 1402 4125 omnium
1427 4069 1610 4125 ﬁdeles
1633 4085 1786 4125 com-

177 4163 460 4230 piectatur.
504 4161 598 4217 His
629 4161 772 4216 enim
809 4163 1058 4218 omnibus
1088 4163 1380 4219 convenire
1413 4163 1782 4234 ilteiliguntur

178 4251 329 4324 huius
355 4253 649 4310 beneficia.
680 4255 934 4309 Poterant
956 4252 1186 4309 fortasse
1205 4254 1403 4309 Christi
1427 4255 1614 4310 merita
1645 4269 1784 4323 prm-

176 4348 331 4403 ntium
354 4348 590 4418 aliquod
620 4363 686 4402 ex
719 4348 984 4418 aequitatis
1007 4347 1128 4418 jure
1153 4347 1256 4402 sibi
1283 4347 1593 4417 impetrare.
1623 4347 1782 4415 Quod

184 4457 308 4497 rere
333 4457 450 4498 non
481 4455 548 4496 ex
580 4456 736 4512 aequo
772 4441 1074 4507 dumtaxat,
1108 4439 1204 4496 sed
1235 4441 1571 4512 projustitim
1596 4440 1784 4496 debito

174 4532 296 4590 illud
329 4535 654 4599 vindicent;
681 4534 824 4602 quod
856 4550 964 4589 non
987 4535 1089 4591 sibi
1121 4535 1304 4602 modo,
1335 4535 1431 4591 sed
1463 4536 1574 4591 suis
1599 4534 1781 4591 omni-

1889 3313 1984 3368 sed
2023 3313 2166 3385 quod
2210 3315 2384 3386 ipsum
2433 3315 2590 3389 aquei
2631 3319 2883 3389 baptismi
2913 3323 3220 3394 symbolum
3253 3325 3324 3383 ita
3361 3343 3490 3384 nos-

1888 3415 2052 3474 trum,
2084 3394 2245 3478 quem
2269 3409 2525 3490 diximus,
2551 3413 2909 3483 sanguineum
2936 3414 3261 3487 baptismum
3292 3435 3492 3492 repue-

1887 3510 2086 3568 scntet,
2112 3510 2171 3556 ut
2189 3502 2349 3573 plane
2379 3502 2524 3558 nulla
2551 3506 2622 3560 sit
2646 3504 2806 3576 aquei
2836 3507 3090 3579 baptismi
3113 3509 3492 3580 elﬁcacia,nisi

1887 3592 1954 3646 ad
1992 3593 2347 3664 sanguineum
2390 3595 2717 3666 baptismum
2750 3596 3042 3655 referatur.
3065 3600 3182 3668 Qua
3213 3603 3354 3658 enim
3392 3604 3494 3659 im-

1887 3689 2086 3743 mersio
2125 3689 2179 3743 in
2210 3703 2406 3760 aquam
2432 3689 2558 3746 vitae
2588 3691 2835 3747 animalis
2862 3694 3364 3765 mortificationem,
3394 3698 3492 3754 de-

1887 3790 2054 3848 notat,
2085 3797 2187 3851 qua
2220 3782 2453 3838 emersio
2481 3797 2548 3839 ex
2575 3783 2766 3840 eadem
2798 3800 2952 3842 nova:
2979 3788 3140 3843 etiam
3169 3788 3495 3860 spiritualis-

1886 3889 1992 3944 que
2017 3873 2136 3929 \ilte
2159 3875 2534 3945 sponsionem,
2559 3891 2644 3944 ea,
2672 3889 2776 3949 qua
2801 3877 2939 3948 dixi,
2963 3881 3229 3952 sponsarii
3247 3883 3491 3956 symboli

1886 3967 2279 4036 significatione
2305 3978 2696 4039 repraesentat;
2731 3970 2906 4029 fateor
2929 3974 3134 4031 nullum
3160 3987 3282 4034 esse
3319 3977 3494 4035 chris-

1889 4062 2046 4114 tiana:
2075 4061 2197 4115 vitae
2227 4061 2464 4118 ofﬁcium
2497 4065 2625 4134 quin
2657 4065 2726 4120 ad
2758 4065 2955 4122 horum
2985 4069 3306 4126 alterutrum
3342 4071 3490 4129 refe-

1887 4162 2055 4219 ratur,
2089 4167 2213 4209 cum
2243 4157 2490 4230 κάθαρσιν
2516 4157 2694 4212 omnia
2726 4168 2818 4214 aut
2845 4161 3104 4218 τελείωστν
3134 4172 3399 4233 spectent,
3433 4173 3493 4223 ut

1888 4245 2170 4317 loquamur
2208 4261 2330 4303 cum
2365 4251 2756 4321 pythagoreis,
2801 4251 2918 4309 haec
2949 4253 3017 4310 ad
3055 4269 3248 4311 novam
3292 4259 3490 4332 mysti-

1885 4353 2114 4410 camque
2141 4341 2305 4395 vitam
2323 4382 2337 4407 ,
2365 4341 2433 4396 ad
2460 4357 2655 4398 novam
2679 4343 2768 4399 illa
2804 4345 3194 4419 m‘ysticamque
3220 4361 3448 4407 mortem
3467 4395 3484 4423 ,

1885 4431 2135 4488 similiter
2177 4432 2480 4490 referenda.
2513 4433 2626 4492 Nec
2667 4445 2844 4492 tamen
2886 4449 3169 4510 propterea
3199 4443 3323 4499 novi
3361 4444 3492 4516 bap-

1887 4525 2029 4581 tismi
2075 4527 2334 4584 beneﬁcia
2377 4529 2707 4600 quibuslibet
2746 4531 2872 4587 vita:
2915 4534 3225 4592 christiana:
3256 4536 3485 4608 ofﬁciis,

176 4628 268 4684 bus
297 4629 435 4684 illud
469 4642 500 4682 ³
531 4627 692 4684 patre
719 4629 1003 4697 debeatur,
1037 4631 1155 4685 sine
1184 4637 1342 4700 ρπιο
1364 4645 1588 4700 prorsus
1619 4629 1779 4686 ξηιει-
1803 4633 1860 4696 D
1886 4621 1982 4676 sed
2007 4636 2078 4677 ne
2108 4624 2360 4679 omnibus
2402 4624 2620 4695 quidem
2663 4627 2824 4681 simul
2863 4628 3138 4698 collectis,
3170 4632 3487 4690 asserimus.

174 4720 259 4793 Βςί
289 4739 404 4779 non
446 4731 630 4793 potest
657 4738 764 4794 quo
794 4723 957 4779 Pater
981 4724 1145 4779 etiam
1175 4735 1424 4794 personze
1454 4725 1685 4795 politica:
1713 4725 1780 4780 ii-

176 4817 277 4873 lam
307 4818 761 4875 constitutionem
795 4826 1123 4889 acceptaret.
1158 4818 1284 4873 Erat
1317 4819 1464 4874 enim
1497 4818 1600 4874 hoc
1629 4827 1783 4874 ante-

173 4911 430 4968 cedenter
449 4909 519 4964 ad
547 4919 761 4982 pactum
788 4909 862 4966 ita
888 4912 1088 4966 arbitra
1101 4909 1259 4977 rium,-
1286 4919 1346 4966 ut
1371 4911 1520 4966 nulla
1540 4911 1775 4978 Patrem,

172 5005 222 5060 ni
249 5005 319 5060 ita
340 5005 717 5073 convenisset,
743 5005 825 5060 vel
846 5006 1073 5075 aequitas
1099 5005 1381 5077 obligaret,
1417 5015 1473 5060 ut
1497 5021 1597 5076 pro
1619 5005 1782 5061 Chri-

172 5098 236 5153 sti
262 5099 485 5155 meritis
513 5099 818 5154 mercedem
846 5096 1094 5156 fidelibus
1114 5100 1468 5170 persolveret,
1496 5114 1618 5154 cum
1643 5114 1782 5170 pra:-

169 5193 358 5249 sertim
389 5203 446 5248 et
511 5193 613 5263 ipsi
661 5190 912 5258 Christo,
943 5193 995 5247 in
1054 5195 1270 5264 propria
1324 5194 1488 5248 etiam
1545 5207 1778 5264 persona

170 5287 550 5355 persolvisset.
609 5285 678 5340 Et
730 5286 944 5356 quidem
997 5287 1290 5342 admodum
1356 5298 1780 5344 consentaneum

178 5391 294 5436 erat
325 5379 616 5452 platenieis
647 5379 792 5436 illius
823 5381 921 5436 aevi
949 5381 1308 5453 dogmatibus,
1338 5392 1394 5436 ut
1444 5381 1569 5437 huic
1595 5383 1782 5454 αἰωνίῳ

171 5470 462 5545 Evangelii
515 5471 727 5548 διαθήκῃ
754 5515 768 5541 ,
807 5489 925 5543 quae
956 5482 1136 5528 tamen
1188 5482 1306 5530 erat
1355 5475 1646 5542 terrestris,
1679 5473 1784 5530 alia

168 5567 336 5623 etiam
371 5566 727 5637 responderet
777 5573 1079 5646 προαιὼνιος
1119 5568 1172 5622 in
1212 5569 1364 5624 emlis
1414 5568 1567 5639 cujus
1596 5567 1783 5622 virtuti

170 5660 241 5715 sit
267 5661 440 5716 etiam
492 5659 782 5716 tribuenda
829 5663 1102 5717 terrestris
1131 5659 1368 5728 διαθήκης
1413 5659 1673 5718 efﬁcacia.
1706 5661 1784 5718 Ita

170 5753 464 5823 probatum
495 5751 752 5810 dedimus
803 5752 905 5811 hoc
935 5762 1170 5825 pactum,
1201 5753 1346 5826 quod
1373 5754 1500 5810 licet
1539 5762 1787 5810 asseram

169 5848 344 5905 etiam
377 5849 733 5920 recentiores,
787 5850 1095 5923 neutiquam
1146 5861 1327 5912 tamen
1381 5850 1630 5923 probant,
1683 5865 1785 5909 nec

1885 4713 2020 4770 Cum
2047 4716 2189 4771 enim
2215 4716 2344 4772 illud
2366 4717 2660 4774 dixerimus
2687 4719 3019 4792 praecipuum
3043 4724 3293 4796 baptismi
3319 4726 3487 4786 fuisse

1887 4809 2168 4864 consilium
2212 4819 2270 4866 ut
2307 4809 2512 4867 Christi
2551 4813 2833 4870 morientis
2864 4818 3306 4891 resurgentisqne
3346 4823 3489 4878 ima-

1886 4904 2066 4972 ginem
2095 4903 2159 4959 ad
2187 4904 2367 4959 vivum
2393 4917 2872 4977 repraesentenms,
2897 4909 3023 4966 inde
3049 4910 3210 4967 etiam
3240 4913 3490 4974 beneficii

1888 4996 2225 5066 haptismalis
2251 5010 2401 5070 apem
2423 5013 2640 5055 omnem
2669 5000 2738 5055 ab
2768 5017 2832 5058 ea
2863 5002 2980 5073 ipsa
3006 5010 3488 5075 repraesentatione

1889 5104 2259 5158 arcessemus;
2284 5091 2529 5162 sequitur
2553 5093 2779 5163 proinde
2805 5107 2861 5151 ut
2880 5111 2985 5168 qua
3004 5099 3112 5155 vita
3134 5109 3295 5172 atque
3315 5111 3490 5159 morte

1887 5183 2166 5241 Chrismm
2195 5187 2601 5244 accuratissime
2635 5191 3021 5261 exprimimus,
3051 5194 3104 5250 in
3151 5196 3258 5251 illis
3285 5198 3490 5267 prima-

1886 5280 2024 5335 rium
2047 5280 2295 5350 baptismi
2315 5281 2602 5338 consilium
2621 5286 3061 5343 constituendum
3088 5290 3175 5356 sit,
3200 5290 3268 5345 ab
3297 5291 3489 5349 iisdem

1887 5378 2144 5450 baptismi
2187 5379 2348 5435 etiam
2387 5379 2648 5437 beneﬁcia
2679 5384 2788 5439 sint
2825 5387 3097 5458 praecipue
3120 5365 3491 5460 expectanda.

1891 5472 2054 5545 Atqui
2099 5488 2376 5545 corporeae
2404 5485 2560 5531 erant
2601 5475 2707 5532 illa:
2744 5477 2950 5534 Christi
2994 5489 3099 5536 tam
3141 5496 3288 5538 mors
3327 5499 3490 5556 quam

1891 5569 2242 5637 resurrectio,
2271 5568 2464 5640 quibus
2496 5584 2595 5625 nos
2624 5571 2948 5641 profitemur.
2967 5574 3021 5628 in
3052 5573 3326 5646 baptismo
3353 5594 3491 5636 con-

1890 5661 2124 5731 formes,
2163 5671 2217 5719 et
2259 5677 2486 5735 quarum
2516 5677 2616 5720 nos
2648 5664 2844 5721 ibidem
2880 5676 3160 5738 portemus
3196 5669 3488 5744 imagines,

1889 5763 1954 5811 ut
1987 5757 2044 5811 in
2071 5771 2350 5828 corporea;
2377 5757 2792 5814 resurrectionis
2822 5773 2984 5815 causa
3025 5759 3074 5834 (1
3111 5761 3256 5830 Con,
3287 5764 3378 5836 xv)
3407 5765 3492 5822 lo-

1888 5850 2071 5920 quitur
2101 5849 2262 5909 etiam
2287 5850 2601 5922 Apostolus.
2633 5851 2852 5926 Mystica
2893 5853 3040 5912 enim
3081 5859 3412 5918 resurrectio
3448 5859 3495 5922 si
