3994 6318
463 259 528 317 71

1429 256 1802 316 DODWELLI
1841 258 2299 320 DISSERTATIO
2335 256 2754 317 CYPRIANICA

3699 254 3774 310 Ἠ

463 379 577 437 sola
601 377 653 434 in
677 376 947 450 baptismo
970 373 1352 448 sponderetur,
1379 384 1491 433 tota
1511 379 1599 434 illa
1625 380 1869 451 Apostoli
1896 396 2057 452 argu-
2087 383 2135 442 Α
2166 379 2309 434 illius
2338 377 2477 448 pacti
2510 377 2649 447 lege,
2679 372 2773 430 sed
2802 385 2931 428 vero
2952 385 3020 429 ex
3044 368 3288 446 ejusdem
3310 369 3472 427 etiam
3494 370 3773 440 aequitate,

463 473 723 530 mentatio
749 471 1078 529 concideret.
1102 471 1202 527 Est
1222 471 1436 544 quidem
1467 475 1916 532 verisimillimum
1938 474 2066 530 inde

463 575 642 622 ortum
670 580 793 621 esse
825 564 1278 621 resurrectionem
1312 566 1618 637 negantium
1650 583 1890 624 errorem
1923 566 2064 638 quod

463 658 916 716 resurrectionem
951 656 1097 712 illam
1129 657 1377 728 baptismi
1415 658 1769 730 symbolicam
1798 659 1866 716 de
1893 659 2064 714 solius

463 753 658 808 animae
710 752 937 824 mystica
986 751 1423 820 resurrectione,
1477 768 1584 808 non
1638 753 1765 808 item
1821 752 2064 823 corporis

462 847 847 918 intelligerent.
891 845 1024 902 Cum
1065 856 1246 904 autem
1289 863 1354 903 ex
1403 847 1653 903 universa
1696 848 1786 903 illa
1835 848 2064 918 apostoli

461 939 829 1012 disputatione
858 940 1204 997 manifestum
1236 940 1336 1007 sit,
1369 939 1502 995 illud
1533 939 1699 996 fuisse
1735 941 2062 1010 praecipuum

459 1034 712 1106 baptismi
742 1034 1030 1091 consilium
1059 1044 1149 1101 ut,
1179 1035 1247 1090 de
1274 1049 1381 1105 quo
1419 1033 1691 1104 prmcipue
1719 1032 1863 1088 illius
1887 1033 2063 1087 anatis

460 1128 596 1185 ﬁdes
630 1127 943 1197 vacillaret,
980 1128 1049 1185 de
1073 1143 1141 1185 eo
1171 1129 1652 1198 interponerentur
1679 1125 2063 1198 promissiones

462 1221 516 1277 in
549 1233 709 1292 pacto
752 1220 1057 1291 baptismali
1104 1221 1344 1278 omnium
1389 1220 1741 1286 certissimae;
1788 1221 1946 1290 plane
1975 1234 2063 1276 ses

461 1315 644 1386 quitur
672 1313 876 1371 Christi
908 1315 1385 1382 resurrectionem,
1418 1329 1524 1368 non
1555 1311 1718 1367 aliam
1745 1327 1905 1383 quam
1936 1326 2060 1367 cor-

461 1424 683 1480 porcam
710 1409 764 1464 in
806 1409 1076 1479 baptismo
1115 1407 1382 1469 exhiberi,
1419 1407 1504 1462 cui
1545 1415 1600 1460 et
1631 1415 1810 1460 nostra
1839 1419 2063 1474 respon-

462 1503 586 1560 deat
634 1502 964 1559 resurrectio
1006 1502 1279 1574 prmeipue
1318 1515 1604 1570 corporea.
1635 1497 1789 1566 Quod
1830 1511 1960 1553 vero
1995 1496 2063 1553 ad

463 1608 697 1656 mortem
729 1598 1296 1669 resurrectionemque
1323 1597 1579 1670 mysticas
1603 1594 1827 1662 attinet,
1859 1604 2062 1649 tantum

462 1691 618 1750 abest
658 1701 716 1749 ut
745 1709 839 1764 per
882 1693 1002 1749 illas
1031 1693 1301 1763 possimus
1339 1689 1538 1747 Christi
1576 1698 1740 1770 φορεῖν
1771 1690 1968 1756 εἰκόνα,
2010 1697 2068 1743 ut

2171 471 2430 528 vindicari
2471 484 2631 541 posse
2670 469 2722 524 in
2752 466 3049 539 sanguineo
3089 465 3361 536 baptismo
3393 466 3577 521 omnia
3605 466 3778 522 bene-

2170 567 2289 622 ﬁcia
2313 582 2343 620 a
2372 564 2590 621 Christo
2620 577 2720 634 pro
2759 576 2855 616 sua
2896 559 3039 631 pacti
3081 557 3417 629 baptismalis
3449 567 3606 630 .parte
3638 573 3781 628 pra:-

2167 659 2390 724 standa,
2431 673 2501 713 ne
2535 655 2662 727 quid
2691 668 2979 725 superesse
3008 651 3280 716 videatur,
3327 666 3425 707 cur
3467 651 3780 708 dubitemus

2168 761 2390 808 rectene
2416 750 2531 805 haec
2559 758 2615 805 et
2640 763 2737 819 pro
2757 746 2957 802 Christi
2989 754 3168 801 mente
3191 754 3404 800 veteres
3433 743 3777 817 collegerint.

2165 846 2302 902 Cum
2333 846 2475 902 enim
2515 844 2626 916 jam
2673 841 3077 899 ostenderimus
3127 837 3498 894 conditionem
3542 854 3572 892 a
3619 836 3780 893 nobis

2167 940 2554 1013 praistandaut,
2583 954 2686 1008 qua
2708 936 2798 1008 jus
2823 934 2955 991 illud
2982 949 3378 1004 consequamur
3405 931 3474 988 ad
3503 932 3777 1004 promissa

2164 1033 2364 1091 Christi
2408 1032 2701 1098 beneﬁcia,
2750 1030 2889 1085 hanc
2928 1029 3097 1100 ipsam
3135 1041 3261 1084 esse
3304 1025 3550 1097 corporis
3601 1025 3779 1083 nostri

2166 1145 2265 1202 pro
2302 1129 2519 1186 Christo
2563 1125 2948 1192 devotionem;
2990 1121 3135 1195 quod
3181 1119 3532 1178 nihilominus
3580 1134 3780 1178 recens

2167 1223 2450 1295 baptizatis
2498 1222 2778 1277 incruenta
2825 1226 3000 1275 morte
3029 1215 3258 1273 sublatis
3286 1213 3551 1271 concedat
3593 1224 3775 1271 tamen

2165 1318 2414 1374 Christus
2439 1316 2693 1387 baptismi
2725 1313 2984 1371 beneﬁcia
3004 1354 3020 1378 ,
3051 1311 3190 1367 ratio
3223 1325 3330 1366 non
3358 1318 3441 1365 est
3469 1309 3613 1382 quod
3643 1323 3778 1365 con-

2166 1412 2428 1470 ditionem
2474 1410 2622 1466 illam
2673 1407 3027 1481 praestiterint
3067 1408 3156 1462 cui
3201 1405 3469 1462 debentur
3515 1421 3584 1461 ex
3633 1405 3779 1475 pacti

2170 1505 2426 1577 aequitate
2471 1501 2714 1574 ejusdem
2760 1502 3058 1570 beneﬁcia,
3105 1500 3204 1557 sed
3246 1497 3390 1572 quod
3420 1501 3591 1571 prima
3631 1498 3777 1570 pacti

2169 1597 2430 1654 beneﬁcia
2477 1595 2648 1668 gratis
2694 1596 3065 1652 concedantur
3114 1602 3171 1651 et
3215 1593 3334 1650 sine
3383 1591 3492 1649 ulla
3549 1607 3780 1665 prorsus

2169 1692 2516 1758 conditione,
2545 1692 2847 1763 praesertim
2877 1690 2986 1745 illis
3015 1690 3109 1760 qui
3144 1687 3383 1746 nondum
3412 1686 3611 1744 actuali
3636 1687 3779 1744 obli-

462 1803 533 1844 ne
562 1803 688 1844 vere
717 1787 932 1859 quidem
964 1785 1213 1842 Christus
1251 1801 1318 1842 eo
1347 1799 1509 1841 sensu
1532 1785 1604 1840 sit
1631 1799 1884 1854 umquam
1915 1797 2063 1837 mor-
2091 1788 2142 1850 B
2167 1785 2370 1857 gationi
2409 1792 2502 1839 aut
2543 1783 2846 1839 conditioni
2887 1781 2956 1839 de
2997 1782 3143 1838 facto
3187 1780 3508 1852 praestandae
3545 1778 3780 1836 obnoxii

465 1889 589 1938 tuus
628 1889 722 1936 aut
764 1881 1147 1937 resurrexerit.
1188 1879 1322 1935 Mori
1362 1878 1453 1934 ille
1493 1886 1716 1948 peccato
1755 1891 1862 1932 non
1892 1877 2068 1947 potuit

463 1973 552 2044 qui
584 1989 854 2044 nunquam
882 1973 932 2030 ei
960 1975 1189 2030 vixerat.
1209 1971 1531 2028 Mortiﬁcare
1551 1986 1767 2028 carnem
1791 1986 1896 2026 non
1929 1983 2066 2040 opus

463 2068 757 2139 habuitqui
787 2069 987 2124 nullam
1013 2083 1266 2139 umquam
1295 2066 1662 2124 sensitcarnis
1688 2065 2062 2122 rebellionem.

463 2161 574 2219 Nec
615 2163 915 2220 resurrexit
952 2163 1045 2219 ille
1082 2163 1150 2218 ad
1189 2178 1381 2218 novam
1424 2160 1866 2232 spiritualemque
1901 2159 2064 2215 vitam

464 2258 556 2328 qui
587 2269 946 2329 praeterquam
983 2256 1318 2328 spiritualem
1345 2257 1509 2311 vitam
1540 2255 1700 2310 aliam
1733 2253 1935 2308 nullam
1965 2269 2069 2308 utt—

464 2365 624 2421 qnam
663 2349 910 2405 duxerat.
941 2348 1161 2422 Mystica
1189 2364 1317 2420 ergo
1361 2365 1506 2404 mors
1548 2357 1712 2419 atque
1742 2347 2068 2403 resurrecﬁo

467 2441 816 2498 secundarias
840 2441 1007 2498 fuisse
1025 2452 1262 2513 oportet,
1288 2459 1395 2498 non
1427 2441 1696 2512 primariae
1716 2441 1768 2495 in
1801 2440 2069 2512 baptismo

467 2536 985 2608 repraesentationis,
1000 2545 1266 2607 quatenus
1291 2545 1346 2591 et
1376 2535 1504 2603 illa},
1521 2550 1845 2606 quamquam
1868 2533 2068 2590 nullam

468 2644 592 2686 cum
619 2627 838 2686 Christo
858 2630 1294 2687 conformitatem
1323 2630 1454 2703 ipsa:
1479 2628 1758 2694 denotent,
1782 2628 2072 2699 di3p0naut

470 2721 660 2778 saltem
703 2721 772 2778 ad
809 2721 960 2778 illam
1006 2723 1306 2778 animarum
1346 2731 1652 2778 nostrarum
1691 2736 1812 2777 cum
1853 2720 2071 2776 Christo

469 2815 932 2881 conformitatem,
983 2831 1145 2887 quam
1177 2824 1232 2872 et
1273 2816 1446 2887 ipsam
1481 2814 1700 2871 Christo
1741 2814 1914 2870 fateor
1948 2827 2072 2870 esse

469 2905 852 2982 gratissimam.

547 3001 576 3073 §
617 3002 710 3059 50.
735 3001 954 3059 —Cum
978 3002 1159 3074 itaque
1186 3003 1376 3060 mortis
1407 3002 1524 3060 haec
1553 3002 2073 3073 resurrectionisque

473 3094 530 3152 in
566 3095 838 3166 baptismo
885 3096 1294 3167 reprazseutatio
1323 3095 1392 3152 ad
1421 3111 1650 3168 corpora
1689 3105 1872 3152 nostra
1901 3095 2074 3166 primo

2166 1887 2372 1946 essent,
2421 1887 2643 1950 propter
2687 1878 3099 1949 iucapacitatem
3146 1875 3397 1947 subjecti.
3451 1875 3778 1932 Adultorum

2168 1979 2274 2034 alia
2300 1988 2384 2034 est
2415 1976 2639 2033 omnino
2668 1977 2829 2033 ratio.
2857 1975 3031 2044 Quam
3061 1974 3206 2031 enim
3235 1973 3607 2031 conditionem
3635 1987 3783 2029 non-

2168 2072 2296 2128 dum
2333 2080 2594 2143 prmstare
2623 2077 2886 2142 possunt,
2918 2083 3039 2124 eam
3067 2067 3210 2124 velle
3247 2065 3441 2123 saltem
3487 2075 3778 2138 poterant,

2171 2175 2229 2222 ut
2250 2165 2372 2222 facti
2405 2165 2524 2221 loco
2545 2163 2689 2235 apud
2716 2163 2886 2218 Deum
2910 2161 3175 2218 habeatur
3199 2158 3330 2216 illud
3354 2160 3527 2231 ipsum
3563 2166 3775 2213 votum.

2173 2260 2313 2317 Sunt
2341 2267 2523 2316 autem
2553 2259 2694 2314 inter
2715 2271 2776 2313 se
2801 2255 3093 2312 admodum
3120 2253 3353 2310 diversa:
3378 2253 3484 2309 illa:
3504 2252 3781 2324 aequitatis

2171 2353 2414 2409 rationes
2452 2367 2555 2424 qua
2586 2350 2709 2424 quis
2737 2358 3026 2408 excusatur
3056 2364 3088 2405 a
3120 2347 3424 2420 praestanda
3463 2347 3608 2419 pacti
3641 2361 3780 2403 cou-

2172 2446 2410 2512 ditione,
2439 2453 2495 2500 et
2522 2459 2630 2516 qua
2656 2445 2782 2515 quis
2809 2441 3058 2525 eamdem
3099 2441 3235 2514 legis
3253 2439 3620 2497 conditionem
3651 2455 3783 2495 cen-

2174 2553 2326 2598 setur
2353 2539 2703 2612 implevisse,
2732 2539 2778 2595 si
2809 2539 2989 2596 minus
3026 2538 3094 2594 ad
3122 2537 3357 2595 litteram
3389 2535 3554 2608 legis,
3584 2545 3639 2590 at
3679 2550 3782 2607 pro

2175 2635 2508 2707 legislatoris
2558 2633 2849 2701 sententia,
2895 2633 2946 2690 si
2999 2647 3188 2704 aequus
3240 2629 3402 2688 modo
3456 2629 3782 2686 adhibeatur

2175 2729 2312 2802 legis
2334 2729 2622 2801 interpres.
2654 2728 2732 2786 Ita
2767 2729 2935 2801 igitur
2968 2727 3288 2800 martyrium
3315 2727 3370 2782 in
3400 2734 3528 2782 voto
3555 2740 3680 2781 eum
3711 2724 3784 2780 sit

2177 2839 2275 2895 pro
2307 2823 2443 2896 legis
2469 2823 2646 2880 littera
2670 2823 2850 2895 reipsa
2881 2821 3062 2891 aliud,
3093 2821 3234 2878 idem
3260 2831 3440 2878 tamen
3468 2819 3783 2877 censebitur

2175 2934 2298 2975 eum
2350 2918 2610 2990 martyrio
2648 2917 2716 2974 de
2770 2917 2914 2974 facto
2961 2931 3061 2988 pro
3109 2915 3571 2986 interpretationis
3607 2913 3782 2985 azqui-

2176 3020 2305 3068 tate.
2329 3009 2406 3066 ita
2429 3012 2524 3067 ﬁet
2554 3021 2612 3067 ut
2640 3011 2820 3067 omnia
2853 3009 3106 3080 baptismi
3133 3007 3394 3066 beneﬁcia
3421 3008 3523 3064 soli
3545 3008 3785 3065 debean-

2179 3114 2266 3162 tur
2316 3106 2612 3178 martyrio,
2670 3104 2866 3161 saltem
2923 3103 2978 3160 iu
3008 3111 3178 3158 -voto.
3227 3101 3382 3171 Quod
3426 3101 3472 3158 si
3517 3102 3684 3158 etiam
3729 3101 3784 3157 in

472 3187 757 3244 referenda
804 3203 927 3244 esse
978 3187 1387 3259 probaverimus
1418 3205 1432 3244 :
1463 3189 1712 3259 sequitur
1762 3185 2071 3259 primarium

2184 3197 2462 3271 baptizatis
2507 3215 2616 3255 non
2646 3197 3008 3270 martyribus,
3055 3196 3155 3253 soli
3197 3206 3374 3252 tamen
3423 3195 3683 3268 martyrio
3731 3196 3785 3252 in

474 3281 731 3352 baptismi
773 3282 1059 3339 consilium
1100 3297 1224 3339 esse
1263 3293 1323 3338 ut
1362 3297 1591 3354 corpora
1637 3291 1823 3338 nostra
1859 3280 2077 3337 Christo

474 3377 872 3443 devoveamus,
913 3392 1118 3449 nosque
1168 3386 1450 3449 promptos
1492 3376 1861 3448 spondeamus
1917 3389 2078 3442 para-

478 3480 670 3543 tosque
692 3482 748 3528 ut
771 3470 968 3528 Christi
989 3485 1151 3528 causa
1173 3479 1402 3528 mortem
1425 3479 1768 3542 oppetamus,
1791 3483 2079 3539 corporum

476 3567 748 3624 videlicet.
770 3565 899 3624 Inde
910 3567 1241 3638 rcliquormn
1258 3565 1510 3637 baptismi
1530 3563 2080 3636 beneﬁciorumﬁspem

477 3659 812 3732 concipimus
849 3660 1256 3732 accipimusque
1295 3661 1537 3717 omnium
1568 3661 1944 3717 certissimam.
1979 3659 2085 3715 lm-

479 3753 671 3826 primis
696 3752 767 3810 de
793 3752 950 3810 beata
979 3752 1381 3810 resurrectione
1406 3754 1654 3825 corporis
1685 3753 1934 3808 nimirum
1959 3752 2048 3808 illa
2066 3791 2083 3819 ,

481 3865 603 3921 qua:
642 3848 890 3919 corporis
933 3847 1276 3920 passionibus
1321 3846 1729 3905 accuratissime
1767 3846 2083 3919 re5p0ndet.

481 3944 720 4015 Quaeque
751 3953 808 3998 ut
847 3943 1120 4014 prazcipua
1159 3952 1279 3999 erat
1318 3942 1592 4014 plerisque
1620 3943 1756 3998 ratio
1776 3943 2086 3998 christiani-

482 4039 640 4108 tatis,
681 4053 745 4095 ea
784 4039 1085 4109 praesertim
1129 4047 1320 4104 aetate,
1354 4036 1714 4108 recipiendae,
1761 4037 1832 4093 ita
1877 4037 2088 4094 creditu

481 4142 600 4191 erat
627 4132 867 4190 omnium
901 4131 1247 4201 difﬁcillima,
1289 4141 1348 4188 ut
1389 4130 1616 4203 proinde
1658 4140 2088 4188 consentaneum

481 4237 628 4283 esset
677 4242 798 4283 eam
845 4225 1218 4284 commendari
1257 4226 1592 4298 argumentis
1629 4225 1850 4282 omnino
1897 4225 2088 4282 certis-

487 4319 662 4377 simis.
687 4319 822 4375 Tum
855 4330 909 4377 et
937 4321 1220 4392 mysticam
1243 4336 1459 4393 quoque
1480 4320 1621 4376 illaut
1650 4330 1882 4375 mortem
1912 4334 2091 4375 resur-

485 4415 895 4487 rcctiouemque
940 4415 1292 4486 pollicemur,
1343 4431 1464 4486 qua:
1510 4413 1826 4470 secundaria
1874 4413 2094 4468 immer-

487 4509 656 4567 sionis
672 4519 874 4564 nostra:
889 4507 1323 4578 emersionisque
1341 4507 1394 4562 in
1416 4506 1684 4576 baptismo
1701 4503 2093 4576 signiﬁcatione

2183 3303 2312 3350 voto
2338 3292 2604 3350 debeatur
2621 3294 2708 3363 jus
2740 3291 2873 3347 illud
2904 3305 3067 3347 omne
3093 3289 3240 3362 quod
3261 3289 3540 3346 consecuti
3568 3288 3621 3344 in
3646 3289 3787 3360 bap-

2186 3389 2346 3444 tismo
2386 3394 2514 3443 sunt
2538 3385 2608 3441 ad
2639 3383 2898 3457 baptismi
2944 3383 3243 3450 beneﬁcia;
3275 3382 3395 3454 quis
3435 3391 3520 3440 est
3555 3382 3646 3453 qui
3676 3397 3790 3439 non

2184 3482 2364 3539 videat
2422 3479 2622 3552 potiori
2677 3478 2890 3535 ratione
2949 3477 3288 3534 tribuendum
3350 3491 3471 3534 esse
3525 3473 3791 3546 martyrio

2185 3574 2422 3632 actuali?
2453 3573 2552 3629 Est
2577 3573 2720 3630 enim
2746 3571 2864 3628 haec
2890 3571 3025 3644 legis
3051 3572 3164 3642 ipsa
3189 3569 3450 3638 conditio,
3474 3583 3582 3624 non
3606 3575 3789 3623 autem

2186 3669 2332 3726 aliud
2356 3668 2486 3741 quid
2513 3667 2659 3738 quod
2697 3682 2854 3740 aequo
2893 3674 3054 3739 egeat
3090 3665 3224 3737 legis
3256 3664 3552 3736 interprete
3591 3670 3652 3718 ut
3691 3675 3792 3733 pro

2189 3763 2303 3834 ipsa
2324 3760 2636 3818 conditione
2655 3769 2966 3818 censeatur.
2988 3759 3328 3830 Quamquam
3347 3757 3512 3830 igitur
3523 3769 3793 3826 nusquam

2189 3854 2409 3912 aliunde
2449 3861 2757 3922 constaret,
2795 3852 3015 3910 disertis
3059 3849 3388 3923 evangeliea:
3435 3848 3568 3920 legis
3612 3846 3795 3903 verbis

2191 3949 2454 4021 martyrio
2487 3946 2676 4004 deberi
2717 3945 2970 4018 baptismi
3011 3944 3311 4010 beneﬁcia;
3342 3941 3397 4000 id
3429 3951 3606 3998 tamen
3637 3939 3796 3997 facile

2190 4060 2258 4102 ex
2279 4044 2393 4115 ipsa
2420 4039 2665 4114 ejusdem
2695 4037 2965 4097 ratiocinii
2994 4038 3216 4112 sequela
3239 4036 3643 4109 colligeremus.

2265 4138 2293 4210 ἐ
2333 4136 2623 4195 32.——Est
2649 4136 2797 4193 enim
2827 4151 2893 4193 ea
2940 4135 2996 4190 in
3023 4132 3202 4201 omni,
3254 4132 3491 4188 humana
3539 4143 3793 4202 quoque,

2193 4228 2578 4301 legumlatione
2597 4227 2823 4299 probata
2842 4224 3240 4300 argumentatio
3256 4240 3357 4296 qua
3376 4223 3556 4296 legum
3579 4221 3800 4279 casibus

2194 4323 2414 4380 omissis
2434 4337 2466 4379 e
2487 4321 2758 4380 ratiocinii
2787 4321 3017 4393 paritate
3048 4320 3430 4394 pr05picimus.
3460 4319 3572 4376 lllis
3599 4331 3802 4389 nempe

2196 4416 2500 4473 eanonibus
2527 4417 2874 4489 generalibus
2898 4417 3148 4486 oriunda,
3173 4416 3316 4488 quod
3345 4416 3524 4472 causis
3541 4414 3801 4473 omnibus

2197 4509 2507 4566 consultum
2551 4519 2818 4582 cuperent
2864 4509 3278 4582 legumlatores;
3335 4507 3480 4582 quod
3529 4508 3804 4565 rationem

487 4602 815 4658 denotantur
856 4617 871 4654 :
918 4610 975 4658 et
1019 4610 1286 4672 quatenus
1331 4599 1447 4656 lucc
1472 4598 1663 4656 eadem
1701 4598 1942 4670 symbola
1992 4598 2168 4669 proD
2196 4601 2393 4673 ubique
2439 4601 2633 4658 ducem
2682 4604 2836 4674 sequi
2881 4603 3115 4670 vellent;
3163 4601 3309 4674 quod
3357 4601 3590 4674 denique
3631 4616 3802 4674 quam

488 4697 692 4754 Christi
733 4695 895 4753 etiam
944 4704 1102 4767 parte
1142 4695 1489 4761 adhibentur,
1540 4694 1588 4750 is
1631 4708 1733 4748 una
1764 4692 1995 4765 spondet
2021 4708 2092 4748 ne

490 4809 642 4851 suam
683 4792 902 4865 quidem
946 4807 1169 4864 operam
1211 4790 1370 4847 nobis
1408 4789 1734 4847 defuturam.
1773 4788 1851 4844 lta
1881 4796 2096 4844 constat

490 4887 809 4960 martyrium
856 4886 910 4942 in
958 4883 1210 4958 primaria
1243 4882 1496 4956 baptismi
1535 4882 1928 4953 signiﬁcatione
1961 4896 2093 4938 con-

492 4979 675 5037 tineri.
703 4978 930 5036 Constat
959 4977 1157 5034 deinde
1183 4976 1257 5032 ita
1289 4991 1318 5031 a
1354 4976 1512 5031 nobis
1553 4975 1924 5046 interpositam
1955 4973 2094 5029 hanc

491 5073 740 5147 martyrii
776 5073 1151 5145 sponsionem,
1179 5081 1239 5127 ut
1261 5071 1333 5128 sit
1360 5069 1600 5128 conditio
1625 5085 1691 5126 ex
1729 5079 1909 5125 nostra
1945 5078 2096 5140 parte

496 5165 802 5242 praestanda
835 5165 978 5222 unde
1003 5163 1272 5236 pendeant
1292 5163 1500 5234 reliqua
1527 5161 1778 5233 baptismi
1806 5161 2094 5219 beneﬁcia.

491 5263 571 5322 Ita
595 5262 841 5335 sequitur
868 5275 935 5316 ex
965 5257 1106 5330 pacti
1135 5257 1295 5329 hujus
1332 5257 1454 5329 jure
1475 5299 1489 5323 ,
1533 5255 1794 5328 martyrio
1818 5256 2013 5313 saltem
2041 5256 2097 5314 in

494 5367 624 5416 voto
671 5355 858 5414 deberi
906 5355 1088 5410 omnia
1130 5351 1383 5422 baptismi
1425 5350 1708 5408 beneﬁcia.
1741 5349 1998 5422 Sequitur
2024 5351 2096 5408 ita

495 5453 564 5508 ad
590 5450 844 5523 baptismi
873 5448 1394 5506 consummationem
1421 5457 1672 5518 spectare
1697 5447 2012 5520 martyrium
2035 5455 2097 5504 ut

494 5546 814 5617 martyrium
853 5542 924 5598 de
965 5541 1107 5598 facto
1151 5541 1452 5612 praestitum
1500 5548 1708 5609 spectat
1737 5539 1802 5596 ad
1844 5555 2099 5597 consumo

498 5636 794 5696 mationem
824 5634 1068 5708 martyrii
1093 5632 1378 5689 dumtaxat
1405 5632 1457 5687 in
1486 5642 1635 5690 voto.

497 5761 506 5792 ς
575 5725 881 5799 §5|.—-Ne
905 5742 1034 5785 vero
1063 5725 1262 5784 nimius
1287 5723 1472 5781 videar
1500 5723 1554 5781 in
1585 5726 1872 5799 captandis
1900 5727 2102 5800 baptis-

420 5871 432 5886 .
497 5825 661 5889 malis
701 5824 842 5902 pacti
883 5821 1158 5894 minutiis,
1191 5821 1386 5895 colligo
1427 5820 1654 5896 septimo
1686 5839 1792 5884 non
1835 5823 1998 5884 modo
2038 5839 2104 5883 ex

417 5953 450 6034 ξ

423 6039 492 6064 λιι

2198 4694 2462 4753 rationem
2504 4696 2557 4753 in
2600 4713 2702 4752 una
2749 4711 2910 4754 causa
2951 4697 3305 4769 probassent,
3347 4695 3593 4753 eamdem
3613 4701 3809 4751 essent

2200 4789 2336 4845 etin
2367 4787 2488 4845 aliis
2515 4788 2766 4846 similiter
2794 4789 3089 4862 probaturi.
3133 4788 3265 4846 lude
3299 4787 3564 4860 contingit
3593 4795 3652 4844 ut
3677 4801 3805 4858 qua:

2202 4881 2274 4936 ita
2324 4880 2616 4938 constituta
2664 4881 2898 4952 fuerint,
2946 4898 3056 4939 non
3105 4897 3205 4954 pro
3249 4881 3593 4954 prudentium
3638 4877 3806 4936 modo

2203 4975 2448 5033 consiliis
2477 4975 2798 5046 habeantur,
2833 4977 2928 5034 sed
2960 4977 3138 5049 legum
3165 4977 3328 5034 ctiam
3358 4975 3466 5031 vim
3497 4975 3807 5031 obtineant.

2201 5069 2334 5127 lude
2362 5071 2627 5142 sequitur,
2656 5069 2703 5126 si
2727 5070 2810 5127 vel
2840 5085 2940 5143 pro
2961 5071 3142 5142 legum
3174 5069 3529 5126 humanarum
3552 5065 3810 5137 exemplo

2202 5164 2379 5222 divina
2436 5165 2600 5221 etiam
2650 5165 2920 5237 legislatio
2967 5174 3117 5224 esset
3161 5162 3525 5229 instituenda,
3578 5160 3814 5218 rationis

2203 5259 2490 5331 paritatem
2519 5275 2618 5330 pro
2651 5258 2836 5316 divina
2875 5273 2998 5318 esse
3034 5259 3154 5331 lege
3184 5255 3615 5330 intelligendam.
3639 5253 3812 5327 Atqui

2205 5353 2378 5425 major
2403 5362 2553 5411 certe
2572 5362 2657 5411 est
2682 5355 2821 5410 ratio
2845 5369 2942 5411 cur
2966 5354 3149 5410 valere
3175 5353 3228 5408 in
3256 5352 3436 5408 divina
3466 5350 3815 5424 legislatione

2204 5449 2402 5505 debeat
2431 5447 2548 5505 haec
2568 5449 2965 5522 argumentatio
2983 5463 3143 5520 quam
3169 5447 3222 5502 in
3247 5447 3501 5502 humana.
3525 5443 3816 5500 Falluutur

2204 5543 2350 5600 enim
2382 5543 2434 5599 in
2467 5543 2579 5600 suis
2623 5543 2924 5601 ratiociniis
2970 5542 3190 5598 humani
3219 5543 3382 5598 etiam
3433 5539 3816 5612 legislatores,

2207 5651 2310 5694 nec
2345 5636 2596 5709 sequelas
2618 5653 2814 5694 omnes
2843 5635 3182 5710 praevident,
3221 5635 3386 5692 etiam
3418 5632 3718 5705 legitimas;
3752 5639 3827 5688 nt

2207 5730 2448 5803 proinde
2489 5731 2650 5789 etiam
2696 5747 2818 5789 cum
2859 5740 3010 5790 recte
3052 5739 3498 5804 argumentemur
3526 5744 3593 5785 ex
3619 5740 3820 5784 eorum

2211 5821 2524 5899 principiis,
2576 5822 2754 5882 adhuc
2805 5832 2983 5885 tamen
3041 5823 3288 5885 dubitare
3343 5823 3506 5884 liceat
3554 5829 3818 5882 essentne
