3994 6318
226 276 296 343 75
1229 287 1319 345 DE
1359 286 1678 347 SECUNDO
1716 286 2108 348 MARTYRUM
2145 290 2508 350 BAP'I‘ISMO.
3216 287 3234 296 ’
3465 298 3532 354 74

225 413 399 460 tamen
444 401 522 457 illi
570 409 784 458 nostras
829 400 1075 473 sequelas
1119 402 1414 473 probaturi.
1465 404 1605 459 Deus
1636 411 1814 460 tamen
1843 403 1895 465 Α
1924 402 2217 473 plenariam
2264 404 2532 475 baptismo
2562 403 2932 473 concedimus,
2966 420 3087 463 eam
3134 421 3234 465 nec
3271 410 3534 481 martyrio

224 510 319 552 nec
343 495 398 551 in
433 494 712 565 principiis
743 495 1083 562 balluciuari,
1120 510 1219 551 uec
1248 495 1301 550 in
1334 496 1590 565 sequelis,
1626 506 1824 566 petest.

220 589 292 647 ιω
319 600 535 647 certum
558 590 664 646 erit
684 606 844 662 quam
869 591 1137 646 rationem
1164 591 1216 646 in
1244 606 1347 645 una
1375 605 1533 646 causa
1563 591 1824 661 probarit,

220 684 272 741 iu
297 684 420 740 aliis
458 684 626 740 etiam
654 700 777 741 esse
815 685 1145 756 agniturum.
1175 684 1397 742 Certum
1440 686 1575 750 erit,
1609 686 1653 741 si
1686 701 1825 741 mar-

221 777 341 849 tyrii
386 792 554 834 causa
606 787 753 834 tanta
799 776 1060 834 beneﬁcia
1115 777 1167 833 in
1220 777 1489 849 baptismo
1524 778 1820 845 concedat,

219 868 313 941 ipsi
371 869 637 943 martyrio
687 870 851 942 longe
901 870 1097 939 potiori
1147 870 1358 927 ratione
1412 885 1823 927 concessurum.

219 964 435 1021 Certum
462 967 509 1022 si
545 965 790 1039 martyrii
845 966 931 1022 vel
971 975 1157 1021 votum
1210 973 1355 1020 tanta
1396 974 1573 1021 tamen
1620 975 1676 1021 et
1716 975 1824 1021 tam

215 1060 428 1133 copiosa
457 1059 715 1117 mercede
749 1069 1089 1131 compenset,
1121 1060 1255 1115 nihil
1286 1074 1409 1116 esse
1433 1059 1577 1131 quod
1611 1069 1822 1115 metua-

214 1167 328 1209 mus
355 1153 541 1208 soluto
568 1161 696 1209 voto
718 1152 964 1209 eamdem
995 1151 1303 1208 mercedem
1328 1167 1449 1207 esse
1471 1162 1814 1223 negaturum.

212 1245 426 1302 Certum
471 1245 708 1317 denique
730 1244 991 1317 proinde,
1019 1244 1065 1299 si
1093 1244 1307 1316 plenam
1335 1245 1684 1314 numerisque
1714 1245 1825 1300 suis

214 1341 467 1398 omnibus
496 1340 802 1396 absolutam
836 1348 1180 1412 peccatorum
1213 1339 1589 1395 remissionem
1630 1352 1825 1393 conse-

213 1441 443 1505 quantur
490 1432 747 1505 baptizati
770 1475 786 1501 ,
838 1433 955 1490 fore
993 1432 1215 1490 omnino
1254 1441 1315 1488 ut
1353 1431 1599 1488 eamdem
1630 1444 1825 1488 conse-

211 1534 443 1599 quantur
473 1538 766 1598 martyres.

279 1619 660 1693 §35.—Addo
676 1619 821 1676 enim
840 1628 1033 1677 octavo
1055 1635 1162 1675 non
1186 1624 1255 1675 ita
1271 1632 1395 1676 csse
1416 1616 1823 1691 intelligendum

211 1712 307 1769 hoc
354 1728 654 1771 commune
700 1714 952 1785 baptismi
995 1713 1084 1784 jus
1133 1723 1297 1784 atque
1341 1712 1623 1783 martyrii,
1666 1722 1723 1766 ut
1768 1711 1823 1766 in

1933 497 2233 566 negantiam
2256 498 2648 555 existimemus.

2006 588 2034 659 §
2062 590 2228 645 5L—
2246 590 2384 658 Quid
2415 590 2557 662 quod
2591 591 2718 648 illud
2751 594 2936 659 etiam,
2976 610 3070 664 pro
3097 595 3330 667 receptis
3357 606 3539 667 parto—

1930 695 2049 735 rum
2074 681 2338 749 moribus,
2367 698 2558 741 omnes
2582 702 2795 757 aequum
2822 699 3151 758 agnoscant,
3188 698 3246 744 ιιι
3273 690 3538 762 siquando

1930 773 2277 842 stipulatione
2339 776 2569 845 primum
2626 778 2940 850 interposita
2998 784 3271 839 nonnulla:
3329 785 3538 855 pra-inii

1931 866 2185 935 primitiae
2239 870 2543 939 stipulatori
2591 871 2642 925 in
2696 887 2888 927 manus
2933 876 3243 940 tradantur;
3291 885 3346 931 at
3387 885 3540 933 certe

1931 959 2093 1017 ﬁdem
2143 963 2510 1032 stipulationis
2564 964 2881 1033 liberatam,
2938 973 3345 1040 prmstitatnque
3398 971 3537 1041 pacti

1928 1055 2296 1113 conditionem
2344 1068 2557 1114 maneat
2598 1061 2803 1130 praemii
2836 1062 3146 1132 plenitudo,
3176 1079 3241 1120 eo
3266 1065 3538 1136 copiosior

1930 1164 2037 1219 quo
2079 1161 2131 1205 et
2174 1150 2280 1205 illa:
2326 1150 2529 1207 fuerint
2572 1155 2889 1226 ampliores.
2946 1157 3174 1212 Arrltant
3230 1159 3443 1215 tradunt
3484 1161 3537 1216 iu

1929 1256 2121 1296 manus
2151 1253 2302 1311 pacta
2338 1245 2595 1314 nuptialia
2619 1286 2633 1308 .
2666 1256 2722 1300 at
2752 1247 2989 1303 nondum
3032 1249 3213 1305 dotem
3264 1251 3363 1306 nisi
3408 1267 3537 1307 con-

1929 1346 2197 1391 summato
2233 1338 2598 1394 matrimonio.
2632 1338 2779 1395 Idem
2809 1352 2863 1397 et
2897 1342 2947 1396 iu
2993 1343 3112 1399 aliis
3151 1359 3269 1414 quae
3301 1343 3366 1397 ad
3400 1345 3538 1401 bona

1928 1429 2330 1502 passionesque
2365 1440 2613 1501 spectant
2654 1434 2825 1503 pactis
2852 1435 2993 1491 solet
3037 1436 3301 1493 obtinere.
3337 1437 3537 1493 Verum

1931 1522 2036 1580 hoc
2064 1524 2116 1579 in
2149 1525 2253 1580 illis
2277 1528 2547 1597 prtecipue
2568 1528 2740 1597 pactis
2764 1528 2943 1584 elucet
2962 1547 3081 1601 qua:
3111 1532 3348 1586 nondum
3379 1532 3537 1586 adul-

1931 1623 2108 1671 torum
2139 1617 2354 1672 nomine
2393 1618 2719 1689 stipulautur
2755 1629 2980 1676 tutores.
3015 1621 3274 1680 lnchoato
3304 1624 3536 1695 quodam

1925 1706 2053 1777 jure
2080 1710 2248 1763 vestit
2276 1709 2388 1781 ipsa
2417 1710 2506 1766 illa
2538 1710 2786 1768 inchoata
2816 1713 3116 1783 stipulatio.
3153 1716 3330 1773 Donec
3356 1726 3536 1774 tamen

212 1811 478 1884 baptismo
518 1810 867 1868 remittantur
909 1819 1125 1882 peccata
1168 1810 1367 1865 virtute
1410 1807 1632 1879 quidem
1680 1805 1826 1861 illius
1856 1810 1904 1870 B
1930 1799 2098 1855 adulti
2129 1801 2360 1865 fuerint.
2389 1811 2443 1858 et
2470 1802 2537 1858 ad
2580 1819 2751 1860 annos
2787 1806 3157 1864 conditiopum
3202 1811 3536 1880 praestanda-

211 1905 260 1962 in
284 1917 418 1962 voto
444 1905 697 1978 martyrii
733 1903 879 1976 quod
928 1905 1245 1975 proﬁtemur
1289 1903 1342 1958 in
1372 1901 1676 1973 baptismo,
1707 1899 1822 1955 sola

210 2007 385 2054 tamen
431 1997 524 2053 illa
555 2012 676 2069 quae
722 1997 1049 2069 baptismum
1084 1994 1501 2066 praecesserint,
1532 2008 1640 2047 non
1693 1991 1821 2047 item

210 2106 269 2149 ea
303 2107 428 2163 qua:
451 2092 598 2146 inter
632 2090 955 2161 baptismum
987 2088 1225 2144 admissa
1256 2086 1459 2143 fuerint
1483 2095 1643 2156 atquc
1676 2099 1821 2139 mar-

211 2186 433 2259 tyrium.
465 2186 640 2241 Aliter
680 2193 891 2240 veteres
932 2183 1034 2240 hoc
1079 2183 1243 2240 etiam
1286 2184 1404 2253 ipso
1447 2179 1595 2254 paria
1644 2179 1824 2235 facere

212 2289 548 2335 censuerunt
593 2293 715 2332 cum
763 2277 1032 2347 baptismo
1074 2275 1428 2347 martyrium,
1474 2272 1618 2344 quod
1666 2282 1722 2328 ut
1769 2273 1821 2327 in

212 2369 483 2441 baptismo
527 2377 748 2440 peccata
789 2368 972 2423 omnia
1007 2366 1377 2434 remittuntur,
1421 2366 1595 2437 ipsum
1627 2377 1825 2435 nempe

213 2459 547 2533 baptismum
599 2460 996 2532 praecedentia,
1054 2475 1161 2515 non
1211 2458 1477 2530 originale
1523 2457 1821 2525 duntaxat,

212 2556 572 2611 verumetiam
613 2553 878 2619 actualia,
919 2553 1063 2610 idem
1104 2554 1178 2609 sit
1219 2554 1285 2609 de
1322 2554 1583 2625 martyrio
1608 2567 1823 2624 quoque

212 2650 594 2715 sentiendum,
643 2649 830 2706 delere
869 2649 1078 2706 scilicet
1119 2650 1387 2706 universas
1428 2649 1552 2705 vitae.
1589 2649 1820 2720 ﬂagitia,

212 2743 343 2799 nihil
372 2752 435 2799 ut
462 2750 729 2814 praeterea
756 2743 994 2815 supersit
1022 2742 1372 2813 expiandum.
1406 2741 1575 2799 Recte
1602 2741 1822 2815 quidem

212 2835 287 2892 illi
329 2853 363 2893 e
416 2832 706 2908 principiis
750 2837 911 2892 modo
955 2836 1257 2907 explicatis.
1306 2836 1363 2891 Si
1410 2836 1555 2890 enim
1604 2844 1826 2904 propter

212 2929 338 2986 illud
367 2929 621 3001 martyrii
648 2939 830 2985 votum
854 2929 1186 2985 concedatur
1208 2937 1552 3000 peccatorum
1597 2938 1820 2997 praeter-

212 3022 409 3081 itorum
460 3026 623 3096 plena
676 3024 1042 3095 indulgentia;
1085 3038 1270 3095 parem
1314 3023 1498 3095 utique
1533 3021 1822 3093 indulgen-

215 3120 333 3175 tiam
363 3119 573 3191 potius,
609 3128 666 3174 ut
702 3118 835 3187 dixi,
868 3119 1298 3189 expectabimus,
1332 3117 1522 3174 eodem
1551 3127 1679 3173 voto
1708 3117 1820 3188 jam

1927 1910 2046 1950 rum
2070 1910 2297 1966 capaces
2320 1898 2582 1967 provecti,
2614 1909 2934 1970 pactumque
2961 1916 3060 1957 suo
3081 1919 3296 1975 quoque
3319 1906 3535 1977 proprio

1925 1989 2145 2043 nomine
2175 1991 2679 2055 consummandum,
2716 1992 2950 2047 nondum
3005 1995 3164 2061 pleno
3200 1997 3320 2066 jure
3368 2012 3534 2070 atque

1924 2093 2300 2138 consummato
2337 2098 2456 2154 qua:
2482 2082 2592 2153 jam
2624 2086 2900 2142 consecuti
2931 2097 3060 2142 sunt
3091 2090 3369 2157 possidere
3399 2108 3531 2149 cen-

1926 2185 2137 2243 seutur,
2170 2175 2367 2232 nedum
2400 2186 2454 2231 ut
2481 2176 2569 2247 jus
2601 2178 2835 2234 habeant
2867 2190 2973 2235 tam
3015 2183 3229 2239 ﬁrmum
3260 2184 3326 2241 ad
3354 2185 3529 2243 lutura

1926 2270 2069 2341 pacti
2119 2271 2361 2340 praemia.
2416 2272 2683 2337 Quorsum
2730 2273 2861 2328 illud
2911 2276 2963 2329 ni
3023 2276 3213 2347 majori
3261 2255 3313 2333 in
3364 2280 3535 2348 pretio

1928 2360 2259 2417 haberentur
2282 2361 2623 2418 conditiones
2638 2363 2748 2435 jam
2783 2367 3053 2433 prtestitar,
3084 2383 3243 2439 quam
3272 2380 3534 2441 suscepta:

1926 2454 2188 2511 duntaxat
2231 2464 2286 2511 et
2327 2454 2433 2510 ﬁde
2469 2467 2965 2527 quantumcumque
2995 2459 3147 2515 ﬁrma
3178 2462 3533 2532 prsestandtc?

1926 2551 2004 2606 lta
2043 2551 2206 2622 igitur
2238 2550 2603 2607 eousutnmati
2640 2552 2692 2606 in
2735 2554 2995 2624 martyrio
3043 2554 3291 2625 baptismi
3334 2558 3538 2627 plenio-

1929 2661 2042 2701 rem
2074 2645 2193 2703 forc
2221 2661 2380 2717 quam
2413 2644 2650 2702 inchoati
2684 2645 3072 2717 indulgentiam
3108 2657 3533 2708 consentaneum

1926 2750 2030 2796 est.
2076 2738 2143 2796 Ut
2189 2737 2451 2810 proinde,
2504 2738 2549 2793 si
2603 2747 2822 2810 peccata
2870 2742 3141 2810 prattcrita
3188 2742 3437 2799 cluantur
3482 2745 3535 2801 in

1925 2834 2195 2906 baptismo
2241 2850 2447 2907 aqueo,
2482 2836 2617 2891 nihil
2658 2837 2727 2892 sit
2753 2853 2849 2893 cur
2888 2837 3197 2894 dubitemus
3224 2839 3338 2896 fore
3369 2841 3532 2898 etiam

1927 2926 2160 2984 eluenda
2194 2927 2246 2984 in
2272 2928 2540 2998 baptismo
2568 2931 2886 2999 sanguineo.

2002 3021 2030 3094 ς
2055 3022 2377 3091 Eli—Quod
2401 3024 2545 3080 enim
2570 3026 2744 3094 spatio
2774 3024 3033 3095 temporis
3061 3026 3380 3097 interposito
3404 3029 3533 3100 bap-

1927 3115 2143 3171 tismum
2170 3133 2399 3188 aquenm
2432 3128 2690 3189 sequatur
2716 3119 3069 3190 sanguineus,
3103 3137 3209 3177 non
3235 3133 3317 3178 est
3345 3124 3529 3195 utique

212 3214 410 3269 soluto.
446 3215 519 3267 At
566 3227 664 3283 par
705 3213 798 3267 illa
843 3212 1173 3284 indulgentia
1214 3228 1335 3268 esse
1378 3212 1563 3283 nequit
1595 3212 1640 3266 si
1684 3225 1823 3282 quo-
1850 3206 1896 3270 C
1929 3209 2074 3280 quod
2097 3226 2125 3263 a
2149 3210 2400 3281 baptismi
2430 3218 2617 3265 natura
2640 3211 2874 3267 alienum
2898 3227 3238 3270 censeamus.
3261 3215 3527 3282 Distinxit,

213 3320 447 3376 cumque
466 3305 688 3360 tandem
717 3314 962 3376 tempore
982 3313 1265 3376 susceptus
1278 3304 1579 3375 baptismus
1604 3314 1824 3375 peccata

215 3406 391 3455 tamen
424 3397 701 3470 praeterita
733 3398 983 3454 universa
1024 3397 1239 3465 deleat,
1282 3412 1384 3453 nec
1426 3407 1602 3452 tamen
1632 3396 1739 3451 alia
1770 3396 1823 3451 in

211 3490 476 3564 martyrio
524 3491 811 3548 deleantur
852 3507 1013 3563 quam
1059 3506 1179 3562 qua:
1223 3491 1545 3561 baptismum
1588 3504 1822 3561 prteces—

213 3588 419 3654 serint,
453 3596 610 3643 tanto
650 3587 837 3657 utique
862 3586 1148 3642 intervallo
1184 3602 1213 3641 a
1249 3601 1309 3642 se
1325 3580 1623 3656 'dissitum,
1655 3587 1739 3642 cui
1771 3596 1827 3643 et

219 3679 511 3739 intervallo
561 3692 909 3753 peccatorum
966 3681 1207 3736 nondum
1262 3681 1612 3737 remissorum
1668 3683 1823 3752 copia

213 3777 529 3834 necessario
550 3775 913 3848 responderit.
944 3776 1051 3833 Pro
1078 3776 1216 3847 pacti
1248 3785 1397 3832 certe
1418 3778 1691 3848 aequitate,
1716 3793 1823 3846 quo

215 3870 381 3943 magis
407 3867 756 3926 conditiones
802 3880 1124 3941 prtestamus
1154 3885 1252 3940 pro
1292 3878 1473 3926 nostra
1504 3871 1643 3941 pacti
1670 3878 1824 3940 parte

213 3962 590 4034 prastandas,
630 3978 697 4019 eo
738 3965 1092 4036 consequitur
1126 3963 1495 4035 acerescitque
1539 3964 1693 4019 nobis
1732 3963 1845 4034 jus.

213 4058 276 4114 ad
321 4056 640 4115 mercedem
694 4071 724 4111 a
780 4058 890 4114 Deo
947 4058 1304 4129 pra-standam
1350 4057 1609 4126 validius;
1656 4073 1724 4114 eo
1769 4065 1824 4113 et

215 4150 456 4210 vicissim
483 4153 661 4223 major
685 4150 791 4208 erit
830 4151 999 4222 ipsius
1046 4150 1140 4207 Dei
1177 4151 1242 4207 ad
1288 4150 1625 4216 mercedem,
1659 4166 1819 4222 quam

212 4247 485 4317 pollicitus
543 4256 659 4314 est,
717 4245 1118 4318 praesumdam,
1176 4246 1472 4318 obligatio;
1534 4262 1601 4304 eo
1656 4247 1818 4303 etiam

214 4339 456 4399 favorem
484 4341 579 4397 Dei
610 4356 926 4412 possumus,
955 4356 1056 4413 pro
1085 4341 1223 4411 pacti
1246 4340 1476 4407 ratione,
1503 4340 1819 4412 ampliorem

213 4435 369 4494 nobis
391 4436 713 4493 vendicare.
737 4437 876 4504 Quin
901 4447 979 4504 et,
1008 4435 1169 4491 missa
1195 4435 1336 4506 pacti
1360 4434 1818 4501 consideratione,

213 4528 458 4588 favorem
489 4529 714 4595 saltem,
745 4545 906 4601 quem
935 4528 1081 4597 dixi,
1117 4527 1213 4585 Dei
1256 4527 1407 4583 illum
1453 4536 1603 4583 tanto
1630 4527 1820 4599 majori

1929 3310 1988 3356 ut
2020 3301 2271 3368 vidimus,
2304 3303 2599 3373 Apostolus
2630 3314 2737 3359 tres
2774 3303 3025 3376 baptismi
3060 3317 3269 3377 parles,
3299 3325 3527 3380 aquam,

1927 3393 2187 3464 Spiritum
2230 3404 2286 3451 et
2334 3396 2674 3467 sanguinem.
2727 3395 2836 3453 Nec
2894 3407 3073 3455 tamen
3122 3401 3214 3472 qui
3265 3401 3531 3469 baptismo

1926 3501 2101 3558 aqueo
2149 3486 2531 3554 lttstrarcutur,
2582 3503 2798 3560 semper
2848 3500 3024 3547 tamen
3076 3509 3181 3548 uno
3230 3493 3530 3567 eodemque

1927 3588 2173 3651 tempore
2220 3580 2468 3651 spiritum
2521 3583 2683 3637 etiam
2738 3583 3077 3654 accipiebant
3130 3586 3522 3657 baptismalcm,

1928 3681 1985 3727 ut
2023 3672 2151 3728 alibi
2198 3674 2563 3744 probavimus.
2596 3676 2843 3745 Apostoli
2887 3693 3060 3748 aqueo
3091 3677 3391 3749 baptismo,
3434 3695 3525 3736 su-

1925 3766 2149 3836 perstite
2199 3766 2377 3822 adhuc
2429 3765 2660 3822 Domino
2710 3767 2912 3838 perfusi
2964 3780 3120 3839 sunt,
3178 3788 3299 3828 cum
3350 3783 3526 3831 tamen

1924 3856 2183 3927 Spiritum
2233 3872 2425 3925 nemo,
2468 3859 2569 3914 nisi
2621 3869 2742 3930 post
2780 3861 3022 3931 ejusdem
3074 3865 3526 3923 resurrectionem

1924 3951 2219 4020 acciperet.
2258 3951 2631 4007 Samaritanos
2670 3969 2806 4025 aqua
2838 3956 3075 4025 expiavit
3102 3955 3381 4028 Philippus
3408 3960 3528 4015 dia-

1923 4058 2123 4110 conus;
2144 4042 2407 4113 Spiritum
2433 4059 2593 4101 nemo
2616 4057 2824 4116 poterat
2844 4048 3033 4104 iisdem
3057 4052 3304 4107 conferre
3334 4067 3530 4123 praeter

1922 4136 2218 4208 apostolos.
2257 4136 2396 4205 Quid
2444 4137 2626 4207 igitur,
2657 4154 2881 4210 aqu-mne
2924 4141 3024 4196 soli
3075 4142 3371 4200 tribuemus
3417 4147 3524 4202 vim

1924 4229 2073 4284 illam
2129 4240 2471 4300 peccatorum
2539 4231 2939 4300 prtcteritorum
2991 4234 3396 4305 expiatricem?
3451 4238 3523 4295 lta

1924 4320 2081 4377 ﬁeret
2132 4330 2193 4376 ut
2242 4337 2380 4376 nova
2435 4336 2573 4391 opus
2623 4332 2766 4378 esset
2818 4324 3125 4395 expiatione
3181 4340 3525 4398 peccatorum

1923 4430 2153 4486 aqueum
2203 4413 2526 4485 baptismum
2583 4423 3021 4471 consecuturum.
3082 4416 3232 4475 Sicttt
3286 4422 3429 4477 enim
3470 4424 3524 4479 in

1920 4507 2200 4579 gentilium
2221 4507 2493 4579 mysteriis
2519 4505 2785 4564 elementa
2807 4513 3091 4586 καθαρτικά
3109 4511 3246 4567 viam
3266 4516 3521 4574 τελειώσει

212 4635 330 4680 cum
371 4621 573 4679 ﬁducia
622 4599 912 4695 ροεεύηιυε
957 4631 1277 4692 expectare,
1327 4628 1529 4692 quanto
1577 4631 1817 4677 nostram
1843 4605 1898 4666 1)
1924 4615 2117 4670 parare
2140 4599 2519 4666 credebantur,
2551 4600 2749 4671 nequid
2771 4616 3077 4671 superesset
3100 4604 3371 4675 impurum
3398 4625 3520 4665 cum

214 4728 406 4775 versus
461 4716 629 4772 Deum
687 4715 1116 4773 benevolentiam
1184 4715 1510 4770 luculentius
1567 4721 1819 4769 testatum

212 4807 463 4866 iacimus.
494 4807 600 4877 Qui
636 4816 817 4864 autem
856 4806 1171 4878 sanguinem
1211 4821 1368 4862 suum
1413 4822 1512 4876 pro
1551 4805 1661 4861 Deo
1688 4818 1817 4875 pro-

215 4898 447 4969 fuderit,
479 4899 625 4956 bunc
653 4915 813 4955 nemo
843 4899 1050 4955 dubitet
1093 4900 1251 4970 longe
1298 4907 1447 4954 certe
1485 4899 1817 4954 testatiorem

213 4992 410 5053 fecisse
464 5010 617 5051 suam
670 5009 861 5051 versus
910 4994 1077 5049 Deum
1130 4992 1597 5058 benevolentiam,
1656 5007 1815 5062 quam

216 5088 305 5160 qui
332 5096 593 5162 prompto
634 5086 796 5143 luerit
849 5086 1110 5142 duntaxat
1160 5085 1519 5157 expeditaque
1571 5084 1637 5140 ad
1696 5099 1818 5154 pro-

216 5177 548 5237 fundendum
572 5179 775 5235 animo.
810 5179 1023 5235 Etcum
1061 5178 1247 5251 gratia:
1272 5178 1491 5249 speciali
1522 5177 1820 5232 tribuamus

217 5273 413 5347 siquis
463 5289 563 5345 pro
612 5273 758 5330 facto
809 5274 1141 5330 voluntatem
1193 5272 1355 5329 fuerit
1397 5272 1817 5340 interpretatus,

219 5364 431 5442 signum
468 5375 556 5424 est
592 5367 834 5439 profecto
860 5368 1057 5422 factum
1089 5366 1264 5438 ipsum
1295 5365 1362 5421 ad
1387 5364 1611 5437 justitia:
1653 5363 1820 5419 ratio-

218 5472 344 5518 nan
378 5460 604 5533 propius
652 5459 945 5527 accedere,
993 5461 1149 5531 longe
1193 5467 1341 5516 certe
1383 5458 1559 5514 adhuc
1602 5457 1821 5530 propius

220 5553 486 5627 siquando
524 5555 666 5626 pacti
702 5555 865 5610 etiam
910 5553 1275 5611 consideratio
1304 5551 1692 5608 intercesserit.
1721 5548 1821 5604 Est

218 5645 403 5720 itaque
438 5657 647 5704 natura!
688 5647 860 5719 pacti,
894 5656 978 5703 est
1020 5654 1075 5702 et
1122 5653 1285 5701 rectae
1331 5643 1558 5708 rationi,
1601 5656 1825 5713 prorsus

218 5749 681 5807 mancum,
734 5748 794 5795 ut
828 5753 990 5810 quam
1044 5745 1389 5808 peccatorum
1435 5732 1821 5805 indulgentiam

734 5919 1009 5985 Parnon.
1057 5917 1132 5982 V.

1921 4694 2192 4750 sanctiora
2247 4693 2571 4750 commercia
2624 4694 2929 4761 ambirent;
2984 4698 3053 4750 ita
3114 4698 3335 4769 Spiritui
3393 4718 3521 4773 pro-

1923 4788 2180 4844 culdubio
2220 4787 2549 4844 inserviebat
2578 4803 2750 4859 aquea
2776 4788 2865 4843 illa
2898 4789 3145 4848 lustratio
3178 4808 3350 4865 nequa
3382 4798 3522 4854 rasis

1921 4886 2205 4958 impuritas
2231 4884 2476 4941 obstaret
2516 4900 2624 4956 quo
2667 4885 2845 4942 minus
2893 4896 3077 4957 posset
3123 4904 3219 4958 pro
3262 4891 3521 4963 dignitate

1922 4995 2017 5035 sua
2071 4978 2263 5049 recipi.
2312 4977 2546 5033 Prorsus
2598 4977 2781 5047 itaque
2828 4979 3062 5034 alienum
3115 4992 3229 5037 erat
3283 4991 3351 5040 ab
3403 4986 3519 5056 ejus

1920 5074 2206 5129 sanctitate
2236 5080 2293 5126 ut
2331 5072 2454 5142 quis
2500 5070 2651 5126 illum
2684 5070 2925 5140 impurus
2965 5073 3256 5141 acciperet.
3286 5076 3518 5133 Proinde

1918 5164 2286 5224 necessarium
2325 5172 2444 5219 erat
2485 5171 2544 5217 ut
2589 5162 2703 5232 ipse
2737 5162 2968 5231 Spiritus
3008 5164 3177 5220 vicem
3208 5182 3359 5237 aqua:
3386 5181 3516 5239 sup-

1918 5260 2095 5332 pleret
2142 5273 2239 5329 pro
2291 5262 2632 5327 peccatorum
2682 5255 2988 5325 expiatione
3035 5257 3303 5327 baptismo
3346 5275 3518 5329 aqueo

1922 5351 2309 5409 recentiorum.
2334 5346 2488 5417 Quod
2511 5349 2555 5401 si
2584 5346 2807 5418 Spiritui
2832 5348 2939 5402 vim
2966 5347 3110 5403 illam
3133 5349 3516 5421 concedamus,

1922 5458 2033 5501 non
2069 5442 2176 5498 erit
2219 5440 2400 5511 utique
2430 5455 2526 5495 cur
2556 5454 2585 5492 a
2613 5439 2874 5510 sanguine
2899 5440 3132 5495 alienum
3173 5455 3515 5502 censeamus.

1926 5537 2030 5592 Pro
2058 5534 2200 5607 pacti
2225 5533 2438 5588 ratione
2467 5547 2494 5584 a
2522 5532 2783 5602 sanguine
2815 5531 2992 5601 potius
3019 5532 3350 5601 expectanda
3380 5547 3518 5606 erat,

1922 5628 2067 5702 quod
2120 5628 2212 5684 ille
2268 5626 2333 5682 ad
2385 5624 2623 5681 ofﬁcium
2699 5633 2939 5681 nostrum
3002 5624 3520 5703 dispositionemque

1922 5730 2133 5794 spectat
2160 5734 2391 5792 quorum
2422 5718 2595 5790 major
2626 5717 2811 5774 haberi
2840 5716 2982 5773 solet
3009 5716 3062 5771 in
3098 5728 3372 5790 pactorum
3399 5723 3522 5794 jure

1922 5816 2060 5875 ratio
2103 5827 2264 5889 quam
2290 5813 2554 5871 donorum
2609 5810 2704 5868 Dei
2744 5810 3122 5886 gratuitorum.
3152 5811 3319 5873 Favet
3360 5831 3521 5889 porro

3049 5908 3087 5975 3
