3994 6318
411 260 481 319 75
1361 254 1728 317 DODWELLI
1770 255 2220 316 DlSSERTATIO
2260 256 2674 318 CYPRIANICA
3644 261 3726 320 70

404 375 547 451 quod
585 390 685 449 pro
725 375 867 432 illius
891 375 991 432 aevi
1025 374 1365 447 dogmatibus
1397 375 1682 447 platonieis
1723 375 1780 447 (e
1810 373 2004 444 quibus
2036 375 2083 436 Α
2112 373 2360 443 habetur,
2391 382 2816 431 consentaneum
2854 379 2940 430 est
2975 372 3026 429 id
3057 371 3263 431 idcirco
3293 374 3407 432 ﬁeri
3439 381 3495 431 ut
3518 384 3571 432 et
3594 374 3721 446 jura

409 470 587 526 omnis
615 467 732 526 lucc
778 469 1042 539 theologia
1089 467 1380 541 symbolica
1428 468 1648 524 omnino
1693 467 2004 538 explicanda
2111 468 2393 540 utriusque
2433 468 2714 540 sanguinis
2746 466 2877 522 ﬁant
2923 467 3153 524 invicem
3195 467 3524 524 communia.
3573 466 3720 522 Nihil

409 563 515 633 cst)
565 578 687 619 cum
715 579 741 616 a
774 564 1072 635 prototypis
1122 563 1298 618 omnis
1341 562 1430 617 illa
1479 561 1850 634 symbolorum
1893 559 2007 616 sive
2111 570 2291 616 autem
2324 569 2406 617 est
2434 561 2577 632 quod
2606 559 2916 616 dubitemus
2939 559 3168 630 quodvis
3189 559 3388 616 Christi
3415 559 3726 632 symbolum

411 659 772 730 antityporum
801 658 971 712 virtus
993 656 1307 712 deducenda
1346 655 1691 721 crederetur;
1727 655 1797 710 ita
1829 663 2006 710 tamen
2111 671 2140 710 a
2165 671 2294 711 vero
2333 665 2510 711 tamen
2544 654 2786 728 ejusdem
2811 663 2976 727 atque
3005 654 3252 724 originali
3281 655 3545 726 sanguine
3562 668 3726 725 supe-

410 751 779 825 symbolorum
808 751 1105 806 efficaciam
1137 750 1510 821 explicahant,
1546 758 1603 804 ut
1631 747 1846 820 quidem
1893 748 2008 819 ipsa
2112 752 2240 807 rari.
2271 750 2477 808 Eodem
2511 761 2689 807 tamen
2717 749 3018 806 rediturum
3047 748 3285 804 diximus
3301 765 3396 805 seu
3426 757 3728 820 martyrum

416 860 511 917 per
541 861 600 901 se
627 843 758 899 nihil
785 844 851 900 ad
881 844 1129 900 effectum
1161 843 1506 910 conferrent,
1541 841 1839 898 iudicarent
1873 839 2010 895 dun-
2111 845 2428 915 sanguinem
2464 859 2560 915 pro
2586 858 2687 899 suo
2713 842 2965 899 Christus
2991 843 3303 914 agnoverit;
3327 857 3422 898 seu
3451 857 3546 913 per
3575 857 3728 914 mys-

412 948 555 994 Iaxat
580 938 668 994 cui
695 947 1109 1012 prototyporum
1138 937 1227 992 illa
1263 938 1440 993 nativa
1469 935 1639 992 virtus
1665 943 1812 992 esset
1833 934 2010 1006 appli-
2115 937 2273 992 ticam
2310 937 2590 1008 utriusque
2609 936 2890 1007 sanguinis
2912 937 3166 992 unionem
3195 937 3397 1007 proprii
3419 935 3581 991 etiam
3603 949 3732 990 san-

410 1031 614 1100 canda,
661 1033 731 1088 ita
773 1043 831 1088 ut
869 1033 936 1089 ab
978 1033 1107 1105 ipsis
1153 1033 1456 1104 prolotypis
1482 1032 1660 1087 omnis
1689 1031 1779 1087 illa
1806 1032 2010 1098 virtus,
2114 1030 2290 1101 guinis
2323 1030 2574 1085 virtutem
2612 1045 2708 1100 per
2731 1028 3050 1100 martyrium
3082 1028 3422 1100 applicuerit.
3456 1027 3550 1084 Illa
3581 1037 3732 1085 certe

409 1141 505 1182 seu
536 1125 792 1181 naturalis
825 1125 914 1181 illa
944 1136 1110 1193 esset,
1141 1139 1235 1181 seu
1259 1125 1397 1196 juris
1427 1125 1588 1180 etiam
1626 1125 1832 1194 legalis,
1865 1132 2012 1180 esset
2116 1127 2228 1194 ipsa
2263 1125 2348 1181 vel
2408 1125 2703 1197 applicatio
2748 1134 2897 1181 tanto
2950 1124 3227 1182 efﬁcacior
3257 1141 3380 1182 esse
3410 1125 3595 1182 debuit
3622 1139 3733 1197 quo

410 1218 764 1292 expectanda.
798 1219 1015 1274 Etcum
1050 1235 1201 1290 :equa
1233 1233 1355 1276 esse
1393 1218 1586 1275 debeat
1623 1219 2008 1290 paciscentiuin
2113 1218 2317 1275 Christi
2356 1221 2673 1291 sanguinem
2721 1221 2942 1292 propius
2991 1220 3228 1293 attingit,
3283 1219 3567 1291 magisque
3605 1218 3730 1274 viva

411 1312 650 1370 conditio
699 1328 803 1384 qua
845 1313 982 1384 juris
1035 1312 1128 1368 illo
1165 1313 1566 1384 conjunguntur
1603 1313 1742 1368 inter
1772 1328 1832 1368 se
1861 1328 2012 1369 com-
2115 1317 2604 1386 repraesentatione
2633 1315 2874 1372 exhibet.

411 1405 648 1472 mercio;
675 1421 970 1477 congruum
995 1403 1240 1476 profecto
1259 1413 1342 1460 est
1367 1416 1600 1476 utquam
1625 1405 1730 1460 vim
1752 1405 2011 1477 symbolis
2185 1407 2606 1480 §57.——Estque
2633 1409 2812 1466 adhuc
2841 1424 2907 1464 eo
2941 1408 3108 1479 magis
3136 1416 3557 1464 consentaneum
3583 1416 3734 1465 recte

415 1496 612 1554 divinis
671 1513 768 1570 pro
819 1497 910 1554 Dei
967 1495 1300 1568 obligatione
1349 1497 1718 1562 concedimus,
1763 1497 2010 1554 eamdem
2113 1511 2350 1569 veteres,
2373 1512 2426 1558 et
2452 1519 2548 1573 pro
2573 1518 2752 1558 causa:
2775 1503 3027 1573 aequitate
3049 1503 3133 1556 hic
3155 1516 3277 1557 esse
3299 1508 3736 1572 argumentatus,

415 1592 610 1648 nostris
641 1607 740 1663 pro
769 1599 954 1647 nostra
986 1589 1313 1662 obligatione
1341 1590 1577 1646 vicissim
1610 1590 2005 1658 concedamus;
2116 1595 2272 1666 Quod
2305 1594 2396 1653 10°
2439 1612 2549 1652 non
2587 1595 2919 1668 quibuslibet
2949 1595 3189 1650 ﬁdelium
3231 1610 3326 1649 seu
3363 1593 3730 1665 passionibus,

414 1695 468 1740 et
497 1700 606 1757 quo
630 1687 770 1755 pacti
797 1683 922 1755 jure
952 1683 1094 1740 Deus
1119 1683 1496 1754 delinquentes
1525 1680 1694 1739 afﬁcit
1721 1682 1991 1753 supplicio,

2160 1706 2212 1746 zu
2263 1691 2529 1747 mortibus
2576 1701 2780 1748 tantam
2813 1692 3065 1747 virtutem
3094 1689 3444 1761 assignarint,
3490 1687 3586 1746 sed
3628 1689 3737 1744 illis

411 1777 604 1834 θοάθηι
645 1777 767 1848 ,ἰυΓο
799 1786 1043 1833 ιθιιοθιιιν
1072 1775 1138 1832 εδ
1172 1775 1477 1832 mercedem
1512 1775 1613 1830 illis
1636 1817 1652 1843 9
1695 1775 1786 1846 (Ιυί
1819 1774 2008 1831 condi‘
2041 1783 2088 1845 B
2115 1786 2379 1844 duntaxat
2408 1788 2604 1860 quibus
2632 1790 2700 1844 ad
2730 1788 2931 1846 Christi
2961 1789 3148 1844 mortis
3171 1788 3481 1857 exemplum
3509 1789 3738 1859 propius

408 1872 608 1927 tionem
656 1870 1038 1941 praestiterint,
1071 1869 1494 1924 retribuendam.
1533 1868 1589 1924 Si
1641 1868 1820 1938 itaque
1866 1882 1985 1922 mar

2159 1882 2498 1949 ccessissent,
2524 1899 2646 1939 cum
2667 1899 2862 1954 nempe
2883 1883 3096 1955 publica
3117 1883 3377 1941 Ecclesia:
3399 1883 3736 1954 fratrumque

407 1965 528 2038 lyl‘ll
551 1963 635 2021 γει
663 1963 948 2036 professio,
971 1965 1210 2036 tnartyrii
1238 1963 1482 2018 absentis
1507 1963 1708 2018 virtute
1734 1961 2009 2018 remissio-
2116 1988 2277 2028 causa
2299 1988 2421 2031 sese
2433 1975 2776 2030 obtulissent,
2802 1975 2896 2030 Est
2922 1974 3139 2045 quidem
3159 1983 3468 2030 sanctorum
3489 1975 3736 2030 οωηῖυιιι

409 2073 532 2114 nem
583 2065 922 2129 peccatorum
956 2064 1204 2126 perstet,
1239 2054 1487 2111 eamdem
1528 2063 1677 2110 certe
1703 2053 2012 2110 necessario
2117 2067 2168 2120 ίη
2197 2079 2492 2138 conspectu
2522 2067 2734 2123 Domini
2763 2082 2912 2123 mors
2941 2066 3200 2139 quaelibet
3240 2067 3502 2138 pretiosa,
3545 2067 3645 2124 Εει
3679 2074 3740 2124 ει

405 2163 637 2226 oportet,
681 2154 878 2223 ipsum,
907 2151 1123 2224 quando
1150 2152 1326 2218 adest,
1370 2161 1627 2222 przcstare
1667 2148 1982 2220 martyrium

2160 2159 2292 2215 ibuc
2318 2160 2607 2227 pretiosior
2635 2160 3032 2226 innocentium,
3052 2175 3241 2214 eorum
3263 2160 3470 2215 scilicet
3491 2174 3629 2231 quos
3651 2161 3737 2217 vis

409 2237 782 2317 COIchil'tUe
809 2246 1238 2314 δοειιτθιίδείιηθ,
1271 2245 1415 2317 (ιυοά
1447 2245 1697 2315 Superius
1727 2243 1830 2298 huc
1862 2251 2012 2298 rem“
2115 2259 2392 2328 oppressit
2425 2257 2736 2327 iniquorum
2756 2255 3059 2312 hominum.
3080 2254 3188 2310 Sed
3211 2265 3265 2310 et
3297 2255 3444 2310 illam
3467 2255 3580 2311 Deo
3610 2254 3740 2310 cha-

411 2342 605 2407 limus,
645 2356 768 2395 cum
807 2339 975 2395 stolas
1003 2353 1129 2394 suas
1174 2347 1440 2411 martyres
1482 2338 1533 2391 in
1573 2336 1707 2406 Agni
1753 2335 1988 2406 sanguini

2157 2364 2232 2403 ain
2261 2363 2382 2404 esse
2407 2350 2538 2405 nihil
2566 2361 2648 2405 cst
2679 2351 2820 2420 quod
2849 2349 3158 2406 dubitemus
3193 2363 3298 2419 qua
3341 2348 3673 2404 occumbunt
3697 2349 3734 2406 ii

411 2436 608 2492 lavisse
641 2443 946 2489 narrantur.
991 2430 1101 2486 Nec
1139 2432 1282 2486 enim
1326 2430 1376 2485 id
1414 2429 1482 2485 de
1522 2428 1770 2502 baptismi
1797 2429 2014 2482 lavacro
2119 2442 2314 2512 quibus
2334 2442 2514 2499 omcia
2542 2445 2903 2516 suaqumliba
2930 2443 3041 2499 vita
3065 2453 3194 2500 sum
3220 2443 3334 2514 ipsa
3354 2443 3736 2515 Chal-30",“;

412 2531 484 2586 ita
511 2527 794 2586 commode
824 2535 1032 2597 poterat
1064 2525 1308 2594 intelligi,
1338 2522 1479 2593 quod
1507 2522 1745 2576 omnium
1777 2519 2010 2575 ﬁdelium
2119 2545 2349 2592 malum
2387 2553 2496 2605 pm
2528 2549 2750 2607 peccato
2778 2536 3009 2606 elisum.
3041 2537 3246 2605 Estque
3273 2537 3436 2610 eum.“
3468 2536 3584 2592 [me
3615 2537 3736 2607 ipsa

409 2638 697 2681 commune
719 2621 911 2684 fuerat,
940 2619 1032 2675 sed
1057 2618 1125 2674 de
1155 2618 1370 2673 lavacro
1405 2615 1721 2687 patientium
1756 2613 1973 2685 proprio

2162 2645 2266 2684 iors
2289 2631 2591 2699 haptismali
2635 2631 2816 2686 ofﬁcio
2853 2630 3066 2699 afﬁnis,
3111 2647 3178 2687 ne
3215 2631 3284 2686 ab
3324 2631 3469 2686 illius
3497 2631 3739 2703 praemiis

411 2735 512 2777 nec
551 2718 619 2774 de
647 2718 856 2772 illorum
885 2714 1145 2769 duntaxat
1182 2719 1520 2782 peccatorum
1548 2709 1854 2778 expiatione
1893 2720 2013 2776 qua:
2121 2721 2551 2793 priiilcgiisque,
2577 2733 2793 2793 putetur
2816 2740 3038 2794 prorsus
3056 2725 3250 2780 aliena.
3275 2724 3489 2780 Necilla
3523 2725 3742 2796 procul-

410 2822 612 2870 tantam
639 2812 784 2867 illam
807 2807 1205 2864 tribulationem
1228 2811 1652 2868 antecesserant,
1673 2799 2013 2869 inbaptismo
2118 2816 2280 2872 dubio
2312 2817 2424 2871 ι)υο
2453 2817 2662 2887 ingrata
2693 2834 2865 2885 mors,
2898 2834 3057 2888 quam
3091 2818 3254 2874 ωηιίε
3282 2817 3484 2874 ethnici
3507 2816 3744 2876 θσετυηι

409 2909 616 2964 scilicet
639 2919 810 2976 aqueo
831 2903 1063 2974 expiata,
1089 2898 1181 2955 scd
1206 2899 1415 2952 illorum
1438 2909 1650 2967 quoque
1671 2909 1791 2965 quae
1817 2891 1868 2946 in
1899 2890 1986 2961 ips:

2166 2908 2431 2976 rtcconiis,
2452 2925 2555 2981 qua
2571 2911 2691 2981 quis
2716 2913 2906 2980 patriai
2931 2914 3094 2965 vitam
3119 2926 3269 2966 suam
3295 2910 3578 2981 impendit,
3594 2911 3743 2967 mul-

410 3000 504 3056 illa
533 2996 883 3053 tribulatione
912 2989 1095 3049 es’sent
1115 2988 1402 3063 expianda.

2162 3020 2410 3075 irutnque
2439 3015 2641 3062 mortes
2675 3023 2779 3062 una
2803 3016 2979 3063 morte
3021 3006 3276 3074 redimit,
3308 3022 3408 3062 nec
3453 3007 3540 3064 illa
3571 3007 3739 3064 etiam

484 3091 512 3164 ᾗ
538 3087 894 3160 36,—Neque
916 3101 1046 3143 vero
1063 3085 1168 3140 erit
1192 3081 1334 3180 (μιοᾲ
1361 3082 1616 3180 miremur
1638 3085 1841 3180 “illlam
1866 3081 2015 3180 νθίθς
2119 3115 2148 3152 a
2167 3097 2364 3155 Christi
2388 3101 2637 3170 exemplo
2664 3103 2862 3158 aliena.
2884 3101 3067 3174 Longe
3086 3111 3264 3157 tamen
3287 3105 3528 3158 omnium
3550 3102 3742 3172 proxi-

411 3202 500 3244 res
523 3184 790 3256 baptismo
816 3191 1112 3253 martyrum
1141 3177 1436 3248 sanguineo
1460 3175 1567 3230 vim
1594 3173 1921 3244 assignasse,
1969 3185 1988 3225 ε

2160 3205 2211 3246 ιε
2229 3190 2296 3247 ad
2327 3190 2526 3247 Christi
2557 3192 2688 3248 illud
2709 3173 3132 3250 illustrissimum
3152 3193 3365 3248 accedit
3399 3193 3737 3264 exemplum,

413 3287 468 3337 et
498 3278 632 3334 illud
665 3276 969 3334 recolamus
998 3288 1140 3328 nono
1169 3280 1466 3342 martyrum
1498 3267 1651 3323 illum
1698 3263 2016 3335 sanguinem
2123 3283 2169 3338 si
2192 3293 2246 3340 ει
2287 3283 2589 3339 animarum
2619 3301 2780 3340 causa
2807 3288 2946 3356 quis.
2976 3295 3030 3340 ει
3065 3287 3337 3341 omnum";
3377 3263 3592 3357 quidem
3648 3285 3744 3341 ma

411 3377 628 3432 Christo
651 3375 750 3446 ipsi
781 3389 811 3428 a
836 3371 1107 3428 veteribus
1139 3368 1303 3424 fuisse
1329 3365 1649 3421 attributum
1675 3381 1687 3416 :
1719 3372 1771 3417 ct
1798 3359 1988 3432 quideu

2165 3377 2529 3445 tultoruni,vel
2543 3377 2704 3433 etiam
2724 3379 2965 3433 omnium
2987 3377 3314 3448 ubicumque
3328 3377 3742 3445 ﬁdelium,mor—

414 3473 484 3526 ita
503 3470 718 3526 Christo
747 3477 803 3523 ut
833 3483 899 3522 ne
925 3473 1234 3536 martyrum
1269 3460 1437 3515 fuisse
1465 3458 1799 3522 crederetur,
1832 3469 1932 3510 nec
1963 3453 2017 3508 in
2126 3481 2234 3528 lem
2264 3483 2516 3544 oppetat;
2552 3474 2608 3530 Si
2638 3474 2760 3545 quis
2790 3491 2887 3546 pro
2907 3476 3182 3530 communi
3212 3474 3337 3542 ﬁde,
3371 3489 3466 3545 pro
3495 3485 3745 3531 comm“-

412 3573 711 3637 martyrum
755 3559 970 3632 pr0pria
1011 3556 1270 3612 duntaxat
1309 3551 1592 3610 commoda
1637 3550 1890 3612 cessisse,
1922 3561 1989 3602 sei

2271 3566 2447 3623 Ielium
2475 3582 2727 3638 corpore,
2756 3585 2853 3638 pro
2874 3569 3150 3624 communi
3175 3569 3380 3624 unitate
3407 3568 3746 3639 unitatisque
3837 3588 3848 3601 ο

411 3673 540 3715 vero
569 3659 620 3712 in
666 3655 924 3712 Ecclesia:
962 3652 1138 3724 potius
1184 3650 1470 3706 universae.
1516 3646 1642 3701 Haec
1693 3661 1722 3700 c
1772 3651 1988 3698 veterno

2166 3661 2399 3716 ommuni
2434 3661 2668 3728 vinculo,
2705 3672 2762 3717 ut
2793 3678 2992 3732 corpus
3015 3661 3215 3718 Christi
3247 3663 3533 3734 mysticum
3565 3662 3620 3717 in
3644 3675 3743 3719 sua

412 3750 677 3808 sententia
706 3747 830 3802 alibi
881 3745 1250 3817 probavimus,
1284 3751 1338 3797 et
1369 3739 1501 3796 illud
1532 3739 1739 3810 pariter
1776 3735 2018 3792 ostendi-
2126 3756 2435 3826 integritate
2462 3766 2847 3822 conservet.“
2876 3772 3012 3812 ηονε,
3043 3755 3266 3826 insuper
3304 3756 3746 3827 resipiscemium

414 3861 532 3900 Ιιιυε
582 3858 743 3914 (illam
796 3855 906 3895 "0"
953 3845 1142 3894 essent
1201 3851 1230 3889 ³
1286 3832 1584 3905 S‘il'il“uris
1629 3843 2022 3900 sacrorumque
2126 3851 2435 3906 accessione
2468 3851 2778 3920 locupletet.
2801 3850 2915 3906 lloe
2945 3860 3028 3906 est
3056 3850 3185 3906 ferri
3207 3852 3428 3908 τὰαύτά
3447 3859 3548 3909 τῶν
3575 3852 3745 3911 meum

413 3940 748 4010 Scriptorum
774 3934 1052 4007 principiis
1074 3930 1444 3988 abhorrentia.
1467 3927 1593 3983 Haec
1616 3927 1794 3998 itaque
1821 3927 1868 3981 si
1889 3939 1990 3980 con

2173 3947 2326 4012 ἀτων,
2348 3945 2449 4000 hoc
2467 3953 2550 4000 est
2569 3942 2792 4012 Christi,
2812 3955 2866 4000 et
2887 3943 3103 4015 quidem
3129 3943 3404 4014 patientis,
3425 3945 3594 4001 ιεκόνα
3616 3959 3750 4015 por-

410 4034 692 4101 cedantur,
721 4032 832 4104 jam
860 4029 1225 4101 intelligemus
1267 4041 1427 4099 quam
1468 4024 1639 4081 solide
1668 4023 1742 4078 illi
1778 4020 2019 4091 pruden-
2129 4047 2277 4105 me;
2311 4039 2414 4094 hoc
2459 4046 2542 4094 εει
2570 4038 2825 4109 supplere
2856 4054 2976 4108 qua,
3005 4038 3230 4093 deerant
3260 4035 3464 4092 Christi
3502 4053 3600 4108 pro
3639 4038 3749 4094 Ec.

414 4138 604 4201 terque
643 4141 861 4182 omnem
894 4123 1033 4178 hanc
1073 4121 1325 4193 baptismi
1351 4117 1629 4191 sanguinei
1661 4114 1959 4174 efﬁcaciam
1988 4139 1991 4163 ι

2167 4130 2292 4186 lesia
2349 4131 2715 4201 passionibus;
2779 4131 2882 4184 hoc
2936 4145 3058 4184 cum
3117 4145 3181 4185 co
3249 4131 3406 4198 mori,
3474 4128 3744 4201 cruciﬁgi,

412 4220 690 4290 Scriptura
737 4217 1075 4289 collegerint.
1108 4213 1306 4271 Chrisxi
1368 4213 1512 4308 enim
1561 4209 1808 4282 sanguini
1857 4222 2021 4264 nemo
2129 4224 2366 4294 sepeliri,
2406 4240 2527 4280 cum
2573 4234 2628 4280 et
2656 4223 2846 4278 eadem
2896 4225 3149 4294 patimur,
3179 4233 3234 4279 ει
3263 4223 3451 4279 eadem
3480 4225 3642 4280 ειίειη
3675 4224 3750 4283 (ιο

415 4312 624 4368 dubitat
675 4311 966 4365 convenire
1025 4307 1162 4362 hanc
1217 4302 1559 4378 peccatorum
1627 4302 2016 4374 espiationem.
2128 4331 2316 4382 causa,
2345 4330 2466 4370 cum
2491 4325 2543 4370 οι
2566 4316 2873 4384 passionem
2902 4324 2954 4371 ει
3000 4316 3269 4387 passionis
3310 4330 3528 4372 causam
3569 4314 3745 4372 habe-

415 4402 618 4458 ChriSli
662 4409 840 4456 amem
871 4415 1068 4456 nomen
1118 4413 1214 4469 1)ιό
1265 4399 1518 4452 universo
1547 4393 1748 4451 (Πινίδιί
1788 4407 2019 4463 corpore
2129 4423 2252 4462 mus
2297 4421 2416 4462 cum
2463 4406 2680 4463 Christo
2719 4422 3084 4464 communem.
3135 4408 3303 4464 Plane
3351 4413 3578 4464 innuunt
3625 4408 3749 4466 hmo

415 4498 645 4570 mystico
669 4495 969 4567 saepissime
998 4492 1331 4563 intelligitur.
1588 4489 1748 4559 iglllll'
1795 4488 1903 4542 γὶηι
2127 4501 2314 4555 omnia
2341 4516 2462 4558 esse
2492 4502 2778 4570 mysticam
2811 4502 3124 4572 quamdam.
3151 4503 3202 4557 in
3236 4502 3336 4558 hac
3376 4503 3492 4573 ipsa
3527 4503 3745 4574 passio.-

416 4596 522 4651 lam
567 4601 910 4664 peccatorqu
965 4589 1322 4660 purgatricern
1365 4585 1585 4641 Christo
1627 4584 1698 4639 ita
1743 4581 1993 4638 intellecti

2164 4610 2260 4650 ium
2297 4609 2457 4651 causa
2485 4611 2830 4651 communem
2864 4595 3022 4651 nobis
3051 4610 3172 4650 cum
3204 4595 3425 4651 Christo
3456 4596 3741 4663 unitatem,

416 4686 760 4746 asseramus?
795 4683 940 4739 Nihil
986 4692 1068 4737 est
1111 4681 1378 4753 profecto,
1422 4694 1517 4734 cur
1562 4679 1773 4750 quoties
1814 4675 1993 4731 Christ

2171 4700 2189 4746 t
2220 4691 2444 4760 proinde
2474 4689 2537 4744 ad
2574 4704 2734 4744 unam
2761 4699 3003 4759 utra'que
3031 4689 3386 4760 eamdemque
3430 4689 3745 4760 passionum

415 4785 728 4855 sanguinem
755 4791 972 4853 peccata
1015 4787 1196 4835 nostra
1227 4777 1414 4832 lavare
1460 4785 1621 4839 αῑιμιθ
1650 4789 1880 4846 purgare
1907 4782 2019 4828 "'3-
2126 4783 2507 4838 colleCIioncm
2540 4783 2813 4854 pertinere
2852 4791 3199 4838 censeantur.
3237 4782 3292 4837 In
3337 4782 3421 4838 his
3460 4792 3638 4838 autem
3672 4781 3748 4840 de

414 4880 547 4934 dunt
587 4894 753 4933 sacra:
785 4876 1023 4943 Litterae,
1056 4875 1123 4930 de
1152 4871 1421 4944 personati
1458 4870 1576 4941 ejus
1612 4870 1872 4941 sanguine
1897 4868 2022 4923 illas
2129 4877 2332 4932 unitate
2361 4878 2582 4947 mystica
2612 4877 2911 4933 ratiociniis
2944 4877 2994 4932 id
3035 4892 3206 4948 genus
3235 4893 3488 4944 canones,
3531 4887 3588 4934 et
3624 4883 3752 4949 qui-

418 4973 678 5028 duntaxat
710 4970 1092 5040 intelligamus.
1133 4969 1199 5022 Et
1228 4981 1357 5022 vero
1387 4965 1621 5021 nominis
1660 4964 1801 5019 ratio
1824 4962 2022 5018 suadet
2127 4969 2256 5024 dem
2285 4969 2784 5037 nniversalcsillos,
2817 4969 3062 5039 agnoscit
3089 4971 3380 5041 Apostolus
3409 4989 3420 5026 :
3461 4971 3612 5039 Quod
3651 4987 3748 5027 ca.

417 5068 597 5139 potius
629 5075 685 5120 ut
713 5066 782 5119 sit
830 5064 1002 5118 virtus
1031 5062 1144 5118 haec
1173 5060 1391 5117 Christo
1421 5076 1544 5115 cum
1573 5059 1817 5130 ejusdem
1867 5074 1994 5129 mys

2173 5065 2226 5119 ili
2252 5064 2504 5130 convenit,
2540 5063 2594 5116 id
2625 5075 2670 5117 et
2700 5062 2938 5118 membris
2976 5080 3084 5119 esse
3120 5081 3417 5130 commune;
3460 5065 3599 5135 quod
3636 5066 3750 5133 pri-

419 5161 524 5215 tico
565 5174 814 5229 corpore,
857 5155 1178 5211 communis.
1227 5153 1379 5221 Quod
1429 5154 1573 5209 enim
1622 5167 1816 5208 nomen
1859 5165 2021 5206 suum
2135 5159 2312 5224 initiis,
2342 5157 2395 5210 id
2434 5167 2479 5211 et
2502 5172 2686 5211 massa:
2722 5157 2989 5210 unireme.
3034 5155 3098 5210 Ni
3145 5157 3479 5212 universales
3515 5155 3755 5214 fuissent

418 5253 700 5308 nobiscum
743 5250 1137 5314 communicet,
1185 5248 1236 5304 id
1275 5248 1369 5303 illo
1411 5262 1603 5317 nempe
1630 5247 1862 5302 consilio
1893 5245 2026 5302 fecit
2130 5251 2228 5314 illi,
2263 5266 2397 5320 quos
2423 5250 2676 5312 diximus,
2723 5264 2978 5317 canones,
3021 5253 3244 5306 omnino
3283 5250 3611 5321 subjungere
3641 5250 3750 5306 de-

417 5355 474 5400 ut
526 5355 580 5401 et
627 5347 748 5414 jura
805 5343 1009 5398 nomini
1057 5341 1434 5412 respondentia
1490 5341 1852 5412 intelligantur
1895 5354 2025 5397 esse
2138 5345 2254 5400 huit
2279 5343 2579 5413 Apostolus
2608 5359 2707 5398 cur
2734 5341 2788 5397 in
2821 5344 2906 5398 illa
2943 5343 3120 5414 potius
3150 5359 3308 5416 quam
3347 5344 3403 5399 in
3436 5344 3539 5398 alia
3567 5343 3750 5414 quali-

417 5442 744 5496 communia.
795 5438 861 5495 Ut
896 5440 949 5494 in
991 5437 1366 5493 malrinioniali
1428 5437 1632 5490 unitate
1688 5435 1872 5508 (quam
1931 5434 2022 5491 hic
2139 5441 2227 5495 bet
2269 5454 2429 5494 causa
2473 5447 2659 5494 essent
2699 5438 3045 5509 agnoscendi.
3091 5438 3536 5509 Argumentantis
3597 5438 3750 5494 enim

417 5535 634 5590 adhibet
657 5533 946 5604 Apostolus
972 5531 1039 5586 ad
1068 5530 1268 5586 Christi
1302 5529 1582 5601 mysticam
1616 5544 1742 5584 cum
1775 5529 2016 5585 Ecclesia
2140 5549 2427 5605 personam
2474 5534 2558 5588 hic
2601 5533 2860 5589 sustinuit
2891 5533 3207 5603 Apostolus,
3254 5549 3360 5588 non
3391 5542 3570 5588 autem
3601 5531 3753 5588 illius

415 5627 671 5684 unitatem
705 5625 1102 5697 explicandam)
1129 5639 1415 5680 commune
1446 5624 1564 5678 viro
1591 5632 1754 5693 atque
1784 5623 2028 5679 fiumina:
2136 5631 2232 5702 qui
2262 5644 2360 5700 pro
2387 5644 2482 5684 sua
2526 5627 2788 5686 duntaxat
2832 5628 3156 5684 auctoritate
3187 5627 3436 5683 dictaret.
3472 5626 3548 5681 lla
3583 5626 3754 5697 igitur

417 5737 613 5776 nomen
641 5723 946 5776 communia
983 5722 1144 5776 etiam
1174 5719 1456 5789 utriusque
1493 5719 1542 5772 in
1575 5719 1694 5790 lege
1720 5719 1841 5790 jura
1869 5719 2024 5776 facit.
2138 5740 2261 5795 quae
2285 5731 2632 5795 peccatorum
2657 5721 2907 5793 expiatio
2937 5721 3122 5793 capiti,
3149 5721 3337 5778 eadem
3369 5730 3426 5778 et
3451 5719 3748 5787 membris;

412 5816 487 5872 ita
523 5823 578 5872 et
616 5829 736 5870 cum
779 5825 1075 5887 martyrum
1113 5813 1334 5885 sanguis
1377 5826 1474 5883 pro
1511 5809 1711 5869 Chrisri
1755 5814 2029 5884 sanguine-
2138 5832 2262 5889 qua:
2285 5815 2442 5887 hujus
2465 5815 2744 5887 sanguinis
2769 5812 3047 5886 primitiis,
3079 5814 3271 5872 eadem
3303 5824 3358 5873 et
3387 5828 3581 5871 massae
3609 5825 3747 5868 con-

2047 6005 2094 6012 ο-
