3994 6318
239 253 302 311 77
1262 242 1355 306 DE
1384 244 1702 307 SECUNDO
1741 245 2135 306 MARTYBUM
2175 246 2538 308 BAPTISMO.
3470 254 3543 314 73

239 366 432 425 veniet.
473 364 551 431 ita
599 363 805 435 scilicet
837 376 938 423 nos
968 362 1199 421 incitare
1245 363 1420 420 voluit
1470 361 1731 418 Dominus
1767 360 1832 417 ad
1863 361 1911 423 A
1938 360 2103 417 medii
2143 363 2390 432 ratione,
2435 362 2800 437 prmstantius.
2848 363 2918 422 At
2948 378 2978 421 a
3016 367 3188 439 pactis
3226 368 3543 443 symbolieis

238 469 473 518 mortem
525 474 625 531 pro
682 458 936 514 fratribus
981 456 1185 514 lubenti
1235 456 1417 512 animo
1463 455 1841 526 constantique

234 556 563 620 obeundam,
594 562 652 612 ut
681 555 735 611 in
779 554 881 610 hac
909 554 1024 626 ipsa
1047 554 1211 611 etiam
1245 568 1408 609 causa
1451 554 1626 625 ipsum
1658 552 1839 607 imita-

236 665 439 718 remur,
488 656 551 707 ut
597 649 737 704 sicut
764 648 883 719 ipse
911 660 1011 718 pro
1046 645 1205 702 nobis
1229 646 1396 701 vitam
1425 645 1624 717 posuit,
1657 655 1713 700 et
1739 658 1840 700 nos

234 758 331 816 pro
348 740 613 800 fratribus
642 740 806 797 vitam
831 752 1153 812 poneremus
1178 738 1197 794 ι
1228 737 1285 795 S.
1312 737 1496 807 Joan.,
1535 754 1613 805 ιιι,
1644 736 1733 794 16.
1763 736 1840 792 Ita

184 870 189 875 -
234 838 397 899 vitam
455 849 558 908 pro
601 832 866 907 Apostolo
894 847 1117 914 .ponere
1164 832 1334 903 parati
1366 840 1524 889 erant
1565 830 1838 902 discipuli,

234 931 344 1003 ipse
383 928 627 985 vicissim
676 941 776 999 pro
825 924 1125 998 discipulis.
1156 924 1231 982 ita
1281 925 1516 996 lgnatius
1547 925 1840 999 ἀντίψυχος

234 1039 416 1095 eorum
466 1036 593 1079 esse
621 1020 794 1078 voluit
832 1021 923 1092 qui
966 1020 1239 1091 episcopis
1284 1019 1648 1086 adhaererent,
1695 1017 1841 1091 quod

233 1118 436 1174 scilicet
473 1130 666 1171 eorum
714 1114 901 1187 ψυχὰς
942 1111 1099 1185 ψυχῇ
1128 1126 1245 1179 sua,
1282 1113 1419 1166 vitas
1468 1126 1663 1181 nempe
1708 1109 1840 1179 vita,

237 1209 507 1266 redimere
534 1206 787 1263 voluerit.
815 1204 949 1261 inde
992 1212 1173 1260 tantus
1203 1204 1295 1259 ille
1323 1203 1740 1259 Christianorum
1788 1202 1842 1257 in

233 1318 288 1359 se
341 1302 582 1357 invicem
638 1312 794 1353 amor
839 1311 948 1368 quo
1001 1296 1239 1351 illustres
1268 1295 1390 1351 illos
1418 1304 1472 1349 et
1517 1295 1843 1365 conspicuos

158 1456 169 1467 ,
231 1398 393 1453 fuisse
416 1409 521 1451 sua
547 1392 713 1455 etiam
753 1399 915 1447 aetate
940 1399 1208 1453 meruerat
1229 1388 1621 1451 Tertullianus.
1648 1388 1842 1445 Damo-

232 1493 311 1548 nis
347 1497 403 1546 et
430 1489 647 1563 Pythia:
674 1487 911 1544 Historia
935 1484 1075 1556 apud
1104 1486 1483 1557 pythagoraeos
1508 1484 1667 1555 longe
1694 1484 1842 1540 cele-

229 1581 469 1649 berrima
517 1588 624 1641 est.
657 1578 771 1637 Hos
824 1576 1062 1643 aemulati
1100 1576 1405 1655 jndaaorurn
1445 1584 1574 1635 sunt
1625 1576 1839 1645 esseni,

228 1673 350 1737 illas
393 1672 715 1739 christiani,
747 1684 887 1743 quos
918 1672 1100 1733 tamen
1143 1678 1334 1729 omnes
1363 1668 1527 1740 lange
1556 1664 1843 1729 intervalla

1945 452 2144 526 (qualia
2200 466 2537 515 sacramenta
2566 473 2688 516 esse
2734 475 2924 518 omnes
2967 461 3291 536 agnoscunt)
3332 466 3545 538 sejungi

1945 550 2131 619 nequit
2168 550 2471 608 istiusmodi
2500 551 2895 610 subordinatio.
2926 555 3059 611 Cum
3104 558 3249 613 enim
3297 559 3545 632 symbola

1942 640 2307 700 adhibeantur
2346 644 2417 700 ad
2443 645 2547 702 alia
2580 654 2758 702 tamen
2802 646 2978 703 ofticia
3008 664 3037 703 a
3068 649 3334 722 symbolis
3359 649 3539 719 diver-

1941 736 2153 793 sissima
2182 739 2640 809 repraesentanda,
2656 739 2881 814 ipsaque
2901 742 3038 799 adeo
3064 742 3153 800 illa
3177 757 3536 818 repraesenta-

1946 832 2092 887 tione
2139 832 2478 903 spondenda,
2509 842 2571 890 ut
2597 834 2825 906 proinde
2864 836 3167 895 mediorum
3210 848 3435 913 utraque
3459 842 3547 897 vi-

1912 938 2063 981 .cem
2110 924 2407 997 impleant;
2438 934 2658 983 constat
2698 936 2878 987 tamen
2907 929 3069 985 oltleii
3109 947 3269 1003 quam
3306 935 3546 1007 symboli

1943 1014 2101 1088 longe
2122 1017 2385 1088 potiorem
2427 1033 2549 1075 esse
2589 1020 2880 1087 rationem,
2910 1021 3106 1094 jusque
3132 1022 3200 1079 ad
3237 1025 3545 1082 mercedem

1945 1108 1975 1165 ὲ
2006 1111 2115 1168 Deo
2147 1113 2471 1183 promissam
2500 1113 2751 1172 conferre
2780 1115 2940 1188 longe
2968 1118 3179 1174 auctius
3222 1129 3383 1191 atque
3411 1121 3548 1178 vali-

1945 1202 2087 1259 dius.
2149 1204 2259 1260 Dici
2329 1215 2508 1264 tamen
2565 1208 2799 1281 denique
2848 1218 3031 1281 potest
3079 1223 3186 1268 tam
3239 1215 3543 1287 symbolum

1944 1307 2144 1353 nostrae
2170 1298 2223 1353 in
2262 1289 2530 1371 baptismo
2558 1303 2938 1373 professionis,
2987 1321 3147 1376 quam
3177 1309 3545 1367 conditionem

1945 1406 2105 1465 quam
2127 1408 2193 1450 eo
2209 1395 2461 1467 symbolo
2481 1397 2812 1468 spondemus
2832 1415 2864 1455 a
2882 1409 3066 1457 nostra
3094 1403 3236 1473 pacti
3254 1402 3548 1475 baptisma-

1944 1482 2011 1539 lis
2038 1493 2190 1553 parte
2219 1487 2605 1555 praestandam,
2625 1506 2950 1562 quamquam
2979 1492 3031 1547 in
3060 1503 3216 1565 pacto
3238 1511 3266 1549 a
3299 1496 3410 1553 Deo
3433 1500 3553 1569 qui-

1945 1576 2071 1634 dem
2095 1578 2347 1637 institute
2376 1580 2756 1652 adhibeantur,
2786 1584 2857 1642 ad
2884 1585 3121 1645 humana
3143 1596 3322 1649 tamen
3345 1589 3548 1659 officia,

1945 1678 2264 1745 partemque
2290 1674 2433 1744 pacti
2464 1675 2613 1733 illam
2636 1692 2757 1747 qute
2802 1675 3053 1736 homines
3090 1672 3322 1751 spectat,
3352 1681 3551 1739 attines

228 1774 580 1838 superarunt.
622 1764 702 1820 Ita
741 1761 1102 1820 conveniebat
1128 1760 1461 1818 adamussim
1509 1776 1632 1816 cum
1688 1760 1839 1817 hisce
1865 1766 1917 1828 Β
1945 1778 2022 1820 re.
2054 1764 2131 1819 lta
2164 1780 2273 1822 non
2314 1780 2438 1823 cum
2488 1767 2744 1826 humanis
2794 1769 2977 1827 divina
3027 1772 3401 1840 conferentur,
3453 1774 3552 1831 sed

227 1858 512 1932 principiis
557 1856 741 1928 praxis
771 1856 934 1914 etiam
978 1856 1363 1927 primaevorum
1392 1853 1839 1915 ehristianorum.

225 1951 301 2011 Ita
317 1950 538 2023 praxim
566 1948 713 2004 illam
730 1947 1205 2021 generosissimam
1224 1942 1661 2017 prudentissimis
1678 1943 1841 2000 etiam

227 2043 513 2120 principiis
556 2041 769 2098 fulcivit
802 2040 1062 2097 Dominus
1102 2039 1381 2111 legislator
1410 2038 1653 2094 omnium
1684 2037 1843 2109 longe

222 2138 614 2214 peritissimus.
704 2144 709 2149 ·

292 2233 323 2307 5
351 2232 534 2297 38.——-
547 2231 680 2299 Qua:
708 2245 830 2291 cum
860 2229 937 2285 ita
957 2243 1019 2285 se
1046 2226 1303 2294 habeant,
1320 2225 1431 2298 jam
1455 2224 1613 2282 facile
1644 2224 1843 2281 intelli-

222 2327 399 2400 gimus
456 2318 597 2394 nihil
625 2337 750 2380 esse
794 2337 892 2379 cur
934 2321 1075 2379 male
1123 2319 1367 2389 audiant,
1398 2319 1501 2375 hac
1550 2319 1605 2375 in
1653 2332 1839 2387 causa,

222 2419 472 2493 primaevi
523 2416 822 2474 christiani.
869 2414 1130 2491 Baptismi
1163 2413 1320 2470 titulo
1348 2414 1665 2485 martyrium
1707 2413 1841 2477 insi:

220 2513 501 2586 gniernnt.
535 2509 647 2566 Nec
675 2517 883 2566 temere
910 2507 996 2575 id,
1025 2521 1127 2563 nec
1156 2520 1252 2577 pro
1276 2520 1375 2562 suo
1405 2506 1667 2567 duntaxat
1692 2506 1842 2562 arbi-

221 2606 340 2672 trio.
403 2602 686 2661 Christum
741 2602 996 2659 nimirum
1066 2601 1243 2672 ipsum
1312 2599 1617 2656 habuerunt
1680 2614 1841 2671 quem

224 2705 601 2771 sequerentur
644 2706 949 2757 auctorem.
1002 2692 1112 2750 Sed
1156 2708 1278 2751 cum
1324 2693 1476 2749 titulo
1514 2693 1635 2765 jura
1681 2693 1844 2750 etiam

221 2792 491 2864 baptismi
521 2790 786 2864 martyrio
809 2790 1134 2854 tribuerunt,
1158 2797 1213 2844 et
1232 2787 1451 2860 quidem
1470 2798 1837 2845 sacramenta-

225 2884 290 2941 lis
317 2883 588 2955 baptismi
619 2897 652 2938 a
673 2866 787 2941 Deo
815 2882 934 2954 ipso
954 2880 1208 2937 instituti.
1228 2879 1468 2937 Immane
1488 2879 1846 2953 proculdubio

220 2976 437 3039 facinus
458 3018 479 3049 ,
525 2976 573 3032 si
599 2990 720 3047 quae
750 2990 783 3032 a
821 2975 934 3033 Deo
960 2982 1144 3030 essent
1182 2973 1235 3029 in
1266 2982 1430 3045 pacto
1460 2972 1843 3029 sacramentali

220 3068 559 3142 prastanda,
578 3083 642 3125 ea
664 3068 781 3124 suis
796 3066 1101 3129 adinventis
1120 3072 1453 3133 assererent,
1483 3064 1633 3120 nullo
1664 3072 1841 3120 tamen

1944 1869 2067 1911 cum
2088 1857 2340 1914 humanis
2366 1857 2562 1916 ofﬁciis
2583 1862 2687 1917 alia
2709 1861 2883 1918 officia
2901 1873 2957 1920 et
2988 1863 3078 1920 illa
3109 1880 3323 1938 quoque
3344 1867 3549 1938 pariter

1943 1946 2202 2015 humana,
2236 1961 2295 2007 ut
2320 1952 2425 2008 alia
2454 1953 2574 2010 aliis
2592 1955 2817 2012 meliora
2847 1956 3167 2026 habeantur,
3195 1971 3249 2016 et
3281 1962 3391 2018 Deo
3419 1978 3548 2034 gra-

1944 2044 2102 2099 tiora.
2126 2045 2326 2101 Fateor
2349 2047 2599 2116 equidem
2627 2046 2819 2104 horum
2850 2048 3155 2107 officiorum
3178 2052 3269 2122 jus
3297 2053 3364 2109 ad
3397 2070 3550 2111 mer--

1946 2135 2134 2193 cedem
2158 2146 2317 2207 pacto
2350 2138 2783 2212 institutionique
2823 2141 3018 2199 divinae
3055 2152 3225 2200 totum
3268 2158 3549 2219 acceptum

1944 2245 2068 2287 esse
2108 2231 2477 2290 referendum.
2518 2232 2575 2290 Id
2620 2244 2803 2291 tamen
2834 2235 2906 2291 ita
2929 2252 3117 2292 verum
3146 2247 3231 2294 est
3259 2250 3319 2295 ut
3357 2256 3553 2311 quam-

1946 2339 2106 2395 quam
2145 2340 2253 2381 non
2282 2335 2509 2398 prepter
2535 2342 2702 2399 opera
2748 2328 2892 2385 Deus
2919 2330 3227 2387 mercedem
3259 2333 3551 2404 retribuat,

1946 2427 2003 2475 at
2031 2418 2329 2475 secundum
2373 2434 2540 2491 opera
2571 2420 2663 2476 fiat
2694 2421 2782 2477 illa
2811 2421 3118 2492 retributio,
3156 2434 3216 2481 ut
3244 2426 3471 2499 proinde
3493 2427 3553 2484 in

1946 2510 2139 2567 officiis
2164 2513 2365 2569 nostris
2380 2528 2489 2585 quo
2516 2523 2643 2570 sunt
2670 2529 2895 2585 qumque
2924 2515 2977 2570 in
3007 2530 3069 2573 se
3095 2519 3468 2589 praestantiora
3501 2530 3559 2577 et

1948 2603 2059 2659 Deo
2071 2605 2307 2676 gratiora
2323 2620 2390 2661 eo
2415 2606 2737 2678 exigantura
2759 2607 2871 2664 Deo
2887 2609 3193 2678 paciscente
3218 2611 3554 2683 diligentius,

1946 2706 2001 2755 et
2027 2699 2277 2757 mercede
2304 2702 2593 2771 copiosiori
2627 2712 2975 2760 coronentur.

2019 2792 2047 2865 ᾗ
2074 2792 2580 2865 39.-—Quamquam
2610 2805 2792 2852 autem
2810 2797 3062 2868 baptismi
3091 2798 3259 2856 solius
3282 2801 3552 2860 rationem

1950 2884 2003 2940 in
2026 2884 2128 2941 hac
2150 2895 2337 2942 nostra
2370 2886 2758 2943 dissertatione
2795 2887 3170 2959 habuerimus;
3198 2893 3340 2964 quod
3368 2902 3550 2953 tamen

1947 2977 2015 3034 de
2042 2978 2310 3050 baptismo
2336 2981 2690 3049 assernimus,
2724 2982 2864 3038 idem
2896 2983 2965 3041 de
2993 2984 3164 3041 altero
3193 2986 3551 3046 Eueharistim

1948 3082 2289 3128 sacramento
2318 3087 2570 3130 asserere
2597 3083 2931 3145 poteramus,
2964 3088 3359 3149 repraesentare
3388 3082 3552 3138 nimi-

221 3162 339 3223 nixi
386 3160 493 3218 Dei
525 3160 818 3232 promisso,
878 3159 1030 3216 nullo
1084 3159 1179 3216 Dei
1231 3158 1471 3230 legitimo
1501 3158 1703 3229 vicarip
1746 3158 1840 3231 qui
1866 3166 1911 3231 ο
1944 3178 2065 3219 rum
2093 3163 2215 3232 hic,
2245 3172 2409 3237 atque
2434 3162 2572 3223 adeo
2598 3167 2894 3238 sponderi,
2925 3178 3170 3227 nostrum
3205 3187 3304 3242 pro
3328 3173 3545 3231 Christo

222 3255 634 3329 Deiporsenam
663 3269 828 3326 agere
856 3253 1049 3311 saltem
1083 3260 1288 3323 posset,
1319 3261 1375 3307 et
1405 3251 1499 3307 Dei
1528 3252 1751 3308 nomine
1777 3265 1843 3308 ea

223 3349 469 3422 polliceri
505 3364 633 3422 qua
670 3348 814 3407 Deus
841 3348 992 3418 ipse,
1035 3354 1259 3418 prepter
1292 3346 1586 3418 legitimam
1626 3344 1843 3417 delega-

223 3442 432 3505 tiﬂnm
459 3451 726 3514 praestare
754 3449 1054 3498 teneretur.
1097 3438 1206 3496 Sed
1232 3436 1391 3510 longe
1416 3437 1646 3495 aberant
1671 3440 1740 3495 ab
1773 3452 1841 3494 eo

219 3537 436 3599 sedere
455 3548 676 3595 veteres
703 3545 760 3592 ut
792 3535 891 3593 Dei
920 3550 1152 3603 nomen,
1177 3535 1299 3593 sine
1328 3534 1507 3590 divina
1535 3543 1712 3590 tamen
1740 3549 1855 3615 an:

219 3632 504 3699 claritate,
528 3630 645 3687 suis
669 3628 934 3691 institutis
958 3635 1341 3701 praetexerent.
1373 3627 1443 3682 At
1470 3627 1691 3698 impium
1718 3642 1841 3698 pro-

220 3723 363 3793 mte
390 3737 509 3780 non
557 3721 662 3778 fuit
686 3723 733 3778 si
759 3720 1101 3786 conditiones
1125 3735 1158 3777 a
1187 3721 1299 3777 Deo
1341 3720 1461 3793 ipso
1505 3720 1840 3792 praestandas

218 3823 583 3890 expectarent
606 3815 664 3875 in
689 3823 850 3887 pacto
872 3814 1177 3886 haptismali
1200 3814 1268 3868 ab
1295 3812 1414 3884 ipso
1443 3813 1709 3871 instituto.
1735 3814 1839 3870 lm-

219 3912 367 3987 pintn
396 3926 515 3969 non
540 3908 645 3969 fuit
667 3906 1394 3980 ebaptismisacramentalis
1425 3906 1654 3963 consilio
1678 3907 1837 3965 colli-

217 4019 347 4080 κη
366 4006 420 4063 si
442 4004 576 4078 quid
595 4019 761 4076 porro
782 4004 836 4061 in
852 4013 1012 4077 pacto
1032 4002 1340 4076 baptismaii
1366 4002 1642 4060 videretur
1664 4004 1840 4060 inelu-

219 4114 357 4159 sum.
390 4101 631 4173 lmpium
655 4116 763 4156 non
794 4099 895 4157 fuit
912 4099 1202 4171 hocipsum
1223 4098 1293 4155 de
1307 4098 1567 4169 martyrio
1583 4097 1838 4169 colligere

216 4194 265 4253 ai
290 4207 408 4268 qua
459 4201 689 4265 possent
734 4191 973 4265 legitima
1018 4200 1594 4263 saeramentorumque
1622 4190 1838 4263 propria

219 4285 725 4361 argumentatione.
750 4285 979 4357 Impium
1002 4284 1236 4357 denique
1262 4298 1371 4341 non
1395 4282 1516 4352 fuit,
1539 4284 1584 4363 si
1616 4292 1671 4339 et
1694 4297 1838 4339 mar-

220 4383 393 4457 tyrio;
423 4382 521 4441 ubi
563 4383 619 4441 id
647 4383 990 4454 probassent,
1017 4394 1072 4439 et
1095 4383 1218 4454 jura
1245 4397 1461 4454 quoque
1499 4382 1835 4452 haptismalia

217 4485 562 4539 aurorem.
588 4477 752 4549 Atqui
775 4477 1044 4550 baptismo
1072 4477 1393 4550 martyrium
1419 4491 1527 4532 non
1554 4476 1838 4533 conferunt

1946 3261 2299 3331 martyrium,
2361 3270 2419 3316 ut
2469 3261 2694 3332 proinde
2762 3263 2923 3333 hujus
2984 3265 3147 3322 etiam
3207 3266 3548 3328 Eucharistia

1945 3354 2084 3423 pacti
2103 3354 2321 3423 praemia
2346 3356 2553 3425 possint
2566 3372 2596 3411 a
2613 3357 2943 3430 martyribus
2967 3358 3261 3417 vendicari.
3278 3360 3387 3418 Nec
3402 3363 3546 3420 enim

1942 3444 2100 3501 aliter
2118 3444 2174 3501 in
2204 3460 2342 3517 pane
2368 3446 2749 3504 Eueharistico
2776 3448 2950 3507 fracto
2986 3462 3409 3523 repraesentetur
3429 3470 3553 3512 cor-

1941 3551 2044 3608 pus
2070 3537 2285 3595 Domini
2330 3555 2492 3612 quam
2523 3548 2582 3595 ut
2622 3542 2871 3612 passum,
2912 3540 3171 3611 fraetum,
3196 3545 3545 3617 cruciﬁxum;

1943 3646 2045 3689 nec
2087 3632 2249 3689 aliter
2275 3634 2328 3689 in
2360 3633 2531 3691 effuso
2556 3635 2683 3691 vino
2710 3637 2930 3707 sanguis
2949 3653 3111 3709 quam
3142 3648 3200 3695 ut
3226 3639 3341 3711 ipse
3380 3641 3542 3697 etiam

1940 3723 2162 3782 eti‘usus.
2199 3725 2329 3795 Quis
2353 3737 2439 3783 est
2477 3727 2569 3799 qui
2599 3743 2707 3784 non
2738 3727 2917 3785 videat
2942 3745 3102 3802 quam
3140 3729 3250 3787 sint
3279 3731 3395 3789 haec
3422 3749 3543 3791 ma-

1940 3819 2139 3877 nifesto
2156 3818 2222 3876 ad
2242 3821 2523 3891 passiones
2540 3820 2742 3878 Christi
2757 3822 3037 3879 referenda
3056 3824 3081 3879 ?
3099 3823 3230 3881 Cum
3249 3824 3431 3898 itaque
3448 3842 3549 3899 per

1940 3931 2109 3972 unum
2133 3915 2288 3973 illum
2302 3929 2497 3986 panem
2518 3932 2685 3972 unum
2710 3931 2811 3973 nos
2832 3932 2954 3973 eum
2970 3916 3187 3975 Christo
3202 3934 3402 3992 corpus
3418 3936 3546 3994 pro-

1938 3999 2213 4068 liteamur,
2244 4000 2438 4070 lCor.,
2468 4018 2529 4070 ι,
2554 4002 2646 4070 t7,
2673 4001 2728 4058 id
2757 4003 2910 4074 plane
2932 4019 3029 4076 pro
3056 4005 3356 4077 symbolico
3382 4022 3547 4078 spon-

1939 4093 2101 4151 dendi
2137 4096 2264 4162 ritu,
2316 4096 2671 4167 spondemus,
2701 4112 2808 4153 non
2846 4098 2902 4153 in
2951 4112 3181 4169 corpore
3223 4101 3388 4157 modo
3417 4116 3538 4169 nos,

1940 4188 2036 4244 sed
2061 4187 2116 4244 in
2144 4188 2278 4261 ipsis
2298 4203 2516 4261 quoque
2542 4191 2789 4261 corporis
2813 4189 3158 4261 passionibns
3172 4207 3295 4248 eum
3318 4191 3538 4251 Christo

1938 4280 2057 4337 fore
2085 4282 2607 4350 communicaturos,
2641 4289 2779 4338 utet
2806 4282 2907 4353 ipsi
2939 4298 3038 4343 nos
3071 4293 3285 4354 paratos
3311 4299 3540 4357 preste-

1939 4388 2060 4431 mus
2101 4382 2160 4431 ut
2205 4390 2326 4431 cum
2367 4389 2433 4430 eo
2455 4373 2723 4446 patiamur
2751 4384 2915 4447 atque
2960 4375 3358 4448 crueiﬁgamur.
3400 4380 3537 4437 Cum

1937 4468 2098 4524 etiam
2126 4467 2324 4525 dicitur
2350 4467 2437 4524 hic
2456 4468 2674 4539 sanguis
2705 4482 2803 4540 pro
2832 4468 3017 4525 multis
3046 4468 3266 4536 eil‘usus,
3290 4471 3344 4527 id
3373 4488 3539 4545 porro

218 4571 408 4641 modo,
441 4570 542 4627 sed
562 4571 727 4626 etiam
768 4570 1096 4626 anteferunt.
1127 4569 1265 4626 Male
1299 4568 1518 4641 quidem
1549 4568 1626 4633 id,
1655 4568 1701 4625 si
1724 4569 1834 4639 jam
1861 4569 1916 4630 D
1940 4562 2297 4634 pollicemur,
2355 4577 2454 4618 nos
2506 4562 2694 4629 etiam,
2751 4576 2848 4632 pro
2890 4561 3096 4618 Christi
3147 4564 3421 4635 exemplo,
3473 4582 3539 4622 eo

218 4665 567 4724 constitisset
590 4678 685 4720 sua
704 4663 957 4721 nimirum
985 4663 1219 4719 humana
1241 4663 1483 4723 instituta
1497 4675 1619 4719 cum
1642 4660 1838 4717 divinis

218 4766 389 4821 mos
414 4775 546 4819 esse
572 4759 926 4817 contendere.
950 4759 1061 4816 Sed
1086 4773 1210 4817 vero
1228 4758 1384 4815 aliter
1413 4764 1472 4814 se
1495 4772 1606 4814 rem
1637 4756 1836 4813 habere

219 4870 290 4915 ex
324 4855 498 4913 dictis
546 4863 780 4911 constat.
813 4854 948 4911 Cum
994 4855 1049 4910 in
1091 4848 1247 4926 pacto
1293 4852 1604 4927 baptismall
1634 4844 1835 4907 includi

219 4952 551 5027 martyrium
584 4951 864 5021 probarint
914 4959 1157 5018 veteres,
1186 4949 1456 5006 immerito
1480 4963 1610 5005 sane
1635 4958 1837 5015 marty-

220 5045 365 5113 rittm
409 5044 667 5101 humanis
722 5042 981 5099 institutis
1022 5052 1315 5101 accensent
1361 5041 1676 5098 adversarii.
1715 5038 1834 5097 Jam

216 5136 335 5221 θῇ
376 5128 623 5203 iitiinana
651 5140 778 5193 cuin‘
818 5134 1018 5193 divinis
1066 5135 1307 5192 instituta
1346 5134 1703 5203 contendunt,
1738 5131 1836 5189 sed

214 5228 415 5299 ,ἂνᾶν
457 5244 584 5291 enm
630 5228 849 5298 divinis,
879 5230 966 5286 vel
1014 5243 1174 5287 unam
1204 5228 1436 5285 fortasse
1466 5229 1642 5299 potius
1667 5226 1839 5283 divini

220 5322 467 5385 liliittiti
504 5331 717 5398 partem
767 5334 892 5378 eum
937 5322 1044 5378 alia
1094 5321 1339 5394 ejusdem
1391 5320 1619 5377 instituti
1663 5327 1834 5391 parte.

219 5398 373 5489 ω
397 5425 588 5476 autem
606 5423 753 5474 vetat
787 5424 896 5490 quo
922 5417 1102 5473 minus
1127 5415 1432 5473 divinorum
1472 5414 1840 5471 institutorum

1943 4654 2261 4726 promptiori
2294 4654 2476 4709 animo
2499 4652 2564 4708 ad
2589 4651 2903 4724 patiendum
2935 4667 3252 4711 accessuros
3285 4671 3392 4725 quo
3421 4656 3543 4728 plu-

1939 4749 2080 4806 rium
2130 4748 2358 4804 salutem
2416 4746 2766 4817 intelligimus
2810 4755 2995 4804 nostra
3051 4747 3168 4805 fore
3196 4759 3377 4806 morte
3410 4766 3540 4823 pro--

1940 4843 2283 4901 movendam.
2311 4841 2388 4899 Ita
2423 4842 2566 4898 enim
2595 4838 2711 4896 fore
2738 4849 2794 4897 ut
2824 4839 3024 4897 Christi
3066 4844 3321 4914 patientis
3351 4860 3538 4902 exem-

1939 4937 2085 5008 plum
2151 4934 2324 5006 magis
2384 4933 2451 4989 ad
2517 4933 2697 4989 vivum
2765 4943 3242 5004 reprtesentemus.
3308 4936 3539 4995 Proinde

1936 5030 2252 5088 verisimilia
2283 5036 2446 5094 sunt,
2476 5036 2531 5083 et
2556 5026 2741 5082 divino
2769 5027 2995 5084 consilio
3040 5044 3262 5099 prorsus
3305 5047 3536 5089 censen.

1939 5134 2116 5189 lanea,
2163 5137 2282 5195 qua:
2312 5122 2381 5178 de
2411 5120 2658 5192 martyrii
2703 5119 2939 5189 praemiis
2977 5119 3257 5194 hucusque
3296 5121 3536 5195 disputa-

1938 5221 2133 5285 vimus,
2167 5231 2289 5272 cum
2312 5229 2379 5272 eo
2402 5212 2649 5284 utrisque
2696 5213 3018 5269 sacramenti
3049 5224 3202 5284 pacta
3232 5213 3530 5272 collineare

1940 5313 2241 5370 videamus.

2021 5382 2565 5480 ﬁam—Quamquam
2580 5398 2740 5455 etiam
2757 5396 2971 5453 unicum
2987 5395 3113 5454 illud
3128 5396 3389 5455 hactenus
3407 5407 3545 5456 irae-

222 5490 469 5579 {una
528 5497 701 5569 altero
757 5489 929 5582 possit
983 5524 1105 5567 esse
1159 5509 1503 5580 praestantius
1545 5525 1560 5563 :
1607 5510 1736 5580 quin
1793 5506 1845 5563 id
1949 5498 2242 5561 taverimus
2292 5493 2541 5566 baptismi
2586 5491 2909 5549 beneﬁcium
2949 5489 3116 5565 (quod
3165 5492 3328 5547 etiam
3367 5493 3545 5565 ipsum

224 5602 423 5679 putes
452 5612 683 5661 assem
705 5611 791 5660 est
809 5602 1023 5675 quoties
1039 5601 1107 5656 ad
1135 5602 1390 5658 eumdem
1414 5601 1573 5656 linem
1599 5598 1848 5656 referun-

1949 5591 2275 5665 privativum
2289 5583 2395 5659 est)
2413 5594 2753 5658 peccatorum
2771 5583 2973 5639 scilicet
2989 5582 3389 5653 remissionem,
3408 5586 3551 5643 unde

231 5674 349 5771 itif,
386 5700 521 5767 eniti
561 5692 744 5769 aliqua
770 5674 952 5753 tamen
982 5691 1444 5763 subordinatione.
1498 5686 1653 5761 Quod
1702 5691 1849 5748 enim
1954 5686 2115 5744 etiam
2147 5680 2389 5754 sequittir
2427 5677 2763 5783 impunitas,
2810 5682 2866 5783 et
2915 5674 3031 5746 ipsa
3061 5676 3223 5783 etiam
3258 5678 3553 5783 privativa;

236 5776 414 5855 ﬁnem
444 5778 596 5850 illum
639 5787 860 5865 propius
910 5787 1145 5862 attingit,
1180 5782 1233 5847 id
1282 5784 1594 5857 necessario
1639 5784 1763 5859 erit,
1798 5782 1853 5843 in
1955 5784 2174 5837 nonest
2219 5784 2396 5833 tamen
2426 5771 2552 5829 inde
2573 5779 2634 5827 ut
2682 5776 2970 5842 propterea
3016 5778 3276 5844 negemus
3319 5772 3409 5861 jus
3438 5785 3562 5831 esse
