3994 6318
425 264 501 330 79
1427 265 1514 331 DE
1551 264 1755 333 δηίΤο
1784 272 1850 331 ll.
1893 268 2055 332 ROM.
2101 268 2667 336 PONTIFICE'XXIII
3657 281 3731 340 80

422 384 748 459 martyribus
783 386 849 443 ad
878 386 1106 462 positiva
1156 384 1408 461 baptismi
1439 387 1724 446 beneﬁcia.
1772 389 1829 446 Si
1872 391 2018 445 cnim
2047 392 2095 453 A
2125 392 2243 466 ipso
2269 394 2635 452 sustineamus
2660 393 2887 452 consilio
2914 403 3104 469 utquce
3114 395 3235 469 jura
3265 396 3481 457 Christo
3496 398 3728 473 patienti

424 496 548 535 cum
566 480 785 536 Christo
814 482 1067 553 patimur,
1104 497 1225 537 cum
1250 482 1441 538 eodem
1464 483 1626 540 etiam
1658 482 2022 552 regnabimtts.

425 572 503 629 Ita
531 582 935 646 argumentatur
959 577 1254 647 Apostolus
1279 591 1309 633 e
1327 591 1535 633 canene
1555 577 1746 633 harum
1773 577 2026 650 mysﬁca-

421 682 546 724 rum
575 671 1099 740 argumentationum
1134 672 1370 743 proprio.
1403 671 1478 726 lta
1507 672 1665 728 etiam
1713 682 1767 728 et
1806 682 2023 728 veteres

421 772 544 814 cum
576 759 884 830 primarium
914 762 1266 833 martyribus,
1292 771 1349 817 ut
1379 762 1715 818 ostendimus
1734 807 1747 831 ,
1774 762 1826 818 in
1858 779 2024 836 regno

421 850 640 917 Christi,
666 868 983 910 consessum
1006 866 1335 911 assercrent.
1368 857 1434 912 Et
1467 858 1661 913 merito
1680 856 1897 927 quidem
1922 857 2019 913 illi.

420 943 483 1001 Si
504 945 647 1001 cnim
667 945 886 1004 Christo
908 963 1132 1019 passuro
1150 964 1357 1006 merces
1376 952 1644 1021 proposita
1665 959 1765 1017 est;
1788 950 2023 1008 debeba.

420 1048 509 1095 tur
532 1050 681 1097 certe
707 1041 807 1108 illi,
825 1044 1057 1114 praestita
1079 1042 1218 1114 pacti
1247 1044 1577 1112 conditione,
1602 1053 1744 1100 tanta
1767 1045 1854 1102 illa
1880 1062 2025 1102 mer-

420 1145 536 1188 ces.
564 1132 622 1190 Si
652 1143 704 1188 et
735 1148 832 1189 nos
863 1133 1109 1191 eamdem
1138 1134 1336 1192 Christi
1366 1135 1619 1207 patientis
1647 1152 1933 1209 personam
1969 1138 2024 1193 in

418 1233 605 1282 nostra
634 1242 849 1298 quoque
875 1227 1130 1299 passione
1169 1228 1564 1296 sustineamus,
1616 1239 1671 1286 et
1714 1229 1930 1301 quidem
1958 1245 2025 1287 eo

2131 502 2227 557 pro
2256 498 2411 559 pacto
2437 488 2621 545 divino
2646 491 3049 559 accrescebant,
3081 502 3135 548 et
3163 492 3322 549 nobis
3341 508 3555 567 quoque
3577 493 3733 549 simi-

2129 577 2256 636 liter
2310 581 2636 651 patientibus
2700 593 3109 653 accrescerent;
3166 586 3411 658 sequitur
3467 601 3523 644 et
3574 586 3731 645 nobis

2129 674 2747 748 patientibusingentem
2765 678 2908 734 illam
2933 680 3225 752 repositam
3249 695 3372 739 esse
3393 681 3729 749 mercedem,

2129 776 2329 824 tantam
2366 770 2576 827 scilicet
2604 782 2802 843 quanta
2829 771 3066 839 Christo,
3113 756 3405 848 pro.hujus
3435 777 3573 847 pacti
3596 778 3722 849 jure

2128 860 2444 930 debebatur,
2471 874 2525 920 et
2545 863 2761 936 quidem
2787 882 2852 922 ex
2885 866 3125 938 ejusdem
3165 869 3304 940 pacti
3336 869 3526 926 eodem
3558 869 3723 926 etiam

2122 952 2267 1025 jure.
2311 955 2383 1010 lta
2434 955 2526 1012 ﬁet
2572 967 2632 1012 ut
2685 957 2930 1013 universa
2975 959 3223 1031 baptismi
3267 960 3570 1029 beneﬁcia,
3619 969 3729 1018 tam

2128 1049 2371 1120 negativa
2399 1091 2414 1118 ,
2454 1065 2613 1122 quam
2644 1051 2806 1108 etiam
2832 1052 3067 1124 positiva
3089 1095 3104 1121 ,
3143 1052 3469 1127 martyribus
3492 1053 3733 1112 debean-

2130 1152 2235 1199 illl'.

425 1602 671 1728 DE
751 1597 1294 1734 SIXTO
1359 1608 1526 1731 ll.
1606 1605 2062 1737 ROM.
2134 1605 3133 1742 PONTIFICE
3198 1592 3735 1755 ᾸΧΧΙΙΙ,

1505 1871 1988 1957 ΝΟΤΙΤΙΑ
2053 1872 2735 1957 HISTORICA.

1864 2082 2340 2140 ψίθιοιςκίσοοεξα

419 2266 431 2276 ’
499 2264 573 2321 De
597 2264 734 2321 δῦτειὶ
761 2260 824 2317 ΙΙ
853 2260 1177 2333 pontiﬁcatus
1200 2258 1447 2313 annis.—
1468 2252 1531 2312 In
1567 2254 1825 2327 Stephani
1842 2255 2022 2311 locum
2062 2257 2113 2317 B
2148 2253 2278 2320 bus,
2324 2254 2685 2329 lacrymisque
2724 2255 2838 2313 suis
2886 2263 3283 2313 sacramentum
3326 2255 3757 2329 regenerationis

422 2361 494 2417 2i
524 2356 733 2430 augusti
753 2370 893 2409 anno
922 2352 1054 2419 257,
1088 2350 1273 2408 Sixtus
1297 2360 1376 2406 cst
1403 2349 1706 2412 ordinatus,
1735 2363 1893 2419 quem
1926 2362 2022 2402 na-

424 2453 573 2508 tione
621 2463 876 2522 graecum,
924 2455 978 2501 et
1025 2444 1399 2500 atheniensem
1432 2441 1813 2513 philosophum
1860 2440 2025 2497 fuisse

427 2544 608 2600 ferunt
663 2554 1008 2596 romanorum
1041 2537 1355 2608 pontilicum
1384 2536 1631 2607 catalogi.
1662 2534 1804 2605 Quot
1845 2543 2024 2590 autem

424 2639 581 2693 annis
612 2635 980 2708 pontiﬁcatum
1011 2632 1280 2698 tenuerit,
1318 2630 1530 2688 deﬁniri
1563 2630 1785 2701 nequit;
1813 2630 1864 2685 in
1893 2644 1993 2685 con
2013 2659 2026 2670 -

426 2733 591 2788 traria
617 2730 758 2787 enim
790 2738 1025 2793 veteres,
1059 2725 1502 2795 recentioresque
1532 2724 1851 2781 scinduntur
1876 2724 2030 2779 chro-

428 2823 631 2895 nologi.
660 2821 937 2894 Siquidem
964 2818 1229 2876 Eusebius
1270 2818 1385 2889 ipse
1411 2833 1581 2873 anites
1616 2828 1740 2873 octo
1772 2817 1823 2871 in
1853 2816 2029 2872 Chro-

429 2921 572 2985 nico,
602 2917 655 2972 in
677 2916 912 2972 Historia
956 2929 1086 2969 vero
1114 2928 1287 2969 annos
1318 2911 1568 2968 undecim
1610 2910 1789 2967 eidem
1821 2909 2029 2966 adscri-

428 3012 508 3069 bit
537 3010 636 3085 (l).
662 3009 852 3065 Cteteri
875 3018 1095 3064 econtra
1132 3004 1445 3077 pontillcum
1475 3004 1704 3076 catalogi
1732 3004 1820 3059 vix
1849 3001 1988 3058 duos
2017 3044 2032 3068 ,

430 3112 525 3159 aut
592 3114 761 3155 unum
832 3099 987 3155 Sixto
1015 3095 1321 3154 concedunt
1375 3095 1495 3168 (2),
1546 3110 1706 3163 quem
1763 3095 2037 3168 Cypriano

431 3204 574 3252 tcstc
604 3192 708 3266 (5).
740 3207 884 3247 anno
908 3189 1177 3263 sequenti,
1202 3188 1465 3260 martyrio
1493 3196 1812 3244 coronatum
1846 3186 2032 3252 luisse,

427 3296 765 3360 compertum
796 3294 879 3341 est
904 3301 920 3340 :
945 3299 1136 3356 quare,
1164 3298 1287 3339 cum
1312 3282 1683 3354 pontiﬁcatum
1712 3296 1854 3336 anno
1878 3280 1987 3336 257
2019 3321 2034 3348 ,

437 3397 627 3440 mense
650 3387 876 3451 angusto
904 3377 1222 3449 susceperit,
1259 3392 1475 3433 menses
1492 3376 1764 3440 undecim,
1800 3374 1918 3431 dies
1938 3373 2039 3429 ali-

435 3485 564 3549 quot
594 3487 871 3530 romanam
895 3470 1079 3527 scdem
1104 3469 1345 3526 tenuisse
1366 3468 1610 3538 sequitur
1638 3510 1652 3534 ,
1712 3475 1773 3522 ut
1791 3467 2034 3524 erudito-

433 3586 554 3628 rum
582 3567 794 3640 plurimi
826 3608 840 3628 .
883 3565 1063 3621 invitis
1088 3564 1250 3619 etiam
1277 3562 1590 3634 pontiﬁcum
1623 3562 1903 3633 catalogis,
1936 3560 2037 3617 de-

2146 2347 2444 2420 ﬁagitabat,
2470 2348 2749 2405 afﬁrmans
2802 2349 3182 2404 htereticorum
3209 2348 3472 2420 baptisma
3512 2364 3634 2405 cum
3665 2363 3760 2404 ec-

2141 2442 2449 2499 clesiastico
2504 2443 2579 2499 nil
2625 2457 2919 2499 commune
2962 2441 3186 2498 habere.
3242 2441 3416 2498 Verba
3466 2451 3593 2497 sunt
3628 2441 3758 2498 Dio-

2140 2536 2278 2608 nysii
2299 2535 2380 2606 (l)
2416 2555 2428 2590 :
2458 2534 2600 2608 Opus
2636 2534 2795 2591 habeo
2815 2577 2830 2601 ,
2861 2537 3042 2608 frater,
3071 2533 3285 2590 consilio
3306 2544 3392 2590 tuo
3418 2575 3433 2601 ,
3465 2542 3514 2589 et
3542 2542 3760 2591 senten-

2140 2630 2263 2685 tiam
2295 2638 2434 2683 tuam
2456 2621 2657 2701 expeto,
2689 2645 2752 2684 ne
2774 2632 2904 2701 forte
2923 2628 3030 2697 ipse
3052 2626 3357 2684 halluciner.
3386 2626 3620 2683 Durasse
3656 2625 3762 2683 sub

2141 2720 2294 2776 Sixto
2337 2721 2592 2792 pontiﬁce
2639 2720 3064 2777 controversiam
3084 2718 3154 2776 de
3174 2718 3451 2792 baptismo
3477 2760 3491 2784 ,
3522 2718 3626 2775 sub
3653 2716 3760 2775 de-

2140 2826 2359 2868 cessare
2389 2812 2507 2883 ejus
2537 2811 2832 2884 disceptari
2862 2821 3095 2884 emptam
3117 2856 3132 2878 ,
3157 2810 3423 2885 colligunt
3447 2811 3644 2867 eruditi
3674 2809 3759 2884 (‘2)

2144 2922 2212 2963 ex
2256 2907 2428 2964 tribus
2476 2906 2757 2979 epistolis,
2800 2906 2869 2962 ab
2913 2905 3105 2963 eodem
3133 2905 3192 2963 S.
3218 2905 3477 2978 Dionysio
3507 2905 3752 2961 Alexan-

2143 2996 2300 3054 drino
2329 2997 2397 3054 ad
2424 3014 2548 3055 eum
2571 2998 2731 3065 datis,
2763 3011 2990 3070 quarum
3019 2996 3319 3071 fragmenta
3345 2996 3539 3053 recitat
3570 2994 3755 3052 Euse-

2144 3091 2267 3148 bius
2296 3090 2398 3166 (5).
2422 3091 2606 3163 Neque
2633 3090 2693 3148 S.
2720 3090 2876 3148 Sixto
2899 3090 3167 3162 placuisse
3194 3104 3465 3147 morosam
3492 3088 3762 3145 decessu.

2142 3187 2220 3243 ris
2265 3186 2349 3242 sui
2404 3184 2751 3256 aSpcritatem
2782 3226 2796 3251 ,
2847 3183 3140 3241 ostendunt
3190 3182 3353 3239 verba
3412 3181 3587 3238 Pontii
3632 3179 3765 3235 Dia-

2146 3279 2270 3336 coni
2301 3277 2404 3354 (4),
2436 3278 2522 3334 cui
2554 3276 2735 3334 Sixtus
2763 3276 2915 3333 audit
2935 3274 3109 3331 Bonus
3131 3285 3177 3330 et
3198 3273 3458 3345 Paciﬁcas
3476 3271 3762 3329 Sacerdos.

2147 3371 2323 3441 Atque
2361 3368 2558 3427 exinde
2600 3369 2806 3442 colligit
2850 3367 3139 3441 perdoctus
3194 3366 3576 3424 Tillemontius
3615 3365 3744 3437 (5),

2155 3465 2470 3537 praedictam
2505 3462 2652 3519 litem
2679 3477 2775 3519 sua
2805 3462 3107 3519 incredibili
3136 3462 3377 3528 lenitate,
3408 3469 3573 3532 atque
3597 3458 3760 3515 inde-

2153 3557 2296 3613 l‘esso
2344 3555 2524 3612 studio
2563 3555 2961 3610 sanctissimum
3006 3551 3312 3624 pontiﬁcem
3349 3551 3755 3623 composuisse.

442 3668 748 3717 monstrant
782 3656 882 3731 (4').
910 3655 1167 3712 Fortasse
1189 3654 1350 3710 etiam
1387 3652 1649 3709 Eusebius
1694 3653 1748 3708 in
1802 3652 2036 3709 Historia
2063 3657 2109 3721 C
2144 3653 2521 3724 Reliquorum,
2554 3667 2675 3725 qua:
2738 3654 2791 3707 in
2837 3652 3153 3723 pontiﬁcatu
3209 3665 3308 3707 suo
3355 3650 3565 3722 gessit,
3634 3648 3757 3707 fere

439 3769 655 3809 menses
701 3749 949 3807 undecim
981 3746 1264 3819 praefuisse
1307 3747 1621 3816 scripserat,
1701 3746 1789 3816 qui
1822 3760 2038 3802 menses

437 3844 786 3918 postmodum
835 3841 1009 3897 aliena
1055 3853 1217 3894 manu
1249 3839 1302 3892 in
1332 3851 1502 3893 annos
1526 3836 1840 3892 commutati
1869 3844 1994 3892 sunt
2023 3853 2038 3904 ;

441 3953 568 3994 nam
617 3936 685 3992 ab
708 3932 926 3990 Eusebii
955 3931 1230 4003 diligentia
1258 3944 1483 4002 prorsus
1521 3929 1754 3985 alienum
1780 3930 1994 3987 videtur
2022 3974 2037 3996 ,

442 4040 551 4086 tam
593 4028 821 4099 turpiter
867 4026 920 4081 in
963 4023 1276 4096 pontiﬁcum
1322 4023 1669 4094 chronologia
1700 4009 1912 4080 errasse
1937 4023 2039 4098 (ὅ).

444 4123 519 4181 lis
537 4138 688 4189 vero,
729 4136 849 4192 quae
897 4120 949 4174 in
1001 4118 1272 4175 Chronico
1315 4118 1563 4189 leguntur
1586 4162 1600 4185 ,
1636 4117 1726 4173 ubi
1759 4118 1886 4174 anni
1920 4127 2044 4175 octo

449 4216 600 4270 Sixto
622 4213 955 4280 tribuuntur,
986 4227 1092 4266 non
1126 4212 1496 4278 immoramur,
1527 4224 1648 4266 cum
1676 4210 1909 4266 sciamus
1936 4210 2044 4265 Eu-

451 4307 583 4364 sebii
609 4304 915 4361 Chronicnn
947 4303 1188 4369 undique
1213 4302 1592 4373 interpolatum
1617 4317 1756 4358 esse.

522 4395 624 4453 Ubi
655 4395 950 4451 Ecclesium
976 4409 1253 4448 romanam
1295 4393 1673 4449 administrare
1699 4393 1910 4450 Sixtum
1945 4408 2044 4448 att-

452 4489 623 4545 ditunt
658 4486 914 4558 Dionysio
965 4484 1332 4540 Alexandrino
1357 4526 1372 4552 ,
1407 4485 1581 4555 ipsmn
1613 4484 1744 4539 adiit
1770 4484 1996 4555 epistola
2030 4503 2046 4540 :

2146 3749 2387 3804 omnium
2414 3746 2549 3803 abiit
2578 3747 2863 3804 memoria.
2889 3746 3023 3802 Illud
3050 3761 3115 3803 ex
3139 3745 3380 3802 lndiculo
3396 3743 3761 3816 depositionis

2147 3850 2443 3913 martyrum
2484 3837 2649 3894 tradit
2679 3838 3003 3895 Pearsonius
3049 3836 3129 3910 (6)
3154 3880 3168 3904 ,
3203 3853 3325 3894 eum
3352 3837 3497 3894 Petri
3524 3848 3581 3893 et
3597 3836 3754 3893 Pauli

2146 3932 2514 4004 apostolorum
2559 3946 2789 4002 corpora
2832 3950 2852 3983 ι
2888 3931 2955 3985 ad
2980 3930 3337 3987 Catacumbas
3365 3929 3707 3986 transtulisse
3739 3971 3758 3997 ,

2147 4025 2322 4095 magis
2352 4025 2407 4080 in
2430 4023 2551 4081 dies
2579 4023 2839 4080 saeviente
2879 4018 3277 4093 persecutionis
3304 4022 3502 4080 ardore
3527 4064 3542 4089 ,
3575 4031 3635 4079 ut
3678 4021 3761 4080 ibi

2148 4118 2410 4175 stationes
2434 4119 2604 4173 tutius
2626 4117 2815 4173 haberi
2850 4127 3069 4185 possent
3097 4115 3199 4189 (7).
3223 4135 3242 4168 ι

2223 4211 2284 4267 S.
2317 4212 2498 4268 Sixtus
2537 4209 2622 4265 11,
2654 4210 2902 4282 martyrio
2927 4219 3202 4267 coronatur
3231 4225 3264 4264 v
3293 4209 3502 4283 augusti
3520 4209 3651 4267 258.
3680 4240 3764 4254 --

2151 4302 2418 4366 Craterum
2449 4301 2868 4374 pricclarissimo
2885 4302 3128 4358 omnium
3148 4300 3393 4359 facinore
3412 4301 3650 4357 nominis
3665 4304 3757 4360 sui

2151 4394 2467 4450 memoriam
2498 4393 2680 4449 Sixtus
2708 4393 3066 4460 consecravit,
3086 4392 3223 4448 inito
3251 4408 3350 4465 pro
3379 4392 3483 4450 ﬁde
3509 4393 3761 4466 martyrii

2152 4487 2466 4543 certamine.
2511 4486 2661 4543 Diem
2707 4495 2763 4542 et
2786 4485 2964 4541 locum
2992 4486 3237 4557 martyrii
3288 4483 3347 4543 S.
3367 4483 3669 4558 Cyprianus
3697 4485 3757 4543 in

460 4600 481 4634 ‹
516 4580 646 4648 Quae
676 4578 743 4635 de
771 4578 1037 4648 baptismo
1062 4575 1295 4632 secunda
1322 4584 1427 4641 est,
1461 4576 1514 4629 in
1545 4592 1649 4647 qtta
1678 4575 1939 4647 Stephani
1970 4577 2048 4632 si-

453 4672 568 4729 mul
596 4684 659 4727 ac
687 4671 1013 4741 reliquorum
1060 4668 1437 4738 episcoporum
1465 4652 1791 4724 sententiam
1822 4686 1885 4723 ac
1908 4670 2052 4741 judi-

456 4767 601 4824 cium
627 4762 867 4834 exponit.
902 4781 922 4813 ι
969 4761 1154 4816 Virum
1171 4760 1647 4830 prudentissimum
1680 4761 1863 4829 fuisse,
1892 4761 2055 4819 docet

456 4859 628 4917 altera
647 4854 887 4927 Dionysii
916 4853 1165 4923 cpistola,
1194 4869 1295 4924 qua
1324 4854 1458 4909 Sixti
1488 4854 1773 4910 consilium
1804 4854 1956 4925 petit,
1986 4853 2056 4911 de

461 4952 623 5018 Sene,
653 4949 744 5022 qui
788 4947 856 5004 ab
894 4946 1161 5002 htereticis
1200 4947 1502 5018 baptizatus
1528 4947 1851 5004 catholicum
1882 4949 2056 5020 preci-

2230 4666 2308 4751 (ξ
2330 4666 2483 4751 ιλιι)ρά
2511 4668 2731 4751 Euseb?
2766 4668 3028 4751 lococit:
3057 4668 3254 4751 cap..9.

2230 4739 2311 4812 (Ξ)
2341 4738 2676 4812 'l‘ill~_-mon_t.,
2699 4739 2947 4812 loc._cit.,
2976 4738 3197 4797 Sandini
3225 4740 3349 4796 vita:
3372 4739 3535 4798 Rom.
3558 4740 3758 4799 Ponti-

2156 4809 2340 4865 acum.
2371 4809 2531 4875 p.47.
2554 4809 2683 4866 edit.
2709 4809 2873 4867 ἰπὶ-ι’.

2257 4879 2314 4952 5)
2338 4881 2562 4949 Euseb.,
2590 4882 2715 4937 loco
2740 4884 2859 4948 cit.,
2875 4896 3008 4952 cap.
3032 4882 3067 4938 5
3090 4890 3146 4938 et
3172 4881 3228 4938 9.

2333 4953 2513 5034 Eum“
2541 4955 2594 5008 in
2613 4952 2743 5034 iVita
2769 4952 2827 5009 S.
2857 4951 3128 5031 Cypriani.

537 5087 614 5162 (l)
644 5083 1170 5168 Ettseb.,ithItr0tt.,
1195 5100 1247 5156 p.
1280 5085 1387 5141 752
1407 5102 1421 5151 ;
1445 5084 1669 5156 Euscb.,
1690 5085 1825 5142 Hist.
1851 5087 2026 5145 eccles.

2233 5023 2313 5168 (5)
2338 5024 2672 5091 Tillemont.,
2707 5024 2811 5080 loc.
2845 5023 2951 5080 tit.

2231 5096 2288 5168 (ti
2340 5096 2621 5168 [fearsonu
2652 5095 2842 5168 Annal.
2873 5095 3166 5168 Cypriam'c.
3186 5138 3202 5163 ,
3231 5095 3298 5153 ad
3320 5113 3449 5153 ann.
3475 5095 3603 5160 258.
3635 5097 3666 5168 δ
3691 5098 3751 5158 2.

466 5156 693 5240 lib}_}'it,
733 5173 851 5240 cap.
881 5156 991 5240 21..
1014 5227 1045 5240 υ
1091 5226 1122 5240 Δ.
1227 5237 1236 5240 Α
1292 5227 1311 5240 .
2201 5156 2313 5240 _(7)
2342 5156 2633 5240 Stationem
2665 5156 2964 5240 arbitratur
2999 5156 3248 5240 Petavius
3277 5169 3335 5240 in
3358 5174 3500 5225 notis
3522 5156 3756 5240 adipi;

640 5235 884 5312 amatas.
915 5226 1190 5291 Bibliotln,
1225 5237 1264 5281 t.
1292 5227 1334 5282 1.
2160 5226 2590 5312 phatt'iutn,_pag.
2612 5238 2749 5312 556,
2786 5238 3092 5312 religiosum
3121 5238 3251 5312 illud
3276 5238 3537 5306 ofﬁcium,
3563 5226 3756 5312 quo'ﬁ-

562 5300 926 5384 ξ),β)ἰ)τί,³¹¹κ
955 5313 1042 5384 ΕΡ·
1069 5314 1227 5384 ξκκκο
1339 5367 1446 5384 ην,
1682 5373 1713 5384 Α
1800 5383 1803 5384 ν
1878 5373 1891 5384 _
2159 5300 2310 5363 deles
2340 5300 2494 5364 statis
2520 5300 2707 5384 diebus
2732 5300 2798 5363 ad
2825 5300 3067 5384 synaxim
3093 5310 3432 5384 accedentes,
3452 5300 3753 5384 ait'n'onam

460 5366 777 5452 inuitas”
808 5370 859 5452 ίξι
881 5366 1094 5452 δζξέξ,³ἀ
1124 5367 1474 5452 aiming“,
1501 5387 1655 5431 Itum.
1679 5373 1738 5440 2,
1759 5373 1893 5429 ctad
1923 5390 2050 5430 ann.
2161 5393 2329 5450 usque
2354 5382 2773 5451 perseverabant
2796 5366 2970 5438 :u'nde
3005 5391 3061 5437 et
3089 5395 3186 5452 pro
3212 5366 3751 5452 multitudineipsaw,

2160 5462 2534 5521 conventuqtte
2583 5467 2983 5523 nonnumquam
3029 5451 3166 5508 solet
3212 5454 3406 5525 accipi.
3460 5454 3753 5510 Stationem

2160 5521 2241 5578 Du
2309 5521 2540 5593 Cangius
2588 5539 2826 5587 etenim,
2875 5526 2989 5579 sive
3058 5533 3381 5580 conventum
3463 5524 3748 5593 ﬁdelium,

2159 5594 2389 5666 niaximc
2425 5567 2549 5650 gum
2590 5567 2756 5652 fuisse
2782 5567 2936 5658 dicit,
2976 5596 3065 5666 qui
3094 5567 3362 5652 dominica
3408 5567 3706 5653 ﬁebat-die.

2154 5663 2557 5738 judicatautem
2588 5668 2873 5722 stationem
2904 5663 3100 5722 dictam
3133 5681 3162 5721 a
3192 5667 3503 5736 metaphora
3527 5708 3544 5734 ,
3578 5667 3748 5738 petita

2160 5751 2190 5790 a
2216 5736 2491 5810 militibus,
2515 5738 2624 5809 qui,
2656 5738 2782 5810 dum
2806 5738 3114 5807 praesidium
3134 5748 3283 5797 certo
3308 5739 3430 5797 loco
3449 5736 3746 5810 collecant,

2161 5808 2427 5865 stativum:
2451 5808 2617 5881 facere
2634 5809 2903 5867 dicuntur.

2291 4950 2313 5238 ἒ

460 5437 779 5521 ᾏξξὸίμυὶιι.
820 5444 874 5507 5;
918 5437 1253 5521 Tillemont"
1283 5438 1602 5521 Mén:oires,_
1622 5437 1772 5521 Διιιιίι.
1807 5462 1858 5500 ιν
1882 5486 1896 5507 ,
1927 5460 2047 5517 pag.

465 5514 572 5573 16;
600 5511 853 5593 gignunt.
885 5553 898 5577 ,
938 5507 1233 5593 .Epislolar.
1267 5528 1397 5593 ratu.
1461 5507 1800 5593 pontiﬁcum”
1829 5507 1958 5593 tom.
1990 5507 2044 5580 ἶ,

464 5597 587 5650 pag.
606 5583 751 5647 958;
786 5581 975 5647 Mausi,
996 5581 1049 5636 in
1073 5592 1186 5637 not.
1214 5583 1282 5637 ad
1310 5582 1548 5640 Annales
1580 5587 1795 5641 Baronii
1822 5588 1889 5642 ad
1915 5603 2044 5643 ann.

464 5652 560 5682 an:
620 5670 716 5682 mm
756 5650 826 5682 00
852 5669 865 5681 .
891 5652 1129 5682 unum-..
1183 5653 1247 5682 ml
1277 5670 1380 5682 ...ιη
1436 5655 1544 5682 oa'o
1608 5673 1728 5682 -..η
1786 5657 1848 5682 ρ-
1888 5658 2025 5682 τι---

461 5652 588 5717 261,
620 5650 865 5722 pag.9‘2;
891 5652 1152 5725 Basuage,
1181 5653 1249 5709 ad
1276 5670 1404 5710 ann.
1436 5655 1566 5725 258,
1605 5673 1751 5713 num.
1786 5657 1852 5725 6;
1887 5658 2048 5715 Pear-

458 5723 691 5804 Iowa
718 5722 1001 5804 anc-9.51.
1156 5796 1167 5804 .
1701 5800 1727 5804 ,,

539 5794 617 5868 (5)
645 5793 865 5863 Euseb,
902 5794 1038 5852 Hist.
1063 5796 1266 5868 eodem,
1296 5797 1391 5855 lib.
1426 5813 1518 5872 vu,
1548 5814 1666 5873 cap.
1696 5800 1750 5857 5.
