3994 6318
265 313 321 372 81
1501 315 1773 373 ΝΟΤΙΤΙΑ
1818 315 1852 373 H

1958 315 2201 376 70BlCA.
3480 321 3552 382 8%

265 430 470 506 cpistola
509 432 581 490 ad
607 431 928 491 Successum
951 431 1038 490 his
1066 432 1265 489 indicat
1293 432 1474 490 verbis
1519 452 1533 490 :
1573 454 1592 487 ι
1625 433 1838 491 Sixtum
1869 434 1920 495 Α
1946 432 2221 489 Potuisset
2240 432 2457 504 quidem
2482 449 2625 490 anno
2652 434 2949 505 superiore,
2980 443 3037 491 at
3060 435 3393 509 impossibile
3415 444 3500 494 est
3529 479 3545 505 ,

265 536 424 583 autem
460 526 517 582 in
570 524 862 585 Ctemetrio
918 527 1355 585 animadversum
1392 526 1572 584 sciatis
1600 569 1616 596 ,
1658 537 1849 584 octavo

264 617 430 675 iduum
458 619 941 691 augustarumdie,
984 630 1040 676 et
1086 635 1210 676 cum
1238 634 1306 675 eo
1354 618 1635 689 Quartum.
1678 639 1697 673 ι
1723 619 1851 688 Qui-

270 712 362 769 bus
404 712 586 769 verbis
631 713 771 784 apud
823 712 1044 769 Latinos
1095 713 1355 784 quaelibet
1406 713 1653 784 punitio,
1708 711 1849 784 apud

261 805 584 862 Brissonium
612 821 744 863 vero
769 818 822 863 et
844 805 1150 872 Calvinum,
1182 808 1427 879 aliosque
1456 805 1600 862 lctos
1629 820 1850 877 percus-

261 899 331 956 sio
350 899 507 971 gladii
537 914 635 957 seu
659 899 946 956 decollatio
971 900 1359 970 signiﬁcantur.
1384 899 1460 956 De
1475 914 1617 955 anno
1637 913 1852 970 quoque

260 991 492 1064 plerique
521 991 608 1061 (1)
633 995 690 1047 in
719 992 1038 1047 sententiam
1062 991 1207 1064 Pagii
1242 990 1465 1059 abeunt,
1500 991 1705 1046 scilicet
1730 1005 1853 1061 pas-

260 1097 362 1141 sum
388 1097 511 1140 esse
543 1098 689 1141 anno
720 1084 931 1139 Domini
953 1084 1085 1152 258,
1114 1084 1307 1140 eodem
1335 1095 1387 1139 et
1409 1098 1516 1156 quo
1541 1082 1599 1139 S.
1631 1081 1853 1155 Cypria-

258 1191 364 1246 nus,
408 1185 469 1233 ut
489 1176 716 1233 Pontius
741 1178 794 1233 in
841 1176 966 1232 Vita
992 1177 1270 1250 Cypriani.
1300 1175 1620 1232 Coutautius
1641 1176 1719 1250 (2)
1743 1176 1850 1231 Bu-

255 1270 482 1328 chcriani
533 1270 761 1341 catalogi
802 1270 977 1326 locum
1009 1270 1255 1326 mutilum
1289 1271 1601 1337 restituens,
1629 1278 1849 1326 senten-

258 1368 372 1422 tiam
417 1365 571 1437 Pagii
613 1364 919 1421 conﬁrmat.
951 1364 1319 1421 Bucherianus
1361 1366 1506 1422 enim
1565 1363 1852 1436 Catalogus

256 1456 442 1515 habet:
480 1475 501 1509 ι
538 1457 738 1514 Passus
764 1467 845 1513 est
871 1456 1104 1530 (Sixtus)
1131 1472 1228 1513 VIII
1270 1456 1388 1513 idus
1419 1459 1629 1529 augusti
1656 1472 1685 1512 a
1714 1471 1850 1514 con-

255 1553 411 1608 sulatu
433 1552 604 1609 'l‘usci
649 1561 704 1609 et
748 1552 900 1608 Bassi
929 1567 1098 1624 usque
1121 1552 1176 1607 in
1199 1552 1288 1608 die
1333 1567 1407 1607 xu
1450 1551 1560 1607 kal.
1608 1552 1845 1623 augusti,

256 1645 541 1703 Emiliauo
565 1655 623 1702 et
651 1646 819 1702 Basso
845 1644 1000 1703 Coss.
1031 1664 1051 1700 ι
1096 1646 1165 1703 Ut
1198 1647 1434 1703 tenebrae
1464 1646 1533 1703 ab
1586 1646 1689 1702 hoc
1732 1645 1853 1702 loco

254 1740 622 1811 dispellantur,
645 1754 713 1797 ex
742 1740 936 1798 codice
962 1738 1295 1808 Fossatensi,
1328 1748 1453 1796 ante
1483 1740 1645 1796 verba
1664 1754 1695 1795 a
1718 1752 1847 1796 con-

1951 525 2167 582 dedisse
2208 526 2274 581 ad
2315 525 2583 598 Hispanos
2622 526 2918 598 Epistulam
2948 526 3073 584 Julii
3108 528 3199 594 16,
3226 544 3372 584 anno
3396 527 3503 584 257
3534 571 3551 596 ,

1953 636 2061 690 quo
2106 619 2480 692 pontiﬁcatum
2526 621 2763 676 nondum
2807 622 3022 678 inierat.
3056 622 3259 678 Deinde
3285 637 3405 678 cum
3437 632 3551 679 toto

1953 711 2089 768 Sixti
2139 713 2450 784 episcopatu
2490 714 2803 784 gravissima
2850 715 3152 785 persecutio
3197 729 3437 770 romana:
3467 715 3553 772 in-

1953 805 2200 862 cubuerit
2227 806 2519 873 Ecclesiae,
2560 815 2647 863 est
2700 806 2856 879 longe
2913 807 3381 874 absurdissimum,
3429 809 3549 878 epi-

1953 898 2121 953 stolas
2173 898 2291 969 ejus
2336 898 2559 981 tenoris.
2597 898 2805 955 Sixtum
2853 898 3192 963 condidisse,
3250 900 3301 954 iu
3350 899 3547 971 quibus

1955 992 2102 1050 nulla
2147 993 2452 1049 atﬁictionis
2498 994 2754 1051 Ecclesiae
2805 997 3007 1052 mentio
3062 996 3202 1051 nulla
3243 995 3310 1052 ad
3365 1011 3556 1052 cruces

1957 1087 2178 1158 patienti
2213 1088 2395 1142 animo
2424 1071 2651 1143 ferenda
2695 1090 2988 1160 instigatio.
3010 1088 3179 1145 Priori
3207 1089 3432 1160 epistola
3456 1090 3556 1144 int—

1957 1191 2141 1252 postor
2161 1182 2407 1253 paginam
2439 1182 2661 1239 includit
2693 1184 2956 1255 integram
2986 1198 3053 1239 ex
3082 1183 3260 1240 ltlacio
3276 1183 3435 1240 Claro
3458 1184 3554 1240 ad-

1955 1294 2143 1334 versus
2183 1277 2525 1334 Varimadum
2556 1279 2797 1349 petitam.
2846 1277 3212 1349 Componuttlt‘
3261 1294 3382 1335 cum
3423 1294 3549 1350 pag.

1956 1371 2062 1429 750
2140 1370 2396 1427 Biblioth.
2449 1371 2668 1428 maxim.
2703 1381 2962 1443 patrum,
3009 1382 3140 1427 tom.
3184 1389 3234 1426 ι’.
3285 1372 3563 1427 Posterior

1958 1478 2092 1520 vero
2131 1463 2595 1536 quinquagesimae
2624 1474 2828 1535 quarta:
2856 1463 3057 1519 Leonis
3085 1463 3257 1535 Magni
3304 1462 3558 1534 Epistula:

1956 1555 2246 1612 suﬁ'uratur
2306 1556 2515 1612 initium
2564 1575 2578 1612 :
2611 1576 2630 1610 ι
2664 1556 2856 1629 Magno
2917 1572 3141 1613 munere
3173 1554 3557 1613 misericordiae

1958 1648 2093 1716 Dei,
2150 1650 2317 1705 totius
2380 1647 2639 1706 Ecclesiae
2681 1635 2964 1706 catholica:
3024 1650 3374 1721 multiplicata
3437 1657 3562 1704 sunt

1955 1742 2172 1815 gaudia.
2208 1763 2229 1797 ι

256 1831 417 1888 sulatu
455 1831 626 1889 Tusci
664 1841 721 1890 et
746 1832 919 1900 Bassi,
952 1832 1311 1905 supplendum
1352 1843 1535 1890 monet
1570 1853 1584 1889 :
1614 1833 1845 1908 Presby-
1873 1841 1921 1902 B
2020 1833 2102 1891 De
2150 1833 2306 1906 qui
2332 1835 2633 1903 setttenliis;
2662 1852 2785 1890 num
2809 1835 2911 1891 sint
2952 1851 3102 1907 papte
3142 1834 3298 1891 Sixti.
3330 1834 3562 1905 —Qua-

254 1924 345 1982 teri
367 1923 738 1997 praefuerunt;
767 1926 923 1996 cujus
947 1925 1308 1997 supplementi
1333 1941 1437 1996 ope
1460 1926 1844 1996 comperimus,

252 2017 441 2074 clerum
477 2033 763 2074 romanum
790 2034 820 2073 a
848 2032 1036 2074 mense
1082 2029 1311 2090 augusto
1339 2021 1465 2074 anni
1497 2018 1605 2074 258
1631 2060 1646 2086 ,
1681 2033 1851 2089 usque

252 2109 311 2167 ad
355 2126 446 2167 ιιι
479 2110 609 2167 Julii
634 2114 761 2169 anni
785 2111 894 2169 259
918 2156 933 2181 ,
964 2127 1072 2183 quo
1097 2113 1432 2168 consulatum
1470 2115 1733 2182 gerebant
1754 2111 1852 2168 Ᾰί-

253 2204 499 2260 ntilianus
544 2204 849 2261 et’Bassus
879 2248 894 2273 ,
938 2205 1235 2261 Romanam
1263 2206 1559 2263 Ecclesiant
1589 2206 1850 2263 adminis-

253 2305 433 2351 trasse.
477 2295 619 2352 Hinc
657 2297 749 2352 lux
797 2296 1030 2354 aﬁ'ertur
1056 2296 1327 2368 Catalogis
1347 2295 1663 2354 Corbeiensi
1690 2309 1851 2369 atque

251 2385 582 2457 Fossatcnsi,
612 2391 664 2445 in
691 2390 888 2461 quibus
914 2389 1067 2448 Sixto
1097 2389 1345 2447 tribuitur
1369 2405 1542 2447 annus
1572 2407 1608 2456 ι,
1637 2406 1852 2447 menses

249 2495 297 2548 x,
329 2480 443 2537 dies
472 2496 611 2537 xxut
635 2491 729 2538 aut
753 2498 881 2538 xxiv
910 2525 925 2549 ,
956 2482 1137 2539 habita
1168 2482 1395 2538 fortasse
1420 2483 1631 2539 ratione
1655 2498 1686 2537 a
1717 2482 1851 2539 Sixti

249 2570 591 2631 ordinatione
604 2572 670 2630 ad
690 2574 808 2647 ejus
830 2578 1162 2632 successoris
1177 2576 1417 2648 Dionysii
1438 2575 1758 2632 electionem
1770 2621 1775 2625 .
1789 2574 1850 2633 ln

249 2663 561 2724 Fossatensi
602 2677 657 2724 et
696 2667 895 2740 regina:
942 2670 1238 2726 Succorum
1269 2668 1523 2741 Catalogo
1564 2673 1704 2740 apud
1730 2668 1854 2725 Bol~

253 2762 467 2817 laudum
514 2776 762 2818 cessasse
801 2762 997 2817 dicitur
1024 2761 1366 2834 pontiﬁcatus
1396 2776 1568 2817 annos
1586 2763 1746 2831 duos,
1774 2762 1855 2817 itt-

248 2852 418 2926 tellige
467 2863 683 2926 partem
726 2853 857 2911 anni
883 2854 1015 2923 258,
1059 2865 1112 2910 et
1142 2856 1302 2910 aliam
1349 2855 1681 2926 insequentis
1725 2856 1853 2910 anni

246 2958 467 3018 partem.
522 2948 580 3003 In
628 2948 769 3004 libro
818 2946 1121 3003 Pontiﬁcali
1153 2990 1167 3011 ,
1203 2948 1290 3001 ubi
1334 2947 1401 3003 de
1430 2950 1591 3002 annis
1619 2947 1764 3003 sedis
1790 2947 1849 3003 S.

243 3040 367 3098 Sixti
420 3043 643 3114 agitur.
676 3044 809 3097 mira
840 3042 1131 3098 oscitantia
1159 3040 1432 3112 detegitur
1459 3083 1474 3106 ,
1515 3050 1572 3095 ut
1602 3040 1854 3097 observat

249 3134 492 3191 laudatus
520 3134 866 3193 Coutantius.

1954 1927 2256 1999 dringentae
2306 1938 2363 1984 et
2407 1928 2626 1999 triginta
2682 1929 2968 1985 sententia!
3011 1939 3137 1984 sunt
3183 1928 3320 1984 Sixti
3361 1927 3561 1984 ethnici

1958 2021 2285 2095 philosophi,
2308 2039 2428 2095 quae
2456 2024 2507 2077 in
2534 2022 2784 2078 Latinum
2814 2038 2844 2078 a
2870 2023 3067 2079 Ruﬁno
3096 2023 3393 2090 translatae,
3423 2039 3559 2078 non-

1956 2129 2247 2185 numquam
2280 2113 2433 2170 Sixto
2463 2115 2621 2186 Paptc
2649 2102 2936 2191 adscripta:
2962 2115 3197 2170 fuerunt.
3231 2114 3404 2183 Quem
3433 2131 3555 2170 cttut

1954 2208 2293 2281 Augustinus
2318 2219 2556 2265 errasset
2601 2224 2865 2269 errorem,
2913 2209 3053 2265 libro
3082 2196 3321 2265 secundo
3352 2208 3564 2280 Retrac-

1957 2303 2226 2366 tationum,
2261 2316 2381 2371 cap.
2416 2300 2505 2370 42,
2536 2300 2655 2357 hmc
2687 2300 2892 2357 chartis
2919 2302 3195 2356 mandavit
3229 2319 3241 2355 :
3282 2320 3300 2354 ι
3324 2286 3571 2363 ΔΙιινῐίιιιῖιι

1954 2394 2024 2450 de
2046 2404 2232 2449 natura
2264 2402 2318 2451 et
2341 2396 2511 2466 gratia
2537 2437 2551 2462 ,
2584 2395 2749 2451 verba
2782 2395 3029 2467 qumdam
3059 2439 3074 2463 ,
3105 2412 3227 2468 qua:
3255 2396 3401 2452 velut
3420 2395 3559 2452 Sixti

1956 2486 2184 2542 Romani
2209 2484 2479 2558 pontiﬁcis
2501 2496 2556 2542 et
2578 2488 2829 2559 martyris
2855 2487 3103 2558 Pelagius
3129 2487 3328 2558 posuit,
3358 2489 3429 2542 ita
3457 2486 3556 2541 de.

1957 2579 2127 2647 fcndi,
2166 2589 2417 2653 tanquam
2451 2596 2640 2637 revera
2670 2581 2912 2652 ejusdem
2940 2581 3075 2638 Sixti
3100 2591 3314 2647 essent;
3346 2580 3396 2635 id
3415 2580 3559 2637 enim

1957 2681 2294 2742 putaveram,
2327 2670 2422 2726 sed
2454 2680 2641 2743 postea
2671 2672 2774 2743 legi
2804 2672 2957 2744 Xysti
2984 2671 3288 2743 philosophi
3319 2686 3464 2737 esse,
3497 2679 3555 2726 et

1959 2781 2065 2820 non
2097 2764 2233 2821 Sixti
2265 2762 2570 2819 christiani.
2610 2781 2630 2814 ι
2680 2762 3048 2818 Christianum
3079 2779 3210 2818 sane
3249 2779 3356 2818 non
3399 2771 3562 2819 sonat

1956 2859 2222 2914 sententia
2268 2856 2375 2913 120
2403 2878 2416 2913 :
2450 2875 2467 2908 ‹
2501 2856 2617 2912 Νοιι
2648 2867 2800 2927 petas
2828 2871 2857 2910 a
2889 2857 2999 2911 Deo
3035 2856 3109 2923 id,
3137 2856 3278 2927 quod
3302 2871 3423 2912 cum
3459 2856 3555 2911 hac

1958 2950 2159 3015 bueris,
2190 2964 2296 3004 non
2331 2958 2593 3019 perpetuo
2618 2948 2906 3003 obtinebis.
2948 2968 2965 2999 ι
2997 2948 3111 3003 N-nt
3143 2949 3304 3018 igitur
3333 2957 3431 3008 aut
3448 2962 3552 3019 pax

1957 3042 2145 3104 animi,
2175 3052 2269 3096 aut
2290 3040 2648 3111 tranquillitas
2664 3040 2944 3115 Ecclesiae,
2977 3050 3064 3095 aut
3081 3040 3329 3109 corporis
3349 3040 3552 3095 sanitas

1958 3146 2102 3191 esset
2134 3134 2381 3205 precibus
2428 3133 2784 3202 impetranda.
2827 3133 3193 3191 Abhorretet
3224 3149 3252 3187 a
3295 3133 3401 3190 ﬁde
3432 3148 3560 3190 sen-

307 3228 570 3286 Geminas
637 3228 790 3285 Sixto
838 3243 875 3284 ιι
929 3228 1189 3300 epistolas
1245 3227 1485 3283 Isidorus
1569 3219 1847 3282 adscribit.
1879 3239 1925 3302 ρ
1961 3229 2125 3284 tentia
2177 3225 2282 3283 125
2316 3245 2329 3281 :
2366 3246 2384 3278 ‹
2423 3225 2689 3298 Quidquid
2722 3243 2827 3281 non
2865 3227 3120 3282 ceuveuit
3164 3225 3229 3282 ad
3269 3225 3560 3282 beatitudi-

245 3321 393 3378 Prior
419 3321 497 3377 ad
524 3319 752 3378 Gratum
776 3320 1067 3392 quemdam
1095 3320 1412 3390 episcopum
1440 3361 1456 3387 ,
1502 3334 1665 3390 quam
1692 3333 1854 3374 occa-

245 3412 392 3471 sione
428 3413 681 3481 Sahellii,
726 3412 903 3480 Nocti,
947 3412 1194 3480 Ebionis,
1226 3422 1281 3467 et
1318 3409 1561 3469 Cet‘inthi
1598 3412 1855 3481 scriptam

242 3508 522 3565 contendit
560 3507 808 3564 Binnius.
860 3508 1110 3563 Ostendit
1164 3519 1345 3562 autem
1392 3505 1658 3577 epistola,
1691 3505 1855 3561 licere

246 3601 516 3658 damnatis
548 3601 820 3672 episcopis
867 3600 1018 3655 adire
1061 3598 1244 3655 sedent
1295 3598 1679 3669 apostolicam;
1730 3597 1855 3652 data

244 3704 322 3751 est
372 3694 490 3750 kal.
547 3693 875 3765 septembris
922 3693 1207 3750 Valeriano
1254 3702 1308 3748 et
1360 3692 1523 3748 Decio
1555 3692 1681 3747 viris
1718 3690 1850 3746 clar.

243 3800 376 3844 coss.
415 3787 702 3843 Posterior
735 3786 900 3842 missa
939 3797 1023 3843 est
1050 3787 1319 3858 episcopis
1345 3802 1441 3858 per
1473 3786 1851 3857 HiSpauiarum

246 3882 553 3952 provincias
599 3880 930 3935 constitutis.
980 3882 1036 3936 ln
1077 3896 1140 3935 ea
1190 3891 1369 3935 autem
1408 3882 1582 3950 capita
1614 3879 1853 3948 quinque

243 3972 614 4030 continentur.
644 3971 886 4027 Primum
904 4014 918 4037 ,
951 3972 995 4026 si
1029 3973 1150 4040 quis
1170 3972 1436 4027 adversus
1458 3973 1742 4041 episcopos
1769 3970 1851 4025 vei

243 4078 453 4121 actores
495 4064 758 4120 Ecclesiae
791 4078 1010 4119 causam
1036 4062 1307 4126 habuerit,
1349 4063 1519 4133 quise
1544 4061 1734 4133 geret?
1756 4060 1853 4117 Se-

243 4159 477 4216 cundum
504 4199 522 4225 ,
577 4158 648 4215 de
686 4158 954 4230 episcopis
992 4158 1154 4214 rebus
1176 4157 1484 4227 expoliatis,
1547 4168 1690 4211 auta
1716 4155 1848 4212 sedc

242 4251 438 4324 pulsis.
468 4249 718 4308 Tertium
745 4295 759 4319 ,
804 4259 862 4306 ut
901 4250 1079 4306 nullus
1108 4251 1393 4322 episcopus
1430 4251 1655 4305 alterius
1693 4264 1850 4319 paro-

245 4341 503 4399 chianum
537 4341 788 4409 retineat,
817 4341 1032 4399 ordinet
1063 4383 1078 4410 ,
1110 4345 1193 4398 vel
1216 4341 1441 4414 judicet.
1474 4342 1757 4410 Quartum,
1786 4342 1853 4398 de

246 4436 526 4508 episcopis
553 4435 752 4505 injuste
780 4434 1048 4490 damnatis
1073 4475 1089 4501 ,
1128 4445 1183 4490 ct
1216 4435 1509 4505 apostolica
1535 4433 1854 4491 auctoritate

245 4529 535 4584 restitutis.
562 4527 819 4596 Quintum
847 4570 862 4594 ,
910 4528 1053 4600 quod
1086 4527 1534 4583 cxcotnmunicati
1566 4527 1853 4598 episcopos

1960 3338 2082 3377 nctn
2115 3322 2234 3388 Dei,
2268 3336 2373 3376 non
2404 3322 2695 3377 conveniat
2743 3320 2946 3376 homini
3000 3321 3114 3377 Dei.
3149 3340 3167 3374 ι
3229 3319 3345 3377 Non
3395 3321 3559 3392 igitur

1960 3414 2287 3471 resurrectio
2316 3414 2562 3485 corporis
2589 3428 2713 3486 pars
2738 3415 2842 3471 erit
2879 3412 3150 3470 felicitatis
3194 3425 3504 3471 sanctorum
3541 3460 3555 3482 ,

1960 3517 2145 3580 utpote
2171 3524 2290 3580 quae
2316 3508 2506 3579 gloriae
2536 3508 2632 3564 Dei
2662 3507 2980 3564 immortalis
3001 3518 3218 3580 pugnet.
3267 3507 3452 3580 Neque
3476 3523 3563 3564 sa-

1960 3601 2029 3658 tis
2055 3602 2142 3673 pia
2183 3601 2299 3657 haec
2325 3609 2411 3656 est
2437 3600 2702 3657 sententia
2733 3601 2836 3656 184
2882 3620 2896 3656 :
2932 3600 3188 3672 Derogare
3216 3601 3323 3656 viro
3347 3603 3564 3672 sapienti

1958 3709 2020 3747 ac
2080 3691 2205 3755 Deo,
2267 3693 2466 3762 wquale
2513 3693 2687 3747 ducito
2738 3704 3021 3764 peccatum.
3067 3693 3200 3749 Cum
3240 3693 3561 3764 splendente

1960 3787 2082 3843 fuco
2114 3786 2338 3842 Ruﬁnus
2382 3786 2542 3860 Xyin
2586 3786 2893 3858 philosophi
2922 3787 3206 3843 sententiis
3237 3786 3373 3844 Sixti
3407 3802 3558 3858 papa:

1960 3879 2212 3952 martyris
2253 3894 2449 3935 nomen
2513 3878 2899 3951 imposuisset,
2954 3880 3177 3934 meritas
3228 3878 3561 3952 llierOnymo

1958 3986 2148 4044 pmnas
2178 3970 2348 4026 dedit.
2377 3969 2491 4038 Qua
2522 3970 2589 4026 de
2637 3985 2695 4025 re
2745 3971 2967 4041 insignis
3008 3979 3091 4026 cst
3121 3971 3270 4026 locus
3301 3970 3352 4024 in
3401 3969 3559 4042 Epis-

1960 4064 2065 4124 tola
2115 4062 2373 4118 adversus
2424 4060 2702 4134 Pelagium
2737 4062 2802 4116 ad
2828 4061 3234 4133 Ctesiphontem
3270 4060 3349 4133 (l)
3388 4079 3401 4115 :
3436 4078 3457 4113 ‹
3493 4058 3562 4115 ll-

1959 4155 2063 4209 lant
2094 4164 2275 4208 autem
2322 4153 2680 4208 temeritatem
2700 4193 2716 4218 ,
2770 4153 2877 4208 imo
2906 4153 3164 4207 insaniam
3192 4152 3308 4224 ejus
3332 4151 3558 4225 (Ruﬁni)

1957 4249 2078 4319 quis
2125 4246 2288 4318 digno
2329 4248 2499 4319 possit
2550 4247 2826 4318 explicare
2856 4261 3107 4303 sertnouc
3132 4288 3148 4312 ,
3190 4249 3330 4319 quod
3364 4247 3559 4303 librum

1958 4340 2112 4409 Xysti
2153 4339 2506 4412 pythagorei,
2564 4339 2797 4395 hominis
2846 4339 3048 4410 ahSque
3098 4337 3311 4395 Christo
3340 4381 3356 4405 ,
3401 4349 3562 4411 atque

1957 4432 2180 4501 ethnici,
2206 4433 2486 4488 immutati)
2518 4433 2758 4498 nomine,
2791 4433 2927 4489 Sixti
2969 4433 3220 4504 martyris
3248 4474 3263 4498 ,
3298 4441 3353 4488 ct
3379 4446 3558 4488 roma-

1960 4543 2042 4582 na}
2085 4526 2342 4583 Ecclesia}
2388 4526 2629 4599 episcopi
2684 4526 3044 4599 praenotavit?
3090 4527 3148 4582 In
3202 4542 3359 4598 quo,
3395 4525 3551 4597 juxta

245 4633 507 4676 accusare
539 4633 649 4674 nan
665 4628 909 4689 possunt.
943 4620 1072 4675 Data
1104 4628 1189 4675 est
1215 4617 1594 4674 xvnkalendas
1617 4619 1850 4689 augusti,
1879 4639 1933 4700 Β
1959 4619 2153 4692 dogma
2178 4620 2670 4692 pythagoricorum,
2691 4621 2781 4692 qui
2814 4619 3087 4676 hominem
3115 4627 3401 4689 exaequant
3429 4621 3560 4687 Deo,

248 4710 544 4769 Valeriano
573 4722 629 4767 et
663 4712 824 4768 Decio
850 4712 979 4767 viris
1005 4711 1215 4768 clariss.
1249 4725 1390 4767 coss.
1423 4709 1589 4767 Nobis
1618 4711 1670 4765 in
1696 4710 1856 4767 silen-

249 4807 376 4862 tium
426 4803 891 4862 descendentibus
917 4846 931 4870 ,
957 4805 1138 4876 quivis
1168 4806 1263 4859 has
1306 4802 1459 4859 Sixto
1487 4804 1742 4874 epistolas
1771 4803 1857 4859 de-

248 4902 468 4959 trahere
487 4911 571 4958 est
598 4900 846 4957 idoneus.
883 4900 1117 4955 Primum
1147 4897 1429 4955 falsissima
1453 4909 1537 4956 est
1570 4899 1853 4955 consulum

247 4996 554 5052 annotatio.
590 4993 878 5051 Valeriano
907 5009 1013 5048 non
1045 4993 1239 5048 Decius
1261 5035 1276 5060 ,
1319 4993 1413 5049 sed
1443 4992 1719 5049 Gallienus
1745 4993 1860 5048 col-

246 5089 363 5162 lega
390 5088 497 5146 fuit
529 5088 584 5144 in
615 5087 924 5155 consulatu,
954 5085 1180 5143 sedente
1207 5087 1378 5140 Sixto.
1412 5085 1635 5156 Insuper
1663 5085 1858 5142 eodetn

248 5196 392 5237 armo
455 5182 690 5250 scriptas
751 5192 873 5234 esse
930 5176 1231 5234 decretales
1275 5177 1511 5232 ostendit
1556 5177 1855 5247 inscriptio.

249 5272 411 5330 Anno
454 5287 586 5329 vero
611 5270 745 5341 258,
768 5271 953 5328 Sixtns
982 5269 1072 5342 qui
1105 5278 1260 5326 sexto
1283 5269 1493 5341 augusti
1523 5284 1710 5341 passus
1731 5278 1814 5325 est
1840 5310 1856 5334 ,

248 5363 504 5423 kalendis
532 5364 858 5437 septembris
888 5363 956 5419 ad
1015 5362 1237 5420 Gratum
1278 5362 1517 5419 scribere
1534 5378 1640 5419 non
1663 5360 1857 5433 putuit.

323 5572 407 5648 (1)
438 5569 745 5648 Bianchini,
774 5568 832 5648 in_
849 5567 1122 5648 Anastasio
1147 5607 1162 5631 ,
1190 5572 1245 5648 et
1281 5563 1537 5648 dominus
1563 5564 1612 5621 Ie
1801 5563 1854 5648 in

254 5635 496 5701 Historia
527 5641 772 5698 Ecclesia:
799 5637 1255 5701 Antisiodorensis,
1285 5645 1421 5691 tuart
1448 5636 1602 5691 'l‘illlll
1631 5635 1689 5691 S.
1720 5635 1856 5693 Sixti

254 5714 299 5763 Il
320 5729 477 5763 anno
494 5716 671 5763 serius
708 5711 967 5763 adﬁgunt.
1000 5723 1195 5763 nomne
1219 5722 1361 5763 anno
1388 5653 1519 5763 23:9.

252 5714 299 5774 il
320 5716 684 5797 ειιιιιοηειξιῆιιεΔ
708 5711 967 5797 adﬁgunt,
984 5723 1199 5797 nnempe
1219 5722 1361 5797 anno

324 5787 431 5859 (2)’
456 5783 710 5859 Cuntant.
731 5829 774 5859 ,_
792 5777 1079 5857 Epistolar.
1109 5777 1312 5837 roman.
1340 5778 1593 5854 pontiﬁc.,
1628 5788 1761 5835 tom.
1789 5777 1810 5833 l
1839 5819 1855 5848 ,

257 5857 540 5932 pag.‘158,
569 5873 718 5914 nttnt.
747 5857 804 5912 4.

1961 4711 2107 4769 etde
2150 4712 2269 4783 ejus
2298 4712 2487 4768 dicunt
2508 4726 2631 4768 esse
2660 4712 3005 4777 substantiae,
3050 4710 3216 4765 multa
3251 4708 3318 4766 de
3348 4708 3559 4780 perfec-

1962 4807 2107 4862 tione
2143 4805 2415 4873 dicuntur,
2438 4816 2494 4860 ut
2519 4805 2608 4876 qui
2633 4804 2889 4860 volumen
2923 4803 3227 4875 philosophi
3258 4801 3509 4860 nesciunt
3542 4845 3560 4868 ,

1961 4900 2062 4953 sub
2091 4899 2342 4971 martyris
2369 4898 2589 4954 nomine
2618 4898 2803 4953 bibant
2839 4898 2904 4952 de
2939 4911 3104 4952 aureo
3134 4895 3301 4951 calice
3326 4894 3559 4967 Babylo-

1963 4988 2069 5045 nis.
2104 4989 2346 5061 Denique
2382 4989 2435 5044 in
2472 4988 2592 5060 ipso
2619 4988 2890 5045 Volumine
2934 4988 3081 5043 nulla
3130 4986 3511 5059 prophetarum
3541 5029 3559 5053 ,

1964 5083 2108 5138 nulla
2167 5082 2640 5155 patriarcharum,
2715 5081 2861 5137 nulla
2932 5080 3340 5153 apostolorum,
3414 5077 3561 5133 nulla

1963 5175 2164 5233 Christi
2198 5178 2256 5231 ﬁt
2283 5176 2486 5233 mentio
2517 5219 2532 5243 ,
2583 5185 2641 5231 nt
2661 5178 2973 5248 episcopum
3026 5184 3081 5231 et
3127 5186 3415 5247 martyrem
3444 5171 3564 5227 sine

1962 5270 2162 5327 Christi
2194 5271 2300 5327 ﬁde
2342 5271 2509 5327 fuisse
2532 5270 2839 5327 contendat.
2879 5290 2897 5322 ι
2956 5268 3318 5341 luspiciantur
3344 5278 3565 5322 sentcn-

1966 5364 2075 5428 tiae,
2107 5374 2161 5420 et
2207 5364 2334 5431 248,
2366 5379 2487 5431 qua:
2529 5379 2723 5435 purum
2766 5371 3070 5435 potumque
3120 5358 3563 5430 pelagianismum

1965 5458 2096 5523 olet,
2114 5457 2311 5524 et265,
2342 5474 2463 5530 quae
2487 5456 2694 5514 facinus
2714 5459 2913 5531 probat
2940 5454 3215 5526 Origenis,
3250 5454 3425 5509 virilia
3453 5469 3569 5511 am-

1966 5551 2202 5624 putantis
2234 5536 2604 5623 temperantia:
2650 5566 2833 5608 causa.
2873 5577 2943 5591 -—
2987 5547 3236 5605 Gelasius
3272 5545 3417 5620 Papa
3448 5547 3552 5606 hoc

2042 5709 2119 5783 (l)
2148 5710 2482 5783 llieronym.,
2517 5708 2686 5783 Epist.
2712 5708 2780 5783 ad
2805 5706 3178 5783 Ctesiphontem
3202 5721 3391 5775 xxxtn,
3420 5723 3539 5783 pag.

1969 5778 2260 5844 “ﬁdem.
2290 5778 2365 5848 tv,
2397 5781 2527 5836 edit.
2561 5778 2886 5837 Beuedictiu-
2915 5821 2930 5848 ν
2970 5788 3022 5836 et
3052 5778 3107 5835 itt
3135 5788 3295 5850 caput
3315 5794 3423 5839 xxtt
3451 5778 3544 5837 ιο-

1962 5869 2121 5920 rem.,
2152 5864 2205 5910 ct
2227 5868 2359 5910 xvnt
2390 5853 2654 5908 Ezechiel.
