3994 6318
453 365 525 421 ss
1852 361 2035 421 SIXTl
2068 360 2273 419 mea:
2304 362 2348 419 ιι
3179 329 3182 332 ’
3536 346 3543 349 ’
3694 360 3767 421 ss

452 496 594 556 opus
614 481 749 538 falso
770 480 830 537 S.
855 480 1008 538 Sixto
1034 493 1189 551 papa:
1219 492 1282 535 ac
1312 478 1535 552 martyri
1576 478 1889 536 attributum
1918 481 2060 536 inter
2084 488 2134 549 Α
2162 479 2491 552 mytitologis
2518 521 2532 548 ,
2564 479 2804 554 physicis
2833 489 2888 538 et
2911 479 3206 549 moralibus
3234 479 3465 539 Thomas
3496 477 3654 552 Gale,
3677 478 3769 537 Li-

453 573 767 647 apocrypha
797 572 1080 629 collocavit
1114 568 1214 645 (l),
1242 572 1323 627 vel
1349 586 1486 642 opus
1516 571 1585 628 ab
1611 571 1881 631 haereticis
1903 589 2052 629 com-
2152 573 2284 648 βείω
2308 616 2323 641 ,
2357 572 2524 641 ιιι-4⁸,
2579 574 2718 631 1725
2746 616 2759 642 ,
2790 590 2887 646 per
2917 573 3197 631 Sieberum
3227 572 3585 632 Alemannum
3614 616 3630 641 ,
3672 574 3769 646 qui

449 669 709 741 positum.
756 667 1040 738 lmpressae
1073 666 1288 723 luerunt
1323 666 1407 721 hte
1455 666 1590 724 Sixti
1637 668 1690 723 in
1722 666 2052 724 Bibliotheca:
2154 668 2319 722 etiam
2340 666 2626 738 prtetendit
2650 666 2747 722 has
2771 667 3067 723 sententias
3095 682 3280 724 revera
3304 682 3427 723 esse
3441 664 3578 723 Sixti
3605 679 3762 736 papa:

448 772 654 835 patrum
681 769 828 817 torno
855 776 934 826 ιιι,
966 769 1020 817 et
1047 761 1337 833 separatim
1369 776 1490 837 cum
1516 761 1835 834 praefatione
1869 764 2049 819 lluilni
2153 770 2209 818 et
2229 758 2502 835 martyris.
2536 763 2651 819 Duo
2680 763 2841 819 etiam
2873 777 3110 819 canones
3162 762 3264 819 sub
3291 761 3435 820 Sixti
3467 759 3509 816 ll
3546 761 3769 817 nomine

446 855 518 912 ad
547 855 938 927 Apronianum,
968 854 1218 923 Basilem,
1246 854 1419 921 i520;
1447 854 1707 924 Colonize,
1735 855 1910 922 1522;
1943 856 2050 913 Lo-

453 950 602 1007 vanii
634 992 648 1018 ,
700 949 880 1018 16i8;
926 949 1349 1019 Amstelodami,
1408 949 1589 1019 i688;
1644 951 1695 1007 in
1762 950 2050 1023 Opusculis

511 1088 593 1164 (i)
615 1088 771 1162 Apud
798 1088 990 1158 Mansi,
1019 1098 1151 1146 tem.
1174 1104 1269 1147 th
1295 1086 1519 1158 Cancil.,
1545 1103 1599 1161 p.
1634 1089 1759 1147 151.

2152 875 2181 914 a
2210 858 2488 915 Gratianio
2517 872 2747 915 erronee
2773 857 3009 914 citantur
3029 856 3134 931 (2).

2156 1104 2186 1147 Ω
2224 1016 2305 1149 (127)
2326 1017 2537 1074 Decret.
2572 1017 2890 1087 Grntiuuiﬂ
2916 1017 3211 1087 Quaestion.
3236 1032 3286 1074 c.
3310 1016 3366 1085 6,
3396 1018 3517 1074 et3.
3543 1016 3757 1087 Quwst.

456 1268 3771 1306 ω

433 1506 493 1573 ω
582 1490 1044 1672 §_IXTI
1142 1485 1676 1625 PAPAE
1740 1488 1858 1617 ιι
1928 1492 2056 1624 Et

2175 1488 2863 1621 ISTOLZE
2927 1488 3582 1633 DUBI/E.

1948 1742 2436 1826 -υακοδααασ-

947 1926 1286 1999 EPISTULA
1324 1928 1557 1989 PRIMA.

755 2081 823 2121 ΔΙ)
864 2079 1081 2122 GBATUI
1119 2080 1376 2130 QUBIDAI
1407 2046 1722 2124 EPISCOPU‘.

443 2198 623 2263 Licere
654 2201 908 2257 accusatis
934 2201 1012 2256 vel
1039 2201 1298 2257 damnatis
1326 2200 1581 2274 episcopis
1626 2202 1921 2274 appellare,
1946 2204 2053 2259 sive

514 2295 661 2355 adire
680 2295 851 2353 sedem
872 2295 1233 2368 apostolicam,
1250 2296 1362 2351 sine
1380 2297 1530 2368 cujus
1558 2297 1859 2353 auctoritate
1882 2312 2053 2352 caussa

516 2405 694 2447 eorum
721 2388 984 2445 terminari
1013 2403 1115 2443 non
1142 2387 1346 2444 debent.

551 2525 844 2598 Episcopus
904 2523 1087 2580 Siztus
1126 2523 1289 2579 Grato
1338 2524 1641 2595 coepiscopo
1700 2524 1939 2581 salutem.

515 2621 714 2680 Laetari
738 2630 791 2678 et
817 2620 1055 2693 gaudere
1078 2636 1162 2676 me
1190 2619 1340 2691 (Leo,
1370 2620 1518 2691 epist.
1551 2617 1644 2690 51)
1680 2619 1968 2690 plurimum
1997 2622 2050 2677 in

443 2716 664 2774 Christo
689 2714 818 2771 Jesu
862 2714 1088 2770 Domino
1119 2722 1305 2769 nostro
1350 2711 1659 2768 dilectionis
1703 2722 1810 2768 tute
1849 2715 2051 2786 scripta

440 2811 713 2879 fecerunt,
741 2808 938 2882 quibus
966 2807 1249 2864 evidenter
1282 2804 1606 2873 ostenditur,
1651 2814 1911 2877 quantum
1955 2821 2050 2863 ca-

442 2908 703 2965 tholicam
733 2907 913 2979 diligis
942 2905 1103 2961 ﬁdem
1123 2945 1137 2970 ,
1165 2912 1221 2961 et
1245 2911 1507 2976 quantum
1550 2918 1836 2974 pravorum
1876 2903 2053 2961 homi-

443 3017 576 3057 num
605 3000 894 3057 detestaris
939 3011 1203 3054 errorem.
1235 2993 1424 3050 Omnis
1464 2996 1608 3051 enim
1642 2995 1865 3053 hazresis
1892 2996 2051 3052 nimis

449 3104 534 3151 est
556 3094 742 3165 impia,
773 3100 830 3149 et
855 3089 1180 3159 evangelicae
1206 3088 1451 3145 veritatis
1483 3088 1698 3145 inimica
1721 3133 1736 3158 ,
1781 3105 1903 3160 quae
1943 3106 2050 3145 non

449 3189 757 3262 portionem
780 3186 1013 3257 aliquam
1047 3183 1279 3250 laedere,
1307 3182 1402 3239 sed
1435 3183 1549 3254 ipsa
1581 3184 1888 3240 christiana:
1929 3185 2055 3241 reli-

450 3287 627 3359 gionis
670 3292 899 3341 conatur
938 3280 1285 3337 liuidamenta
1316 3280 1642 3335 convellere.
1676 3280 1878 3336 Memor
1904 3282 2049 3337 enim

450 3393 597 3446 sum,
623 3391 709 3432 me
738 3375 839 3430 sub
864 3373 1005 3429 illius
1033 3373 1252 3428 nomine
1278 3370 1521 3427 ecclesiae
1552 3372 1874 3442 praesidere;
1902 3372 2055 3443 cujus

451 3489 484 3529 a
513 3470 741 3528 Domino
773 3478 959 3524 nostro
989 3465 1118 3523 .lesu
1152 3464 1373 3521 Christo
1400 3476 1481 3521 cst
1507 3464 1806 3536 glot‘ilicata
1835 3466 2053 3522 confes-

455 3566 560 3632 sio,
586 3572 641 3620 et
670 3560 757 3635 (S.
787 3560 910 3627 Leo,
939 3560 1089 3630 epist.
1121 3556 1212 3631 51)
1242 3556 1396 3627 cujus
1428 3556 1561 3612 lides
1590 3557 1792 3612 nullum
1823 3572 2055 3629 unquam

450 3659 615 3726 fallit,
642 3655 737 3713 sed
770 3671 958 3711 omnes
991 3652 1207 3725 quidem
1256 3652 1494 3708 htereses
1520 3650 1771 3708 destruit.
1807 3651 2058 3722 Intelligo

450 3759 632 3808 autem
663 3749 793 3806 milii
824 3748 983 3804 aliter
1014 3762 1121 3803 non
1146 3745 1333 3810 licere,
1364 3760 1524 3816 quam
1555 3753 1614 3799 ut
1660 3760 1853 3801 omnes
1902 3761 2059 3800 cona-

451 3853 539 3902 tus
568 3857 719 3899 meos
749 3842 799 3898 ei
821 3842 1035 3910 causae},
1071 3841 1122 3894 in
1152 3854 1254 3910 qua
1287 3836 1611 3893 universalis
1639 3838 1883 3893 ecclesia:
1914 3839 2059 3894 salus

453 3939 759 4004 infestatur,
832 3934 1163 4007 impendant.
1240 3934 1519 4004 Agnosce,
1601 3931 1673 3988 illi
1740 3931 2061 3990 charissimc

454 4032 739 4109 (lt/tocius,
768 4030 901 4085 Adv.
942 4026 1295 4092 Varimadum,
1323 4043 1439 4099 cap.
1474 4025 1585 4101 12),
1617 4041 1723 4081 non
1751 4041 1818 4082 ex
1847 4033 2060 4098 tempo-

453 4146 540 4200 re,
573 4144 751 4201 neque
796 4136 918 4199 post
956 4133 1202 4196 tempora
1227 4122 1422 4179 Filium
1451 4121 1545 4178 Dei
1577 4131 1781 4189 natum,
1813 4122 1908 4178 sed
1936 4134 2061 4179 ante

453 4223 637 4279 omnia
664 4233 908 4293 tempora
940 4220 1009 4276 de
1058 4228 1285 4290 paterno
1313 4226 1468 4273 utero
1508 4216 1943 4272 inenarrabiliter
1968 4232 2062 4289 ge-

457 4324 739 4378 neratum,
770 4315 887 4385 ipso
928 4313 1041 4368 Deo
1089 4319 1244 4382 patre
1298 4325 1393 4382 per
1435 4311 1757 4381 prophetam
1800 4309 2058 4366 dicente:

458 4408 529 4463 1η
574 4404 932 4479 splendoribus
978 4412 1273 4457 sanctorum
1312 4417 1374 4456 ea:
1412 4411 1554 4455 utero
1600 4409 1718 4455 ante
1764 4398 2063 4472 Luciferunt

462 4500 615 4574 genui
661 4508 709 4553 te
766 4494 992 4571 (Psalm.
1040 4495 1173 4565 CIX).
1220 4493 1389 4561 Quam
1431 4493 1750 4549 sententiam
1800 4501 1854 4548 et
1900 4492 2064 4548 Isaias

464 4591 729 4666 propheta
752 4589 930 4646 dubiis
952 4598 1114 4658 atque
1142 4582 1431 4642 incredulis
1454 4583 1731 4642 evidenter
1757 4587 2059 4656 expressit,

462 4685 594 4743 dum
620 4698 727 4741 non
749 4680 962 4737 aliunde
991 4681 1178 4749 lilium,
1202 4696 1362 4755 quam
1388 4678 1457 4737 de
1483 4679 1641 4736 Patre
1668 4691 1851 4736 natum
1874 4679 2061 4737 inetia-

531 4887 615 4972 (ί.)
654 4883 912 4972 Elimia-
936 4880 2059 4972 ν,θὲηοράίῗΡὲδΨῘΨρ,ίῖφὲείέηεῖξψθμῖίε

456 4953 635 5027 Noeti,
669 4953 892 5012 E‘bionis
922 4965 977 5011 et
1005 4955 1243 5027 Cerintlti
1273 4953 1630 5027 sectariorum
1661 4954 1926 5027 εοιίριιιιιι
1941 4968 2063 5027 esse

454 5031 523 5087 ad
552 5024 775 5087 Gratum
803 5028 1115 5098 episcopum
1142 5067 1156 5092 ,
1200 5026 1373 5095 ipsum
1407 5025 1617 5079 initium
1647 5024 1891 5098 epistola:
1913 5024 2061 5098 iudi-

453 5112 562 5159 cat.
587 5095 853 5158 Sabellius
878 5095 1023 5156 enim
1056 5098 1413 5153 lueresiarclta
1447 5100 1549 5151 hoc
1595 5096 1851 5166 pontiﬁce
1875 5095 1943 5151 ab
1975 5097 2061 5152 in-

452 5176 585 5247 ieris
613 5185 931 5247 progressus
952 5211 965 5237 ,
996 5183 1211 5247 onmem
1258 5183 1609 5247 person-arum
1651 5167 2061 5247 distinctionem

451 5247 507 5302 in
539 5236 648 5300 Deo
668 5236 881 5298 sustulit
916 5260 929 5295 :
956 5239 1148 5307 reliqui
1180 5236 1307 5293 vero
1334 5236 1606 5293 Christum
1648 5250 1775 5295 ante
1805 5240 2052 5295 incarna-

454 5317 655 5372 tionem
688 5314 818 5369 niltil
844 5312 1007 5367 fuisse
1042 5310 1317 5366 dicebant.
1348 5308 1416 5366 Ut
1466 5310 1657 5366 horum
1687 5326 1818 5381 ergo
1843 5325 2058 5366 errores

451 5389 624 5443 solide
652 5386 893 5450 refellat,
928 5392 983 5439 et
1010 5382 1388 5438 consulentem
1435 5381 1534 5454 hac
1564 5383 1631 5438 de
1658 5398 1717 5441 re
1743 5384 2055 5454 episcopum

449 5460 702 5524 instruat,
761 5457 900 5514 hanc
942 5454 1010 5510 ad
1054 5455 1201 5509 illum
1257 5453 1540 5524 epistolam
1586 5453 1796 5521 scribit,
1854 5456 2057 5521 apertis

452 5521 778 5584 testimoniis
807 5528 1089 5599 scripturae
1115 5521 1368 5593 probans,
1392 5521 1889 5599 Christuut,_quoad
1914 5525 2054 5578 divi-

452 5614 581 5653 nam
630 5608 897 5663 naturam,
923 5594 1202 5653 'aaternum
1247 5596 1435 5648 mterui
1478 5594 1652 5649 Patris
1687 5594 1881 5649 Filium
1908 5609 2062 5660 esse,

454 5679 509 5724 et
536 5684 567 5723 a
606 5669 762 5724 Patre
797 5668 1101 5723 distinctam
1155 5667 1207 5720 in
1257 5665 1537 5719 divinitate
1574 5680 1860 5735 personam
1905 5680 2058 5732 esse;

454 5754 520 5794 ac
546 5753 762 5807 semper
785 5739 900 5794 sine
929 5740 1041 5794 ullo
1069 5738 1327 5807 temporis-
1351 5737 1622 5808 principio
1651 5739 1921 5808 extitisse.
1956 5736 2061 5792 lie-

454 5810 625 5881 liqua,
655 5824 801 5881 quas
841 5821 895 5863 et
938 5809 1187 5881 sequenti
1237 5808 1465 5881 epistola
1497 5807 1734 5863 nntauda
1784 5807 2057 5881 videntur,

455 5878 888 5953 praecedentibus
932 5878 1355 5952 praecedentium
1425 5881 1743 5952 pontilicum
1816 5878 2061 5950 epistolis

454 5969 484 6007 8
500 5958 720 6007 nnotata
751 5959 896 6008 sunt.

2080 1939 2128 1998 B
2156 1936 2337 1995 biliter
2364 1938 2601 1996 ostendit
2629 1955 2644 1994 :
2673 1939 2742 1996 In
2788 1914 3095 2011 humilitate,
3126 1944 3320 2016 inquit,
3358 1946 3618 2017 judicium
3659 1951 3777 2023 ejus

2156 2030 2424 2091 sublatum
2472 2040 2563 2087 est.
2598 2030 2933 2090 Nativitatem
2985 2037 3098 2106 ejus
3141 2038 3254 2106 quis
3291 2041 3770 2113 enarrabit(1sai.,

2159 2125 2356 2196 um)?
2407 2123 2477 2181 Et
2524 2125 2578 2180 in
2611 2125 2752 2183 libro
2781 2125 2886 2184 Job
2919 2144 2934 2182 :
2983 2129 3308 2201 Sapientiam
3357 2131 3473 2199 Dei,
3505 2134 3605 2198 ait,
3636 2136 3779 2192 unde

2156 2218 2421 2275 invenies?
2444 2216 2591 2274 Latet
2609 2220 2743 2274 enim
2764 2220 2828 2275 ab
2844 2220 3007 2275 oculis
3032 2222 3317 2289 hontinum,
3340 2233 3385 2278 et
3412 2241 3445 2279 a
3473 2224 3775 2286 volucribus

2155 2310 2271 2365 casti
2294 2310 2543 2366 absconsa
2567 2322 2641 2367 est
2668 2309 2814 2384 (Job,
2829 2313 3045 2386 urm).
3059 2313 3448 2387 Expergiscere
3461 2319 3742 2388 paululum
3754 2366 3769 2391 ,

2156 2411 2212 2460 et
2240 2403 2284 2459 si
2314 2404 2495 2460 lumen
2547 2405 2788 2461 scientias
2828 2406 2881 2461 in
2924 2408 3153 2478 teipsum
3191 2410 3525 2481 aliquantum
3560 2413 3733 2470 habes
3756 2458 3772 2483 ,

2156 2494 2429 2562 invenies,
2453 2494 2609 2565 cujus
2645 2497 2945 2575 nativitass
2972 2499 3234 2571 propheta
3259 2516 3364 2556 non
3394 2505 3568 2572 potuit
3601 2519 3775 2560 enar-

2157 2589 2269 2646 rari
2298 2603 2367 2644 e:
2393 2596 2657 2661 tempore,
2686 2590 2774 2645 vel
2803 2600 2862 2646 ut
2905 2590 3186 2649 adstruere
3215 2595 3333 2666 ipse
3359 2597 3574 2652 conaris
3598 2638 3614 2665 ,
3651 2613 3773 2654 non

2157 2682 2331 2752 potuit
2357 2682 2624 2753 generari.
2663 2681 2728 2737 In
2758 2684 3031 2755 principio,
3064 2685 3237 2757 inquit
3266 2685 3506 2743 Joannes
3530 2702 3776 2762 evange-

2154 2774 2299 2841 lista,
2322 2786 2430 2831 crat
2469 2773 2708 2844 Verbum,
2725 2786 2773 2833 et
2812 2776 3029 2832 Verbum
3052 2788 3159 2833 erat
3186 2781 3329 2851 apud
3353 2780 3538 2850 Deum,
3559 2792 3606 2838 et
3628 2783 3778 2839 Deus

2157 2881 2266 2926 erat
2294 2870 2548 2928 Verbum:
2578 2874 2673 2928 ltoc
2694 2884 2803 2929 erat
2834 2875 2888 2929 in
2914 2875 3168 2947 principio
3186 2876 3330 2948 apud
3354 2875 3543 2932 Deum.
3580 2877 3781 2934 Omnia

2156 2983 2249 3037 per
2274 2967 2443 3038 ipsum
2494 2969 2634 3037 facta
2674 2980 2817 3037 sunt,
2861 2981 2909 3025 et
2954 2971 3065 3026 sine
3106 2971 3220 3040 ipso
3265 2975 3460 3044 factum
3514 2981 3588 3027 est
3644 2974 3783 3029 nihil

2156 3060 2361 3129 (Joan.,
2392 3062 2456 3132 ι).
2504 3063 2571 3118 Et
2610 3062 2803 3121 iterum
2840 3063 3011 3118 :Erat
3056 3065 3148 3119 luta
3184 3080 3335 3132 uera,
3363 3079 3479 3133 quat
3504 3065 3781 3120 illuminat

2156 3171 2355 3210 onmem
2385 3156 2639 3210 hominem
2680 3157 2957 3211 uenientem
3001 3157 3054 3211 in
3086 3157 3219 3211 hunc
3254 3156 3504 3212 mundum
3536 3156 3587 3230 (Ι
3596 3156 3769 3230 dem).

2156 3248 2217 3305 lu
2249 3248 2354 3302 isto
2386 3248 2546 3319 igitur
2567 3248 2706 3320 quod
2732 3247 2948 3315 dicitur,
2976 3248 3124 3317 Erat,
3172 3251 3215 3306 sl
3259 3258 3476 3322 tempus
3526 3267 3782 3323 qumrere

2082 3343 2127 3407 C
2163 3342 2399 3399 volueris
2423 3383 2436 3406 ,
2473 3359 2580 3398 non
2613 3344 2859 3400 invenies
2888 3360 2901 3397 :
2932 3345 3188 3416 quoniam
3230 3359 3298 3401 ex
3344 3358 3451 3416 quo
3491 3344 3675 3414 Pater,
3708 3364 3781 3404 ex

2160 3434 2254 3489 illo
2279 3443 2335 3490 et
2354 3422 2523 3489 Filius
2554 3450 2567 3486 :
2603 3446 2659 3491 et
2695 3435 2837 3506 quod
2865 3436 3029 3492 Pater
3056 3444 3161 3501 est,
3192 3435 3243 3492 id
3267 3447 3350 3493 est
3376 3437 3542 3493 etiam
3575 3438 3778 3507 Filius,

2160 3526 2453 3585 Salomone
2475 3526 2730 3584 dicente:
2763 3527 2873 3601 Ego
2901 3544 2964 3583 ea:
2984 3544 3070 3583 ore
3094 3529 3346 3585 Altissimi
3366 3531 3557 3601 prodii,
3584 3534 3782 3602 primo~

2162 3621 2335 3692 genita
2364 3631 2482 3676 ante
2502 3637 2704 3677 onmem
2727 3633 3036 3677 creaturam.
3073 3622 3183 3694 Ego
3200 3625 3318 3692 feci,
3348 3633 3403 3679 ut
3429 3626 3484 3680 in
3512 3626 3641 3680 caelo
3674 3628 3785 3682 ori-

2164 3722 2302 3768 retur
2329 3714 2496 3768 ltmten
2539 3713 2870 3783 inde/iciens,
2918 3724 2965 3769 et
3018 3715 3153 3769 sicut
3196 3716 3385 3773 nebula
3433 3718 3532 3771 texi
3578 3732 3785 3773 onmem

2165 3816 2373 3861 terram.
2400 3805 2512 3878 Ego
2539 3806 2592 3860 in
2618 3806 2879 3863 altissimis
2907 3806 3100 3872 habito,
3123 3816 3171 3861 et
3193 3808 3412 3864 thronus
3436 3826 3578 3865 meus
3609 3811 3663 3865 in
3702 3828 3787 3867 τοι

2166 3898 2342 3953 lumna
2367 3897 2535 3959 nubis.
2571 3896 2765 3969 Cyrum
2795 3898 2908 3953 caeli
2935 3899 3142 3954 circuiri
3180 3899 3326 3967 sola,
3358 3911 3404 3955 et
3448 3903 3778 3973 profundum

2166 3992 2335 4063 abyssi
2366 3992 2639 4061 penetravi.
2669 3990 2737 4046 In
2779 4008 2977 4046 omnem
3030 4001 3218 4048 terram
3257 3995 3394 4059 steti,
3424 4005 3472 4050 et
3498 3997 3551 4050 in
3579 3999 3781 4069 populo

2169 4087 2446 4157 primatum
2474 4086 2629 4143 Itabui
2673 4083 3027 4159 (Ecclesium,
3070 4087 3247 4158 xstv).
3281 4088 3411 4144 Item
3458 4089 3531 4145 ibi
3582 4109 3595 4146 :
3652 4092 3790 4149 Cum

2168 4192 2483 4256 prtepuraret
2516 4182 2720 4246 elciunt,
2753 4180 2963 4236 aderant
3014 4180 3114 4248 illi,
3158 4191 3206 4237 et
3246 4198 3362 4238 cum
3415 4185 3587 4240 sedem
3631 4203 3788 4243 suam

2169 4285 2465 4334 secerneret.
2529 4276 2749 4343 Quando
2795 4292 2947 4348 super
3003 4288 3174 4333 ventos
3232 4283 3388 4351 fortes
3447 4282 3669 4352 faciebat
3726 4284 3788 4339 in

2171 4389 2368 4426 summo
2389 4372 2567 4437 nubes,
2611 4381 2658 4426 et
2688 4388 2802 4426 cum
2848 4383 3009 4427 certos
3048 4372 3263 4444 ponebat
3297 4378 3461 4445 fontes
3491 4375 3584 4429 sub
3628 4376 3783 4445 ctelo,

2171 4481 2284 4520 cum
2324 4465 2481 4537 fortia
2512 4464 2728 4536 faciebat
2767 4465 3100 4536 fundamenta
3130 4475 3309 4533 terra,
3340 4483 3432 4538 ego
3462 4483 3626 4534 erant,
3662 4484 3788 4524 cum

2171 4559 2263 4616 illo
2289 4576 2617 4631 componens,
2649 4568 2695 4615 et
2721 4576 2813 4631 ego
2843 4575 3003 4626 eram,
3026 4560 3108 4613 cui
3137 4559 3458 4630 adaugebat,
3488 4576 3605 4614 cum
3634 4561 3789 4616 ltela—

2173 4664 2315 4710 retur
2341 4654 2461 4709 orbe
2487 4655 2708 4726 perfecto
2741 4650 3034 4724 (Prouerb.,
3060 4650 3200 4723 vni).
3234 4651 3300 4707 Et
3329 4654 3380 4708 in
3413 4653 3625 4723 psalmo
3652 4671 3787 4711 cen-

2086 4748 2139 4809 D
2167 4748 2359 4804 tesimo
2390 4747 2561 4817 primo
2590 4764 2602 4800 :
2638 4745 2737 4812 Tu,
2793 4745 3034 4812 Domine,
3066 4745 3119 4799 in
3154 4746 3406 4817 principio
3432 4756 3623 4801 terram
3655 4752 3783 4819 fun-

2167 4840 2317 4907 dasti,
2347 4849 2392 4895 et
2418 4856 2574 4911 opera
2596 4855 2837 4894 manuunt
2864 4847 3066 4893 tuarum
3081 4846 3199 4891 sunt
3226 4838 3361 4892 caeli.
3382 4835 3409 4891 1
3414 4840 3492 4907 psi
3518 4839 3787 4908 peribunt,

2169 4946 2223 4991 tu
2253 4946 2421 4991 autent
2452 4950 2745 5007 permanes,
2773 4943 2819 4987 et
2847 4933 2977 4989 sicut
3002 4932 3317 5002 aperturium
3347 4932 3567 4987 mutabis
3594 4949 3703 4999 cos,
3734 4943 3787 4989 et

2168 5033 2544 5087 mutabuntur:
2576 5038 2629 5083 tu
2659 5037 2827 5082 autem
2869 5026 3005 5081 idem
3030 5028 3142 5097 ipse
3186 5042 3259 5092 es,
3291 5034 3340 5079 et
3380 5027 3504 5080 anni
3546 5027 3622 5080 tui
3674 5043 3782 5084 non

2168 5127 2425 5198 deﬁcient.
2457 5125 2573 5181 Non
2622 5124 2765 5179 enim
2797 5131 2913 5177 erat
2960 5132 3110 5189 tetas,
3142 5132 3235 5177 aut
3272 5122 3493 5195 aliquod
3534 5131 3780 5194 tempus,

2168 5231 2456 5290 antequam
2488 5217 2556 5273 de
2594 5210 2753 5274 Patre
2783 5215 2955 5272 Filius
2989 5224 3331 5284 nasceretur;
3388 5218 3641 5288 quoniam
3692 5220 3790 5291 qui

2169 5324 2411 5384 tempora
2466 5312 2714 5367 universa
2760 5310 2976 5383 propria
3031 5316 3298 5378 potestate
3350 5310 3659 5374 constituit,
3713 5327 3787 5369 ex

2163 5417 2409 5478 tempore
2455 5405 2540 5461 vel
2575 5413 2694 5474 post
2722 5415 2961 5475 tempora
2992 5405 3138 5458 nasci
3178 5420 3284 5458 non
3329 5406 3504 5475 potuit
3530 5404 3634 5478 (Ι).
3679 5406 3788 5462 His

2166 5499 2355 5571 paucis
2399 5499 2706 5563 sententiis,
2753 5497 2989 5553 breviter
3028 5496 3293 5552 consultis
3340 5498 3445 5552 tuis
3491 5499 3783 5569 respondi,

2167 5590 2334 5646 frater
2363 5590 2700 5647 cltarissime.
2750 5590 2825 5646 De
2874 5598 3072 5645 cmtero
3111 5598 3256 5645 tuam
3299 5604 3501 5647 moneo
3525 5589 3783 5647 dilectio-

2168 5697 2312 5750 nem,
2340 5692 2394 5737 ιιι
2416 5690 2641 5741 cunctos
2660 5726 2676 5753 ,
2707 5698 2839 5755 quos
2867 5697 3051 5741 errare
3079 5684 3425 5754 cognoveris,
3460 5683 3527 5740 ad
3551 5684 3788 5741 catholi-

2166 5790 2282 5832 cam
2316 5773 2499 5841 (idem,
2524 5785 2578 5833 et
2598 5774 2665 5830 ad
2694 5776 2954 5837 unitatem
2996 5786 3144 5839 recte
3174 5775 3511 5833 credentium
3538 5791 3782 5833 convcro

2239 5885 2623 5963 (l)_ilacten_u_s
2667 5887 2850 5963 ithacii
2878 5891 3037 5948 verba
3063 5932 3078 5958 ,
3112 5889 3255 5948 unde
3309 5890 3456 5948 fraus
3498 5886 3788 5963 Mangonis

2169 5958 2439 6030 detegitur
2478 5959 2896 6019 evidentissima.
