3994 6318
253 369 318 427 85
1508 358 1873 422 EPISTOLE
1912 358 2170 422 DUBUE.
3468 368 3542 424 86

253 489 357 539 tere
398 477 631 545 studeas,
672 484 728 535 et
756 483 810 534 tu
853 491 1144 550 numquam
1188 477 1255 534 ab
1291 477 1587 551 apostolico
1614 478 1830 537 tramite
1858 481 1911 542 A
1937 478 2128 549 hostis,
2156 482 2304 553 cujus
2330 480 2527 538 invidia
2552 498 2692 541 mors
2727 484 2951 540 introivit
2993 488 3046 542 in
3073 486 3245 547 orbant
3290 496 3542 549 terrarum

254 572 478 635 recedas.
507 571 561 629 Si
587 579 766 628 autem
797 579 850 627 te
871 586 977 628 non
1006 569 1295 639 audierint,
1319 580 1630 629 eterrantes
1662 573 1831 647 (quod

253 665 400 740 absit)
432 665 861 739 permanserint,
906 666 1064 727 nobis
1117 680 1213 722 eos
1260 666 1637 733 manifestare,
1671 682 1831 739 quam

256 760 398 817 cilius
423 764 665 833 poteris:
697 774 805 814 non
848 757 1060 823 tardes,
1093 768 1150 813 ut
1179 758 1474 832 apostolica
1514 760 1837 817 auctoritate

254 862 335 910 aut
362 851 468 910 clto
495 850 561 907 ad
593 850 894 908 Ecclesium
924 859 1331 918 convertantur,
1380 860 1471 908 aut
1501 853 1569 909 ab
1590 851 1834 909 Ecclesia

252 953 577 1023 separentur.
618 943 940 1001 Audivimus
984 947 1145 1001 etiam
1188 946 1329 1020 quod
1356 945 1569 1018 quidam
1597 947 1835 1016 erronei,

252 1050 301 1100 et
316 1041 711 1103 consentientes
740 1038 841 1108 eis,
867 1051 920 1096 te
937 1048 993 1097 et
1020 1040 1259 1113 reliquus
1282 1039 1542 1097 infestent
1563 1041 1838 1113 coepisco-

253 1150 342 1208 pos
366 1142 418 1191 et
442 1134 730 1204 episcopos
765 1134 975 1204 aliquos
1000 1134 1483 1207 comprovinciales
1512 1134 1579 1191 ad
1604 1146 1837 1193 vestram

251 1225 641 1283 iufamationem
672 1233 835 1299 atque
861 1225 1263 1284 damnationem
1292 1243 1476 1289 secum
1508 1228 1744 1291 trahant.

314 1318 650 1392 Quapropter
694 1319 749 1375 in
799 1319 899 1377 hac
947 1331 1132 1376 sancta
1174 1320 1305 1378 sede
1346 1316 1548 1379 dudum
1598 1339 1627 1381 a
1656 1324 1841 1381 multis

254 1411 509 1484 episcopis
548 1412 901 1468 constitutum
948 1422 1098 1482 erat,
1127 1421 1181 1469 et
1213 1412 1372 1470 modo
1403 1412 1471 1471 ad
1510 1424 1752 1472 vestrum
1781 1424 1837 1471 et

250 1515 557 1561 cancrorum
590 1501 814 1561 fratrum
845 1504 1105 1561 auxilium
1154 1516 1237 1561 est
1280 1505 1460 1561 denuo
1503 1505 1838 1573 roboratum,

248 1607 300 1654 ut
330 1612 517 1655 omnes
570 1599 832 1670 episcopi,
884 1599 975 1671 qui
1029 1600 1082 1654 in
1132 1598 1453 1671 quibusdam
1502 1600 1841 1672 gravioribus

248 1688 515 1761 pulsantur
542 1690 630 1748 vel
652 1692 1008 1747 criminantur
1030 1693 1225 1758 causis,
1245 1694 1453 1763 quoties
1480 1708 1705 1751 necesse
1726 1692 1841 1751 fue-

249 1783 330 1849 rit,
358 1782 531 1841 libere
578 1784 931 1856 apostolicam
981 1783 1254 1856 appellent
1301 1784 1506 1854 sedem,
1566 1795 1727 1858 atque
1772 1785 1838 1850 ad

248 1891 355 1933 eam
393 1877 550 1955 quasi
590 1875 656 1932 ad
702 1884 929 1932 matrem
980 1875 1311 1946 confugiant,
1356 1886 1411 1932 ut
1453 1876 1523 1933 ab
1568 1892 1631 1939 ea
1677 1874 1839 1953 (sicut
1868 1888 1916 1950 Β

246 1983 446 2044 semper
474 1967 601 2029 fuit)
626 1968 712 2040 pie
737 1967 1046 2033 iuleiantur,
1065 1966 1425 2024 defendamur
1443 1978 1497 2024 et
1516 1968 1836 2031 liberentur.

242 2060 392 2134 Cujus
415 2059 764 2133 dispositioni
792 2072 983 2116 omnes
1021 2059 1255 2131 majores
1283 2061 1680 2119 ecclesiasticas
1710 2077 1839 2120 cau-

240 2167 320 2212 sas
367 2164 421 2211 et
472 2153 857 2228 episcoporum
901 2153 1125 2224 judicia,
1181 2155 1407 2226 antiqua
1466 2154 1838 2228 apostolorum

240 2261 522 2320 summque
581 2262 955 2304 successorum
1016 2254 1178 2319 atque
1227 2262 1494 2304 canonum
1543 2249 1838 2307 auctoritas

238 2342 563 2407 reservavit,
599 2340 851 2412 quoniam
881 2339 1095 2411 quando
1125 2340 1410 2413 culpantur
1437 2342 1712 2417 episcopi,
1745 2343 1837 2419 qui

237 2435 382 2491 aliter
400 2449 534 2506 erga
563 2434 757 2490 fratres
783 2434 1023 2505 egerint,
1054 2448 1215 2505 quant
1245 2433 1485 2505 ejusdem
1514 2434 1661 2493 sedis
1683 2451 1837 2508 papte

232 2526 337 2584 fieri
353 2526 640 2599 placuerit.
664 2524 815 2584 Unde
833 2526 1119 2598 placuit,ut
1142 2537 1424 2602 accusatus
1441 2528 1526 2585 vel
1552 2528 1829 2600 judicatus

234 2638 259 2677 a
282 2622 830 2696 comprovincialibus
854 2621 904 2677 itt
929 2622 1104 2694 aliqua
1136 2637 1294 2681 causa
1327 2624 1635 2697 episcopus,
1670 2625 1837 2681 licen-

233 2728 306 2774 ter
340 2717 586 2790 appellet
617 2727 670 2773 et
700 2716 861 2773 adeat
890 2717 1202 2791 apostolica:
1231 2717 1375 2774 sedis
1427 2716 1611 2786 (Cone.
1646 2718 1831 2788 Sard.,

232 2811 416 2877 cond,
448 2813 513 2880 5,
546 2808 620 2883 7)
668 2811 999 2884 poutiticem.
1043 2811 1144 2880 Qui
1193 2822 1286 2868 aut
1333 2827 1426 2883 per
1469 2827 1567 2883 se,
1616 2824 1709 2869 aut
1740 2829 1836 2891 per

230 2905 446 2962 vicarios
472 2920 632 2973 suos,
662 2905 907 2976 ejusdem
937 2907 1215 2962 retractari
1242 2906 1514 2980 negotium
1549 2919 1821 2979 procuret.

229 2996 291 3054 Et
323 2997 447 3055 dum
492 2998 697 3056 iterato
720 2998 926 3070 judicio
967 2999 1207 3070 pontifex
1245 3015 1459 3057 causam
1510 3017 1661 3057 suam
1701 3002 1831 3074 agit,

230 3095 394 3154 nullus
432 3094 581 3154 alius
625 3097 677 3152 in
733 3096 848 3169 ejus
896 3098 1011 3153 loco
1044 3109 1272 3170 ponatur
1298 3110 1389 3156 aut
1415 3100 1696 3161 ordinetur
1720 3104 1836 3175 epi-

228 3204 465 3264 scopus;
520 3191 772 3264 quoniam
821 3208 1148 3266 quamquam
1201 3210 1228 3248 a
1290 3196 1832 3266 comprovincialibus

1940 574 2122 649 (Sap.,
2154 574 2241 649 ll),
2270 585 2397 631 sunt
2420 591 2633 649 semper
2654 578 2794 634 oculi
2829 578 3017 650 vigiles
3044 580 3109 636 ad
3139 581 3348 641 animas
3370 583 3547 644 homi-

1939 681 2064 722 num
2091 667 2515 740 illaqueandum,
2548 671 2854 744 multosque
2901 688 2996 728 sua
3038 673 3307 745 pravitate
3360 691 3545 745 secum

1938 761 1994 816 in
2024 761 2629 837 perditionemtrahere
2674 766 2857 837 cupit,
2905 767 2993 840 qui
3042 778 3232 841 suapte
3267 770 3470 833 malitia
3514 788 3546 837 a

1938 858 2107 931 gloria
2155 859 2341 932 lapsus
2366 860 2524 916 estin
2560 860 2858 921 miseriam.
2891 864 2945 918 in
2970 863 3083 919 sola
3114 880 3246 936 ergo
3274 864 3548 925 Creatoris

1940 951 2111 1006 nostri
2145 954 2478 1023 protectione
2517 952 2787 1008 iidcndum
2818 962 2920 1023 est,
2950 955 3033 1009 cui
3065 970 3132 1010 ex
3160 955 3354 1014 intimo
3380 958 3545 1016 corde

1942 1044 2234 1102 clamamus
2267 1066 2279 1102 :
2326 1037 2447 1103 Esto
2479 1048 2601 1103 mihi
2633 1047 2684 1102 in
2714 1047 2879 1105 Deum
2918 1060 3251 1119 protectorem
3278 1062 3324 1109 et
3364 1054 3419 1109 in
3466 1055 3545 1112 lo-

1942 1155 2056 1194 cum
2083 1141 2351 1207 munitum,
2388 1150 2442 1193 ut
2482 1140 2676 1196 salvum
2706 1159 2784 1196 me
2809 1144 2973 1215 facias
2995 1142 3165 1215 (I’sal.
3186 1161 3291 1201 xxx
3317 1155 3365 1202 el
3391 1148 3546 1219 LXX).

1945 1233 2075 1288 Data
2120 1230 2229 1286 kal.
2272 1233 2596 1305 septembris
2644 1232 2721 1309 (1)
2768 1235 3053 1301 Valeriano
3099 1246 3154 1297 et
3203 1238 3383 1308 Decio,
3417 1239 3547 1306 viris

1944 1323 2257 1384 clarissimis
2280 1327 2613 1384 consulibus.

2527 1511 2862 1570 EPISTOLA
2903 1513 2965 1570 II.

1945 1666 2334 1710 suounsnruu.
2364 1679 2437 1693 —-
2456 1650 2497 1705 1.
2532 1649 2595 1706 Si
2619 1652 2734 1723 quis
2759 1651 3000 1708 adversus
3023 1653 3287 1726 episcopos
3313 1653 3391 1710 uel
3411 1664 3551 1711 acto.

2015 1763 2098 1802 res
2128 1744 2372 1801 Ecclesiw
2390 1759 2597 1799 causam
2622 1743 2874 1811 habuerit,
2901 1744 3015 1815 quis
3034 1760 3088 1800 se
3107 1754 3263 1816 geret.

1944 1841 2011 1898 ll.
2041 1843 2119 1897 De
2136 1844 2390 1914 episcopis
2406 1841 2555 1898 rebus
2576 1843 2869 1913 expoliatis,
2900 1850 2988 1895 aut
3015 1859 3047 1896 a
3075 1840 3195 1896 sede
3222 1841 3404 1912 pulsis.

1943 1936 2031 1995 Ill.
2058 1937 2128 1994 Ut
2153 1938 2326 1994 nullus
2355 1938 2627 2009 episcopus
2650 1937 2861 1993 alterius
2901 1936 3274 2009 parochianum
3315 1937 3549 2004 retineat,

2016 2033 2237 2097 ordinet,
2256 2033 2335 2088 vel
2348 2032 2565 2105 judicet.

1943 2126 2038 2184 ιν.
2064 2126 2141 2183 De
2168 2127 2421 2201 episcopis
2448 2126 2639 2198 injuste
2667 2125 2946 2193 damnatis,
2987 2134 3033 2179 et
3062 2124 3346 2195 apostolica
3373 2122 3551 2182 aucto-‘-

2014 2222 2170 2276 ritate
2189 2221 2453 2276 restitutis.

1944 2316 2011 2373 V.
2033 2316 2186 2385 Quod
2207 2314 2633 2371 excommunicati
2653 2315 2918 2385 episcopos
2934 2326 3178 2368 accusare
3197 2328 3300 2367 non
3316 2319 3549 2384 possunt,

2013 2427 2108 2466 nec
2131 2410 2213 2466 illi
2239 2410 2328 2482 qni
2354 2424 2437 2464 eos
2465 2410 2522 2464 in
2544 2424 2638 2463 sua
2665 2423 2767 2462 non
2792 2406 3044 2475 recipiunt
3073 2404 3413 2474 accusatione,
3458 2414 3553 2461 nec

2014 2504 2181 2573 major
2212 2519 2244 2557 a
2270 2501 2456 2556 minori
2475 2500 2725 2573 judicari,
2753 2499 2831 2554 vel
2861 2498 3116 2553 damnari.

1944 2660 2304 2717 Dilectissimis
2333 2658 2582 2731 fratribus
2609 2675 2702 2731 per
2720 2642 3094 2730 Hispaniarum
3124 2660 3547 2730 prouinciascau-

2016 2754 2224 2822 stitutis,
2259 2752 2442 2817 Simius
2483 2754 2754 2823 episcopus
2794 2752 2846 2806 in
2890 2750 3109 2809 Domino
3146 2752 3382 2809 salutem.

2013 2914 2206 2988 Magno
2259 2928 2482 2971 munere
2532 2912 2619 2986 (ς.
2661 2910 2787 2979 Leo,
2830 2886 3000 2984 Epist.
3034 2911 3129 2984 54)
3157 2904 3549 2968 misericordia:

1944 3010 2062 3080 Dei,
2095 3008 2258 3065 totius
2287 3006 2547 3065 Ecclesia:
2566 3006 2862 3062 Catholica:
2890 3004 3243 3076 multiplicata
3269 3011 3397 3064 sunt
3415 3020 3549 3075 gau-

1940 3102 2051 3171 dia,
2094 3117 2216 3157 cum
2266 3101 2620 3158 ecclesiarum
2668 3105 2839 3155 status
2882 3112 2949 3154 eo
2994 3097 3135 3171 viget
3177 3096 3391 3163 ordine,
3440 3111 3547 3170 quo

1938 3195 2198 3268 apostoli,
2231 3210 2532 3266 eorumque
2560 3208 2908 3250 successores
2935 3191 3086 3249 illum
3119 3201 3444 3249 statuerunt.
3481 3190 3547 3248 Et

229 3283 484 3356 episcopis
532 3285 770 3340 accusati
822 3300 1040 3341 causam
1084 3286 1352 3356 pontiﬁcis
1382 3289 1608 3343 scrutari
1648 3287 1828 3359 liceat,
1858 3288 1903 3351 C
1937 3306 2062 3347 cum
2095 3290 2301 3362 antiqui
2332 3290 2503 3345 ltostis
2531 3288 2726 3344 astutia
2757 3304 2878 3344 eum
2911 3287 3111 3347 turbari
3143 3286 3542 3358 cognoscimus,

229 3391 325 3433 non
374 3387 558 3434 tamen
608 3377 857 3446 deliniri,
914 3378 1216 3435 inconsulto
1277 3396 1501 3437 romano
1541 3381 1828 3455 pontiﬁce,

228 3471 541 3542 permissum
567 3481 676 3540 est,
708 3487 828 3527 cum
852 3471 1013 3528 beato
1049 3471 1209 3529 Petro
1234 3473 1480 3545 apostolo
1505 3492 1609 3529 non
1638 3476 1705 3532 ab
1727 3476 1833 3533 alio

228 3579 374 3635 quam
414 3566 485 3621 ab
518 3565 643 3638 ipso
676 3563 880 3621 dictum
912 3566 979 3620 sit
1013 3566 1236 3621 Domino
1268 3585 1280 3620 :
1316 3568 1661 3642 Quaecumque
1700 3570 1833 3641 liga-

225 3660 344 3716 veris
368 3677 529 3735 super
558 3670 769 3724 terram,
790 3670 937 3715 erunt
967 3660 1126 3733 ligata
1152 3673 1199 3716 et
1226 3663 1277 3716 in
1301 3664 1427 3718 caelo
1460 3680 1477 3720 :
1504 3673 1552 3719 et
1574 3667 1830 3735 quierunt;

227 3768 313 3824 que
359 3753 578 3809 solveris
636 3770 790 3825 super
836 3764 1045 3822 (errant,
1106 3765 1254 3809 erunt
1306 3755 1474 3811 soluta
1517 3766 1564 3811 et
1607 3758 1663 3823 in
1706 3759 1833 3814 caelo

228 3843 460 3917 (Hattlt.,
491 3858 585 3902 xvi
618 3855 666 3901 ct
696 3846 869 3922 xvttt).
929 3846 996 3902 Et
1026 3847 1070 3902 si
1099 3849 1220 3919 quis
1254 3850 1521 3921 putaverit
1550 3865 1609 3908 se
1636 3867 1667 3906 a
1700 3867 1829 3925 pro-

222 3940 333 4011 prio
353 3941 784 4013 metropolitano
800 3942 1037 4013 gravari,
1063 3940 1201 4013 apud
1226 3942 1510 4014 primatem
1532 3943 1833 4011 diteceseos

225 4032 439 4107 (Hadr.,
475 4036 631 4103 coll.,
655 4053 702 4092 c.
735 4036 813 4108 6),
844 4046 935 4092 aut
961 4052 1131 4109 penes
1173 4037 1489 4094 universalis
1520 4039 1832 4110 apostolicm

220 4128 461 4186 ecclesia:
481 4144 679 4202 papam
693 4128 983 4201 judicetur.
1003 4130 1089 4183 Ait
1110 4131 1250 4185 enim
1268 4128 1501 4192 Jacobus
1521 4131 1827 4203 apostolus:

219 4219 485 4277 Iudicium
514 4221 628 4276 sine
652 4220 997 4277 misericordia
1024 4221 1103 4276 illi
1129 4223 1236 4292 lict,
1264 4221 1349 4291 qui
1384 4239 1485 4278 non
1515 4223 1637 4303 fecit
1676 4222 1829 4279 mise-

220 4312 518 4369 ricordiam.
579 4313 951 4387 Superextoliit
982 4323 1150 4368 (autem
1193 4315 1596 4370 misericordiam
1628 4315 1833 4388 judicio

223 4404 401 4464 Iacob.
459 4408 526 4464 ln
574 4407 828 4463 omnibus
881 4423 1008 4479 ergo
1054 4407 1139 4480 (S.
1187 4406 1366 4481 Greg.,
1418 4407 1568 4482 epist.
1614 4409 1708 4479 45,
1740 4408 1828 4465 lib.

219 4496 361 4572 vni),
427 4499 509 4555 liii
554 4498 895 4565 citatissime,
949 4515 1043 4554 cor
1093 4500 1325 4567 custodi,
1383 4500 1525 4556 sicut
1571 4502 1831 4572 scriptum

218 4606 289 4653 est
318 4613 333 4651 :
366 4596 535 4652 Omni
561 4597 796 4650 custodia
822 4596 1022 4650 custodi
1049 4612 1139 4651 cor
1170 4598 1471 4665 tuutn,quia
1499 4613 1562 4652 ea:
1590 4597 1703 4669 ipso
1732 4597 1834 4652 vita

220 4690 443 4758 procedit
491 4688 765 4763 (Proverb.
801 4692 898 4760 tv).
932 4688 1055 4745 llarc
1104 4687 1342 4744 breviter
1372 4704 1470 4760 pro
1496 4704 1828 4749 commemo—
1857 4686 1910 4748 D

218 4780 422 4839 ratione
451 4780 714 4853 rescripsi
749 4798 762 4834 :
806 4780 900 4836 sed
935 4790 1057 4852 peto
1090 4789 1146 4835 ut
1174 4796 1270 4855 pro
1297 4795 1383 4835 me
1412 4795 1569 4836 orare
1594 4780 1828 4851 debeas,

218 4885 483 4948 quatenus
525 4877 868 4946 omnipotens
905 4874 1046 4931 Deus
1089 4884 1144 4931 et
1169 4890 1197 4926 τι
1228 4872 1478 4945 malignis
1510 4889 1597 4935 me
1625 4873 1840 4945 apiriti-

218 4966 331 5039 bus,
361 4979 418 5029 et
476 4983 507 5021 a
556 4968 828 5039 perversis
876 4965 1184 5022 ltominibus
1232 4964 1507 5021 custodire
1550 4964 1828 5035 dignetur;

219 5062 333 5135 quia
360 5064 417 5121 itt
450 5063 562 5118 hac
590 5062 716 5118 vita:
747 5078 880 5118 mete
910 5062 1341 5135 peregrinatione
1367 5062 1504 5118 mala
1546 5077 1634 5119 me
1672 5061 1834 5123 simul

218 5164 269 5212 et
290 5152 458 5214 multa
475 5154 837 5219 circumdant,
861 5154 930 5209 ita
957 5162 1015 5210 ut
1036 5170 1156 5209 cum
1185 5153 1466 5211 Psalmista
1485 5152 1827 5225 juredicam:

220 5246 284 5307 In
309 5266 390 5306 me
423 5248 751 5304 transierunt
792 5249 885 5302 ira:
915 5257 1044 5319 ture,
1075 5256 1122 5309 et
1152 5256 1368 5305 terrores
1396 5247 1473 5303 tui
1498 5244 1833 5307 conturbave~

220 5352 332 5399 runt
356 5360 462 5399 me.
514 5338 973 5397 Circumdederunt
1020 5357 1098 5397 me
1122 5341 1250 5395 sicut
1300 5357 1433 5419 aqua
1461 5350 1565 5399 tota
1605 5340 1707 5410 dic,
1735 5341 1836 5399 cir-

223 5435 598 5491 cumdederunt
641 5451 721 5493 me
773 5432 929 5489 simul
986 5432 1207 5506 (Psalut.
1267 5434 1529 5507 Lxxxvu).
1585 5433 1834 5497 Cmiestis

224 5529 389 5601 gratia
417 5536 482 5585 et
509 5540 611 5583 nos
640 5528 692 5582 in
726 5526 968 5595 urbibus,
997 5536 1050 5587 et
1071 5543 1168 5585 vos
1190 5527 1389 5600 ubique
1413 5536 1676 5603 protegat,
1706 5529 1831 5607 quia

226 5621 486 5692 antiquus
505 5616 686 5677 hostis
710 5628 973 5674 terrarum
996 5618 1128 5674 locis
1148 5634 1179 5674 a
1200 5620 1491 5675 tentatione
1520 5635 1624 5679 non
1653 5620 1832 5675 exclu-

227 5710 411 5770 ditur:
443 5712 577 5785 quia
614 5712 659 5767 si
694 5711 747 5767 in
780 5710 1031 5785 paradiso
1057 5710 1330 5769 hominem
1380 5712 1569 5769 stravit
1598 5711 1831 5784 (Genes.,

229 5806 329 5877 tu),
353 5806 482 5877 quis
509 5805 659 5861 locus
688 5790 840 5861 extra
884 5804 1191 5876 paradisum
1241 5819 1364 5860 esse
1410 5813 1617 5875 potest,
1649 5805 1701 5860 in
1730 5822 1837 5876 quo

234 5912 445 5960 utentes
476 5899 760 5957 hominum
788 5908 1071 5973 penetrare
1085 5913 1190 5957 non
1219 5898 1425 5957 valeat?
1448 5897 1666 5971 Antiqui
1692 5897 1836 5959 enim

1939 3399 2047 3440 non
2082 3383 2296 3439 modico
2316 3386 2700 3439 contristamur
2723 3397 2978 3440 maerore.
3006 3383 3179 3450 Quam
3207 3379 3278 3436 ob
3302 3393 3544 3457 causam,

1936 3479 2156 3546 fratres,
2190 3477 2471 3533 hortamur
2499 3492 2616 3544 vos,
2649 3490 2932 3536 mouemus
2977 3484 3033 3531 et
3072 3472 3397 3546 ﬂagitamus,
3432 3481 3547 3528 uta

1939 3569 2493 3642 tramiteapustniicte
2509 3568 2872 3625 institutionis
2893 3583 3228 3641 nequaquam
3253 3567 3544 3641 recedatis,

1936 3679 2040 3722 nec
2065 3679 2095 3719 ιι
2121 3664 2302 3735 capite
2333 3661 2660 3729 dissidentis,
2690 3660 2786 3718 sed
2821 3661 2983 3718 tidem
3003 3670 3058 3719 et
3087 3660 3355 3729 ordinem,
3383 3674 3545 3733 quem

1937 3758 2172 3832 apostoli
2198 3768 2254 3815 et
2288 3757 2570 3831 apostolici
2602 3754 2702 3813 viri
2732 3764 3036 3813 statuerunt
3072 3753 3279 3826 absque
3333 3752 3547 3813 haesita-

1938 3853 2087 3911 tione
2116 3853 2367 3909 teneatis.
2412 3850 2547 3908 Nam
2577 3851 2622 3907 si
2653 3851 2917 3909 columnae
2948 3846 3177 3920 alicujus
3204 3861 3412 3923 magnae
3448 3844 3545 3902 do-

1937 3962 2061 4007 mus
2085 3946 2415 4015 corrueriut,
2468 3943 2583 4018 ipsa
2629 3956 2818 4016 postea
2867 3944 3062 4000 domus
3094 3942 3315 3999 minime
3356 3938 3541 4001 stabit.

1939 4040 2030 4097 Sic
2057 4048 2113 4095 et
2136 4055 2257 4109 vos,
2288 4041 2378 4117 qui
2407 4039 2677 4095 columnae
2705 4038 2955 4095 ecclesia:
2979 4035 3130 4101 estis.
3161 4034 3207 4095 si
3232 4032 3545 4094 labefactari

1937 4132 2236 4207 cmperitis,
2284 4140 2471 4189 sancta
2501 4132 2767 4201 Ecclesia,
2800 4145 2922 4204 qua:
2950 4144 3046 4203 per
3084 4144 3181 4186 vos
3207 4128 3429 4203 regitur,
3460 4136 3542 4183 ta-

1938 4227 2128 4291 bescet
2171 4236 2225 4286 et
2266 4228 2502 4285 labetur.
2532 4227 2680 4296 H3130,
2722 4226 2939 4293 fratres,
2981 4240 3099 4299 qua:
3126 4223 3255 4294 duo,
3288 4223 3448 4281 valde
3478 4221 3543 4285 ti-

1937 4325 2133 4387 menda
2163 4335 2309 4397 sunt,
2334 4333 2390 4381 et
2414 4338 2630 4380 summo
2657 4321 3027 4380 moderamine
3052 4317 3351 4394 pensanda,
3382 4328 3544 4392 atque

1938 4439 2008 4480 ne
2057 4421 2209 4486 (iant.
2242 4416 2507 4477 cavenda.
2561 4416 2685 4491 Ipsa
2729 4416 2872 4477 enim
2917 4416 3120 4473 veritas
3148 4432 3246 4489 per
3275 4430 3337 4472 se
3362 4412 3542 4475 dixit:

1948 4515 2050 4573 Vos
2073 4515 2194 4575 estis
2213 4514 2292 4570 sal
2319 4522 2505 4569 terra:
2534 4510 2673 4585 quod
2703 4510 2748 4567 si
2772 4509 2851 4567 sal
2879 4509 3161 4577 euanuerit,
3193 4509 3247 4563 in
3273 4523 3372 4579 quo
3393 4507 3544 4563 salieo

1939 4608 2062 4667 tur?
2103 4617 2205 4664 etc.
2237 4604 2477 4680 (Martia,
2511 4619 2580 4671 v;
2613 4603 2790 4672 Rom,
2824 4602 2896 4673 ι).
2922 4600 3046 4665 Ideo
3073 4615 3191 4669 vos,
3218 4599 3540 4677 cbarissimi,

1938 4717 2155 4765 moneo,
2184 4699 2308 4771 quia
2339 4698 2492 4755 vobis
2522 4697 2738 4755 debitor
2761 4712 2903 4763 sum,
2953 4706 3009 4753 et
3042 4694 3201 4752 valde
3230 4710 3328 4752 vos
3354 4694 3545 4767 diligo.

1938 4796 2008 4853 Et
2035 4795 2251 4877 quando
2282 4793 2423 4850 bona
2470 4792 2632 4848 audio
2662 4791 2731 4847 de
2759 4791 2935 4861 vobis,
2987 4790 3333 4863 congratuior
3361 4788 3495 4845 satis
3528 4798 3543 4844 ξ

1938 4899 1992 4948 et
2021 4898 2276 4956 econtra,
2304 4887 2519 4962 quando
2567 4886 2822 4954 adversa,
2856 4886 3020 4944 nimis
3066 4885 3383 4945 conturbor.
3432 4885 3546 4957 Ego

1939 5000 2069 5043 vero
2093 4983 2338 5059 quamvis
2387 4999 2418 5041 a
2466 4981 2617 5043 vobis
2648 4997 2744 5055 per
2775 4981 2931 5054 longa
2963 4990 3230 5043 terrarum
3262 4980 3545 5038 intervalla

1938 5076 2244 5150 disjuuctus
2273 5077 2398 5146 sim,
2442 5091 2560 5135 sum
2590 5083 2774 5133 tamen
2805 5075 3027 5133 omnino
3059 5075 3336 5135 vobiscum
3378 5071 3544 5133 corde

1936 5171 2254 5245 conjunctus
2272 5170 2362 5245 (S.
2380 5169 2537 5242 Greg.
2551 5171 2702 5243 epist.
2726 5167 2817 5240 56,
2843 5168 2960 5225 libri
2977 5169 3076 5241 tv).
3094 5166 3330 5241 Ideoque
3356 5165 3424 5222 de
3444 5179 3541 5223 ve-

1938 5275 2051 5329 stra
2080 5264 2412 5323 beatitudine
2430 5279 2558 5336 erga
2579 5279 2667 5321 me
2682 5263 2858 5327 modis
2887 5261 3137 5323 munibus
3164 5259 3400 5328 confido,
3417 5258 3545 5330 quia

1939 5376 2061 5433 cum
2083 5375 2173 5418 me
2193 5359 2431 5423 vicissim
2455 5358 2697 5431 diligitis,
2730 5374 2760 5419 a
2781 5373 2869 5416 me
2897 5357 3054 5430 longe
3074 5372 3181 5421 non
3208 5356 3359 5413 estis.
3392 5353 3545 5413 Unde

1942 5454 2115 5527 magis
2155 5454 2359 5527 gratias
2404 5452 2690 5513 referimus
2720 5452 2799 5513 illi
2840 5466 3008 5527 grano
3034 5449 3236 5529 sinapis
3291 5448 3544 5527 (Merlin,

1938 5564 2069 5616 xm;
2100 5544 2295 5616 illam,
2327 5562 2416 5619 tv;
2451 5546 2605 5617 Luc.,
2639 5548 2780 5623 xm),
2813 5546 2955 5623 quod
2982 5560 3047 5602 ex
3074 5542 3275 5609 modici
3300 5542 3548 5619 despica-

1938 5641 2172 5716 bilisque
2220 5640 2445 5703 seminis
2487 5641 2693 5715 specie,
2741 5641 2814 5703 ita
2854 5638 3021 5705 ramis
3047 5654 3114 5696 ex
3143 5637 3333 5696 eadem
3362 5638 3543 5697 radice

1939 5738 2303 5813 surgentibus,
2353 5746 2516 5817 atque
2559 5751 2621 5799 se
2659 5734 3111 5807 distendentibus,
3159 5750 3544 5811 usquequaque

1942 5913 1969 5981 ὲ
2031 5893 2111 5972 (l)
2137 5894 2299 5956 Falsa
2326 5893 2658 5969 temporibus
2677 5900 2824 5956 nota.
2852 5962 2863 5972 ,
