  <div class='ocr_page' id='page_1' title='image "/cluster/home/n/w/nwhite01/storage/ocr_20150623/5/hvd.32044015466758/049.png"; bbox 0 0 3994 6318; ppageno 0'>
   <div class='ocr_carea' id='block_1_1' title="bbox 416 295 477 349">
    <p class='ocr_par' dir='ltr' id='par_1_1' title="bbox 416 295 477 349">
     <span class='ocr_line' id='line_1_1' title="bbox 416 295 477 349; baseline 0.066 -4"><span class='ocrx_word' id='word_1_1' title='bbox 416 295 477 349; x_wconf 66' lang='grc' dir='ltr'><strong>5ξῖ</strong></span> 
     </span>
    </p>
   </div>
   <div class='ocr_carea' id='block_1_2' title="bbox 454 289 3724 351">
    <p class='ocr_par' dir='ltr' id='par_1_2' title="bbox 454 289 3724 351">
     <span class='ocr_line' id='line_1_2' title="bbox 454 289 3724 351; baseline -0 -2"><span class='ocrx_word' id='word_1_2' title='bbox 454 294 485 349; x_wconf 86' lang='grc'>7</span> <span class='ocrx_word' id='word_1_3' title='bbox 1459 290 1634 346; x_wconf 77' lang='lat' dir='ltr'><strong>SlX&#39;l‘l</strong></span> <span class='ocrx_word' id='word_1_4' title='bbox 1677 291 1880 348; x_wconf 76' lang='lat' dir='ltr'><strong>PAP/E</strong></span> <span class='ocrx_word' id='word_1_5' title='bbox 1922 291 1961 347; x_wconf 87' lang='lat' dir='ltr'><strong>ll</strong></span> <span class='ocrx_word' id='word_1_6' title='bbox 2009 289 2364 350; x_wconf 65' lang='lat' dir='ltr'><strong>EPISTOLE</strong></span> <span class='ocrx_word' id='word_1_7' title='bbox 2406 291 2655 351; x_wconf 53' lang='lat' dir='ltr'><strong>DUBHZ.</strong></span> <span class='ocrx_word' id='word_1_8' title='bbox 3659 294 3724 349; x_wconf 79' lang='lat'><strong>88</strong></span> 
     </span>
    </p>
   </div>
   <div class='ocr_carea' id='block_1_3' title="bbox 417 408 3727 484">
    <p class='ocr_par' dir='ltr' id='par_1_3' title="bbox 417 408 3727 484">
     <span class='ocr_line' id='line_1_3' title="bbox 417 408 3727 484; baseline 0 -18"><span class='ocrx_word' id='word_1_9' title='bbox 417 412 674 468; x_wconf 81' lang='lat' dir='ltr'><strong>tlilfusum</strong></span> <span class='ocrx_word' id='word_1_10' title='bbox 699 420 804 479; x_wconf 90' lang='lat' dir='ltr'><strong>est,</strong></span> <span class='ocrx_word' id='word_1_11' title='bbox 837 420 892 466; x_wconf 92' lang='lat' dir='ltr'><strong>ut</strong></span> <span class='ocrx_word' id='word_1_12' title='bbox 919 411 968 466; x_wconf 92' lang='lat' dir='ltr'><strong>in</strong></span> <span class='ocrx_word' id='word_1_13' title='bbox 999 410 1078 465; x_wconf 88' lang='lat' dir='ltr'><strong>eis</strong></span> <span class='ocrx_word' id='word_1_14' title='bbox 1107 408 1345 464; x_wconf 73' lang='lat' dir='ltr'><strong>volatilia</strong></span> <span class='ocrx_word' id='word_1_15' title='bbox 1374 409 1705 465; x_wconf 76' lang='lat' dir='ltr'><strong>cmlieuncta</strong></span> <span class='ocrx_word' id='word_1_16' title='bbox 1739 409 2014 466; x_wconf 86' lang='lat' dir='ltr'><strong>nidilicent</strong></span> <span class='ocrx_word' id='word_1_17' title='bbox 2043 413 2093 471; x_wconf 80' lang='grc' dir='ltr'><strong>Λ</strong></span> <span class='ocrx_word' id='word_1_18' title='bbox 2119 411 2254 465; x_wconf 78' lang='lat' dir='ltr'><strong>venit</strong></span> <span class='ocrx_word' id='word_1_19' title='bbox 2286 410 2528 480; x_wconf 81' lang='lat' dir='ltr'><strong>(Matth.,</strong></span> <span class='ocrx_word' id='word_1_20' title='bbox 2557 409 2732 482; x_wconf 82' lang='lat' dir='ltr'><strong>xvtu).</strong></span> <span class='ocrx_word' id='word_1_21' title='bbox 2787 409 2854 466; x_wconf 85' lang='lat' dir='ltr'><strong>Et</strong></span> <span class='ocrx_word' id='word_1_22' title='bbox 2897 423 3222 484; x_wconf 88' lang='lat' dir='ltr'><strong>quamquam</strong></span> <span class='ocrx_word' id='word_1_23' title='bbox 3257 409 3400 480; x_wconf 83' lang='lat' dir='ltr'><strong>juxta</strong></span> <span class='ocrx_word' id='word_1_24' title='bbox 3428 409 3727 468; x_wconf 87' lang='lat' dir='ltr'><strong>Salvatoris</strong></span> 
     </span>
    </p>
   </div>
   <div class='ocr_carea' id='block_1_4' title="bbox 423 502 2025 576">
    <p class='ocr_par' dir='ltr' id='par_1_4' title="bbox 423 502 2025 576">
     <span class='ocr_line' id='line_1_4' title="bbox 423 502 2025 576; baseline 0.003 -21"><span class='ocrx_word' id='word_1_25' title='bbox 423 505 665 576; x_wconf 61' lang='lat' dir='ltr'><strong>(.llatt/u,</strong></span> <span class='ocrx_word' id='word_1_26' title='bbox 695 506 810 576; x_wconf 79' lang='lat' dir='ltr'><strong>xm)</strong></span> <span class='ocrx_word' id='word_1_27' title='bbox 838 525 849 558; x_wconf 91' lang='lat'><strong>:</strong></span> <span class='ocrx_word' id='word_1_28' title='bbox 879 503 1154 575; x_wconf 83' lang='lat' dir='ltr'><strong>gratiaque</strong></span> <span class='ocrx_word' id='word_1_29' title='bbox 1173 503 1243 557; x_wconf 85' lang='lat' dir='ltr'><strong>sit</strong></span> <span class='ocrx_word' id='word_1_30' title='bbox 1268 502 1530 558; x_wconf 76' lang='lat' dir='ltr'><strong>fermento</strong></span> <span class='ocrx_word' id='word_1_31' title='bbox 1559 503 1652 568; x_wconf 91' lang='lat' dir='ltr'><strong>illi,</strong></span> <span class='ocrx_word' id='word_1_32' title='bbox 1681 503 1825 574; x_wconf 88' lang='lat' dir='ltr'><strong>quod</strong></span> <span class='ocrx_word' id='word_1_33' title='bbox 1856 502 2025 560; x_wconf 90' lang='lat' dir='ltr'><strong>tribus</strong></span> 
     </span>
    </p>
   </div>
   <div class='ocr_carea' id='block_1_5' title="bbox 417 595 2022 668">
    <p class='ocr_par' dir='ltr' id='par_1_5' title="bbox 417 595 2022 668">
     <span class='ocr_line' id='line_1_5' title="bbox 417 595 2022 668; baseline 0.001 -18"><span class='ocrx_word' id='word_1_34' title='bbox 417 598 606 652; x_wconf 64' lang='lat' dir='ltr'><strong>farinae</strong></span> <span class='ocrx_word' id='word_1_35' title='bbox 632 598 761 650; x_wconf 90' lang='lat' dir='ltr'><strong>satis</strong></span> <span class='ocrx_word' id='word_1_36' title='bbox 790 596 963 668; x_wconf 88' lang='lat' dir='ltr'><strong>(Luc.,</strong></span> <span class='ocrx_word' id='word_1_37' title='bbox 999 596 1137 665; x_wconf 80' lang='lat' dir='ltr'><strong>xui),</strong></span> <span class='ocrx_word' id='word_1_38' title='bbox 1189 595 1350 649; x_wconf 83' lang='lat' dir='ltr'><strong>tntius</strong></span> <span class='ocrx_word' id='word_1_39' title='bbox 1377 595 1598 650; x_wconf 89' lang='lat' dir='ltr'><strong>humani</strong></span> <span class='ocrx_word' id='word_1_40' title='bbox 1629 597 1843 666; x_wconf 84' lang='lat' dir='ltr'><strong>generis</strong></span> <span class='ocrx_word' id='word_1_41' title='bbox 1879 611 2022 651; x_wconf 86' lang='lat' dir='ltr'><strong>mas-</strong></span> 
     </span>
    </p>
   </div>
   <div class='ocr_carea' id='block_1_6' title="bbox 416 691 2025 762">
    <p class='ocr_par' dir='ltr' id='par_1_6' title="bbox 416 691 2025 762">
     <span class='ocr_line' id='line_1_6' title="bbox 416 691 2025 762; baseline 0.001 -18"><span class='ocrx_word' id='word_1_42' title='bbox 416 705 533 745; x_wconf 82' lang='lat' dir='ltr'><strong>sam</strong></span> <span class='ocrx_word' id='word_1_43' title='bbox 566 691 616 743; x_wconf 87' lang='lat' dir='ltr'><strong>itt</strong></span> <span class='ocrx_word' id='word_1_44' title='bbox 650 691 852 744; x_wconf 85' lang='lat' dir='ltr'><strong>unitate</strong></span> <span class='ocrx_word' id='word_1_45' title='bbox 881 691 1184 762; x_wconf 68' lang='lat' dir='ltr'><strong>conspersit</strong></span> <span class='ocrx_word' id='word_1_46' title='bbox 1238 709 1249 744; x_wconf 91' lang='lat'><strong>:</strong></span> <span class='ocrx_word' id='word_1_47' title='bbox 1300 701 1458 761; x_wconf 82' lang='lat' dir='ltr'><strong>alque</strong></span> <span class='ocrx_word' id='word_1_48' title='bbox 1497 707 1663 760; x_wconf 81' lang='lat' dir='ltr'><strong>parvo</strong></span> <span class='ocrx_word' id='word_1_49' title='bbox 1712 691 1898 762; x_wconf 85' lang='lat' dir='ltr'><strong>lapidi,</strong></span> <span class='ocrx_word' id='word_1_50' title='bbox 1933 691 2025 762; x_wconf 87' lang='lat' dir='ltr'><strong>qui</strong></span> 
     </span>
    </p>
   </div>
   <div class='ocr_carea' id='block_1_7' title="bbox 417 784 2021 854">
    <p class='ocr_par' dir='ltr' id='par_1_7' title="bbox 417 784 2021 854">
     <span class='ocr_line' id='line_1_7' title="bbox 417 784 2021 854; baseline 0.002 -17"><span class='ocrx_word' id='word_1_51' title='bbox 417 785 660 839; x_wconf 86' lang='lat' dir='ltr'><strong>abscisus</strong></span> <span class='ocrx_word' id='word_1_52' title='bbox 679 784 746 838; x_wconf 91' lang='lat' dir='ltr'><strong>de</strong></span> <span class='ocrx_word' id='word_1_53' title='bbox 770 797 950 839; x_wconf 90' lang='lat' dir='ltr'><strong>monte</strong></span> <span class='ocrx_word' id='word_1_54' title='bbox 975 785 1092 839; x_wconf 89' lang='lat' dir='ltr'><strong>sine</strong></span> <span class='ocrx_word' id='word_1_55' title='bbox 1116 784 1383 848; x_wconf 89' lang='lat' dir='ltr'><strong>manibus,</strong></span> <span class='ocrx_word' id='word_1_56' title='bbox 1409 787 1691 854; x_wconf 74' lang='lat' dir='ltr'><strong>occupavit</strong></span> <span class='ocrx_word' id='word_1_57' title='bbox 1719 786 2021 840; x_wconf 90' lang='lat' dir='ltr'><strong>universam</strong></span> 
     </span>
    </p>
   </div>
   <div class='ocr_carea' id='block_1_8' title="bbox 413 876 2019 950">
    <p class='ocr_par' dir='ltr' id='par_1_8' title="bbox 413 876 2019 950">
     <span class='ocr_line' id='line_1_8' title="bbox 413 876 2019 950; baseline 0.001 -19"><span class='ocrx_word' id='word_1_58' title='bbox 413 878 604 932; x_wconf 79' lang='lat' dir='ltr'><strong>faciem</strong></span> <span class='ocrx_word' id='word_1_59' title='bbox 649 878 797 931; x_wconf 92' lang='lat' dir='ltr'><strong>orbis</strong></span> <span class='ocrx_word' id='word_1_60' title='bbox 845 887 1002 932; x_wconf 71' lang='lat' dir='ltr'><strong>terrm</strong></span> <span class='ocrx_word' id='word_1_61' title='bbox 1055 876 1246 950; x_wconf 85' lang='lat' dir='ltr'><strong>(Dan.,</strong></span> <span class='ocrx_word' id='word_1_62' title='bbox 1298 877 1377 947; x_wconf 89' lang='grc' dir='ltr'>ιι).</span> <span class='ocrx_word' id='word_1_63' title='bbox 1413 878 1513 945; x_wconf 87' lang='lat' dir='ltr'><strong>Qui</strong></span> <span class='ocrx_word' id='word_1_64' title='bbox 1545 880 1609 932; x_wconf 87' lang='lat' dir='ltr'><strong>ad</strong></span> <span class='ocrx_word' id='word_1_65' title='bbox 1643 877 1742 933; x_wconf 89' lang='lat' dir='ltr'><strong>hoc</strong></span> <span class='ocrx_word' id='word_1_66' title='bbox 1774 888 2019 933; x_wconf 89' lang='lat' dir='ltr'><strong>naturam</strong></span> 
     </span>
    </p>
   </div>
   <div class='ocr_carea' id='block_1_9' title="bbox 413 971 2020 1039">
    <p class='ocr_par' dir='ltr' id='par_1_9' title="bbox 413 971 2020 1039">
     <span class='ocr_line' id='line_1_9' title="bbox 413 971 2020 1039; baseline 0 -11"><span class='ocrx_word' id='word_1_67' title='bbox 413 985 617 1028; x_wconf 77' lang='lat' dir='ltr'><strong>nosme</strong></span> <span class='ocrx_word' id='word_1_68' title='bbox 662 975 862 1037; x_wconf 84' lang='lat' dir='ltr'><strong>carnis,</strong></span> <span class='ocrx_word' id='word_1_69' title='bbox 913 982 967 1027; x_wconf 94' lang='lat' dir='ltr'><strong>et</strong></span> <span class='ocrx_word' id='word_1_70' title='bbox 997 982 1168 1026; x_wconf 88' lang='lat' dir='ltr'><strong>status</strong></span> <span class='ocrx_word' id='word_1_71' title='bbox 1207 973 1420 1027; x_wconf 85' lang='lat' dir='ltr'><strong>servilis</strong></span> <span class='ocrx_word' id='word_1_72' title='bbox 1449 971 1674 1027; x_wconf 83' lang='lat' dir='ltr'><strong>formam</strong></span> <span class='ocrx_word' id='word_1_73' title='bbox 1717 988 2020 1039; x_wconf 84' lang='lat' dir='ltr'><strong>assumens,</strong></span> 
     </span>
    </p>
   </div>
   <div class='ocr_carea' id='block_1_10' title="bbox 414 1065 2021 1138">
    <p class='ocr_par' dir='ltr' id='par_1_10' title="bbox 414 1065 2021 1138">
     <span class='ocr_line' id='line_1_10' title="bbox 414 1065 2021 1138; baseline 0 -18"><span class='ocrx_word' id='word_1_74' title='bbox 414 1066 693 1122; x_wconf 75' lang='lat' dir='ltr'><strong>humiliter</strong></span> <span class='ocrx_word' id='word_1_75' title='bbox 723 1081 781 1122; x_wconf 88' lang='lat' dir='ltr'><strong>se</strong></span> <span class='ocrx_word' id='word_1_76' title='bbox 811 1082 1198 1138; x_wconf 75' lang='lat' dir='ltr'><strong>usquequaque</strong></span> <span class='ocrx_word' id='word_1_77' title='bbox 1222 1065 1496 1128; x_wconf 82' lang='lat' dir='ltr'><strong>distendit,</strong></span> <span class='ocrx_word' id='word_1_78' title='bbox 1529 1076 1584 1120; x_wconf 87' lang='grc' dir='ltr'><strong>ιιι</strong></span> <span class='ocrx_word' id='word_1_79' title='bbox 1615 1069 1758 1120; x_wconf 90' lang='lat' dir='ltr'><strong>omni</strong></span> <span class='ocrx_word' id='word_1_80' title='bbox 1785 1067 2021 1120; x_wconf 86' lang='lat' dir='ltr'><strong>humano</strong></span> 
     </span>
    </p>
   </div>
   <div class='ocr_carea' id='block_1_11' title="bbox 411 1158 2019 1232">
    <p class='ocr_par' dir='ltr' id='par_1_11' title="bbox 411 1158 2019 1232">
     <span class='ocr_line' id='line_1_11' title="bbox 411 1158 2019 1232; baseline -0.003 -15"><span class='ocrx_word' id='word_1_81' title='bbox 411 1175 610 1232; x_wconf 82' lang='lat' dir='ltr'><strong>genere</strong></span> <span class='ocrx_word' id='word_1_82' title='bbox 663 1161 712 1215; x_wconf 91' lang='lat' dir='ltr'><strong>in</strong></span> <span class='ocrx_word' id='word_1_83' title='bbox 762 1160 1018 1214; x_wconf 90' lang='lat' dir='ltr'><strong>unitatem</strong></span> <span class='ocrx_word' id='word_1_84' title='bbox 1070 1160 1309 1218; x_wconf 89' lang='lat' dir='ltr'><strong>redacto,</strong></span> <span class='ocrx_word' id='word_1_85' title='bbox 1346 1159 1508 1212; x_wconf 91' lang='lat' dir='ltr'><strong>totius</strong></span> <span class='ocrx_word' id='word_1_86' title='bbox 1557 1172 1755 1228; x_wconf 90' lang='lat' dir='ltr'><strong>corpus</strong></span> <span class='ocrx_word' id='word_1_87' title='bbox 1809 1158 2019 1213; x_wconf 92' lang='lat' dir='ltr'><strong>unitum</strong></span> 
     </span>
    </p>
   </div>
   <div class='ocr_carea' id='block_1_12' title="bbox 409 1249 2020 1326">
    <p class='ocr_par' dir='ltr' id='par_1_12' title="bbox 409 1249 2020 1326">
     <span class='ocr_line' id='line_1_12' title="bbox 409 1249 2020 1326; baseline -0.003 -16"><span class='ocrx_word' id='word_1_88' title='bbox 409 1255 698 1326; x_wconf 81' lang='lat' dir='ltr'><strong>perliceret</strong></span> <span class='ocrx_word' id='word_1_89' title='bbox 747 1252 994 1307; x_wconf 75' lang='lat' dir='ltr'><strong>ecclesia:</strong></span> <span class='ocrx_word' id='word_1_90' title='bbox 1050 1269 1063 1304; x_wconf 91' lang='lat'><strong>:</strong></span> <span class='ocrx_word' id='word_1_91' title='bbox 1114 1261 1275 1321; x_wconf 88' lang='lat' dir='ltr'><strong>atque</strong></span> <span class='ocrx_word' id='word_1_92' title='bbox 1305 1251 1374 1304; x_wconf 89' lang='lat' dir='ltr'><strong>ita</strong></span> <span class='ocrx_word' id='word_1_93' title='bbox 1406 1249 1472 1305; x_wconf 92' lang='lat' dir='ltr'><strong>ad</strong></span> <span class='ocrx_word' id='word_1_94' title='bbox 1504 1251 1658 1304; x_wconf 81' lang='lat' dir='ltr'><strong>istius</strong></span> <span class='ocrx_word' id='word_1_95' title='bbox 1687 1251 2020 1322; x_wconf 79' lang='lat' dir='ltr'><strong>compaginis</strong></span> 
     </span>
    </p>
   </div>
   <div class='ocr_carea' id='block_1_13' title="bbox 412 1345 2020 1421">
    <p class='ocr_par' dir='ltr' id='par_1_13' title="bbox 412 1345 2020 1421">
     <span class='ocr_line' id='line_1_13' title="bbox 412 1345 2020 1421; baseline -0.003 -16"><span class='ocrx_word' id='word_1_96' title='bbox 412 1350 709 1421; x_wconf 87' lang='lat' dir='ltr'><strong>pertineret</strong></span> <span class='ocrx_word' id='word_1_97' title='bbox 733 1345 1101 1413; x_wconf 86' lang='lat' dir='ltr'><strong>commodum,</strong></span> <span class='ocrx_word' id='word_1_98' title='bbox 1129 1346 1494 1400; x_wconf 89' lang='lat' dir='ltr'><strong>membrorum</strong></span> <span class='ocrx_word' id='word_1_99' title='bbox 1526 1345 1765 1415; x_wconf 89' lang='lat' dir='ltr'><strong>partialis</strong></span> <span class='ocrx_word' id='word_1_100' title='bbox 1794 1346 1891 1399; x_wconf 83' lang='lat' dir='ltr'><strong>ista</strong></span> <span class='ocrx_word' id='word_1_101' title='bbox 1909 1345 2020 1400; x_wconf 88' lang='lat' dir='ltr'><strong>dis-</strong></span> 
     </span>
    </p>
   </div>
   <div class='ocr_carea' id='block_1_14' title="bbox 412 1439 2015 1510">
    <p class='ocr_par' dir='ltr' id='par_1_14' title="bbox 412 1439 2015 1510">
     <span class='ocr_line' id='line_1_14' title="bbox 412 1439 2015 1510; baseline -0.004 -14"><span class='ocrx_word' id='word_1_102' title='bbox 412 1441 622 1496; x_wconf 86' lang='lat' dir='ltr'><strong>tinctio.</strong></span> <span class='ocrx_word' id='word_1_103' title='bbox 659 1441 810 1496; x_wconf 77' lang='lat' dir='ltr'><strong>[Inde</strong></span> <span class='ocrx_word' id='word_1_104' title='bbox 843 1456 940 1494; x_wconf 89' lang='lat' dir='ltr'><strong>nos</strong></span> <span class='ocrx_word' id='word_1_105' title='bbox 969 1455 1182 1510; x_wconf 89' lang='lat' dir='ltr'><strong>quoque</strong></span> <span class='ocrx_word' id='word_1_106' title='bbox 1211 1455 1237 1491; x_wconf 87' lang='lat' dir='ltr'><strong>a</strong></span> <span class='ocrx_word' id='word_1_107' title='bbox 1273 1439 1427 1493; x_wconf 88' lang='lat' dir='ltr'><strong>vobis</strong></span> <span class='ocrx_word' id='word_1_108' title='bbox 1472 1439 1630 1508; x_wconf 87' lang='lat' dir='ltr'><strong>longe</strong></span> <span class='ocrx_word' id='word_1_109' title='bbox 1673 1454 1778 1491; x_wconf 91' lang='lat' dir='ltr'><strong>non</strong></span> <span class='ocrx_word' id='word_1_110' title='bbox 1809 1452 2015 1503; x_wconf 91' lang='lat' dir='ltr'><strong>sumus,</strong></span> 
     </span>
    </p>
   </div>
   <div class='ocr_carea' id='block_1_15' title="bbox 409 1532 2019 1604">
    <p class='ocr_par' dir='ltr' id='par_1_15' title="bbox 409 1532 2019 1604">
     <span class='ocr_line' id='line_1_15' title="bbox 409 1532 2019 1604; baseline -0.002 -16"><span class='ocrx_word' id='word_1_111' title='bbox 409 1535 532 1604; x_wconf 85' lang='lat' dir='ltr'><strong>quia</strong></span> <span class='ocrx_word' id='word_1_112' title='bbox 568 1535 616 1586; x_wconf 90' lang='lat' dir='ltr'><strong>iu</strong></span> <span class='ocrx_word' id='word_1_113' title='bbox 652 1536 764 1597; x_wconf 87' lang='lat' dir='ltr'><strong>illo,</strong></span> <span class='ocrx_word' id='word_1_114' title='bbox 813 1533 899 1600; x_wconf 87' lang='lat' dir='ltr'><strong>qtti</strong></span> <span class='ocrx_word' id='word_1_115' title='bbox 935 1533 1130 1602; x_wconf 89' lang='lat' dir='ltr'><strong>ubique</strong></span> <span class='ocrx_word' id='word_1_116' title='bbox 1167 1542 1267 1594; x_wconf 84' lang='lat' dir='ltr'><strong>est,</strong></span> <span class='ocrx_word' id='word_1_117' title='bbox 1318 1547 1480 1584; x_wconf 87' lang='lat' dir='ltr'><strong>unum</strong></span> <span class='ocrx_word' id='word_1_118' title='bbox 1525 1545 1732 1584; x_wconf 90' lang='lat' dir='ltr'><strong>sumus.</strong></span> <span class='ocrx_word' id='word_1_119' title='bbox 1785 1532 2019 1601; x_wconf 83' lang='lat' dir='ltr'><strong>Agamus</strong></span> 
     </span>
    </p>
   </div>
   <div class='ocr_carea' id='block_1_16' title="bbox 405 1626 2014 1700">
    <p class='ocr_par' dir='ltr' id='par_1_16' title="bbox 405 1626 2014 1700">
     <span class='ocr_line' id='line_1_16' title="bbox 405 1626 2014 1700; baseline -0.004 -15"><span class='ocrx_word' id='word_1_120' title='bbox 405 1645 536 1700; x_wconf 88' lang='lat' dir='ltr'><strong>ergo</strong></span> <span class='ocrx_word' id='word_1_121' title='bbox 565 1629 611 1683; x_wconf 91' lang='lat' dir='ltr'><strong>ei</strong></span> <span class='ocrx_word' id='word_1_122' title='bbox 644 1630 864 1698; x_wconf 84' lang='lat' dir='ltr'><strong>gratias,</strong></span> <span class='ocrx_word' id='word_1_123' title='bbox 898 1627 988 1697; x_wconf 93' lang='lat' dir='ltr'><strong>qui</strong></span> <span class='ocrx_word' id='word_1_124' title='bbox 1022 1627 1214 1681; x_wconf 80' lang='lat' dir='ltr'><strong>Solutis</strong></span> <span class='ocrx_word' id='word_1_125' title='bbox 1245 1626 1540 1681; x_wconf 88' lang='lat' dir='ltr'><strong>inimicitiis</strong></span> <span class='ocrx_word' id='word_1_126' title='bbox 1582 1627 1634 1679; x_wconf 88' lang='lat' dir='ltr'><strong>in</strong></span> <span class='ocrx_word' id='word_1_127' title='bbox 1683 1640 1849 1680; x_wconf 90' lang='lat' dir='ltr'><strong>carne</strong></span> <span class='ocrx_word' id='word_1_128' title='bbox 1895 1640 2014 1693; x_wconf 86' lang='lat' dir='ltr'><strong>sua,</strong></span> 
     </span>
    </p>
   </div>
   <div class='ocr_carea' id='block_1_17' title="bbox 406 1723 2018 1793">
    <p class='ocr_par' dir='ltr' id='par_1_17' title="bbox 406 1723 2018 1793">
     <span class='ocr_line' id='line_1_17' title="bbox 406 1723 2018 1793; baseline -0.001 -15"><span class='ocrx_word' id='word_1_129' title='bbox 406 1725 532 1780; x_wconf 80' lang='lat' dir='ltr'><strong>fecit</strong></span> <span class='ocrx_word' id='word_1_130' title='bbox 587 1735 643 1777; x_wconf 89' lang='lat' dir='ltr'><strong>ut</strong></span> <span class='ocrx_word' id='word_1_131' title='bbox 691 1725 742 1778; x_wconf 93' lang='lat' dir='ltr'><strong>in</strong></span> <span class='ocrx_word' id='word_1_132' title='bbox 789 1724 933 1777; x_wconf 86' lang='lat' dir='ltr'><strong>omni</strong></span> <span class='ocrx_word' id='word_1_133' title='bbox 982 1723 1113 1777; x_wconf 85' lang='lat' dir='ltr'><strong>orbe</strong></span> <span class='ocrx_word' id='word_1_134' title='bbox 1145 1733 1407 1777; x_wconf 90' lang='lat' dir='ltr'><strong>terrarum</strong></span> <span class='ocrx_word' id='word_1_135' title='bbox 1444 1738 1579 1776; x_wconf 86' lang='lat' dir='ltr'><strong>unus</strong></span> <span class='ocrx_word' id='word_1_136' title='bbox 1611 1731 1754 1777; x_wconf 89' lang='lat' dir='ltr'><strong>esset</strong></span> <span class='ocrx_word' id='word_1_137' title='bbox 1780 1737 1930 1793; x_wconf 82' lang='lat' dir='ltr'><strong>grex,</strong></span> <span class='ocrx_word' id='word_1_138' title='bbox 1964 1731 2018 1777; x_wconf 87' lang='lat' dir='ltr'><strong>et</strong></span> 
     </span>
    </p>
   </div>
   <div class='ocr_carea' id='block_1_18' title="bbox 2129 505 3728 576">
    <p class='ocr_par' dir='ltr' id='par_1_18' title="bbox 2129 505 3728 576">
     <span class='ocr_line' id='line_1_18' title="bbox 2129 505 3728 576; baseline 0 -16"><span class='ocrx_word' id='word_1_139' title='bbox 2129 507 2472 571; x_wconf 87' lang='lat' dir='ltr'><strong>sententiam,</strong></span> <span class='ocrx_word' id='word_1_140' title='bbox 2510 521 2708 560; x_wconf 85' lang='lat' dir='ltr'><strong>necesse</strong></span> <span class='ocrx_word' id='word_1_141' title='bbox 2732 505 2798 560; x_wconf 86' lang='lat' dir='ltr'><strong>sit</strong></span> <span class='ocrx_word' id='word_1_142' title='bbox 2823 507 2991 560; x_wconf 86' lang='lat' dir='ltr'><strong>venire</strong></span> <span class='ocrx_word' id='word_1_143' title='bbox 3015 506 3261 562; x_wconf 84' lang='lat' dir='ltr'><strong>scandala</strong></span> <span class='ocrx_word' id='word_1_144' title='bbox 3289 523 3307 560; x_wconf 90' lang='lat'><strong><em>:</em></strong></span> <span class='ocrx_word' id='word_1_145' title='bbox 3335 522 3410 561; x_wconf 73' lang='lat' dir='ltr'><strong>ea:</strong></span> <span class='ocrx_word' id='word_1_146' title='bbox 3433 516 3599 560; x_wconf 89' lang='lat' dir='ltr'><strong>tamen</strong></span> <span class='ocrx_word' id='word_1_147' title='bbox 3639 521 3728 576; x_wconf 84' lang='lat' dir='ltr'><strong>per</strong></span> 
     </span>
    </p>
   </div>
   <div class='ocr_carea' id='block_1_19' title="bbox 2127 596 3724 669">
    <p class='ocr_par' dir='ltr' id='par_1_19' title="bbox 2127 596 3724 669">
     <span class='ocr_line' id='line_1_19' title="bbox 2127 596 3724 669; baseline 0.004 -21"><span class='ocrx_word' id='word_1_148' title='bbox 2127 613 2273 664; x_wconf 86' lang='lat' dir='ltr'><strong>quem</strong></span> <span class='ocrx_word' id='word_1_149' title='bbox 2295 598 2522 650; x_wconf 82' lang='lat' dir='ltr'><strong>veniunt.</strong></span> <span class='ocrx_word' id='word_1_150' title='bbox 2559 597 2630 651; x_wconf 92' lang='lat' dir='ltr'><strong>De</strong></span> <span class='ocrx_word' id='word_1_151' title='bbox 2659 597 2885 652; x_wconf 90' lang='lat' dir='ltr'><strong>occultis</strong></span> <span class='ocrx_word' id='word_1_152' title='bbox 2907 598 3049 652; x_wconf 90' lang='lat' dir='ltr'><strong>enim</strong></span> <span class='ocrx_word' id='word_1_153' title='bbox 3079 597 3259 654; x_wconf 86' lang='lat' dir='ltr'><strong>cordis</strong></span> <span class='ocrx_word' id='word_1_154' title='bbox 3288 596 3558 669; x_wconf 83' lang='lat' dir='ltr'><strong>(Prosperi</strong></span> <span class='ocrx_word' id='word_1_155' title='bbox 3594 606 3724 654; x_wconf 85' lang='lat' dir='ltr'><strong>sent.</strong></span> 
     </span>
    </p>
   </div>
   <div class='ocr_carea' id='block_1_20' title="bbox 2127 689 3728 763">
    <p class='ocr_par' dir='ltr' id='par_1_20' title="bbox 2127 689 3728 763">
     <span class='ocr_line' id='line_1_20' title="bbox 2127 689 3728 763; baseline 0.002 -20"><span class='ocrx_word' id='word_1_156' title='bbox 2127 689 2218 751; x_wconf 74' lang='grc'>21,</span> <span class='ocrx_word' id='word_1_157' title='bbox 2253 699 2300 744; x_wconf 88' lang='lat' dir='ltr'><strong>et</strong></span> <span class='ocrx_word' id='word_1_158' title='bbox 2329 689 2391 745; x_wconf 87' lang='lat' dir='ltr'><strong>S.</strong></span> <span class='ocrx_word' id='word_1_159' title='bbox 2425 690 2639 761; x_wconf 81' lang='lat' dir='ltr'><strong>August.</strong></span> <span class='ocrx_word' id='word_1_160' title='bbox 2671 691 2722 744; x_wconf 91' lang='lat' dir='ltr'><strong>in</strong></span> <span class='ocrx_word' id='word_1_161' title='bbox 2753 692 2986 746; x_wconf 89' lang='lat' dir='ltr'><strong>eumdem</strong></span> <span class='ocrx_word' id='word_1_162' title='bbox 3018 689 3306 763; x_wconf 84' lang='lat' dir='ltr'><strong>Psalmum)</strong></span> <span class='ocrx_word' id='word_1_163' title='bbox 3335 693 3494 748; x_wconf 89' lang='lat' dir='ltr'><strong>alieni</strong></span> <span class='ocrx_word' id='word_1_164' title='bbox 3523 701 3728 748; x_wconf 84' lang='lat' dir='ltr'><strong>temere</strong></span> 
     </span>
    </p>
   </div>
   <div class='ocr_carea' id='block_1_21' title="bbox 2125 782 3730 855">
    <p class='ocr_par' dir='ltr' id='par_1_21' title="bbox 2125 782 3730 855">
     <span class='ocr_line' id='line_1_21' title="bbox 2125 782 3730 855; baseline 0.004 -19"><span class='ocrx_word' id='word_1_165' title='bbox 2125 782 2388 852; x_wconf 89' lang='lat' dir='ltr'><strong>judicare,</strong></span> <span class='ocrx_word' id='word_1_166' title='bbox 2425 795 2704 853; x_wconf 80' lang='lat' dir='ltr'><strong>peccatum</strong></span> <span class='ocrx_word' id='word_1_167' title='bbox 2732 795 2814 839; x_wconf 90' lang='lat' dir='ltr'><strong>est</strong></span> <span class='ocrx_word' id='word_1_168' title='bbox 2845 803 2858 839; x_wconf 89' lang='lat'><strong>:</strong></span> <span class='ocrx_word' id='word_1_169' title='bbox 2889 795 2943 841; x_wconf 91' lang='lat' dir='ltr'><strong>et</strong></span> <span class='ocrx_word' id='word_1_170' title='bbox 2991 801 3114 842; x_wconf 90' lang='lat' dir='ltr'><strong>eum</strong></span> <span class='ocrx_word' id='word_1_171' title='bbox 3161 787 3316 855; x_wconf 85' lang='lat' dir='ltr'><strong>cujus</strong></span> <span class='ocrx_word' id='word_1_172' title='bbox 3343 801 3446 842; x_wconf 90' lang='lat' dir='ltr'><strong>non</strong></span> <span class='ocrx_word' id='word_1_173' title='bbox 3479 785 3730 842; x_wconf 87' lang='lat' dir='ltr'><strong>videntur</strong></span> 
     </span>
    </p>
   </div>
   <div class='ocr_carea' id='block_1_22' title="bbox 2129 877 3729 950">
    <p class='ocr_par' dir='ltr' id='par_1_22' title="bbox 2129 877 3729 950">
     <span class='ocr_line' id='line_1_22' title="bbox 2129 877 3729 950; baseline 0 -18"><span class='ocrx_word' id='word_1_174' title='bbox 2129 893 2295 948; x_wconf 84' lang='lat' dir='ltr'><strong>Opera</strong></span> <span class='ocrx_word' id='word_1_175' title='bbox 2327 879 2428 933; x_wconf 91' lang='lat' dir='ltr'><strong>nisi</strong></span> <span class='ocrx_word' id='word_1_176' title='bbox 2459 878 2619 943; x_wconf 91' lang='lat' dir='ltr'><strong>bona,</strong></span> <span class='ocrx_word' id='word_1_177' title='bbox 2645 879 2886 950; x_wconf 93' lang='lat' dir='ltr'><strong>iniquum</strong></span> <span class='ocrx_word' id='word_1_178' title='bbox 2916 889 3080 934; x_wconf 80' lang='lat' dir='ltr'><strong>estex</strong></span> <span class='ocrx_word' id='word_1_179' title='bbox 3101 879 3409 950; x_wconf 65' lang='lat' dir='ltr'><strong>suspiciosae</strong></span> <span class='ocrx_word' id='word_1_180' title='bbox 3431 877 3729 950; x_wconf 78' lang='lat' dir='ltr'><strong>reprehen-</strong></span> 
     </span>
    </p>
   </div>
   <div class='ocr_carea' id='block_1_23' title="bbox 2126 972 3728 1045">
    <p class='ocr_par' dir='ltr' id='par_1_23' title="bbox 2126 972 3728 1045">
     <span class='ocr_line' id='line_1_23' title="bbox 2126 972 3728 1045; baseline 0.002 -19"><span class='ocrx_word' id='word_1_181' title='bbox 2126 972 2276 1040; x_wconf 87' lang='lat' dir='ltr'><strong>dere,</strong></span> <span class='ocrx_word' id='word_1_182' title='bbox 2303 987 2425 1028; x_wconf 93' lang='lat' dir='ltr'><strong>cum</strong></span> <span class='ocrx_word' id='word_1_183' title='bbox 2471 989 2682 1040; x_wconf 86' lang='lat' dir='ltr'><strong>eorum,</strong></span> <span class='ocrx_word' id='word_1_184' title='bbox 2713 990 2832 1045; x_wconf 71' lang='lat' dir='ltr'><strong>qum</strong></span> <span class='ocrx_word' id='word_1_185' title='bbox 2865 974 3067 1029; x_wconf 88' lang='lat' dir='ltr'><strong>homini</strong></span> <span class='ocrx_word' id='word_1_186' title='bbox 3101 985 3225 1028; x_wconf 87' lang='lat' dir='ltr'><strong>sunt</strong></span> <span class='ocrx_word' id='word_1_187' title='bbox 3256 975 3546 1044; x_wconf 87' lang='lat' dir='ltr'><strong>incognita,</strong></span> <span class='ocrx_word' id='word_1_188' title='bbox 3579 973 3728 1030; x_wconf 91' lang='lat' dir='ltr'><strong>solus</strong></span> 
     </span>
    </p>
   </div>
   <div class='ocr_carea' id='block_1_24' title="bbox 2130 1063 3728 1136">
    <p class='ocr_par' dir='ltr' id='par_1_24' title="bbox 2130 1063 3728 1136">
     <span class='ocr_line' id='line_1_24' title="bbox 2130 1063 3728 1136; baseline 0.003 -19"><span class='ocrx_word' id='word_1_189' title='bbox 2130 1063 2270 1118; x_wconf 88' lang='lat' dir='ltr'><strong>Deus</strong></span> <span class='ocrx_word' id='word_1_190' title='bbox 2314 1063 2480 1132; x_wconf 84' lang='lat' dir='ltr'><strong>judcx</strong></span> <span class='ocrx_word' id='word_1_191' title='bbox 2513 1065 2582 1119; x_wconf 88' lang='lat' dir='ltr'><strong>sit</strong></span> <span class='ocrx_word' id='word_1_192' title='bbox 2607 1065 2804 1134; x_wconf 85' lang='lat' dir='ltr'><strong>justus,</strong></span> <span class='ocrx_word' id='word_1_193' title='bbox 2836 1067 2924 1136; x_wconf 91' lang='lat' dir='ltr'><strong>qui</strong></span> <span class='ocrx_word' id='word_1_194' title='bbox 2959 1065 3231 1136; x_wconf 81' lang='lat' dir='ltr'><strong>inspector</strong></span> <span class='ocrx_word' id='word_1_195' title='bbox 3255 1076 3338 1123; x_wconf 89' lang='lat' dir='ltr'><strong>est</strong></span> <span class='ocrx_word' id='word_1_196' title='bbox 3365 1081 3542 1122; x_wconf 89' lang='lat' dir='ltr'><strong>verus.</strong></span> <span class='ocrx_word' id='word_1_197' title='bbox 3579 1064 3728 1122; x_wconf 87' lang='lat' dir='ltr'><strong>Unde</strong></span> 
     </span>
    </p>
   </div>
   <div class='ocr_carea' id='block_1_25' title="bbox 2126 1157 3727 1232">
    <p class='ocr_par' dir='ltr' id='par_1_25' title="bbox 2126 1157 3727 1232">
     <span class='ocr_line' id='line_1_25' title="bbox 2126 1157 3727 1232; baseline 0.003 -21"><span class='ocrx_word' id='word_1_198' title='bbox 2126 1157 2387 1227; x_wconf 90' lang='lat' dir='ltr'><strong>scriptum</strong></span> <span class='ocrx_word' id='word_1_199' title='bbox 2419 1167 2502 1214; x_wconf 83' lang='lat' dir='ltr'><strong>est</strong></span> <span class='ocrx_word' id='word_1_200' title='bbox 2537 1177 2550 1214; x_wconf 91' lang='lat'>:</span> <span class='ocrx_word' id='word_1_201' title='bbox 2585 1158 2791 1215; x_wconf 84' lang='lat' dir='ltr'><strong>Incerta</strong></span> <span class='ocrx_word' id='word_1_202' title='bbox 2823 1176 2924 1214; x_wconf 88' lang='lat' dir='ltr'><strong>non</strong></span> <span class='ocrx_word' id='word_1_203' title='bbox 2944 1160 3258 1232; x_wconf 86' lang='lat' dir='ltr'><strong>judicentus,</strong></span> <span class='ocrx_word' id='word_1_204' title='bbox 3288 1177 3549 1232; x_wconf 77' lang='lat' dir='ltr'><strong>quousque</strong></span> <span class='ocrx_word' id='word_1_205' title='bbox 3567 1160 3727 1216; x_wconf 79' lang='lat' dir='ltr'><strong>adue-</strong></span> 
     </span>
    </p>
   </div>
   <div class='ocr_carea' id='block_1_26' title="bbox 2125 1249 3728 1321">
    <p class='ocr_par' dir='ltr' id='par_1_26' title="bbox 2125 1249 3728 1321">
     <span class='ocr_line' id='line_1_26' title="bbox 2125 1249 3728 1321; baseline 0.002 -18"><span class='ocrx_word' id='word_1_206' title='bbox 2125 1250 2234 1304; x_wconf 84' lang='lat' dir='ltr'><strong>niat</strong></span> <span class='ocrx_word' id='word_1_207' title='bbox 2267 1249 2538 1319; x_wconf 75' lang='lat' dir='ltr'><strong>Dominus,</strong></span> <span class='ocrx_word' id='word_1_208' title='bbox 2569 1253 2655 1321; x_wconf 85' lang='lat' dir='ltr'><strong>qui</strong></span> <span class='ocrx_word' id='word_1_209' title='bbox 2681 1261 2726 1306; x_wconf 88' lang='lat' dir='ltr'><strong>et</strong></span> <span class='ocrx_word' id='word_1_210' title='bbox 2749 1253 3058 1306; x_wconf 88' lang='lat' dir='ltr'><strong>illttutinabit</strong></span> <span class='ocrx_word' id='word_1_211' title='bbox 3079 1253 3376 1308; x_wconf 88' lang='lat' dir='ltr'><strong>abscondita</strong></span> <span class='ocrx_word' id='word_1_212' title='bbox 3405 1254 3728 1308; x_wconf 83' lang='lat' dir='ltr'><strong>tenebrarum</strong></span> 
     </span>
    </p>
   </div>
   <div class='ocr_carea' id='block_1_27' title="bbox 2124 1345 3722 1417">
    <p class='ocr_par' dir='ltr' id='par_1_27' title="bbox 2124 1345 3722 1417">
     <span class='ocr_line' id='line_1_27' title="bbox 2124 1345 3722 1417; baseline 0.001 -19"><span class='ocrx_word' id='word_1_213' title='bbox 2124 1354 2170 1399; x_wconf 84' lang='lat' dir='ltr'><strong>et</strong></span> <span class='ocrx_word' id='word_1_214' title='bbox 2200 1345 2547 1416; x_wconf 79' lang='lat' dir='ltr'><strong>manifestabit</strong></span> <span class='ocrx_word' id='word_1_215' title='bbox 2577 1347 2790 1400; x_wconf 88' lang='lat' dir='ltr'><strong>consilia</strong></span> <span class='ocrx_word' id='word_1_216' title='bbox 2816 1346 3047 1400; x_wconf 87' lang='lat' dir='ltr'><strong>cordium</strong></span> <span class='ocrx_word' id='word_1_217' title='bbox 3076 1348 3118 1415; x_wconf 91' lang='lat' dir='ltr'><strong>(l</strong></span> <span class='ocrx_word' id='word_1_218' title='bbox 3149 1347 3293 1412; x_wconf 89' lang='lat' dir='ltr'><strong>Cor.,</strong></span> <span class='ocrx_word' id='word_1_219' title='bbox 3326 1347 3382 1416; x_wconf 70' lang='grc'>4)</span> <span class='ocrx_word' id='word_1_220' title='bbox 3411 1347 3502 1417; x_wconf 91' lang='lat' dir='ltr'><strong>(In</strong></span> <span class='ocrx_word' id='word_1_221' title='bbox 3531 1346 3722 1402; x_wconf 85' lang='lat' dir='ltr'><strong>decret.</strong></span> 
     </span>
    </p>
   </div>
   <div class='ocr_carea' id='block_1_28' title="bbox 2124 1437 3729 1514">
    <p class='ocr_par' dir='ltr' id='par_1_28' title="bbox 2124 1437 3729 1514">
     <span class='ocr_line' id='line_1_28' title="bbox 2124 1437 3729 1514; baseline 0.004 -23"><span class='ocrx_word' id='word_1_222' title='bbox 2124 1437 2320 1502; x_wconf 87' lang='lat' dir='ltr'><strong>Ivom&#39;s,</strong></span> <span class='ocrx_word' id='word_1_223' title='bbox 2351 1439 2470 1493; x_wconf 88' lang='lat' dir='ltr'><strong>libri</strong></span> <span class='ocrx_word' id='word_1_224' title='bbox 2495 1439 2596 1507; x_wconf 87' lang='lat' dir='ltr'><strong>tv).</strong></span> <span class='ocrx_word' id='word_1_225' title='bbox 2633 1440 2698 1494; x_wconf 86' lang='lat' dir='ltr'><strong>Et</strong></span> <span class='ocrx_word' id='word_1_226' title='bbox 2726 1442 2970 1510; x_wconf 88' lang='lat' dir='ltr'><strong>quamvis</strong></span> <span class='ocrx_word' id='word_1_227' title='bbox 2998 1457 3124 1498; x_wconf 89' lang='lat' dir='ltr'><strong>vera</strong></span> <span class='ocrx_word' id='word_1_228' title='bbox 3153 1443 3262 1496; x_wconf 90' lang='lat' dir='ltr'><strong>sint</strong></span> <span class='ocrx_word' id='word_1_229' title='bbox 3307 1442 3394 1513; x_wconf 91' lang='lat' dir='ltr'><strong>(S.</strong></span> <span class='ocrx_word' id='word_1_230' title='bbox 3434 1441 3568 1496; x_wconf 89' lang='lat' dir='ltr'><strong>Isid.</strong></span> <span class='ocrx_word' id='word_1_231' title='bbox 3620 1442 3729 1514; x_wconf 79' lang='lat' dir='ltr'><strong>Sy-</strong></span> 
     </span>
    </p>
   </div>
   <div class='ocr_carea' id='block_1_29' title="bbox 2123 1530 3731 1600">
    <p class='ocr_par' dir='ltr' id='par_1_29' title="bbox 2123 1530 3731 1600">
     <span class='ocr_line' id='line_1_29' title="bbox 2123 1530 3731 1600; baseline 0.003 -16"><span class='ocrx_word' id='word_1_232' title='bbox 2123 1547 2244 1585; x_wconf 88' lang='lat' dir='ltr'><strong>non.</strong></span> <span class='ocrx_word' id='word_1_233' title='bbox 2282 1547 2340 1597; x_wconf 90' lang='grc' dir='ltr'>ιι,</span> <span class='ocrx_word' id='word_1_234' title='bbox 2374 1548 2420 1584; x_wconf 91' lang='lat' dir='ltr'><strong>c.</strong></span> <span class='ocrx_word' id='word_1_235' title='bbox 2454 1530 2568 1600; x_wconf 81' lang='grc'>16),</span> <span class='ocrx_word' id='word_1_236' title='bbox 2599 1547 2702 1586; x_wconf 89' lang='lat' dir='ltr'><strong>non</strong></span> <span class='ocrx_word' id='word_1_237' title='bbox 2738 1540 2914 1586; x_wconf 83' lang='lat' dir='ltr'><strong>tamen</strong></span> <span class='ocrx_word' id='word_1_238' title='bbox 2944 1532 3213 1588; x_wconf 88' lang='lat' dir='ltr'><strong>credenda</strong></span> <span class='ocrx_word' id='word_1_239' title='bbox 3245 1544 3388 1599; x_wconf 90' lang='lat' dir='ltr'><strong>sunt,</strong></span> <span class='ocrx_word' id='word_1_240' title='bbox 3419 1534 3522 1588; x_wconf 88' lang='lat' dir='ltr'><strong>nisi</strong></span> <span class='ocrx_word' id='word_1_241' title='bbox 3565 1533 3731 1590; x_wconf 89' lang='lat' dir='ltr'><strong>certis</strong></span> 
     </span>
    </p>
   </div>
   <div class='ocr_carea' id='block_1_30' title="bbox 2123 1625 3732 1699">
    <p class='ocr_par' dir='ltr' id='par_1_30' title="bbox 2123 1625 3732 1699">
     <span class='ocr_line' id='line_1_30' title="bbox 2123 1625 3732 1699; baseline 0.004 -21"><span class='ocrx_word' id='word_1_242' title='bbox 2123 1625 2339 1680; x_wconf 92' lang='lat' dir='ltr'><strong>indiciis</strong></span> <span class='ocrx_word' id='word_1_243' title='bbox 2365 1625 2806 1696; x_wconf 90' lang='lat' dir='ltr'><strong>comprobentur,</strong></span> <span class='ocrx_word' id='word_1_244' title='bbox 2865 1626 2966 1681; x_wconf 91' lang='lat' dir='ltr'><strong>nisi</strong></span> <span class='ocrx_word' id='word_1_245' title='bbox 3029 1643 3150 1698; x_wconf 75' lang='lat' dir='ltr'><strong>qua:</strong></span> <span class='ocrx_word' id='word_1_246' title='bbox 3202 1628 3484 1684; x_wconf 74' lang='lat' dir='ltr'><strong>manifesto</strong></span> <span class='ocrx_word' id='word_1_247' title='bbox 3527 1628 3732 1699; x_wconf 87' lang='lat' dir='ltr'><strong>judicio</strong></span> 
     </span>
    </p>
   </div>
   <div class='ocr_carea' id='block_1_31' title="bbox 2123 1718 3731 1792">
    <p class='ocr_par' dir='ltr' id='par_1_31' title="bbox 2123 1718 3731 1792">
     <span class='ocr_line' id='line_1_31' title="bbox 2123 1718 3731 1792; baseline 0.002 -20"><span class='ocrx_word' id='word_1_248' title='bbox 2123 1718 2543 1782; x_wconf 90' lang='lat' dir='ltr'><strong>convincuntur,</strong></span> <span class='ocrx_word' id='word_1_249' title='bbox 2573 1719 2672 1773; x_wconf 89' lang='lat' dir='ltr'><strong>nisi</strong></span> <span class='ocrx_word' id='word_1_250' title='bbox 2703 1733 2823 1790; x_wconf 78' lang='lat' dir='ltr'><strong>qua:</strong></span> <span class='ocrx_word' id='word_1_251' title='bbox 2847 1718 3134 1788; x_wconf 90' lang='lat' dir='ltr'><strong>judiciario</strong></span> <span class='ocrx_word' id='word_1_252' title='bbox 3155 1721 3345 1777; x_wconf 91' lang='lat' dir='ltr'><strong>ordine</strong></span> <span class='ocrx_word' id='word_1_253' title='bbox 3369 1722 3731 1792; x_wconf 90' lang='lat' dir='ltr'><strong>publicantur.</strong></span> 
     </span>
    </p>
   </div>
   <div class='ocr_carea' id='block_1_32' title="bbox 400 1809 3729 1886">
    <p class='ocr_par' dir='ltr' id='par_1_32' title="bbox 400 1809 3729 1886">
     <span class='ocr_line' id='line_1_32' title="bbox 400 1809 3729 1886; baseline -0.001 -14"><span class='ocrx_word' id='word_1_254' title='bbox 400 1832 566 1872; x_wconf 89' lang='lat' dir='ltr'><strong>unum</strong></span> <span class='ocrx_word' id='word_1_255' title='bbox 590 1817 728 1871; x_wconf 83' lang='lat' dir='ltr'><strong>ovile</strong></span> <span class='ocrx_word' id='word_1_256' title='bbox 746 1817 845 1871; x_wconf 86' lang='lat' dir='ltr'><strong>sub</strong></span> <span class='ocrx_word' id='word_1_257' title='bbox 875 1832 980 1871; x_wconf 92' lang='lat' dir='ltr'><strong>uno</strong></span> <span class='ocrx_word' id='word_1_258' title='bbox 1012 1825 1262 1884; x_wconf 83' lang='lat' dir='ltr'><strong>pastore;</strong></span> <span class='ocrx_word' id='word_1_259' title='bbox 1293 1831 1510 1886; x_wconf 87' lang='lat' dir='ltr'><strong>semper</strong></span> <span class='ocrx_word' id='word_1_260' title='bbox 1537 1831 1826 1879; x_wconf 85' lang='lat' dir='ltr'><strong>memores,</strong></span> <span class='ocrx_word' id='word_1_261' title='bbox 1855 1816 1999 1885; x_wconf 91' lang='lat' dir='ltr'><strong>quod</strong></span> <span class='ocrx_word' id='word_1_262' title='bbox 2036 1815 2080 1875; x_wconf 93' lang='lat' dir='ltr'><strong>B</strong></span> <span class='ocrx_word' id='word_1_263' title='bbox 2113 1809 2298 1864; x_wconf 88' lang='lat' dir='ltr'><strong>Nullus</strong></span> <span class='ocrx_word' id='word_1_264' title='bbox 2348 1824 2478 1880; x_wconf 86' lang='lat' dir='ltr'><strong>ergo</strong></span> <span class='ocrx_word' id='word_1_265' title='bbox 2530 1818 2708 1879; x_wconf 84' lang='lat' dir='ltr'><strong>potest</strong></span> <span class='ocrx_word' id='word_1_266' title='bbox 2763 1811 2997 1864; x_wconf 90' lang='lat' dir='ltr'><strong>humano</strong></span> <span class='ocrx_word' id='word_1_267' title='bbox 3049 1810 3398 1868; x_wconf 88' lang='lat' dir='ltr'><strong>condenmari</strong></span> <span class='ocrx_word' id='word_1_268' title='bbox 3453 1815 3729 1881; x_wconf 80' lang='lat' dir='ltr'><strong>examine,</strong></span> 
     </span>
    </p>
   </div>
   <div class='ocr_carea' id='block_1_33' title="bbox 403 1908 2016 1979">
    <p class='ocr_par' dir='ltr' id='par_1_33' title="bbox 403 1908 2016 1979">
     <span class='ocr_line' id='line_1_33' title="bbox 403 1908 2016 1979; baseline -0.001 -15"><span class='ocrx_word' id='word_1_269' title='bbox 403 1924 500 1965; x_wconf 94' lang='lat' dir='ltr'><strong>vos</strong></span> <span class='ocrx_word' id='word_1_270' title='bbox 532 1909 770 1964; x_wconf 84' lang='lat' dir='ltr'><strong>veritatis</strong></span> <span class='ocrx_word' id='word_1_271' title='bbox 812 1909 1134 1979; x_wconf 68' lang='lat' dir='ltr'><strong>praedicator</strong></span> <span class='ocrx_word' id='word_1_272' title='bbox 1177 1909 1488 1974; x_wconf 89' lang='lat' dir='ltr'><strong>admoneat,</strong></span> <span class='ocrx_word' id='word_1_273' title='bbox 1523 1908 1710 1964; x_wconf 89' lang='lat' dir='ltr'><strong>dicens</strong></span> <span class='ocrx_word' id='word_1_274' title='bbox 1745 1925 1757 1961; x_wconf 91' lang='lat'><strong>:</strong></span> <span class='ocrx_word' id='word_1_275' title='bbox 1790 1908 2016 1963; x_wconf 77' lang='lat' dir='ltr'><strong>Solliciti</strong></span> 
     </span>
    </p>
   </div>
   <div class='ocr_carea' id='block_1_34' title="bbox 402 2002 2013 2075">
    <p class='ocr_par' dir='ltr' id='par_1_34' title="bbox 402 2002 2013 2075">
     <span class='ocr_line' id='line_1_34' title="bbox 402 2002 2013 2075; baseline -0.001 -18"><span class='ocrx_word' id='word_1_276' title='bbox 402 2011 598 2057; x_wconf 82' lang='lat' dir='ltr'><strong>servate</strong></span> <span class='ocrx_word' id='word_1_277' title='bbox 623 2003 868 2056; x_wconf 87' lang='lat' dir='ltr'><strong>unitatem</strong></span> <span class='ocrx_word' id='word_1_278' title='bbox 897 2003 1106 2070; x_wconf 84' lang='lat' dir='ltr'><strong>spiritus</strong></span> <span class='ocrx_word' id='word_1_279' title='bbox 1137 2003 1190 2056; x_wconf 87' lang='lat' dir='ltr'><strong>in</strong></span> <span class='ocrx_word' id='word_1_280' title='bbox 1239 2003 1440 2060; x_wconf 84' lang='lat' dir='ltr'><strong>vinculo</strong></span> <span class='ocrx_word' id='word_1_281' title='bbox 1470 2005 1610 2073; x_wconf 83' lang='lat' dir='ltr'><strong>pacis</strong></span> <span class='ocrx_word' id='word_1_282' title='bbox 1639 2002 1882 2074; x_wconf 77' lang='lat' dir='ltr'><strong>(Ep/tes.,</strong></span> <span class='ocrx_word' id='word_1_283' title='bbox 1917 2002 2013 2075; x_wconf 90' lang='lat' dir='ltr'><strong>tv).</strong></span> 
     </span>
    </p>
   </div>
   <div class='ocr_carea' id='block_1_35' title="bbox 404 2094 2018 2167">
    <p class='ocr_par' dir='ltr' id='par_1_35' title="bbox 404 2094 2018 2167">
     <span class='ocr_line' id='line_1_35' title="bbox 404 2094 2018 2167; baseline -0.001 -14"><span class='ocrx_word' id='word_1_284' title='bbox 404 2097 693 2153; x_wconf 74' lang='lat' dir='ltr'><strong>Vinculum</strong></span> <span class='ocrx_word' id='word_1_285' title='bbox 723 2097 868 2151; x_wconf 88' lang='lat' dir='ltr'><strong>cnim</strong></span> <span class='ocrx_word' id='word_1_286' title='bbox 901 2097 1048 2167; x_wconf 88' lang='lat' dir='ltr'><strong>pacis</strong></span> <span class='ocrx_word' id='word_1_287' title='bbox 1080 2112 1243 2152; x_wconf 90' lang='lat' dir='ltr'><strong>nemo</strong></span> <span class='ocrx_word' id='word_1_288' title='bbox 1274 2105 1477 2156; x_wconf 87' lang='lat' dir='ltr'><strong>servat.</strong></span> <span class='ocrx_word' id='word_1_289' title='bbox 1527 2096 1653 2152; x_wconf 91' lang='lat' dir='ltr'><strong>dum</strong></span> <span class='ocrx_word' id='word_1_290' title='bbox 1684 2096 1850 2151; x_wconf 91' lang='lat' dir='ltr'><strong>alium</strong></span> <span class='ocrx_word' id='word_1_291' title='bbox 1882 2094 2018 2151; x_wconf 79' lang='lat' dir='ltr'><strong>inle-</strong></span> 
     </span>
    </p>
   </div>
   <div class='ocr_carea' id='block_1_36' title="bbox 403 2189 2014 2260">
    <p class='ocr_par' dir='ltr' id='par_1_36' title="bbox 403 2189 2014 2260">
     <span class='ocr_line' id='line_1_36' title="bbox 403 2189 2014 2260; baseline -0.002 -12"><span class='ocrx_word' id='word_1_292' title='bbox 403 2201 510 2248; x_wconf 90' lang='lat' dir='ltr'><strong>stat</strong></span> <span class='ocrx_word' id='word_1_293' title='bbox 539 2200 631 2245; x_wconf 83' lang='lat' dir='ltr'><strong>aut</strong></span> <span class='ocrx_word' id='word_1_294' title='bbox 663 2190 865 2255; x_wconf 89' lang='lat' dir='ltr'><strong>verbis,</strong></span> <span class='ocrx_word' id='word_1_295' title='bbox 899 2200 991 2244; x_wconf 90' lang='lat' dir='ltr'><strong>aut</strong></span> <span class='ocrx_word' id='word_1_296' title='bbox 1022 2189 1175 2244; x_wconf 84' lang='lat' dir='ltr'><strong>lactis</strong></span> <span class='ocrx_word' id='word_1_297' title='bbox 1206 2191 1566 2260; x_wconf 71' lang='lat' dir='ltr'><strong>persequitur.</strong></span> <span class='ocrx_word' id='word_1_298' title='bbox 1617 2190 1765 2255; x_wconf 87' lang='lat' dir='ltr'><strong>Ideo,</strong></span> <span class='ocrx_word' id='word_1_299' title='bbox 1800 2192 2014 2256; x_wconf 80' lang='lat' dir='ltr'><strong>fratres,</strong></span> 
     </span>
    </p>
   </div>
   <div class='ocr_carea' id='block_1_37' title="bbox 405 2281 2018 2353">
    <p class='ocr_par' dir='ltr' id='par_1_37' title="bbox 405 2281 2018 2353">
     <span class='ocr_line' id='line_1_37' title="bbox 405 2281 2018 2353; baseline -0.002 -12"><span class='ocrx_word' id='word_1_300' title='bbox 405 2286 505 2341; x_wconf 91' lang='lat' dir='ltr'><strong>ista</strong></span> <span class='ocrx_word' id='word_1_301' title='bbox 530 2284 886 2353; x_wconf 52' lang='lat' dir='ltr'><strong>praetulimus,</strong></span> <span class='ocrx_word' id='word_1_302' title='bbox 903 2283 1024 2353; x_wconf 85' lang='lat' dir='ltr'><strong>quia</strong></span> <span class='ocrx_word' id='word_1_303' title='bbox 1047 2281 1352 2336; x_wconf 88' lang='lat' dir='ltr'><strong>audivimus</strong></span> <span class='ocrx_word' id='word_1_304' title='bbox 1370 2283 1511 2337; x_wconf 87' lang='lat' dir='ltr'><strong>inter</strong></span> <span class='ocrx_word' id='word_1_305' title='bbox 1527 2297 1624 2336; x_wconf 86' lang='lat' dir='ltr'><strong>vos</strong></span> <span class='ocrx_word' id='word_1_306' title='bbox 1645 2283 2018 2338; x_wconf 84' lang='lat' dir='ltr'><strong>accusationes</strong></span> 
     </span>
    </p>
   </div>
   <div class='ocr_carea' id='block_1_38' title="bbox 401 2375 2018 2446">
    <p class='ocr_par' dir='ltr' id='par_1_38' title="bbox 401 2375 2018 2446">
     <span class='ocr_line' id='line_1_38' title="bbox 401 2375 2018 2446; baseline -0.003 -11"><span class='ocrx_word' id='word_1_307' title='bbox 401 2380 669 2444; x_wconf 82' lang='lat' dir='ltr'><strong>exerceri,</strong></span> <span class='ocrx_word' id='word_1_308' title='bbox 695 2387 752 2431; x_wconf 91' lang='lat' dir='ltr'><strong>et</strong></span> <span class='ocrx_word' id='word_1_309' title='bbox 776 2380 960 2446; x_wconf 85' lang='lat' dir='ltr'><strong>pulsos</strong></span> <span class='ocrx_word' id='word_1_310' title='bbox 978 2392 1007 2431; x_wconf 90' lang='lat' dir='ltr'><strong>a</strong></span> <span class='ocrx_word' id='word_1_311' title='bbox 1031 2376 1250 2432; x_wconf 88' lang='lat' dir='ltr'><strong>sedibus</strong></span> <span class='ocrx_word' id='word_1_312' title='bbox 1273 2376 1579 2446; x_wconf 77' lang='lat' dir='ltr'><strong>episcOpos,</strong></span> <span class='ocrx_word' id='word_1_313' title='bbox 1608 2386 1701 2430; x_wconf 89' lang='lat' dir='ltr'><strong>aut</strong></span> <span class='ocrx_word' id='word_1_314' title='bbox 1719 2376 1829 2431; x_wconf 91' lang='lat' dir='ltr'><strong>suis</strong></span> <span class='ocrx_word' id='word_1_315' title='bbox 1855 2375 2018 2432; x_wconf 89' lang='lat' dir='ltr'><strong>rebus</strong></span> 
     </span>
    </p>
   </div>
   <div class='ocr_carea' id='block_1_39' title="bbox 405 2473 995 2544">
    <p class='ocr_par' dir='ltr' id='par_1_39' title="bbox 405 2473 995 2544">
     <span class='ocr_line' id='line_1_39' title="bbox 405 2473 995 2544; baseline -0.01 -14"><span class='ocrx_word' id='word_1_316' title='bbox 405 2473 712 2544; x_wconf 81' lang='lat' dir='ltr'><strong>expoliatos</strong></span> <span class='ocrx_word' id='word_1_317' title='bbox 739 2473 995 2542; x_wconf 88' lang='lat' dir='ltr'><strong>judicari.</strong></span> 
     </span>
    </p>
   </div>
   <div class='ocr_carea' id='block_1_40' title="bbox 476 2563 2018 2635">
    <p class='ocr_par' dir='ltr' id='par_1_40' title="bbox 476 2563 2018 2635">
     <span class='ocr_line' id='line_1_40' title="bbox 476 2563 2018 2635; baseline -0.001 -14"><span class='ocrx_word' id='word_1_318' title='bbox 476 2566 941 2635; x_wconf 81' lang='lat' dir='ltr'><strong>l.—-Qu:tpr0pter</strong></span> <span class='ocrx_word' id='word_1_319' title='bbox 971 2573 1230 2618; x_wconf 88' lang='lat' dir='ltr'><strong>statutum</strong></span> <span class='ocrx_word' id='word_1_320' title='bbox 1260 2573 1364 2626; x_wconf 88' lang='lat' dir='ltr'><strong>est,</strong></span> <span class='ocrx_word' id='word_1_321' title='bbox 1385 2571 1441 2617; x_wconf 85' lang='grc' dir='ltr'><strong>ιιι</strong></span> <span class='ocrx_word' id='word_1_322' title='bbox 1462 2564 1505 2617; x_wconf 90' lang='lat' dir='ltr'><strong>si</strong></span> <span class='ocrx_word' id='word_1_323' title='bbox 1540 2563 1657 2632; x_wconf 88' lang='lat' dir='ltr'><strong>quis</strong></span> <span class='ocrx_word' id='word_1_324' title='bbox 1685 2573 1874 2620; x_wconf 89' lang='lat' dir='ltr'><strong>contra</strong></span> <span class='ocrx_word' id='word_1_325' title='bbox 1904 2567 2018 2634; x_wconf 88' lang='lat' dir='ltr'><strong>epi-</strong></span> 
     </span>
    </p>
   </div>
   <div class='ocr_carea' id='block_1_41' title="bbox 399 2656 2018 2730">
    <p class='ocr_par' dir='ltr' id='par_1_41' title="bbox 399 2656 2018 2730">
     <span class='ocr_line' id='line_1_41' title="bbox 399 2656 2018 2730; baseline -0.001 -14"><span class='ocrx_word' id='word_1_326' title='bbox 399 2674 621 2730; x_wconf 83' lang='lat' dir='ltr'><strong>SCOptIm</strong></span> <span class='ocrx_word' id='word_1_327' title='bbox 653 2659 735 2712; x_wconf 88' lang='lat' dir='ltr'><strong>vel</strong></span> <span class='ocrx_word' id='word_1_328' title='bbox 765 2668 978 2713; x_wconf 85' lang='lat' dir='ltr'><strong>actores</strong></span> <span class='ocrx_word' id='word_1_329' title='bbox 1012 2658 1284 2722; x_wconf 72' lang='lat' dir='ltr'><strong>Ecclesirc,</strong></span> <span class='ocrx_word' id='word_1_330' title='bbox 1312 2670 1371 2710; x_wconf 87' lang='lat' dir='ltr'><strong>Sc</strong></span> <span class='ocrx_word' id='word_1_331' title='bbox 1403 2656 1678 2725; x_wconf 87' lang='lat' dir='ltr'><strong>proprium</strong></span> <span class='ocrx_word' id='word_1_332' title='bbox 1719 2656 2018 2714; x_wconf 89' lang='lat' dir='ltr'><strong>crediderit</strong></span> 
     </span>
    </p>
   </div>
   <div class='ocr_carea' id='block_1_42' title="bbox 405 2747 2017 2822">
    <p class='ocr_par' dir='ltr' id='par_1_42' title="bbox 405 2747 2017 2822">
     <span class='ocr_line' id='line_1_42' title="bbox 405 2747 2017 2822; baseline -0.002 -14"><span class='ocrx_word' id='word_1_333' title='bbox 405 2753 610 2808; x_wconf 87' lang='lat' dir='ltr'><strong>habere</strong></span> <span class='ocrx_word' id='word_1_334' title='bbox 629 2752 902 2822; x_wconf 81' lang='lat' dir='ltr'><strong>negotium</strong></span> <span class='ocrx_word' id='word_1_335' title='bbox 929 2749 1153 2822; x_wconf 83' lang='lat' dir='ltr'><strong>(Hadr.,</strong></span> <span class='ocrx_word' id='word_1_336' title='bbox 1171 2749 1317 2812; x_wconf 87' lang='lat' dir='ltr'><strong>coll.,</strong></span> <span class='ocrx_word' id='word_1_337' title='bbox 1345 2766 1390 2801; x_wconf 92' lang='lat' dir='ltr'><strong>c.</strong></span> <span class='ocrx_word' id='word_1_338' title='bbox 1415 2749 1471 2814; x_wconf 75' lang='lat'><strong>‘2,</strong></span> <span class='ocrx_word' id='word_1_339' title='bbox 1501 2765 1562 2802; x_wconf 78' lang='lat' dir='ltr'><strong>ea:</strong></span> <span class='ocrx_word' id='word_1_340' title='bbox 1583 2747 1740 2802; x_wconf 83' lang='lat' dir='ltr'><strong>Cone.</strong></span> <span class='ocrx_word' id='word_1_341' title='bbox 1762 2749 1938 2805; x_wconf 77' lang='lat' dir='ltr'><strong>Aurel.</strong></span> <span class='ocrx_word' id='word_1_342' title='bbox 1965 2768 2017 2818; x_wconf 91' lang='lat' dir='ltr'><strong>v,</strong></span> 
     </span>
    </p>
   </div>
   <div class='ocr_carea' id='block_1_43' title="bbox 402 2847 2022 2925">
    <p class='ocr_par' dir='ltr' id='par_1_43' title="bbox 402 2847 2022 2925">
     <span class='ocr_line' id='line_1_43' title="bbox 402 2847 2022 2925; baseline -0.005 -16"><span class='ocrx_word' id='word_1_343' title='bbox 402 2871 520 2910; x_wconf 86' lang='lat' dir='ltr'><strong>can.</strong></span> <span class='ocrx_word' id='word_1_344' title='bbox 581 2853 724 2925; x_wconf 84' lang='grc'>17).</span> <span class='ocrx_word' id='word_1_345' title='bbox 775 2869 881 2907; x_wconf 93' lang='lat' dir='ltr'><strong>non</strong></span> <span class='ocrx_word' id='word_1_346' title='bbox 933 2853 1083 2922; x_wconf 90' lang='lat' dir='ltr'><strong>prius</strong></span> <span class='ocrx_word' id='word_1_347' title='bbox 1131 2853 1288 2908; x_wconf 87' lang='lat' dir='ltr'><strong>adeat</strong></span> <span class='ocrx_word' id='word_1_348' title='bbox 1335 2851 1564 2921; x_wconf 82' lang='lat' dir='ltr'><strong>iudices,</strong></span> <span class='ocrx_word' id='word_1_349' title='bbox 1615 2866 1774 2921; x_wconf 90' lang='lat' dir='ltr'><strong>quam</strong></span> <span class='ocrx_word' id='word_1_350' title='bbox 1805 2847 1872 2902; x_wconf 86' lang='lat' dir='ltr'><strong>ad</strong></span> <span class='ocrx_word' id='word_1_351' title='bbox 1925 2863 2022 2904; x_wconf 90' lang='lat' dir='ltr'><strong>eos</strong></span> 
     </span>
    </p>
   </div>
   <div class='ocr_carea' id='block_1_44' title="bbox 407 2942 2023 3012">
    <p class='ocr_par' dir='ltr' id='par_1_44' title="bbox 407 2942 2023 3012">
     <span class='ocr_line' id='line_1_44' title="bbox 407 2942 2023 3012; baseline -0.006 -7"><span class='ocrx_word' id='word_1_352' title='bbox 407 2957 654 3005; x_wconf 84' lang='lat' dir='ltr'><strong>recurrat</strong></span> <span class='ocrx_word' id='word_1_353' title='bbox 714 2945 1235 3011; x_wconf 87' lang='lat' dir='ltr'><strong>charitatisstudio,</strong></span> <span class='ocrx_word' id='word_1_354' title='bbox 1303 2954 1360 2998; x_wconf 88' lang='lat' dir='ltr'><strong>ut</strong></span> <span class='ocrx_word' id='word_1_355' title='bbox 1418 2943 1666 2998; x_wconf 82' lang='lat' dir='ltr'><strong>familiari</strong></span> <span class='ocrx_word' id='word_1_356' title='bbox 1753 2942 2023 3012; x_wconf 85' lang='lat' dir='ltr'><strong>colloquio</strong></span> 
     </span>
    </p>
   </div>
   <div class='ocr_carea' id='block_1_45' title="bbox 407 3035 2024 3107">
    <p class='ocr_par' dir='ltr' id='par_1_45' title="bbox 407 3035 2024 3107">
     <span class='ocr_line' id='line_1_45' title="bbox 407 3035 2024 3107; baseline -0.006 -10"><span class='ocrx_word' id='word_1_357' title='bbox 407 3040 747 3106; x_wconf 91' lang='lat' dir='ltr'><strong>commoniti,</strong></span> <span class='ocrx_word' id='word_1_358' title='bbox 799 3054 862 3094; x_wconf 89' lang='lat' dir='ltr'><strong>ea</strong></span> <span class='ocrx_word' id='word_1_359' title='bbox 915 3054 1111 3093; x_wconf 90' lang='lat' dir='ltr'><strong>sanare</strong></span> <span class='ocrx_word' id='word_1_360' title='bbox 1161 3036 1413 3102; x_wconf 87' lang='lat' dir='ltr'><strong>debeant,</strong></span> <span class='ocrx_word' id='word_1_361' title='bbox 1474 3054 1593 3107; x_wconf 76' lang='lat' dir='ltr'><strong>qua:</strong></span> <span class='ocrx_word' id='word_1_362' title='bbox 1647 3036 1699 3090; x_wconf 93' lang='lat' dir='ltr'><strong>in</strong></span> <span class='ocrx_word' id='word_1_363' title='bbox 1753 3035 2024 3106; x_wconf 87' lang='lat' dir='ltr'><strong>querimo-</strong></span> 
     </span>
    </p>
   </div>
   <div class='ocr_carea' id='block_1_46' title="bbox 413 3129 2024 3200">
    <p class='ocr_par' dir='ltr' id='par_1_46' title="bbox 413 3129 2024 3200">
     <span class='ocr_line' id='line_1_46' title="bbox 413 3129 2024 3200; baseline -0.004 -11"><span class='ocrx_word' id='word_1_364' title='bbox 413 3134 554 3189; x_wconf 89' lang='lat' dir='ltr'><strong>niam</strong></span> <span class='ocrx_word' id='word_1_365' title='bbox 583 3131 939 3186; x_wconf 89' lang='lat' dir='ltr'><strong>dcducuutur.</strong></span> <span class='ocrx_word' id='word_1_366' title='bbox 973 3129 1127 3198; x_wconf 89' lang='lat' dir='ltr'><strong>Quod</strong></span> <span class='ocrx_word' id='word_1_367' title='bbox 1157 3129 1202 3184; x_wconf 92' lang='lat' dir='ltr'><strong>si</strong></span> <span class='ocrx_word' id='word_1_368' title='bbox 1235 3130 1391 3184; x_wconf 85' lang='lat' dir='ltr'><strong>aliter</strong></span> <span class='ocrx_word' id='word_1_369' title='bbox 1417 3131 1610 3200; x_wconf 86' lang='lat' dir='ltr'><strong>egerit,</strong></span> <span class='ocrx_word' id='word_1_370' title='bbox 1644 3129 2024 3184; x_wconf 86' lang='lat' dir='ltr'><strong>communione</strong></span> 
     </span>
    </p>
   </div>
   <div class='ocr_carea' id='block_1_47' title="bbox 412 3227 676 3298">
    <p class='ocr_par' dir='ltr' id='par_1_47' title="bbox 412 3227 676 3298">
     <span class='ocr_line' id='line_1_47' title="bbox 412 3227 676 3298; baseline -0.011 -15"><span class='ocrx_word' id='word_1_371' title='bbox 412 3227 676 3298; x_wconf 85' lang='lat' dir='ltr'><strong>privetur.</strong></span> 
     </span>
    </p>
   </div>
   <div class='ocr_carea' id='block_1_48' title="bbox 487 3317 2031 3388">
    <p class='ocr_par' dir='ltr' id='par_1_48' title="bbox 487 3317 2031 3388">
     <span class='ocr_line' id='line_1_48' title="bbox 487 3317 2031 3388; baseline -0.001 -14"><span class='ocrx_word' id='word_1_372' title='bbox 487 3317 833 3375; x_wconf 86' lang='lat' dir='ltr'><strong>ll.—Nemo</strong></span> <span class='ocrx_word' id='word_1_373' title='bbox 864 3318 1179 3388; x_wconf 92' lang='lat' dir='ltr'><strong>pontilicum</strong></span> <span class='ocrx_word' id='word_1_374' title='bbox 1232 3317 1490 3386; x_wconf 85' lang='lat' dir='ltr'><strong>deinceps</strong></span> <span class='ocrx_word' id='word_1_375' title='bbox 1537 3317 1768 3387; x_wconf 82' lang='lat' dir='ltr'><strong>aliquem</strong></span> <span class='ocrx_word' id='word_1_376' title='bbox 1819 3317 2031 3387; x_wconf 88' lang='lat' dir='ltr'><strong>episco-</strong></span> 
     </span>
    </p>
   </div>
   <div class='ocr_carea' id='block_1_49' title="bbox 420 3406 2026 3484">
    <p class='ocr_par' dir='ltr' id='par_1_49' title="bbox 420 3406 2026 3484">
     <span class='ocr_line' id='line_1_49' title="bbox 420 3406 2026 3484; baseline -0.001 -18"><span class='ocrx_word' id='word_1_377' title='bbox 420 3427 550 3484; x_wconf 89' lang='lat' dir='ltr'><strong>pum</strong></span> <span class='ocrx_word' id='word_1_378' title='bbox 596 3411 707 3465; x_wconf 91' lang='lat' dir='ltr'><strong>suis</strong></span> <span class='ocrx_word' id='word_1_379' title='bbox 745 3411 1070 3481; x_wconf 76' lang='lat' dir='ltr'><strong>expoliatum</strong></span> <span class='ocrx_word' id='word_1_380' title='bbox 1099 3411 1260 3464; x_wconf 87' lang='lat' dir='ltr'><strong>rebus</strong></span> <span class='ocrx_word' id='word_1_381' title='bbox 1280 3453 1292 3473; x_wconf 95' lang='lat'><strong>,</strong></span> <span class='ocrx_word' id='word_1_382' title='bbox 1322 3419 1413 3464; x_wconf 89' lang='lat' dir='ltr'><strong>aut</strong></span> <span class='ocrx_word' id='word_1_383' title='bbox 1443 3425 1470 3462; x_wconf 90' lang='lat' dir='ltr'><strong>a</strong></span> <span class='ocrx_word' id='word_1_384' title='bbox 1500 3409 1628 3464; x_wconf 89' lang='lat' dir='ltr'><strong>sede</strong></span> <span class='ocrx_word' id='word_1_385' title='bbox 1662 3406 1898 3479; x_wconf 84' lang='lat' dir='ltr'><strong>pulsu&#39;m,</strong></span> <span class='ocrx_word' id='word_1_386' title='bbox 1930 3425 2026 3464; x_wconf 78' lang='lat' dir='ltr'><strong>cx-</strong></span> 
     </span>
    </p>
   </div>
   <div class='ocr_carea' id='block_1_50' title="bbox 421 3500 2030 3572">
    <p class='ocr_par' dir='ltr' id='par_1_50' title="bbox 421 3500 2030 3572">
     <span class='ocr_line' id='line_1_50' title="bbox 421 3500 2030 3572; baseline -0.002 -13"><span class='ocrx_word' id='word_1_387' title='bbox 421 3503 825 3559; x_wconf 85' lang='lat' dir='ltr'><strong>communicare</strong></span> <span class='ocrx_word' id='word_1_388' title='bbox 847 3513 939 3557; x_wconf 89' lang='lat' dir='ltr'><strong>aut</strong></span> <span class='ocrx_word' id='word_1_389' title='bbox 965 3500 1212 3572; x_wconf 87' lang='lat' dir='ltr'><strong>judicare</strong></span> <span class='ocrx_word' id='word_1_390' title='bbox 1238 3511 1548 3571; x_wconf 74' lang='lat' dir='ltr'><strong>prtesnntat,</strong></span> <span class='ocrx_word' id='word_1_391' title='bbox 1577 3503 1698 3572; x_wconf 89' lang='lat' dir='ltr'><strong>quia</strong></span> <span class='ocrx_word' id='word_1_392' title='bbox 1729 3519 1832 3556; x_wconf 90' lang='lat' dir='ltr'><strong>non</strong></span> <span class='ocrx_word' id='word_1_393' title='bbox 1866 3502 2030 3569; x_wconf 90' lang='lat' dir='ltr'><strong>privi-</strong></span> 
     </span>
    </p>
   </div>
   <div class='ocr_carea' id='block_1_51' title="bbox 422 3596 2030 3672">
    <p class='ocr_par' dir='ltr' id='par_1_51' title="bbox 422 3596 2030 3672">
     <span class='ocr_line' id='line_1_51' title="bbox 422 3596 2030 3672; baseline -0.003 -16"><span class='ocrx_word' id='word_1_394' title='bbox 422 3600 652 3672; x_wconf 81' lang='lat' dir='ltr'><strong>legium,</strong></span> <span class='ocrx_word' id='word_1_395' title='bbox 684 3616 788 3669; x_wconf 88' lang='lat' dir='ltr'><strong>quo</strong></span> <span class='ocrx_word' id='word_1_396' title='bbox 820 3599 1076 3668; x_wconf 81' lang='lat' dir='ltr'><strong>expoliari</strong></span> <span class='ocrx_word' id='word_1_397' title='bbox 1120 3598 1288 3667; x_wconf 89' lang='lat' dir='ltr'><strong>possit</strong></span> <span class='ocrx_word' id='word_1_398' title='bbox 1328 3598 1437 3667; x_wconf 91' lang='lat' dir='ltr'><strong>jam</strong></span> <span class='ocrx_word' id='word_1_399' title='bbox 1488 3597 1716 3653; x_wconf 85' lang='lat' dir='ltr'><strong>nudatus</strong></span> <span class='ocrx_word' id='word_1_400' title='bbox 1761 3596 1935 3669; x_wconf 82' lang='lat' dir='ltr'><strong>(Idem</strong></span> <span class='ocrx_word' id='word_1_401' title='bbox 1977 3599 2030 3652; x_wconf 85' lang='lat' dir='ltr'><strong>in</strong></span> 
     </span>
    </p>
   </div>
   <div class='ocr_carea' id='block_1_52' title="bbox 422 3690 1882 3764">
    <p class='ocr_par' dir='ltr' id='par_1_52' title="bbox 422 3690 1882 3764">
     <span class='ocr_line' id='line_1_52' title="bbox 422 3690 1882 3764; baseline -0.002 -15"><span class='ocrx_word' id='word_1_402' title='bbox 422 3697 611 3750; x_wconf 85' lang='lat' dir='ltr'><strong>decret.</strong></span> <span class='ocrx_word' id='word_1_403' title='bbox 643 3694 927 3748; x_wconf 72' lang='lat' dir='ltr'><strong>Alexandri</strong></span> <span class='ocrx_word' id='word_1_404' title='bbox 959 3709 1126 3764; x_wconf 66' lang='lat' dir='ltr'><strong>papae,</strong></span> <span class='ocrx_word' id='word_1_405' title='bbox 1158 3701 1204 3747; x_wconf 78' lang='lat' dir='ltr'><strong>et</strong></span> <span class='ocrx_word' id='word_1_406' title='bbox 1231 3694 1284 3747; x_wconf 90' lang='lat' dir='ltr'><strong>in</strong></span> <span class='ocrx_word' id='word_1_407' title='bbox 1315 3693 1500 3746; x_wconf 88' lang='lat' dir='ltr'><strong>decret.</strong></span> <span class='ocrx_word' id='word_1_408' title='bbox 1529 3690 1662 3746; x_wconf 81' lang='lat' dir='ltr'><strong>Julii</strong></span> <span class='ocrx_word' id='word_1_409' title='bbox 1694 3692 1882 3763; x_wconf 79' lang='lat' dir='ltr'><strong>papte).</strong></span> 
     </span>
    </p>
   </div>
   <div class='ocr_carea' id='block_1_53' title="bbox 495 3787 2019 3858">
    <p class='ocr_par' dir='ltr' id='par_1_53' title="bbox 495 3787 2019 3858">
     <span class='ocr_line' id='line_1_53' title="bbox 495 3787 2019 3858; baseline -0.003 -13"><span class='ocrx_word' id='word_1_410' title='bbox 495 3789 584 3845; x_wconf 90' lang='lat' dir='ltr'><strong>Ill.</strong></span> <span class='ocrx_word' id='word_1_411' title='bbox 607 3789 878 3844; x_wconf 79' lang='lat' dir='ltr'><strong>—Nullos</strong></span> <span class='ocrx_word' id='word_1_412' title='bbox 907 3789 1194 3858; x_wconf 90' lang='lat' dir='ltr'><strong>episcopus</strong></span> <span class='ocrx_word' id='word_1_413' title='bbox 1227 3787 1444 3846; x_wconf 86' lang='lat' dir='ltr'><strong>alterius</strong></span> <span class='ocrx_word' id='word_1_414' title='bbox 1475 3787 1856 3856; x_wconf 88' lang='lat' dir='ltr'><strong>parochianum</strong></span> <span class='ocrx_word' id='word_1_415' title='bbox 1886 3802 2019 3858; x_wconf 75' lang='lat' dir='ltr'><strong>pra:-</strong></span> 
     </span>
    </p>
   </div>
   <div class='ocr_carea' id='block_1_54' title="bbox 427 3881 2028 3951">
    <p class='ocr_par' dir='ltr' id='par_1_54' title="bbox 427 3881 2028 3951">
     <span class='ocr_line' id='line_1_54' title="bbox 427 3881 2028 3951; baseline -0.003 -11"><span class='ocrx_word' id='word_1_416' title='bbox 427 3892 608 3940; x_wconf 91' lang='lat' dir='ltr'><strong>sumat</strong></span> <span class='ocrx_word' id='word_1_417' title='bbox 646 3883 901 3946; x_wconf 89' lang='lat' dir='ltr'><strong>retinere,</strong></span> <span class='ocrx_word' id='word_1_418' title='bbox 946 3890 1038 3936; x_wconf 89' lang='lat' dir='ltr'><strong>aut</strong></span> <span class='ocrx_word' id='word_1_419' title='bbox 1076 3881 1326 3936; x_wconf 86' lang='lat' dir='ltr'><strong>ordinare</strong></span> <span class='ocrx_word' id='word_1_420' title='bbox 1352 3881 1556 3951; x_wconf 89' lang='lat' dir='ltr'><strong>absque</strong></span> <span class='ocrx_word' id='word_1_421' title='bbox 1582 3881 1697 3950; x_wconf 84' lang='lat' dir='ltr'><strong>ejus</strong></span> <span class='ocrx_word' id='word_1_422' title='bbox 1728 3882 2028 3948; x_wconf 89' lang='lat' dir='ltr'><strong>voluntate,</strong></span> 
     </span>
    </p>
   </div>
   <div class='ocr_carea' id='block_1_55' title="bbox 429 3973 2032 4046">
    <p class='ocr_par' dir='ltr' id='par_1_55' title="bbox 429 3973 2032 4046">
     <span class='ocr_line' id='line_1_55' title="bbox 429 3973 2032 4046; baseline -0.002 -15"><span class='ocrx_word' id='word_1_423' title='bbox 429 3976 782 4046; x_wconf 78' lang='lat' dir='ltr'><strong>veljudit-are</strong></span> <span class='ocrx_word' id='word_1_424' title='bbox 808 3993 820 4029; x_wconf 94' lang='lat'>:</span> <span class='ocrx_word' id='word_1_425' title='bbox 852 3975 974 4045; x_wconf 88' lang='lat' dir='ltr'><strong>quia</strong></span> <span class='ocrx_word' id='word_1_426' title='bbox 1005 3974 1145 4030; x_wconf 89' lang='lat' dir='ltr'><strong>sicut</strong></span> <span class='ocrx_word' id='word_1_427' title='bbox 1175 3975 1326 4029; x_wconf 91' lang='lat' dir='ltr'><strong>irrita</strong></span> <span class='ocrx_word' id='word_1_428' title='bbox 1356 3973 1472 4044; x_wconf 89' lang='lat' dir='ltr'><strong>ejus</strong></span> <span class='ocrx_word' id='word_1_429' title='bbox 1515 3974 1618 4027; x_wconf 92' lang='lat' dir='ltr'><strong>erit</strong></span> <span class='ocrx_word' id='word_1_430' title='bbox 1640 3973 1928 4038; x_wconf 89' lang='lat' dir='ltr'><strong>ordinatio,</strong></span> <span class='ocrx_word' id='word_1_431' title='bbox 1960 3974 2032 4029; x_wconf 92' lang='lat' dir='ltr'><strong>ita</strong></span> 
     </span>
    </p>
   </div>
   <div class='ocr_carea' id='block_1_56' title="bbox 430 4065 2029 4139">
    <p class='ocr_par' dir='ltr' id='par_1_56' title="bbox 430 4065 2029 4139">
     <span class='ocr_line' id='line_1_56' title="bbox 430 4065 2029 4139; baseline -0.004 -13"><span class='ocrx_word' id='word_1_432' title='bbox 430 4079 486 4126; x_wconf 87' lang='lat' dir='ltr'><strong>et</strong></span> <span class='ocrx_word' id='word_1_433' title='bbox 506 4066 1032 4139; x_wconf 62' lang='lat' dir='ltr'><strong>(lijudicatiofwadr.</strong></span> <span class='ocrx_word' id='word_1_434' title='bbox 1063 4067 1187 4121; x_wconf 90' lang='lat' dir='ltr'><strong>coll.</strong></span> <span class='ocrx_word' id='word_1_435' title='bbox 1211 4084 1255 4120; x_wconf 90' lang='lat' dir='ltr'><strong>c.</strong></span> <span class='ocrx_word' id='word_1_436' title='bbox 1292 4066 1413 4137; x_wconf 62' lang='lat'><strong>‘16);</strong></span> <span class='ocrx_word' id='word_1_437' title='bbox 1446 4065 1696 4137; x_wconf 88' lang='lat' dir='ltr'><strong>quoniam</strong></span> <span class='ocrx_word' id='word_1_438' title='bbox 1719 4081 2029 4136; x_wconf 84' lang='lat' dir='ltr'><strong>censemus,</strong></span> 
     </span>
    </p>
   </div>
   <div class='ocr_carea' id='block_1_57' title="bbox 431 4160 2032 4231">
    <p class='ocr_par' dir='ltr' id='par_1_57' title="bbox 431 4160 2032 4231">
     <span class='ocr_line' id='line_1_57' title="bbox 431 4160 2032 4231; baseline -0.001 -13"><span class='ocrx_word' id='word_1_439' title='bbox 431 4161 637 4218; x_wconf 91' lang='lat' dir='ltr'><strong>nullum</strong></span> <span class='ocrx_word' id='word_1_440' title='bbox 691 4161 913 4216; x_wconf 88' lang='lat' dir='ltr'><strong>alterius</strong></span> <span class='ocrx_word' id='word_1_441' title='bbox 961 4161 1179 4231; x_wconf 89' lang='lat' dir='ltr'><strong>judicis,</strong></span> <span class='ocrx_word' id='word_1_442' title='bbox 1241 4160 1339 4215; x_wconf 91' lang='lat' dir='ltr'><strong>nisi</strong></span> <span class='ocrx_word' id='word_1_443' title='bbox 1386 4161 1492 4227; x_wconf 90' lang='lat' dir='ltr'><strong>sui,</strong></span> <span class='ocrx_word' id='word_1_444' title='bbox 1545 4161 1806 4215; x_wconf 89' lang='lat' dir='ltr'><strong>sententia</strong></span> <span class='ocrx_word' id='word_1_445' title='bbox 1862 4163 2032 4217; x_wconf 90' lang='lat' dir='ltr'><strong>teneri</strong></span> 
     </span>
    </p>
   </div>
   <div class='ocr_carea' id='block_1_58' title="bbox 433 4254 2029 4326">
    <p class='ocr_par' dir='ltr' id='par_1_58' title="bbox 433 4254 2029 4326">
     <span class='ocr_line' id='line_1_58' title="bbox 433 4254 2029 4326; baseline 0.001 -16"><span class='ocrx_word' id='word_1_446' title='bbox 433 4256 692 4326; x_wconf 74' lang='lat' dir='ltr'><strong>(Atrianus</strong></span> <span class='ocrx_word' id='word_1_447' title='bbox 713 4256 779 4309; x_wconf 88' lang='lat' dir='ltr'><strong>ad</strong></span> <span class='ocrx_word' id='word_1_448' title='bbox 799 4265 958 4310; x_wconf 88' lang='lat' dir='ltr'><strong>const.</strong></span> <span class='ocrx_word' id='word_1_449' title='bbox 980 4256 1187 4309; x_wconf 86' lang='lat' dir='ltr'><strong>unicum</strong></span> <span class='ocrx_word' id='word_1_450' title='bbox 1214 4256 1292 4309; x_wconf 84' lang='lat' dir='ltr'><strong>tit.</strong></span> <span class='ocrx_word' id='word_1_451' title='bbox 1318 4254 1403 4318; x_wconf 86' lang='grc'>16,</span> <span class='ocrx_word' id='word_1_452' title='bbox 1432 4254 1522 4309; x_wconf 88' lang='lat' dir='ltr'><strong>lib.</strong></span> <span class='ocrx_word' id='word_1_453' title='bbox 1541 4271 1612 4320; x_wconf 91' lang='lat' dir='ltr'><strong>tv,</strong></span> <span class='ocrx_word' id='word_1_454' title='bbox 1643 4255 1756 4308; x_wconf 85' lang='lat' dir='ltr'><strong>cod.</strong></span> <span class='ocrx_word' id='word_1_455' title='bbox 1782 4254 2029 4326; x_wconf 86' lang='lat' dir='ltr'><strong>Tlteod.).</strong></span> 
     </span>
    </p>
   </div>
   <div class='ocr_carea' id='block_1_59' title="bbox 431 4348 2034 4418">
    <p class='ocr_par' dir='ltr' id='par_1_59' title="bbox 431 4348 2034 4418">
     <span class='ocr_line' id='line_1_59' title="bbox 431 4348 2034 4418; baseline -0.001 -12"><span class='ocrx_word' id='word_1_456' title='bbox 431 4350 566 4406; x_wconf 81' lang='lat' dir='ltr'><strong>Nam</strong></span> <span class='ocrx_word' id='word_1_457' title='bbox 623 4350 714 4418; x_wconf 93' lang='lat' dir='ltr'><strong>qui</strong></span> <span class='ocrx_word' id='word_1_458' title='bbox 761 4363 885 4404; x_wconf 86' lang='lat' dir='ltr'><strong>eum</strong></span> <span class='ocrx_word' id='word_1_459' title='bbox 929 4349 1180 4404; x_wconf 87' lang='lat' dir='ltr'><strong>ordinare</strong></span> <span class='ocrx_word' id='word_1_460' title='bbox 1234 4365 1339 4402; x_wconf 92' lang='lat' dir='ltr'><strong>non</strong></span> <span class='ocrx_word' id='word_1_461' title='bbox 1398 4349 1588 4418; x_wconf 89' lang='lat' dir='ltr'><strong>potuit,</strong></span> <span class='ocrx_word' id='word_1_462' title='bbox 1643 4364 1744 4402; x_wconf 91' lang='lat' dir='ltr'><strong>nec</strong></span> <span class='ocrx_word' id='word_1_463' title='bbox 1788 4348 2034 4417; x_wconf 81' lang='lat' dir='ltr'><strong>judicare</strong></span> 
     </span>
    </p>
   </div>
   <div class='ocr_carea' id='block_1_60' title="bbox 427 4437 2033 4510">
    <p class='ocr_par' dir='ltr' id='par_1_60' title="bbox 427 4437 2033 4510">
     <span class='ocr_line' id='line_1_60' title="bbox 427 4437 2033 4510; baseline -0.003 -12"><span class='ocrx_word' id='word_1_464' title='bbox 427 4443 702 4499; x_wconf 74' lang='lat' dir='ltr'><strong>ullatenus</strong></span> <span class='ocrx_word' id='word_1_465' title='bbox 766 4441 983 4510; x_wconf 90' lang='lat' dir='ltr'><strong>poterit.</strong></span> <span class='ocrx_word' id='word_1_466' title='bbox 1053 4439 1156 4493; x_wconf 86' lang='lat' dir='ltr'><strong>Ista</strong></span> <span class='ocrx_word' id='word_1_467' title='bbox 1215 4438 1360 4494; x_wconf 90' lang='lat' dir='ltr'><strong>enim</strong></span> <span class='ocrx_word' id='word_1_468' title='bbox 1419 4439 1571 4492; x_wconf 76' lang='lat' dir='ltr'><strong>Vobis</strong></span> <span class='ocrx_word' id='word_1_469' title='bbox 1637 4437 1893 4508; x_wconf 78' lang='lat' dir='ltr'><strong>deinceps</strong></span> <span class='ocrx_word' id='word_1_470' title='bbox 1949 4449 2033 4494; x_wconf 89' lang='lat' dir='ltr'><strong>te-</strong></span> 
     </span>
    </p>
   </div>
   <div class='ocr_carea' id='block_1_61' title="bbox 431 4529 2035 4602">
    <p class='ocr_par' dir='ltr' id='par_1_61' title="bbox 431 4529 2035 4602">
     <span class='ocr_line' id='line_1_61' title="bbox 431 4529 2035 4602; baseline -0.002 -12"><span class='ocrx_word' id='word_1_471' title='bbox 431 4534 650 4602; x_wconf 87' lang='lat' dir='ltr'><strong>nenda,</strong></span> <span class='ocrx_word' id='word_1_472' title='bbox 716 4542 770 4588; x_wconf 93' lang='lat' dir='ltr'><strong>et</strong></span> <span class='ocrx_word' id='word_1_473' title='bbox 820 4531 1024 4602; x_wconf 39' lang='lat' dir='ltr'><strong>,l‘ratrcs</strong></span> <span class='ocrx_word' id='word_1_474' title='bbox 1087 4530 1322 4585; x_wconf 68' lang='lat' dir='ltr'><strong>vicissim</strong></span> <span class='ocrx_word' id='word_1_475' title='bbox 1388 4529 1644 4598; x_wconf 87' lang='lat' dir='ltr'><strong>adjuvare</strong></span> <span class='ocrx_word' id='word_1_476' title='bbox 1717 4529 2035 4586; x_wconf 85' lang='lat' dir='ltr'><strong>mandamus</strong></span> 
     </span>
    </p>
   </div>
   <div class='ocr_carea' id='block_1_62' title="bbox 435 4612 2112 4700">
    <p class='ocr_par' dir='ltr' id='par_1_62' title="bbox 435 4612 2112 4700">
     <span class='ocr_line' id='line_1_62' title="bbox 435 4612 2112 4700; baseline -0.005 -19"><span class='ocrx_word' id='word_1_477' title='bbox 435 4626 610 4700; x_wconf 88' lang='lat' dir='ltr'><strong>(Idem</strong></span> <span class='ocrx_word' id='word_1_478' title='bbox 639 4627 692 4680; x_wconf 89' lang='lat' dir='ltr'><strong>in</strong></span> <span class='ocrx_word' id='word_1_479' title='bbox 720 4626 936 4679; x_wconf 85' lang='lat' dir='ltr'><strong>decretis</strong></span> <span class='ocrx_word' id='word_1_480' title='bbox 966 4622 1104 4678; x_wconf 64' lang='grc' dir='ltr'><strong>δὶα]ιὶ</strong></span> <span class='ocrx_word' id='word_1_481' title='bbox 1133 4623 1174 4685; x_wconf 87' lang='grc' dir='ltr'>Ι,</span> <span class='ocrx_word' id='word_1_482' title='bbox 1206 4633 1254 4677; x_wconf 88' lang='lat' dir='ltr'><strong>et</strong></span> <span class='ocrx_word' id='word_1_483' title='bbox 1302 4621 1541 4676; x_wconf 83' lang='lat' dir='ltr'><strong>similiter</strong></span> <span class='ocrx_word' id='word_1_484' title='bbox 1568 4622 1620 4675; x_wconf 88' lang='lat' dir='ltr'><strong>in</strong></span> <span class='ocrx_word' id='word_1_485' title='bbox 1647 4623 1860 4676; x_wconf 82' lang='lat' dir='ltr'><strong>decretis</strong></span> <span class='ocrx_word' id='word_1_486' title='bbox 1901 4621 2034 4677; x_wconf 83' lang='lat' dir='ltr'><strong>Julii</strong></span> <span class='ocrx_word' id='word_1_487' title='bbox 2063 4612 2112 4672; x_wconf 88' lang='lat' dir='ltr'><strong>D</strong></span> 
     </span>
    </p>
   </div>
   <div class='ocr_carea' id='block_1_63' title="bbox 431 4718 628 4792">
    <p class='ocr_par' dir='ltr' id='par_1_63' title="bbox 431 4718 628 4792">
     <span class='ocr_line' id='line_1_63' title="bbox 431 4718 628 4792; baseline -0.005 0"><span class='ocrx_word' id='word_1_488' title='bbox 431 4718 628 4792; x_wconf 65' lang='lat' dir='ltr'><strong>rapte)-</strong></span> 
     </span>
    </p>
   </div>
   <div class='ocr_carea' id='block_1_64' title="bbox 507 4809 2032 4880">
    <p class='ocr_par' dir='ltr' id='par_1_64' title="bbox 507 4809 2032 4880">
     <span class='ocr_line' id='line_1_64' title="bbox 507 4809 2032 4880; baseline -0.001 -12"><span class='ocrx_word' id='word_1_489' title='bbox 507 4810 922 4868; x_wconf 83' lang='lat' dir='ltr'><strong>lV.—Fratrcs</strong></span> <span class='ocrx_word' id='word_1_490' title='bbox 968 4825 1117 4874; x_wconf 87' lang='lat' dir='ltr'><strong>vero,</strong></span> <span class='ocrx_word' id='word_1_491' title='bbox 1151 4825 1286 4880; x_wconf 90' lang='lat' dir='ltr'><strong>quos</strong></span> <span class='ocrx_word' id='word_1_492' title='bbox 1333 4810 1524 4864; x_wconf 87' lang='lat' dir='ltr'><strong>timore</strong></span> <span class='ocrx_word' id='word_1_493' title='bbox 1570 4818 1788 4864; x_wconf 90' lang='lat' dir='ltr'><strong>terreno</strong></span> <span class='ocrx_word' id='word_1_494' title='bbox 1834 4809 2032 4880; x_wconf 78' lang='lat' dir='ltr'><strong>injuSIe</strong></span> 
     </span>
    </p>
   </div>
   <div class='ocr_carea' id='block_1_65' title="bbox 432 4903 2030 4973">
    <p class='ocr_par' dir='ltr' id='par_1_65' title="bbox 432 4903 2030 4973">
     <span class='ocr_line' id='line_1_65' title="bbox 432 4903 2030 4973; baseline -0.004 -9"><span class='ocrx_word' id='word_1_495' title='bbox 432 4907 752 4973; x_wconf 83' lang='lat' dir='ltr'><strong>damnastis,</strong></span> <span class='ocrx_word' id='word_1_496' title='bbox 781 4906 972 4961; x_wconf 91' lang='lat' dir='ltr'><strong>scitote</strong></span> <span class='ocrx_word' id='word_1_497' title='bbox 1002 4921 1028 4957; x_wconf 87' lang='lat' dir='ltr'><strong>a</strong></span> <span class='ocrx_word' id='word_1_498' title='bbox 1063 4905 1218 4959; x_wconf 91' lang='lat' dir='ltr'><strong>nobis</strong></span> <span class='ocrx_word' id='word_1_499' title='bbox 1251 4904 1392 4972; x_wconf 89' lang='lat' dir='ltr'><strong>juste</strong></span> <span class='ocrx_word' id='word_1_500' title='bbox 1419 4919 1540 4959; x_wconf 90' lang='lat' dir='ltr'><strong>esse</strong></span> <span class='ocrx_word' id='word_1_501' title='bbox 1571 4904 1868 4958; x_wconf 85' lang='lat' dir='ltr'><strong>restitutos.</strong></span> <span class='ocrx_word' id='word_1_502' title='bbox 1901 4903 2030 4970; x_wconf 88' lang='lat' dir='ltr'><strong>Qui-</strong></span> 
     </span>
    </p>
   </div>
   <div class='ocr_carea' id='block_1_66' title="bbox 432 4997 2028 5067">
    <p class='ocr_par' dir='ltr' id='par_1_66' title="bbox 432 4997 2028 5067">
     <span class='ocr_line' id='line_1_66' title="bbox 432 4997 2028 5067; baseline -0.002 -12"><span class='ocrx_word' id='word_1_503' title='bbox 432 5003 555 5066; x_wconf 85' lang='lat' dir='ltr'><strong>bus,</strong></span> <span class='ocrx_word' id='word_1_504' title='bbox 585 5014 655 5054; x_wconf 78' lang='lat' dir='ltr'><strong>ex</strong></span> <span class='ocrx_word' id='word_1_505' title='bbox 687 4999 856 5053; x_wconf 88' lang='lat' dir='ltr'><strong>sancti</strong></span> <span class='ocrx_word' id='word_1_506' title='bbox 886 4998 1028 5052; x_wconf 83' lang='lat' dir='ltr'><strong>Petri</strong></span> <span class='ocrx_word' id='word_1_507' title='bbox 1059 5007 1112 5052; x_wconf 91' lang='lat' dir='ltr'><strong>et</strong></span> <span class='ocrx_word' id='word_1_508' title='bbox 1141 4997 1436 5067; x_wconf 80' lang='lat' dir='ltr'><strong>apostolica</strong></span> <span class='ocrx_word' id='word_1_509' title='bbox 1482 4999 1800 5051; x_wconf 83' lang='lat' dir='ltr'><strong>auctoritate</strong></span> <span class='ocrx_word' id='word_1_510' title='bbox 1826 4998 2028 5065; x_wconf 88' lang='lat' dir='ltr'><strong>omnia,</strong></span> 
     </span>
    </p>
   </div>
   <div class='ocr_carea' id='block_1_67' title="bbox 431 5089 2028 5166">
    <p class='ocr_par' dir='ltr' id='par_1_67' title="bbox 431 5089 2028 5166">
     <span class='ocr_line' id='line_1_67' title="bbox 431 5089 2028 5166; baseline -0.004 -16"><span class='ocrx_word' id='word_1_511' title='bbox 431 5110 553 5166; x_wconf 76' lang='lat' dir='ltr'><strong>qua:</strong></span> <span class='ocrx_word' id='word_1_512' title='bbox 595 5093 676 5150; x_wconf 91' lang='lat' dir='ltr'><strong>eis</strong></span> <span class='ocrx_word' id='word_1_513' title='bbox 703 5092 880 5147; x_wconf 86' lang='lat' dir='ltr'><strong>ablata</strong></span> <span class='ocrx_word' id='word_1_514' title='bbox 911 5099 1052 5156; x_wconf 86' lang='lat' dir='ltr'><strong>sunt,</strong></span> <span class='ocrx_word' id='word_1_515' title='bbox 1103 5091 1449 5160; x_wconf 76' lang='lat' dir='ltr'><strong>integerrime</strong></span> <span class='ocrx_word' id='word_1_516' title='bbox 1488 5089 1636 5144; x_wconf 86' lang='lat' dir='ltr'><strong>reddi</strong></span> <span class='ocrx_word' id='word_1_517' title='bbox 1669 5091 2028 5160; x_wconf 76' lang='lat' dir='ltr'><strong>pra~cipimus,</strong></span> 
     </span>
    </p>
   </div>
   <div class='ocr_carea' id='block_1_68' title="bbox 432 5182 2036 5252">
    <p class='ocr_par' dir='ltr' id='par_1_68' title="bbox 432 5182 2036 5252">
     <span class='ocr_line' id='line_1_68' title="bbox 432 5182 2036 5252; baseline -0.004 -8"><span class='ocrx_word' id='word_1_518' title='bbox 432 5189 479 5244; x_wconf 88' lang='lat' dir='ltr'><strong>si</strong></span> <span class='ocrx_word' id='word_1_519' title='bbox 509 5202 615 5242; x_wconf 88' lang='lat' dir='ltr'><strong>non</strong></span> <span class='ocrx_word' id='word_1_520' title='bbox 647 5185 810 5241; x_wconf 86' lang='lat' dir='ltr'><strong>vultis</strong></span> <span class='ocrx_word' id='word_1_521' title='bbox 834 5197 930 5238; x_wconf 89' lang='lat' dir='ltr'><strong>vos</strong></span> <span class='ocrx_word' id='word_1_522' title='bbox 955 5191 1013 5239; x_wconf 87' lang='lat' dir='ltr'><strong>et</strong></span> <span class='ocrx_word' id='word_1_523' title='bbox 1044 5182 1314 5252; x_wconf 88' lang='lat' dir='ltr'><strong>principes</strong></span> <span class='ocrx_word' id='word_1_524' title='bbox 1337 5182 1498 5237; x_wconf 90' lang='lat' dir='ltr'><strong>vestri</strong></span> <span class='ocrx_word' id='word_1_525' title='bbox 1532 5198 1559 5234; x_wconf 93' lang='lat' dir='ltr'><strong>a</strong></span> <span class='ocrx_word' id='word_1_526' title='bbox 1587 5183 1816 5252; x_wconf 87' lang='lat' dir='ltr'><strong>collegio</strong></span> <span class='ocrx_word' id='word_1_527' title='bbox 1848 5192 2036 5237; x_wconf 91' lang='lat' dir='ltr'><strong>nostro</strong></span> 
     </span>
    </p>
   </div>
   <div class='ocr_carea' id='block_1_69' title="bbox 431 5276 2037 5346">
    <p class='ocr_par' dir='ltr' id='par_1_69' title="bbox 431 5276 2037 5346">
     <span class='ocr_line' id='line_1_69' title="bbox 431 5276 2037 5346; baseline -0.004 -7"><span class='ocrx_word' id='word_1_528' title='bbox 431 5292 488 5339; x_wconf 90' lang='lat' dir='ltr'><strong>et</strong></span> <span class='ocrx_word' id='word_1_529' title='bbox 536 5281 793 5338; x_wconf 83' lang='lat' dir='ltr'><strong>membris</strong></span> <span class='ocrx_word' id='word_1_530' title='bbox 837 5277 1084 5334; x_wconf 85' lang='lat' dir='ltr'><strong>ecclesiae</strong></span> <span class='ocrx_word' id='word_1_531' title='bbox 1133 5278 1394 5346; x_wconf 89' lang='lat' dir='ltr'><strong>separari.</strong></span> <span class='ocrx_word' id='word_1_532' title='bbox 1444 5276 1597 5331; x_wconf 83' lang='lat' dir='ltr'><strong>Justo</strong></span> <span class='ocrx_word' id='word_1_533' title='bbox 1643 5277 1784 5331; x_wconf 87' lang='lat' dir='ltr'><strong>enim</strong></span> <span class='ocrx_word' id='word_1_534' title='bbox 1831 5277 2037 5346; x_wconf 88' lang='lat' dir='ltr'><strong>judicio</strong></span> 
     </span>
    </p>
   </div>
   <div class='ocr_carea' id='block_1_70' title="bbox 432 5370 2038 5442">
    <p class='ocr_par' dir='ltr' id='par_1_70' title="bbox 432 5370 2038 5442">
     <span class='ocr_line' id='line_1_70' title="bbox 432 5370 2038 5442; baseline -0.002 -13"><span class='ocrx_word' id='word_1_535' title='bbox 432 5374 531 5429; x_wconf 88' lang='lat' dir='ltr'><strong>Dei</strong></span> <span class='ocrx_word' id='word_1_536' title='bbox 561 5375 717 5429; x_wconf 91' lang='lat' dir='ltr'><strong>datur</strong></span> <span class='ocrx_word' id='word_1_537' title='bbox 746 5372 1063 5442; x_wconf 90' lang='lat' dir='ltr'><strong>plerumque</strong></span> <span class='ocrx_word' id='word_1_538' title='bbox 1090 5370 1461 5441; x_wconf 84' lang='lat' dir='ltr'><strong>peccatoribus</strong></span> <span class='ocrx_word' id='word_1_539' title='bbox 1494 5377 1752 5438; x_wconf 87' lang='lat' dir='ltr'><strong>potestas,</strong></span> <span class='ocrx_word' id='word_1_540' title='bbox 1785 5386 1887 5437; x_wconf 86' lang='lat' dir='ltr'><strong>qua</strong></span> <span class='ocrx_word' id='word_1_541' title='bbox 1915 5385 2038 5426; x_wconf 88' lang='lat' dir='ltr'><strong>san-</strong></span> 
     </span>
    </p>
   </div>
   <div class='ocr_carea' id='block_1_71' title="bbox 434 5464 2040 5538">
    <p class='ocr_par' dir='ltr' id='par_1_71' title="bbox 434 5464 2040 5538">
     <span class='ocr_line' id='line_1_71' title="bbox 434 5464 2040 5538; baseline -0.001 -16"><span class='ocrx_word' id='word_1_542' title='bbox 434 5477 554 5523; x_wconf 89' lang='lat' dir='ltr'><strong>ctos</strong></span> <span class='ocrx_word' id='word_1_543' title='bbox 579 5469 746 5536; x_wconf 89' lang='lat' dir='ltr'><strong>ipsius</strong></span> <span class='ocrx_word' id='word_1_544' title='bbox 777 5476 1170 5538; x_wconf 86' lang='lat' dir='ltr'><strong>persequantur</strong></span> <span class='ocrx_word' id='word_1_545' title='bbox 1195 5465 1464 5534; x_wconf 66' lang='lat' dir='ltr'><strong>(Prospei-1&#39;</strong></span> <span class='ocrx_word' id='word_1_546' title='bbox 1488 5475 1619 5519; x_wconf 86' lang='lat' dir='ltr'><strong>sent.</strong></span> <span class='ocrx_word' id='word_1_547' title='bbox 1641 5464 1732 5526; x_wconf 74' lang='lat'><strong>‘23,</strong></span> <span class='ocrx_word' id='word_1_548' title='bbox 1765 5475 1812 5519; x_wconf 80' lang='lat' dir='ltr'><strong>et</strong></span> <span class='ocrx_word' id='word_1_549' title='bbox 1841 5465 1902 5521; x_wconf 94' lang='lat' dir='ltr'><strong>S.</strong></span> <span class='ocrx_word' id='word_1_550' title='bbox 1933 5467 2040 5520; x_wconf 73' lang='lat' dir='ltr'><strong>Au-</strong></span> 
     </span>
    </p>
   </div>
   <div class='ocr_carea' id='block_1_72' title="bbox 434 5556 2040 5629">
    <p class='ocr_par' dir='ltr' id='par_1_72' title="bbox 434 5556 2040 5629">
     <span class='ocr_line' id='line_1_72' title="bbox 434 5556 2040 5629; baseline 0.001 -17"><span class='ocrx_word' id='word_1_551' title='bbox 434 5569 571 5629; x_wconf 87' lang='lat' dir='ltr'><strong>gust.</strong></span> <span class='ocrx_word' id='word_1_552' title='bbox 600 5559 653 5611; x_wconf 87' lang='lat' dir='ltr'><strong>in</strong></span> <span class='ocrx_word' id='word_1_553' title='bbox 689 5557 777 5612; x_wconf 87' lang='lat' dir='ltr'><strong>Ps.</strong></span> <span class='ocrx_word' id='word_1_554' title='bbox 813 5559 1032 5628; x_wconf 80' lang='lat' dir='ltr'><strong>cxvtu);</strong></span> <span class='ocrx_word' id='word_1_555' title='bbox 1082 5569 1139 5612; x_wconf 93' lang='lat' dir='ltr'><strong>ut</strong></span> <span class='ocrx_word' id='word_1_556' title='bbox 1188 5558 1278 5627; x_wconf 85' lang='lat' dir='ltr'><strong>qui</strong></span> <span class='ocrx_word' id='word_1_557' title='bbox 1319 5556 1510 5625; x_wconf 88' lang='lat' dir='ltr'><strong>spiritu</strong></span> <span class='ocrx_word' id='word_1_558' title='bbox 1560 5557 1651 5610; x_wconf 89' lang='lat' dir='ltr'><strong>Dei</strong></span> <span class='ocrx_word' id='word_1_559' title='bbox 1697 5556 1955 5626; x_wconf 82' lang='lat' dir='ltr'><strong>juvautur</strong></span> <span class='ocrx_word' id='word_1_560' title='bbox 1984 5568 2040 5613; x_wconf 90' lang='lat' dir='ltr'><strong>et</strong></span> 
     </span>
    </p>
   </div>
   <div class='ocr_carea' id='block_1_73' title="bbox 437 5649 2040 5722">
    <p class='ocr_par' dir='ltr' id='par_1_73' title="bbox 437 5649 2040 5722">
     <span class='ocr_line' id='line_1_73' title="bbox 437 5649 2040 5722; baseline -0.001 -16"><span class='ocrx_word' id='word_1_561' title='bbox 437 5659 688 5720; x_wconf 88' lang='lat' dir='ltr'><strong>aguntur,</strong></span> <span class='ocrx_word' id='word_1_562' title='bbox 720 5650 849 5705; x_wconf 88' lang='lat' dir='ltr'><strong>liant</strong></span> <span class='ocrx_word' id='word_1_563' title='bbox 893 5668 988 5722; x_wconf 92' lang='lat' dir='ltr'><strong>per</strong></span> <span class='ocrx_word' id='word_1_564' title='bbox 1035 5651 1279 5707; x_wconf 88' lang='lat' dir='ltr'><strong>laborum</strong></span> <span class='ocrx_word' id='word_1_565' title='bbox 1328 5650 1582 5706; x_wconf 75' lang='lat' dir='ltr'><strong>exercitia</strong></span> <span class='ocrx_word' id='word_1_566' title='bbox 1628 5649 1906 5705; x_wconf 90' lang='lat' dir='ltr'><strong>clariores.</strong></span> <span class='ocrx_word' id='word_1_567' title='bbox 1956 5649 2040 5706; x_wconf 83' lang='lat' dir='ltr'><strong>Illi</strong></span> 
     </span>
    </p>
   </div>
   <div class='ocr_carea' id='block_1_74' title="bbox 437 5735 2034 5815">
    <p class='ocr_par' dir='ltr' id='par_1_74' title="bbox 437 5735 2034 5815">
     <span class='ocr_line' id='line_1_74' title="bbox 437 5735 2034 5815; baseline 0.001 -17"><span class='ocrx_word' id='word_1_568' title='bbox 437 5751 615 5798; x_wconf 89' lang='lat' dir='ltr'><strong>tamen</strong></span> <span class='ocrx_word' id='word_1_569' title='bbox 639 5735 736 5814; x_wconf 50' lang='lat' dir='ltr'><strong>&#39;qui</strong></span> <span class='ocrx_word' id='word_1_570' title='bbox 779 5744 879 5799; x_wconf 89' lang='lat' dir='ltr'><strong>hoc</strong></span> <span class='ocrx_word' id='word_1_571' title='bbox 923 5756 1104 5814; x_wconf 78' lang='lat' dir='ltr'><strong>agunt,</strong></span> <span class='ocrx_word' id='word_1_572' title='bbox 1155 5745 1459 5801; x_wconf 89' lang='lat' dir='ltr'><strong>nullatenus</strong></span> <span class='ocrx_word' id='word_1_573' title='bbox 1504 5743 1735 5800; x_wconf 89' lang='lat' dir='ltr'><strong>evadent</strong></span> <span class='ocrx_word' id='word_1_574' title='bbox 1780 5759 2034 5815; x_wconf 86' lang='lat' dir='ltr'><strong>poenam:</strong></span> 
     </span>
    </p>
   </div>
   <div class='ocr_carea' id='block_1_75' title="bbox 433 5836 2037 5910">
    <p class='ocr_par' dir='ltr' id='par_1_75' title="bbox 433 5836 2037 5910">
     <span class='ocr_line' id='line_1_75' title="bbox 433 5836 2037 5910; baseline 0.002 -21"><span class='ocrx_word' id='word_1_575' title='bbox 433 5836 578 5908; x_wconf 88' lang='lat' dir='ltr'><strong>quia,</strong></span> <span class='ocrx_word' id='word_1_576' title='bbox 624 5847 680 5892; x_wconf 91' lang='lat' dir='ltr'><strong>ut</strong></span> <span class='ocrx_word' id='word_1_577' title='bbox 707 5837 780 5892; x_wconf 83' lang='lat' dir='ltr'><strong>ait</strong></span> <span class='ocrx_word' id='word_1_578' title='bbox 810 5837 1108 5895; x_wconf 87' lang='lat' dir='ltr'><strong>Dominus:</strong></span> <span class='ocrx_word' id='word_1_579' title='bbox 1152 5838 1242 5895; x_wconf 76' lang='lat' dir='ltr'><strong>Va:</strong></span> <span class='ocrx_word' id='word_1_580' title='bbox 1286 5839 1364 5896; x_wconf 86' lang='lat' dir='ltr'><strong>illi</strong></span> <span class='ocrx_word' id='word_1_581' title='bbox 1410 5855 1499 5909; x_wconf 85' lang='lat' dir='ltr'><strong>per</strong></span> <span class='ocrx_word' id='word_1_582' title='bbox 1540 5855 1688 5910; x_wconf 84' lang='lat' dir='ltr'><strong>quem</strong></span> <span class='ocrx_word' id='word_1_583' title='bbox 1727 5839 2037 5907; x_wconf 79' lang='lat' dir='ltr'><strong>scandalum</strong></span> 
     </span>
    </p>
   </div>
   <div class='ocr_carea' id='block_1_76' title="bbox 2117 1901 3731 1977">
    <p class='ocr_par' dir='ltr' id='par_1_76' title="bbox 2117 1901 3731 1977">
     <span class='ocr_line' id='line_1_76' title="bbox 2117 1901 3731 1977; baseline 0.002 -21"><span class='ocrx_word' id='word_1_584' title='bbox 2117 1917 2277 1974; x_wconf 89' lang='lat' dir='ltr'><strong>quem</strong></span> <span class='ocrx_word' id='word_1_585' title='bbox 2323 1902 2462 1958; x_wconf 90' lang='lat' dir='ltr'><strong>Deus</strong></span> <span class='ocrx_word' id='word_1_586' title='bbox 2491 1916 2589 1956; x_wconf 91' lang='lat' dir='ltr'><strong>suo</strong></span> <span class='ocrx_word' id='word_1_587' title='bbox 2637 1901 2841 1972; x_wconf 88' lang='lat' dir='ltr'><strong>judicio</strong></span> <span class='ocrx_word' id='word_1_588' title='bbox 2883 1904 3177 1958; x_wconf 87' lang='lat' dir='ltr'><strong>reservavit</strong></span> <span class='ocrx_word' id='word_1_589' title='bbox 3220 1903 3429 1977; x_wconf 86' lang='lat' dir='ltr'><strong>(Hadr.</strong></span> <span class='ocrx_word' id='word_1_590' title='bbox 3459 1905 3582 1960; x_wconf 90' lang='lat' dir='ltr'><strong>coll.</strong></span> <span class='ocrx_word' id='word_1_591' title='bbox 3612 1922 3731 1974; x_wconf 87' lang='lat' dir='ltr'><strong>cap.</strong></span> 
     </span>
    </p>
   </div>
   <div class='ocr_carea' id='block_1_77' title="bbox 2118 1994 3734 2070">
    <p class='ocr_par' dir='ltr' id='par_1_77' title="bbox 2118 1994 3734 2070">
     <span class='ocr_line' id='line_1_77' title="bbox 2118 1994 3734 2070; baseline 0.002 -20"><span class='ocrx_word' id='word_1_592' title='bbox 2118 1995 2178 2050; x_wconf 83' lang='grc'>51</span> <span class='ocrx_word' id='word_1_593' title='bbox 2215 2005 2260 2050; x_wconf 88' lang='lat' dir='ltr'><strong>et</strong></span> <span class='ocrx_word' id='word_1_594' title='bbox 2291 1994 2395 2060; x_wconf 87' lang='lat'><strong>67;</strong></span> <span class='ocrx_word' id='word_1_595' title='bbox 2427 2005 2474 2049; x_wconf 89' lang='lat' dir='ltr'><strong>et</strong></span> <span class='ocrx_word' id='word_1_596' title='bbox 2499 1995 2673 2051; x_wconf 89' lang='lat' dir='ltr'><strong>Const.</strong></span> <span class='ocrx_word' id='word_1_597' title='bbox 2710 1994 2934 2067; x_wconf 78' lang='lat' dir='ltr'><strong>Magnus</strong></span> <span class='ocrx_word' id='word_1_598' title='bbox 2965 1996 3033 2052; x_wconf 83' lang='lat' dir='ltr'><strong>ad</strong></span> <span class='ocrx_word' id='word_1_599' title='bbox 3068 1996 3246 2050; x_wconf 85' lang='lat' dir='ltr'><strong>Patres</strong></span> <span class='ocrx_word' id='word_1_600' title='bbox 3281 1996 3570 2070; x_wconf 65' lang='lat' dir='ltr'><strong>Nicaenos).</strong></span> <span class='ocrx_word' id='word_1_601' title='bbox 3607 1998 3734 2055; x_wconf 67' lang='lat' dir='ltr'><strong>Haec</strong></span> 
     </span>
    </p>
   </div>
   <div class='ocr_carea' id='block_1_78' title="bbox 2123 2086 3736 2161">
    <p class='ocr_par' dir='ltr' id='par_1_78' title="bbox 2123 2086 3736 2161">
     <span class='ocr_line' id='line_1_78' title="bbox 2123 2086 3736 2161; baseline 0.002 -19"><span class='ocrx_word' id='word_1_602' title='bbox 2123 2086 2304 2142; x_wconf 91' lang='lat' dir='ltr'><strong>omnia</strong></span> <span class='ocrx_word' id='word_1_603' title='bbox 2323 2100 2669 2155; x_wconf 87' lang='lat' dir='ltr'><strong>summopere</strong></span> <span class='ocrx_word' id='word_1_604' title='bbox 2689 2095 2816 2141; x_wconf 89' lang='lat' dir='ltr'><strong>sunt</strong></span> <span class='ocrx_word' id='word_1_605' title='bbox 2836 2087 3205 2158; x_wconf 66' lang='lat' dir='ltr'><strong>praecavenda,</strong></span> <span class='ocrx_word' id='word_1_606' title='bbox 3226 2105 3294 2144; x_wconf 90' lang='lat' dir='ltr'><strong>tte</strong></span> <span class='ocrx_word' id='word_1_607' title='bbox 3317 2099 3736 2161; x_wconf 84' lang='lat' dir='ltr'><strong>praesumptores</strong></span> 
     </span>
    </p>
   </div>
   <div class='ocr_carea' id='block_1_79' title="bbox 2119 2178 3736 2252">
    <p class='ocr_par' dir='ltr' id='par_1_79' title="bbox 2119 2178 3736 2252">
     <span class='ocr_line' id='line_1_79' title="bbox 2119 2178 3736 2252; baseline 0.001 -16"><span class='ocrx_word' id='word_1_608' title='bbox 2119 2194 2244 2236; x_wconf 88' lang='lat' dir='ltr'><strong>esse</strong></span> <span class='ocrx_word' id='word_1_609' title='bbox 2277 2179 2571 2234; x_wconf 88' lang='lat' dir='ltr'><strong>videamur.</strong></span> <span class='ocrx_word' id='word_1_610' title='bbox 2599 2178 2668 2234; x_wconf 88' lang='lat' dir='ltr'><strong>Et</strong></span> <span class='ocrx_word' id='word_1_611' title='bbox 2692 2181 2964 2234; x_wconf 79' lang='lat' dir='ltr'><strong>accuSatio</strong></span> <span class='ocrx_word' id='word_1_612' title='bbox 3005 2181 3378 2252; x_wconf 87' lang='lat' dir='ltr'><strong>episeoporum</strong></span> <span class='ocrx_word' id='word_1_613' title='bbox 3409 2197 3516 2236; x_wconf 91' lang='lat' dir='ltr'><strong>non</strong></span> <span class='ocrx_word' id='word_1_614' title='bbox 3545 2191 3628 2238; x_wconf 89' lang='lat' dir='ltr'><strong>est</strong></span> <span class='ocrx_word' id='word_1_615' title='bbox 3657 2181 3736 2237; x_wconf 83' lang='lat' dir='ltr'><strong>la-</strong></span> 
     </span>
    </p>
   </div>
   <div class='ocr_carea' id='block_1_80' title="bbox 2120 2271 3738 2342">
    <p class='ocr_par' dir='ltr' id='par_1_80' title="bbox 2120 2271 3738 2342">
     <span class='ocr_line' id='line_1_80' title="bbox 2120 2271 3738 2342; baseline 0.001 -15"><span class='ocrx_word' id='word_1_616' title='bbox 2120 2271 2226 2327; x_wconf 89' lang='lat' dir='ltr'><strong>cile</strong></span> <span class='ocrx_word' id='word_1_617' title='bbox 2252 2271 2579 2340; x_wconf 88' lang='lat' dir='ltr'><strong>recipienda,</strong></span> <span class='ocrx_word' id='word_1_618' title='bbox 2612 2271 2824 2326; x_wconf 87' lang='lat' dir='ltr'><strong>dicente</strong></span> <span class='ocrx_word' id='word_1_619' title='bbox 2847 2271 3071 2326; x_wconf 92' lang='lat' dir='ltr'><strong>Domino</strong></span> <span class='ocrx_word' id='word_1_620' title='bbox 3097 2291 3108 2325; x_wconf 94' lang='lat'>:</span> <span class='ocrx_word' id='word_1_621' title='bbox 3143 2271 3263 2327; x_wconf 81' lang='lat' dir='ltr'><strong>Non</strong></span> <span class='ocrx_word' id='word_1_622' title='bbox 3288 2275 3535 2342; x_wconf 83' lang='lat' dir='ltr'><strong>suspicies</strong></span> <span class='ocrx_word' id='word_1_623' title='bbox 3562 2292 3738 2329; x_wconf 85' lang='lat' dir='ltr'><strong>vocem</strong></span> 
     </span>
    </p>
   </div>
   <div class='ocr_carea' id='block_1_81' title="bbox 2119 2361 3734 2438">
    <p class='ocr_par' dir='ltr' id='par_1_81' title="bbox 2119 2361 3734 2438">
     <span class='ocr_line' id='line_1_81' title="bbox 2119 2361 3734 2438; baseline 0.004 -22"><span class='ocrx_word' id='word_1_624' title='bbox 2119 2363 2372 2416; x_wconf 80' lang='lat' dir='ltr'><strong>mendacii</strong></span> <span class='ocrx_word' id='word_1_625' title='bbox 2403 2361 2601 2430; x_wconf 81' lang='lat' dir='ltr'><strong>(Exod.</strong></span> <span class='ocrx_word' id='word_1_626' title='bbox 2633 2361 2750 2430; x_wconf 69' lang='lat'><strong>25).</strong></span> <span class='ocrx_word' id='word_1_627' title='bbox 2785 2362 2852 2418; x_wconf 89' lang='lat' dir='ltr'><strong>Et</strong></span> <span class='ocrx_word' id='word_1_628' title='bbox 2883 2364 3259 2436; x_wconf 83' lang='lat' dir='ltr'><strong>Apostolus(l</strong></span> <span class='ocrx_word' id='word_1_629' title='bbox 3292 2364 3518 2420; x_wconf 87' lang='lat' dir='ltr'><strong>Timotlt.</strong></span> <span class='ocrx_word' id='word_1_630' title='bbox 3552 2365 3622 2438; x_wconf 80' lang='grc'>5)</span> <span class='ocrx_word' id='word_1_631' title='bbox 3655 2369 3734 2423; x_wconf 87' lang='lat' dir='ltr'><strong>in-</strong></span> 
     </span>
    </p>
   </div>
   <div class='ocr_carea' id='block_1_82' title="bbox 2121 2455 3739 2531">
    <p class='ocr_par' dir='ltr' id='par_1_82' title="bbox 2121 2455 3739 2531">
     <span class='ocr_line' id='line_1_82' title="bbox 2121 2455 3739 2531; baseline 0.006 -22"><span class='ocrx_word' id='word_1_632' title='bbox 2121 2457 2257 2527; x_wconf 91' lang='lat' dir='ltr'><strong>quit,</strong></span> <span class='ocrx_word' id='word_1_633' title='bbox 2301 2455 2563 2511; x_wconf 87' lang='lat' dir='ltr'><strong>adversus</strong></span> <span class='ocrx_word' id='word_1_634' title='bbox 2592 2457 2968 2529; x_wconf 87' lang='lat' dir='ltr'><strong>presbyterum</strong></span> <span class='ocrx_word' id='word_1_635' title='bbox 3015 2459 3425 2531; x_wconf 89' lang='lat' dir='ltr'><strong>inscriptionem</strong></span> <span class='ocrx_word' id='word_1_636' title='bbox 3457 2477 3563 2517; x_wconf 93' lang='lat' dir='ltr'><strong>non</strong></span> <span class='ocrx_word' id='word_1_637' title='bbox 3593 2465 3739 2519; x_wconf 85' lang='lat' dir='ltr'><strong>reci-</strong></span> 
     </span>
    </p>
   </div>
   <div class='ocr_carea' id='block_1_83' title="bbox 2125 2549 3742 2620">
    <p class='ocr_par' dir='ltr' id='par_1_83' title="bbox 2125 2549 3742 2620">
     <span class='ocr_line' id='line_1_83' title="bbox 2125 2549 3742 2620; baseline 0.007 -17"><span class='ocrx_word' id='word_1_638' title='bbox 2125 2550 2374 2620; x_wconf 86' lang='lat' dir='ltr'><strong>piendam</strong></span> <span class='ocrx_word' id='word_1_639' title='bbox 2405 2551 2612 2618; x_wconf 88' lang='lat' dir='ltr'><strong>absque</strong></span> <span class='ocrx_word' id='word_1_640' title='bbox 2639 2549 2850 2606; x_wconf 88' lang='lat' dir='ltr'><strong>duobus</strong></span> <span class='ocrx_word' id='word_1_641' title='bbox 2894 2553 2977 2607; x_wconf 88' lang='lat' dir='ltr'><strong>vel</strong></span> <span class='ocrx_word' id='word_1_642' title='bbox 3027 2554 3194 2608; x_wconf 90' lang='lat' dir='ltr'><strong>tribus</strong></span> <span class='ocrx_word' id='word_1_643' title='bbox 3247 2554 3458 2610; x_wconf 89' lang='lat' dir='ltr'><strong>idoneis</strong></span> <span class='ocrx_word' id='word_1_644' title='bbox 3511 2557 3742 2614; x_wconf 80' lang='lat' dir='ltr'><strong>testibus</strong></span> 
     </span>
    </p>
   </div>
   <div class='ocr_carea' id='block_1_84' title="bbox 2125 2643 3742 2723">
    <p class='ocr_par' dir='ltr' id='par_1_84' title="bbox 2125 2643 3742 2723">
     <span class='ocr_line' id='line_1_84' title="bbox 2125 2643 3742 2723; baseline 0.006 -27"><span class='ocrx_word' id='word_1_645' title='bbox 2125 2643 2288 2718; x_wconf 87' lang='lat' dir='ltr'><strong>(Vide</strong></span> <span class='ocrx_word' id='word_1_646' title='bbox 2314 2646 2583 2714; x_wconf 85' lang='lat' dir='ltr'><strong>epistolam</strong></span> <span class='ocrx_word' id='word_1_647' title='bbox 2615 2661 2670 2711; x_wconf 91' lang='grc' dir='ltr'><strong>ιι,</strong></span> <span class='ocrx_word' id='word_1_648' title='bbox 2706 2645 2839 2700; x_wconf 88' lang='lat' dir='ltr'><strong>Julii</strong></span> <span class='ocrx_word' id='word_1_649' title='bbox 2869 2663 3038 2719; x_wconf 81' lang='lat' dir='ltr'><strong>papce,</strong></span> <span class='ocrx_word' id='word_1_650' title='bbox 3084 2649 3260 2702; x_wconf 86' lang='lat' dir='ltr'><strong>eadem</strong></span> <span class='ocrx_word' id='word_1_651' title='bbox 3285 2652 3475 2712; x_wconf 79' lang='grc' dir='ltr'>νοθείας</span> <span class='ocrx_word' id='word_1_652' title='bbox 3504 2651 3618 2705; x_wconf 84' lang='lat' dir='ltr'><strong>lube</strong></span> <span class='ocrx_word' id='word_1_653' title='bbox 3646 2655 3742 2723; x_wconf 78' lang='lat' dir='ltr'><strong>fa:-</strong></span> 
     </span>
    </p>
   </div>
   <div class='ocr_carea' id='block_1_85' title="bbox 2124 2738 3742 2814">
    <p class='ocr_par' dir='ltr' id='par_1_85' title="bbox 2124 2738 3742 2814">
     <span class='ocr_line' id='line_1_85' title="bbox 2124 2738 3742 2814; baseline 0.006 -24"><span class='ocrx_word' id='word_1_654' title='bbox 2124 2739 2346 2810; x_wconf 82' lang='lat' dir='ltr'><strong>tlatam).</strong></span> <span class='ocrx_word' id='word_1_655' title='bbox 2379 2738 2434 2794; x_wconf 92' lang='lat' dir='ltr'><strong>Si</strong></span> <span class='ocrx_word' id='word_1_656' title='bbox 2485 2739 2600 2794; x_wconf 83' lang='lat' dir='ltr'><strong>haec</strong></span> <span class='ocrx_word' id='word_1_657' title='bbox 2627 2739 2695 2794; x_wconf 89' lang='lat' dir='ltr'><strong>de</strong></span> <span class='ocrx_word' id='word_1_658' title='bbox 2729 2740 3061 2814; x_wconf 82' lang='lat' dir='ltr'><strong>presbyteris</strong></span> <span class='ocrx_word' id='word_1_659' title='bbox 3093 2741 3174 2795; x_wconf 90' lang='lat' dir='ltr'><strong>vel</strong></span> <span class='ocrx_word' id='word_1_660' title='bbox 3224 2743 3435 2798; x_wconf 64' lang='lat' dir='ltr'><strong>creteris</strong></span> <span class='ocrx_word' id='word_1_661' title='bbox 3488 2742 3742 2799; x_wconf 90' lang='lat' dir='ltr'><strong>lidelibus</strong></span> 
     </span>
    </p>
   </div>
   <div class='ocr_carea' id='block_1_86' title="bbox 2124 2833 3742 2906">
    <p class='ocr_par' dir='ltr' id='par_1_86' title="bbox 2124 2833 3742 2906">
     <span class='ocr_line' id='line_1_86' title="bbox 2124 2833 3742 2906; baseline 0.006 -19"><span class='ocrx_word' id='word_1_662' title='bbox 2124 2842 2246 2887; x_wconf 85' lang='lat' dir='ltr'><strong>Suttl</strong></span> <span class='ocrx_word' id='word_1_663' title='bbox 2279 2833 2652 2903; x_wconf 67' lang='lat' dir='ltr'><strong>praecavenda,</strong></span> <span class='ocrx_word' id='word_1_664' title='bbox 2678 2843 2880 2904; x_wconf 88' lang='lat' dir='ltr'><strong>quanto</strong></span> <span class='ocrx_word' id='word_1_665' title='bbox 2902 2835 3072 2905; x_wconf 87' lang='lat' dir='ltr'><strong>magis</strong></span> <span class='ocrx_word' id='word_1_666' title='bbox 3100 2834 3166 2890; x_wconf 89' lang='lat' dir='ltr'><strong>de</strong></span> <span class='ocrx_word' id='word_1_667' title='bbox 3196 2836 3504 2906; x_wconf 87' lang='lat' dir='ltr'><strong>episcopis?</strong></span> <span class='ocrx_word' id='word_1_668' title='bbox 3531 2836 3742 2906; x_wconf 81' lang='lat' dir='ltr'><strong>Quibus</strong></span> 
     </span>
    </p>
   </div>
   <div class='ocr_carea' id='block_1_87' title="bbox 2124 2928 3742 3000">
    <p class='ocr_par' dir='ltr' id='par_1_87' title="bbox 2124 2928 3742 3000">
     <span class='ocr_line' id='line_1_87' title="bbox 2124 2928 3742 3000; baseline 0.004 -18"><span class='ocrx_word' id='word_1_669' title='bbox 2124 2928 2376 2998; x_wconf 83' lang='lat' dir='ltr'><strong>cognitis,</strong></span> <span class='ocrx_word' id='word_1_670' title='bbox 2427 2929 2596 2998; x_wconf 86' lang='lat' dir='ltr'><strong>magis</strong></span> <span class='ocrx_word' id='word_1_671' title='bbox 2629 2943 2724 2982; x_wconf 89' lang='lat' dir='ltr'><strong>vos</strong></span> <span class='ocrx_word' id='word_1_672' title='bbox 2769 2929 3034 2983; x_wconf 87' lang='lat' dir='ltr'><strong>dominari</strong></span> <span class='ocrx_word' id='word_1_673' title='bbox 3079 2929 3219 2984; x_wconf 88' lang='lat' dir='ltr'><strong>velle</strong></span> <span class='ocrx_word' id='word_1_674' title='bbox 3260 2929 3603 2985; x_wconf 81' lang='lat' dir='ltr'><strong>manifestum</strong></span> <span class='ocrx_word' id='word_1_675' title='bbox 3631 2942 3742 3000; x_wconf 88' lang='lat' dir='ltr'><strong>est,</strong></span> 
     </span>
    </p>
   </div>
   <div class='ocr_carea' id='block_1_88' title="bbox 2126 3020 3744 3095">
    <p class='ocr_par' dir='ltr' id='par_1_88' title="bbox 2126 3020 3744 3095">
     <span class='ocr_line' id='line_1_88' title="bbox 2126 3020 3744 3095; baseline 0.004 -22"><span class='ocrx_word' id='word_1_676' title='bbox 2126 3036 2286 3091; x_wconf 90' lang='lat' dir='ltr'><strong>quam</strong></span> <span class='ocrx_word' id='word_1_677' title='bbox 2317 3022 2606 3077; x_wconf 90' lang='lat' dir='ltr'><strong>consulere</strong></span> <span class='ocrx_word' id='word_1_678' title='bbox 2640 3020 2914 3088; x_wconf 76' lang='lat' dir='ltr'><strong>fratribus,</strong></span> <span class='ocrx_word' id='word_1_679' title='bbox 2966 3031 3058 3076; x_wconf 90' lang='lat' dir='ltr'><strong>aut</strong></span> <span class='ocrx_word' id='word_1_680' title='bbox 3091 3032 3398 3077; x_wconf 89' lang='lat' dir='ltr'><strong>sustentare</strong></span> <span class='ocrx_word' id='word_1_681' title='bbox 3447 3037 3563 3089; x_wconf 90' lang='lat' dir='ltr'><strong>eos,</strong></span> <span class='ocrx_word' id='word_1_682' title='bbox 3614 3026 3744 3095; x_wconf 88' lang='lat' dir='ltr'><strong>quia</strong></span> 
     </span>
    </p>
   </div>
   <div class='ocr_carea' id='block_1_89' title="bbox 2130 3115 3746 3187">
    <p class='ocr_par' dir='ltr' id='par_1_89' title="bbox 2130 3115 3746 3187">
     <span class='ocr_line' id='line_1_89' title="bbox 2130 3115 3746 3187; baseline 0.004 -17"><span class='ocrx_word' id='word_1_683' title='bbox 2130 3115 2306 3171; x_wconf 90' lang='lat' dir='ltr'><strong>honor</strong></span> <span class='ocrx_word' id='word_1_684' title='bbox 2338 3115 2488 3170; x_wconf 91' lang='lat' dir='ltr'><strong>inllat</strong></span> <span class='ocrx_word' id='word_1_685' title='bbox 2538 3116 2850 3186; x_wconf 87' lang='lat' dir='ltr'><strong>superbiam</strong></span> <span class='ocrx_word' id='word_1_686' title='bbox 2888 3134 2900 3170; x_wconf 90' lang='lat'><strong>:</strong></span> <span class='ocrx_word' id='word_1_687' title='bbox 2936 3125 2990 3170; x_wconf 88' lang='lat' dir='ltr'><strong>et</strong></span> <span class='ocrx_word' id='word_1_688' title='bbox 3033 3116 3176 3187; x_wconf 91' lang='lat' dir='ltr'><strong>quod</strong></span> <span class='ocrx_word' id='word_1_689' title='bbox 3226 3118 3495 3187; x_wconf 84' lang='lat' dir='ltr'><strong>provisum</strong></span> <span class='ocrx_word' id='word_1_690' title='bbox 3541 3129 3627 3178; x_wconf 77' lang='lat' dir='ltr'><strong>est</strong></span> <span class='ocrx_word' id='word_1_691' title='bbox 3676 3121 3746 3177; x_wconf 86' lang='lat' dir='ltr'><strong>ad</strong></span> 
     </span>
    </p>
   </div>
   <div class='ocr_carea' id='block_1_90' title="bbox 2053 3209 3745 3284">
    <p class='ocr_par' dir='ltr' id='par_1_90' title="bbox 2053 3209 3745 3284">
     <span class='ocr_line' id='line_1_90' title="bbox 2053 3209 3745 3284; baseline 0.001 -18"><span class='ocrx_word' id='word_1_692' title='bbox 2053 3214 2097 3276; x_wconf 87' lang='lat' dir='ltr'><strong>C</strong></span> <span class='ocrx_word' id='word_1_693' title='bbox 2131 3210 2501 3275; x_wconf 88' lang='lat' dir='ltr'><strong>concordiam,</strong></span> <span class='ocrx_word' id='word_1_694' title='bbox 2561 3210 2731 3266; x_wconf 88' lang='lat' dir='ltr'><strong>tendit</strong></span> <span class='ocrx_word' id='word_1_695' title='bbox 2781 3209 2848 3264; x_wconf 89' lang='lat' dir='ltr'><strong>ad</strong></span> <span class='ocrx_word' id='word_1_696' title='bbox 2900 3223 3117 3264; x_wconf 84' lang='lat' dir='ltr'><strong>noxam.</strong></span> <span class='ocrx_word' id='word_1_697' title='bbox 3177 3210 3436 3266; x_wconf 86' lang='lat' dir='ltr'><strong>Decuerat</strong></span> <span class='ocrx_word' id='word_1_698' title='bbox 3487 3228 3745 3284; x_wconf 87' lang='lat' dir='ltr'><strong>namque,</strong></span> 
     </span>
    </p>
   </div>
   <div class='ocr_carea' id='block_1_91' title="bbox 2126 3302 3748 3374">
    <p class='ocr_par' dir='ltr' id='par_1_91' title="bbox 2126 3302 3748 3374">
     <span class='ocr_line' id='line_1_91' title="bbox 2126 3302 3748 3374; baseline 0.002 -16"><span class='ocrx_word' id='word_1_699' title='bbox 2126 3303 2280 3374; x_wconf 81' lang='lat' dir='ltr'><strong>juxta</strong></span> <span class='ocrx_word' id='word_1_700' title='bbox 2314 3303 2563 3374; x_wconf 65' lang='lat' dir='ltr'><strong>praelatus</strong></span> <span class='ocrx_word' id='word_1_701' title='bbox 2606 3303 2839 3372; x_wconf 86' lang='lat' dir='ltr'><strong>regulas,</strong></span> <span class='ocrx_word' id='word_1_702' title='bbox 2891 3309 2948 3355; x_wconf 92' lang='lat' dir='ltr'><strong>ut</strong></span> <span class='ocrx_word' id='word_1_703' title='bbox 2977 3303 3021 3356; x_wconf 90' lang='lat' dir='ltr'><strong>si</strong></span> <span class='ocrx_word' id='word_1_704' title='bbox 3054 3302 3253 3373; x_wconf 90' lang='lat' dir='ltr'><strong>aliquid</strong></span> <span class='ocrx_word' id='word_1_705' title='bbox 3286 3305 3521 3374; x_wconf 84' lang='lat' dir='ltr'><strong>egissent</strong></span> <span class='ocrx_word' id='word_1_706' title='bbox 3549 3315 3748 3361; x_wconf 88' lang='lat' dir='ltr'><strong>contra</strong></span> 
     </span>
    </p>
   </div>
   <div class='ocr_carea' id='block_1_92' title="bbox 2131 3395 3747 3468">
    <p class='ocr_par' dir='ltr' id='par_1_92' title="bbox 2131 3395 3747 3468">
     <span class='ocr_line' id='line_1_92' title="bbox 2131 3395 3747 3468; baseline -0.001 -15"><span class='ocrx_word' id='word_1_707' title='bbox 2131 3414 2289 3454; x_wconf 88' lang='lat' dir='ltr'><strong>suum</strong></span> <span class='ocrx_word' id='word_1_708' title='bbox 2319 3397 2586 3463; x_wconf 87' lang='lat' dir='ltr'><strong>ordinem,</strong></span> <span class='ocrx_word' id='word_1_709' title='bbox 2619 3395 2878 3451; x_wconf 84' lang='lat' dir='ltr'><strong>mandare</strong></span> <span class='ocrx_word' id='word_1_710' title='bbox 2901 3395 3077 3460; x_wconf 88' lang='lat' dir='ltr'><strong>nobis,</strong></span> <span class='ocrx_word' id='word_1_711' title='bbox 3104 3406 3157 3450; x_wconf 91' lang='lat' dir='ltr'><strong>et</strong></span> <span class='ocrx_word' id='word_1_712' title='bbox 3184 3406 3491 3466; x_wconf 77' lang='lat' dir='ltr'><strong>expectare,</strong></span> <span class='ocrx_word' id='word_1_713' title='bbox 3522 3399 3652 3468; x_wconf 90' lang='lat' dir='ltr'><strong>quid</strong></span> <span class='ocrx_word' id='word_1_714' title='bbox 3677 3399 3747 3453; x_wconf 87' lang='lat' dir='ltr'><strong>ad</strong></span> 
     </span>
    </p>
   </div>
   <div class='ocr_carea' id='block_1_93' title="bbox 2134 3488 3746 3555">
    <p class='ocr_par' dir='ltr' id='par_1_93' title="bbox 2134 3488 3746 3555">
     <span class='ocr_line' id='line_1_93' title="bbox 2134 3488 3746 3555; baseline 0.001 -12"><span class='ocrx_word' id='word_1_715' title='bbox 2134 3500 2316 3546; x_wconf 88' lang='lat' dir='ltr'><strong>vestra</strong></span> <span class='ocrx_word' id='word_1_716' title='bbox 2349 3489 2596 3545; x_wconf 91' lang='lat' dir='ltr'><strong>consulta</strong></span> <span class='ocrx_word' id='word_1_717' title='bbox 2627 3488 3071 3554; x_wconf 88' lang='lat' dir='ltr'><strong>rescriberemus,</strong></span> <span class='ocrx_word' id='word_1_718' title='bbox 3103 3488 3389 3555; x_wconf 83' lang='lat' dir='ltr'><strong>iutaututn,</strong></span> <span class='ocrx_word' id='word_1_719' title='bbox 3417 3497 3477 3544; x_wconf 91' lang='lat' dir='ltr'><strong>ut</strong></span> <span class='ocrx_word' id='word_1_720' title='bbox 3501 3489 3544 3543; x_wconf 89' lang='lat' dir='ltr'><strong>si</strong></span> <span class='ocrx_word' id='word_1_721' title='bbox 3577 3490 3746 3546; x_wconf 87' lang='lat' dir='ltr'><strong>etiam</strong></span> 
     </span>
    </p>
   </div>
   <div class='ocr_carea' id='block_1_94' title="bbox 2132 3582 3744 3657">
    <p class='ocr_par' dir='ltr' id='par_1_94' title="bbox 2132 3582 3744 3657">
     <span class='ocr_line' id='line_1_94' title="bbox 2132 3582 3744 3657; baseline -0.001 -17"><span class='ocrx_word' id='word_1_722' title='bbox 2132 3585 2424 3657; x_wconf 87' lang='lat' dir='ltr'><strong>quidquam</strong></span> <span class='ocrx_word' id='word_1_723' title='bbox 2501 3599 2664 3654; x_wconf 84' lang='lat' dir='ltr'><strong>grave</strong></span> <span class='ocrx_word' id='word_1_724' title='bbox 2734 3582 3237 3653; x_wconf 51' lang='lat' dir='ltr'><strong>intoleranduntt‘pte</strong></span> <span class='ocrx_word' id='word_1_725' title='bbox 3303 3585 3744 3652; x_wconf 87' lang='lat' dir='ltr'><strong>committerent,</strong></span> 
     </span>
    </p>
   </div>
   <div class='ocr_carea' id='block_1_95' title="bbox 2134 3676 3751 3745">
    <p class='ocr_par' dir='ltr' id='par_1_95' title="bbox 2134 3676 3751 3745">
     <span class='ocr_line' id='line_1_95' title="bbox 2134 3676 3751 3745; baseline 0.001 -14"><span class='ocrx_word' id='word_1_726' title='bbox 2134 3687 2318 3732; x_wconf 87' lang='lat' dir='ltr'><strong>nostra</strong></span> <span class='ocrx_word' id='word_1_727' title='bbox 2350 3677 2760 3745; x_wconf 68' lang='lat' dir='ltr'><strong>prmstolaretur</strong></span> <span class='ocrx_word' id='word_1_728' title='bbox 2789 3690 3038 3740; x_wconf 90' lang='lat' dir='ltr'><strong>censura,</strong></span> <span class='ocrx_word' id='word_1_729' title='bbox 3072 3686 3129 3730; x_wconf 90' lang='lat' dir='ltr'><strong>ut</strong></span> <span class='ocrx_word' id='word_1_730' title='bbox 3176 3676 3306 3730; x_wconf 93' lang='lat' dir='ltr'><strong>nibil</strong></span> <span class='ocrx_word' id='word_1_731' title='bbox 3344 3677 3490 3745; x_wconf 90' lang='lat' dir='ltr'><strong>prius</strong></span> <span class='ocrx_word' id='word_1_732' title='bbox 3520 3688 3613 3732; x_wconf 88' lang='lat' dir='ltr'><strong>aut</strong></span> <span class='ocrx_word' id='word_1_733' title='bbox 3640 3678 3751 3732; x_wconf 84' lang='lat' dir='ltr'><strong>ali-</strong></span> 
     </span>
    </p>
   </div>
   <div class='ocr_carea' id='block_1_96' title="bbox 2133 3767 3752 3846">
    <p class='ocr_par' dir='ltr' id='par_1_96' title="bbox 2133 3767 3752 3846">
     <span class='ocr_line' id='line_1_96' title="bbox 2133 3767 3752 3846; baseline 0.005 -24"><span class='ocrx_word' id='word_1_734' title='bbox 2133 3768 2262 3840; x_wconf 92' lang='lat' dir='ltr'><strong>quid</strong></span> <span class='ocrx_word' id='word_1_735' title='bbox 2315 3767 2459 3823; x_wconf 88' lang='lat' dir='ltr'><strong>aliud</strong></span> <span class='ocrx_word' id='word_1_736' title='bbox 2511 3768 2899 3834; x_wconf 88' lang='lat' dir='ltr'><strong>decerneretis,</strong></span> <span class='ocrx_word' id='word_1_737' title='bbox 2953 3785 3111 3837; x_wconf 88' lang='lat' dir='ltr'><strong>quam</strong></span> <span class='ocrx_word' id='word_1_738' title='bbox 3165 3769 3306 3838; x_wconf 89' lang='lat' dir='ltr'><strong>quod</strong></span> <span class='ocrx_word' id='word_1_739' title='bbox 3341 3771 3494 3824; x_wconf 83' lang='lat' dir='ltr'><strong>nobis</strong></span> <span class='ocrx_word' id='word_1_740' title='bbox 3529 3771 3752 3846; x_wconf 83' lang='lat' dir='ltr'><strong>placere</strong></span> 
     </span>
    </p>
   </div>
   <div class='ocr_carea' id='block_1_97' title="bbox 2133 3859 3752 3934">
    <p class='ocr_par' dir='ltr' id='par_1_97' title="bbox 2133 3859 3752 3934">
     <span class='ocr_line' id='line_1_97' title="bbox 2133 3859 3752 3934; baseline 0.002 -19"><span class='ocrx_word' id='word_1_741' title='bbox 2133 3859 2520 3930; x_wconf 87' lang='lat' dir='ltr'><strong>cognoverilis,</strong></span> <span class='ocrx_word' id='word_1_742' title='bbox 2549 3871 2602 3915; x_wconf 89' lang='lat' dir='ltr'><strong>et</strong></span> <span class='ocrx_word' id='word_1_743' title='bbox 2628 3875 2657 3914; x_wconf 91' lang='lat' dir='ltr'><strong>a</strong></span> <span class='ocrx_word' id='word_1_744' title='bbox 2690 3860 2891 3930; x_wconf 88' lang='lat' dir='ltr'><strong>regulis</strong></span> <span class='ocrx_word' id='word_1_745' title='bbox 2921 3861 3233 3929; x_wconf 74' lang='lat' dir='ltr'><strong>praestitutis</strong></span> <span class='ocrx_word' id='word_1_746' title='bbox 3262 3862 3427 3928; x_wconf 89' lang='lat' dir='ltr'><strong>nulla,</strong></span> <span class='ocrx_word' id='word_1_747' title='bbox 3463 3873 3553 3916; x_wconf 89' lang='lat' dir='ltr'><strong>attt</strong></span> <span class='ocrx_word' id='word_1_748' title='bbox 3577 3866 3752 3934; x_wconf 83' lang='lat' dir='ltr'><strong>negli-</strong></span> 
     </span>
    </p>
   </div>
   <div class='ocr_carea' id='block_1_98' title="bbox 2133 3955 3752 4026">
    <p class='ocr_par' dir='ltr' id='par_1_98' title="bbox 2133 3955 3752 4026">
     <span class='ocr_line' id='line_1_98' title="bbox 2133 3955 3752 4026; baseline 0.003 -16"><span class='ocrx_word' id='word_1_749' title='bbox 2133 3955 2338 4026; x_wconf 85' lang='lat' dir='ltr'><strong>gentia,</strong></span> <span class='ocrx_word' id='word_1_750' title='bbox 2395 3964 2488 4008; x_wconf 89' lang='lat' dir='ltr'><strong>aut</strong></span> <span class='ocrx_word' id='word_1_751' title='bbox 2534 3955 2953 4025; x_wconf 69' lang='lat' dir='ltr'><strong>praesumptione</strong></span> <span class='ocrx_word' id='word_1_752' title='bbox 3003 3955 3352 4012; x_wconf 85' lang='lat' dir='ltr'><strong>recederetis.</strong></span> <span class='ocrx_word' id='word_1_753' title='bbox 3405 3958 3593 4014; x_wconf 84' lang='lat' dir='ltr'><strong>Cesset</strong></span> <span class='ocrx_word' id='word_1_754' title='bbox 3640 3959 3752 4014; x_wconf 66' lang='lat' dir='ltr'><strong>hu.</strong></span> 
     </span>
    </p>
   </div>
   <div class='ocr_carea' id='block_1_99' title="bbox 2130 4033 3754 4122">
    <p class='ocr_par' dir='ltr' id='par_1_99' title="bbox 2130 4033 3754 4122">
     <span class='ocr_line' id='line_1_99' title="bbox 2130 4033 3754 4122; baseline 0.004 -20"><span class='ocrx_word' id='word_1_755' title='bbox 2130 4033 2391 4111; x_wconf 70' lang='lat' dir='ltr'><strong>lusutodi,</strong></span> <span class='ocrx_word' id='word_1_756' title='bbox 2410 4062 2509 4101; x_wconf 86' lang='lat' dir='ltr'><strong>nec</strong></span> <span class='ocrx_word' id='word_1_757' title='bbox 2524 4046 2598 4100; x_wconf 92' lang='lat' dir='ltr'><strong>illi</strong></span> <span class='ocrx_word' id='word_1_758' title='bbox 2614 4047 2702 4116; x_wconf 88' lang='lat' dir='ltr'><strong>qui</strong></span> <span class='ocrx_word' id='word_1_759' title='bbox 2726 4061 2824 4100; x_wconf 85' lang='lat' dir='ltr'><strong>nos</strong></span> <span class='ocrx_word' id='word_1_760' title='bbox 2849 4046 2902 4100; x_wconf 87' lang='lat' dir='ltr'><strong>in</strong></span> <span class='ocrx_word' id='word_1_761' title='bbox 2935 4063 3029 4101; x_wconf 89' lang='lat' dir='ltr'><strong>sua</strong></span> <span class='ocrx_word' id='word_1_762' title='bbox 3059 4049 3247 4102; x_wconf 89' lang='lat' dir='ltr'><strong>nolunt</strong></span> <span class='ocrx_word' id='word_1_763' title='bbox 3269 4050 3509 4120; x_wconf 83' lang='lat' dir='ltr'><strong>recipere</strong></span> <span class='ocrx_word' id='word_1_764' title='bbox 3525 4055 3754 4122; x_wconf 84' lang='lat' dir='ltr'><strong>querela</strong></span> 
     </span>
    </p>
   </div>
   <div class='ocr_carea' id='block_1_100' title="bbox 2135 4140 3756 4217">
    <p class='ocr_par' dir='ltr' id='par_1_100' title="bbox 2135 4140 3756 4217">
     <span class='ocr_line' id='line_1_100' title="bbox 2135 4140 3756 4217; baseline 0.005 -23"><span class='ocrx_word' id='word_1_765' title='bbox 2135 4140 2595 4206; x_wconf 89' lang='lat' dir='ltr'><strong>velaccusatione,</strong></span> <span class='ocrx_word' id='word_1_766' title='bbox 2615 4152 2956 4202; x_wconf 81' lang='lat' dir='ltr'><strong>nocuntenta.</strong></span> <span class='ocrx_word' id='word_1_767' title='bbox 2986 4143 3108 4212; x_wconf 90' lang='lat' dir='ltr'><strong>quia</strong></span> <span class='ocrx_word' id='word_1_768' title='bbox 3138 4158 3472 4214; x_wconf 79' lang='lat' dir='ltr'><strong>nequaquam</strong></span> <span class='ocrx_word' id='word_1_769' title='bbox 3505 4147 3626 4199; x_wconf 88' lang='lat' dir='ltr'><strong>talia</strong></span> <span class='ocrx_word' id='word_1_770' title='bbox 3654 4163 3756 4217; x_wconf 84' lang='lat' dir='ltr'><strong>pa-</strong></span> 
     </span>
    </p>
   </div>
   <div class='ocr_carea' id='block_1_101' title="bbox 2139 4231 3748 4306">
    <p class='ocr_par' dir='ltr' id='par_1_101' title="bbox 2139 4231 3748 4306">
     <span class='ocr_line' id='line_1_101' title="bbox 2139 4231 3748 4306; baseline 0.006 -21"><span class='ocrx_word' id='word_1_771' title='bbox 2139 4233 2333 4286; x_wconf 91' lang='lat' dir='ltr'><strong>tienter</strong></span> <span class='ocrx_word' id='word_1_772' title='bbox 2365 4231 2504 4287; x_wconf 80' lang='lat' dir='ltr'><strong>ferre</strong></span> <span class='ocrx_word' id='word_1_773' title='bbox 2535 4247 2819 4302; x_wconf 89' lang='lat' dir='ltr'><strong>possumus</strong></span> <span class='ocrx_word' id='word_1_774' title='bbox 2850 4233 3301 4300; x_wconf 86' lang='lat' dir='ltr'><strong>machinamenta,</strong></span> <span class='ocrx_word' id='word_1_775' title='bbox 3331 4238 3583 4306; x_wconf 89' lang='lat' dir='ltr'><strong>quoniam</strong></span> <span class='ocrx_word' id='word_1_776' title='bbox 3616 4254 3748 4295; x_wconf 86' lang='lat' dir='ltr'><strong>cou-</strong></span> 
     </span>
    </p>
   </div>
   <div class='ocr_carea' id='block_1_102' title="bbox 2138 4324 3756 4397">
    <p class='ocr_par' dir='ltr' id='par_1_102' title="bbox 2138 4324 3756 4397">
     <span class='ocr_line' id='line_1_102' title="bbox 2138 4324 3756 4397; baseline 0.008 -22"><span class='ocrx_word' id='word_1_777' title='bbox 2138 4325 2281 4378; x_wconf 91' lang='lat' dir='ltr'><strong>venit</strong></span> <span class='ocrx_word' id='word_1_778' title='bbox 2306 4324 2461 4378; x_wconf 90' lang='lat' dir='ltr'><strong>nobis</strong></span> <span class='ocrx_word' id='word_1_779' title='bbox 2481 4334 2819 4393; x_wconf 87' lang='lat' dir='ltr'><strong>paternarum</strong></span> <span class='ocrx_word' id='word_1_780' title='bbox 2835 4326 3171 4381; x_wconf 89' lang='lat' dir='ltr'><strong>sanctiouum</strong></span> <span class='ocrx_word' id='word_1_781' title='bbox 3185 4326 3469 4397; x_wconf 84' lang='lat' dir='ltr'><strong>diligenter</strong></span> <span class='ocrx_word' id='word_1_782' title='bbox 3486 4347 3606 4386; x_wconf 86' lang='lat' dir='ltr'><strong>esse</strong></span> <span class='ocrx_word' id='word_1_783' title='bbox 3624 4348 3756 4388; x_wconf 79' lang='lat' dir='ltr'><strong>cus-</strong></span> 
     </span>
    </p>
   </div>
   <div class='ocr_carea' id='block_1_103' title="bbox 2137 4416 3756 4492">
    <p class='ocr_par' dir='ltr' id='par_1_103' title="bbox 2137 4416 3756 4492">
     <span class='ocr_line' id='line_1_103' title="bbox 2137 4416 3756 4492; baseline 0.012 -24"><span class='ocrx_word' id='word_1_784' title='bbox 2137 4416 2309 4471; x_wconf 81' lang='lat' dir='ltr'><strong>todes.</strong></span> <span class='ocrx_word' id='word_1_785' title='bbox 2341 4416 2527 4472; x_wconf 82' lang='lat' dir='ltr'><strong>lllt-rito</strong></span> <span class='ocrx_word' id='word_1_786' title='bbox 2560 4433 2786 4489; x_wconf 91' lang='lat' dir='ltr'><strong>namque</strong></span> <span class='ocrx_word' id='word_1_787' title='bbox 2819 4435 2976 4474; x_wconf 63' lang='lat' dir='ltr'><strong>causa</strong></span> <span class='ocrx_word' id='word_1_788' title='bbox 3023 4435 3118 4475; x_wconf 84' lang='lat' dir='ltr'><strong>nos</strong></span> <span class='ocrx_word' id='word_1_789' title='bbox 3161 4423 3399 4492; x_wconf 82' lang='lat' dir='ltr'><strong>reSpicit,</strong></span> <span class='ocrx_word' id='word_1_790' title='bbox 3446 4425 3489 4480; x_wconf 91' lang='lat' dir='ltr'><strong>si</strong></span> <span class='ocrx_word' id='word_1_791' title='bbox 3533 4427 3756 4488; x_wconf 84' lang='lat' dir='ltr'><strong>silentio</strong></span> 
     </span>
    </p>
   </div>
   <div class='ocr_carea' id='block_1_104' title="bbox 2138 4509 2628 4567">
    <p class='ocr_par' dir='ltr' id='par_1_104' title="bbox 2138 4509 2628 4567">
     <span class='ocr_line' id='line_1_104' title="bbox 2138 4509 2628 4567; baseline 0.004 -2"><span class='ocrx_word' id='word_1_792' title='bbox 2138 4509 2410 4566; x_wconf 80' lang='lat' dir='ltr'><strong>faveamus</strong></span> <span class='ocrx_word' id='word_1_793' title='bbox 2436 4513 2628 4567; x_wconf 87' lang='lat' dir='ltr'><strong>errori.</strong></span> 
     </span>
    </p>
   </div>
   <div class='ocr_carea' id='block_1_105' title="bbox 2214 4603 3752 4678">
    <p class='ocr_par' dir='ltr' id='par_1_105' title="bbox 2214 4603 3752 4678">
     <span class='ocr_line' id='line_1_105' title="bbox 2214 4603 3752 4678; baseline 0.01 -21"><span class='ocrx_word' id='word_1_794' title='bbox 2214 4603 2273 4657; x_wconf 86' lang='lat' dir='ltr'><strong>V.</strong></span> <span class='ocrx_word' id='word_1_795' title='bbox 2296 4634 2364 4644; x_wconf 87' lang='lat'><strong>-—</strong></span> <span class='ocrx_word' id='word_1_796' title='bbox 2380 4605 2477 4660; x_wconf 84' lang='lat' dir='ltr'><strong>Est</strong></span> <span class='ocrx_word' id='word_1_797' title='bbox 2505 4606 2722 4675; x_wconf 89' lang='lat' dir='ltr'><strong>insuper</strong></span> <span class='ocrx_word' id='word_1_798' title='bbox 2742 4622 2770 4660; x_wconf 89' lang='lat' dir='ltr'><strong>a</strong></span> <span class='ocrx_word' id='word_1_799' title='bbox 2794 4610 2993 4662; x_wconf 89' lang='lat' dir='ltr'><strong>sanctis</strong></span> <span class='ocrx_word' id='word_1_800' title='bbox 3022 4608 3509 4678; x_wconf 73' lang='lat' dir='ltr'><strong>prcedecessoribus</strong></span> <span class='ocrx_word' id='word_1_801' title='bbox 3541 4624 3752 4673; x_wconf 79' lang='lat' dir='ltr'><strong>nostris</strong></span> 
     </span>
    </p>
   </div>
   <div class='ocr_carea' id='block_1_106' title="bbox 2134 4697 3751 4769">
    <p class='ocr_par' dir='ltr' id='par_1_106' title="bbox 2134 4697 3751 4769">
     <span class='ocr_line' id='line_1_106' title="bbox 2134 4697 3751 4769; baseline 0.009 -18"><span class='ocrx_word' id='word_1_802' title='bbox 2134 4697 2451 4769; x_wconf 89' lang='lat' dir='ltr'><strong>plerumque</strong></span> <span class='ocrx_word' id='word_1_803' title='bbox 2472 4699 2581 4769; x_wconf 88' lang='lat' dir='ltr'><strong>jam</strong></span> <span class='ocrx_word' id='word_1_804' title='bbox 2598 4709 2879 4762; x_wconf 86' lang='lat' dir='ltr'><strong>statutum,</strong></span> <span class='ocrx_word' id='word_1_805' title='bbox 2908 4711 2962 4757; x_wconf 93' lang='lat' dir='ltr'><strong>ut</strong></span> <span class='ocrx_word' id='word_1_806' title='bbox 2988 4717 3144 4756; x_wconf 90' lang='lat' dir='ltr'><strong>nemo</strong></span> <span class='ocrx_word' id='word_1_807' title='bbox 3166 4703 3452 4760; x_wconf 87' lang='lat' dir='ltr'><strong>anathema</strong></span> <span class='ocrx_word' id='word_1_808' title='bbox 3482 4708 3534 4762; x_wconf 88' lang='lat' dir='ltr'><strong>in</strong></span> <span class='ocrx_word' id='word_1_809' title='bbox 3559 4721 3751 4766; x_wconf 80' lang='lat' dir='ltr'><strong>neStra</strong></span> 
     </span>
    </p>
   </div>
   <div class='ocr_carea' id='block_1_107' title="bbox 2131 4790 3755 4872">
    <p class='ocr_par' dir='ltr' id='par_1_107' title="bbox 2131 4790 3755 4872">
     <span class='ocr_line' id='line_1_107' title="bbox 2131 4790 3755 4872; baseline 0.008 -30"><span class='ocrx_word' id='word_1_810' title='bbox 2131 4790 2456 4860; x_wconf 91' lang='lat' dir='ltr'><strong>suspieiatur</strong></span> <span class='ocrx_word' id='word_1_811' title='bbox 2479 4793 2819 4848; x_wconf 89' lang='lat' dir='ltr'><strong>accusatione</strong></span> <span class='ocrx_word' id='word_1_812' title='bbox 2838 4808 3019 4862; x_wconf 87' lang='lat' dir='ltr'><strong>pressa</strong></span> <span class='ocrx_word' id='word_1_813' title='bbox 3035 4803 3214 4848; x_wconf 87' lang='lat' dir='ltr'><strong>nostra</strong></span> <span class='ocrx_word' id='word_1_814' title='bbox 3228 4799 3567 4866; x_wconf 89' lang='lat' dir='ltr'><strong>auctoritate,</strong></span> <span class='ocrx_word' id='word_1_815' title='bbox 3607 4817 3755 4872; x_wconf 66' lang='grc' dir='ltr'>ριξη-</span> 
     </span>
    </p>
   </div>
   <div class='ocr_carea' id='block_1_108' title="bbox 2128 4878 3757 4955">
    <p class='ocr_par' dir='ltr' id='par_1_108' title="bbox 2128 4878 3757 4955">
     <span class='ocr_line' id='line_1_108' title="bbox 2128 4878 3757 4955; baseline 0.009 -25"><span class='ocrx_word' id='word_1_816' title='bbox 2128 4878 2965 4948; x_wconf 83' lang='lat' dir='ltr'><strong>sumptio;citenturlutjustnodi,</strong></span> <span class='ocrx_word' id='word_1_817' title='bbox 2996 4895 3115 4934; x_wconf 83' lang='lat' dir='ltr'><strong>cum</strong></span> <span class='ocrx_word' id='word_1_818' title='bbox 3143 4897 3240 4936; x_wconf 89' lang='lat' dir='ltr'><strong>nos</strong></span> <span class='ocrx_word' id='word_1_819' title='bbox 3268 4899 3429 4955; x_wconf 82' lang='lat' dir='ltr'><strong>super</strong></span> <span class='ocrx_word' id='word_1_820' title='bbox 3452 4885 3571 4942; x_wconf 90' lang='lat' dir='ltr'><strong>illos</strong></span> <span class='ocrx_word' id='word_1_821' title='bbox 3608 4889 3757 4944; x_wconf 85' lang='lat' dir='ltr'><strong>scia-</strong></span> 
     </span>
    </p>
   </div>
   <div class='ocr_carea' id='block_1_109' title="bbox 2133 4971 3756 5046">
    <p class='ocr_par' dir='ltr' id='par_1_109' title="bbox 2133 4971 3756 5046">
     <span class='ocr_line' id='line_1_109' title="bbox 2133 4971 3756 5046; baseline 0.008 -22"><span class='ocrx_word' id='word_1_822' title='bbox 2133 4985 2282 5026; x_wconf 83' lang='lat' dir='ltr'><strong>musa</strong></span> <span class='ocrx_word' id='word_1_823' title='bbox 2324 4971 2548 5026; x_wconf 92' lang='lat' dir='ltr'><strong>Domino</strong></span> <span class='ocrx_word' id='word_1_824' title='bbox 2587 4973 2927 5038; x_wconf 85' lang='lat' dir='ltr'><strong>constitutos,</strong></span> <span class='ocrx_word' id='word_1_825' title='bbox 2953 4988 3058 5027; x_wconf 93' lang='lat' dir='ltr'><strong>non</strong></span> <span class='ocrx_word' id='word_1_826' title='bbox 3091 4973 3756 5046; x_wconf 79' lang='lat' dir='ltr'><strong>illossupernos.Etsicut</strong></span> 
     </span>
    </p>
   </div>
   <div class='ocr_carea' id='block_1_110' title="bbox 2127 5065 3734 5142">
    <p class='ocr_par' dir='ltr' id='par_1_110' title="bbox 2127 5065 3734 5142">
     <span class='ocr_line' id='line_1_110' title="bbox 2127 5065 3734 5142; baseline 0.005 -23"><span class='ocrx_word' id='word_1_827' title='bbox 2127 5065 2302 5134; x_wconf 89' lang='lat' dir='ltr'><strong>major</strong></span> <span class='ocrx_word' id='word_1_828' title='bbox 2325 5081 2430 5119; x_wconf 87' lang='lat' dir='ltr'><strong>non</strong></span> <span class='ocrx_word' id='word_1_829' title='bbox 2459 5076 2632 5136; x_wconf 89' lang='lat' dir='ltr'><strong>potest</strong></span> <span class='ocrx_word' id='word_1_830' title='bbox 2651 5079 2681 5118; x_wconf 90' lang='lat' dir='ltr'><strong>a</strong></span> <span class='ocrx_word' id='word_1_831' title='bbox 2707 5066 2914 5121; x_wconf 88' lang='lat' dir='ltr'><strong>minore</strong></span> <span class='ocrx_word' id='word_1_832' title='bbox 2935 5066 3188 5135; x_wconf 87' lang='lat' dir='ltr'><strong>judicari,</strong></span> <span class='ocrx_word' id='word_1_833' title='bbox 3221 5069 3290 5122; x_wconf 89' lang='lat' dir='ltr'><strong>ita</strong></span> <span class='ocrx_word' id='word_1_834' title='bbox 3319 5085 3418 5124; x_wconf 80' lang='lat' dir='ltr'><strong>nec</strong></span> <span class='ocrx_word' id='word_1_835' title='bbox 3445 5071 3686 5142; x_wconf 87' lang='lat' dir='ltr'><strong>colligari</strong></span> <span class='ocrx_word' id='word_1_836' title='bbox 3719 5093 3734 5140; x_wconf 89' lang='lat'><strong>;</strong></span> 
     </span>
    </p>
   </div>
   <div class='ocr_carea' id='block_1_111' title="bbox 2138 5159 3754 5231">
    <p class='ocr_par' dir='ltr' id='par_1_111' title="bbox 2138 5159 3754 5231">
     <span class='ocr_line' id='line_1_111' title="bbox 2138 5159 3754 5231; baseline 0.006 -19"><span class='ocrx_word' id='word_1_837' title='bbox 2138 5159 2269 5228; x_wconf 90' lang='lat' dir='ltr'><strong>quia</strong></span> <span class='ocrx_word' id='word_1_838' title='bbox 2314 5174 2494 5214; x_wconf 87' lang='lat' dir='ltr'><strong>rarum</strong></span> <span class='ocrx_word' id='word_1_839' title='bbox 2538 5169 2621 5213; x_wconf 91' lang='lat' dir='ltr'><strong>est</strong></span> <span class='ocrx_word' id='word_1_840' title='bbox 2665 5173 2825 5214; x_wconf 89' lang='lat' dir='ltr'><strong>omne</strong></span> <span class='ocrx_word' id='word_1_841' title='bbox 2852 5160 2993 5230; x_wconf 90' lang='lat' dir='ltr'><strong>quod</strong></span> <span class='ocrx_word' id='word_1_842' title='bbox 3022 5176 3270 5231; x_wconf 87' lang='lat' dir='ltr'><strong>magnum</strong></span> <span class='ocrx_word' id='word_1_843' title='bbox 3311 5171 3412 5218; x_wconf 89' lang='lat' dir='ltr'><strong>est.</strong></span> <span class='ocrx_word' id='word_1_844' title='bbox 3463 5163 3754 5224; x_wconf 83' lang='lat' dir='ltr'><strong>Porlemus</strong></span> 
     </span>
    </p>
   </div>
   <div class='ocr_carea' id='block_1_112' title="bbox 2136 5250 3752 5329">
    <p class='ocr_par' dir='ltr' id='par_1_112' title="bbox 2136 5250 3752 5329">
     <span class='ocr_line' id='line_1_112' title="bbox 2136 5250 3752 5329; baseline 0.003 -23"><span class='ocrx_word' id='word_1_845' title='bbox 2136 5267 2302 5306; x_wconf 91' lang='lat' dir='ltr'><strong>onera</strong></span> <span class='ocrx_word' id='word_1_846' title='bbox 2333 5251 2572 5306; x_wconf 89' lang='lat' dir='ltr'><strong>omnium</strong></span> <span class='ocrx_word' id='word_1_847' title='bbox 2601 5250 2690 5320; x_wconf 89' lang='lat' dir='ltr'><strong>qui</strong></span> <span class='ocrx_word' id='word_1_848' title='bbox 2729 5261 3040 5320; x_wconf 85' lang='lat' dir='ltr'><strong>gravantur,</strong></span> <span class='ocrx_word' id='word_1_849' title='bbox 3084 5256 3350 5324; x_wconf 89' lang='lat' dir='ltr'><strong>quinimo,</strong></span> <span class='ocrx_word' id='word_1_850' title='bbox 3403 5257 3517 5312; x_wconf 78' lang='lat' dir='ltr'><strong>lucc</strong></span> <span class='ocrx_word' id='word_1_851' title='bbox 3566 5269 3752 5329; x_wconf 74' lang='lat' dir='ltr'><strong>portat</strong></span> 
     </span>
    </p>
   </div>
   <div class='ocr_carea' id='block_1_113' title="bbox 2137 5343 3752 5422">
    <p class='ocr_par' dir='ltr' id='par_1_113' title="bbox 2137 5343 3752 5422">
     <span class='ocr_line' id='line_1_113' title="bbox 2137 5343 3752 5422; baseline 0.007 -24"><span class='ocrx_word' id='word_1_852' title='bbox 2137 5344 2192 5398; x_wconf 90' lang='lat' dir='ltr'><strong>in</strong></span> <span class='ocrx_word' id='word_1_853' title='bbox 2217 5343 2372 5397; x_wconf 91' lang='lat' dir='ltr'><strong>nobis</strong></span> <span class='ocrx_word' id='word_1_854' title='bbox 2392 5344 2581 5398; x_wconf 89' lang='lat' dir='ltr'><strong>beatus</strong></span> <span class='ocrx_word' id='word_1_855' title='bbox 2602 5346 2877 5412; x_wconf 91' lang='lat' dir='ltr'><strong>apostolus</strong></span> <span class='ocrx_word' id='word_1_856' title='bbox 2911 5345 3120 5410; x_wconf 85' lang='lat' dir='ltr'><strong>Petrus,</strong></span> <span class='ocrx_word' id='word_1_857' title='bbox 3146 5347 3302 5415; x_wconf 86' lang='lat' dir='ltr'><strong>cujus</strong></span> <span class='ocrx_word' id='word_1_858' title='bbox 3331 5349 3444 5405; x_wconf 90' lang='lat' dir='ltr'><strong>vice</strong></span> <span class='ocrx_word' id='word_1_859' title='bbox 3473 5349 3752 5422; x_wconf 78' lang='lat' dir='ltr'><strong>fungimur</strong></span> 
     </span>
    </p>
   </div>
   <div class='ocr_carea' id='block_1_114' title="bbox 2139 5435 3752 5514">
    <p class='ocr_par' dir='ltr' id='par_1_114' title="bbox 2139 5435 3752 5514">
     <span class='ocr_line' id='line_1_114' title="bbox 2139 5435 3752 5514; baseline 0.007 -25"><span class='ocrx_word' id='word_1_860' title='bbox 2139 5435 2430 5504; x_wconf 81' lang='lat' dir='ltr'><strong>legatione,</strong></span> <span class='ocrx_word' id='word_1_861' title='bbox 2463 5444 2518 5490; x_wconf 89' lang='lat' dir='ltr'><strong>et</strong></span> <span class='ocrx_word' id='word_1_862' title='bbox 2543 5435 2698 5505; x_wconf 90' lang='lat' dir='ltr'><strong>cujus</strong></span> <span class='ocrx_word' id='word_1_863' title='bbox 2724 5437 2907 5504; x_wconf 83' lang='lat' dir='ltr'><strong>regula</strong></span> <span class='ocrx_word' id='word_1_864' title='bbox 2938 5436 3312 5503; x_wconf 82' lang='lat' dir='ltr'><strong>informantur,</strong></span> <span class='ocrx_word' id='word_1_865' title='bbox 3345 5449 3610 5510; x_wconf 87' lang='lat' dir='ltr'><strong>quatenus</strong></span> <span class='ocrx_word' id='word_1_866' title='bbox 3627 5444 3752 5514; x_wconf 86' lang='lat' dir='ltr'><strong>ejus</strong></span> 
     </span>
    </p>
   </div>
   <div class='ocr_carea' id='block_1_115' title="bbox 2143 5529 3753 5604">
    <p class='ocr_par' dir='ltr' id='par_1_115' title="bbox 2143 5529 3753 5604">
     <span class='ocr_line' id='line_1_115' title="bbox 2143 5529 3753 5604; baseline 0.006 -20"><span class='ocrx_word' id='word_1_867' title='bbox 2143 5529 2260 5584; x_wconf 83' lang='lat' dir='ltr'><strong>fulti</strong></span> <span class='ocrx_word' id='word_1_868' title='bbox 2289 5529 2504 5595; x_wconf 74' lang='lat' dir='ltr'><strong>auxilio,</strong></span> <span class='ocrx_word' id='word_1_869' title='bbox 2540 5530 2606 5585; x_wconf 90' lang='lat' dir='ltr'><strong>ab</strong></span> <span class='ocrx_word' id='word_1_870' title='bbox 2633 5531 2884 5585; x_wconf 90' lang='lat' dir='ltr'><strong>omnibus</strong></span> <span class='ocrx_word' id='word_1_871' title='bbox 2914 5547 3054 5586; x_wconf 90' lang='lat' dir='ltr'><strong>nunc</strong></span> <span class='ocrx_word' id='word_1_872' title='bbox 3082 5541 3137 5586; x_wconf 91' lang='lat' dir='ltr'><strong>et</strong></span> <span class='ocrx_word' id='word_1_873' title='bbox 3168 5532 3220 5587; x_wconf 91' lang='lat' dir='ltr'><strong>in</strong></span> <span class='ocrx_word' id='word_1_874' title='bbox 3245 5546 3561 5604; x_wconf 88' lang='lat' dir='ltr'><strong>perpetuum</strong></span> <span class='ocrx_word' id='word_1_875' title='bbox 3596 5546 3753 5593; x_wconf 74' lang='lat' dir='ltr'><strong>tuea-</strong></span> 
     </span>
    </p>
   </div>
   <div class='ocr_carea' id='block_1_116' title="bbox 2143 5625 3750 5703">
    <p class='ocr_par' dir='ltr' id='par_1_116' title="bbox 2143 5625 3750 5703">
     <span class='ocr_line' id='line_1_116' title="bbox 2143 5625 3750 5703; baseline 0.006 -24"><span class='ocrx_word' id='word_1_876' title='bbox 2143 5641 2264 5680; x_wconf 90' lang='lat' dir='ltr'><strong>mur</strong></span> <span class='ocrx_word' id='word_1_877' title='bbox 2301 5625 2561 5681; x_wconf 88' lang='lat' dir='ltr'><strong>adversis.</strong></span> <span class='ocrx_word' id='word_1_878' title='bbox 2614 5627 2740 5681; x_wconf 88' lang='lat' dir='ltr'><strong>Data</strong></span> <span class='ocrx_word' id='word_1_879' title='bbox 2774 5642 2878 5681; x_wconf 83' lang='lat' dir='ltr'><strong>xvu</strong></span> <span class='ocrx_word' id='word_1_880' title='bbox 2910 5626 3168 5682; x_wconf 79' lang='lat' dir='ltr'><strong>kalendas</strong></span> <span class='ocrx_word' id='word_1_881' title='bbox 3201 5629 3412 5699; x_wconf 85' lang='lat' dir='ltr'><strong>augusti</strong></span> <span class='ocrx_word' id='word_1_882' title='bbox 3449 5628 3551 5703; x_wconf 88' lang='grc'>(1),</span> <span class='ocrx_word' id='word_1_883' title='bbox 3589 5631 3750 5690; x_wconf 86' lang='lat' dir='ltr'><strong>Vale-</strong></span> 
     </span>
    </p>
   </div>
   <div class='ocr_carea' id='block_1_117' title="bbox 2140 5717 3485 5787">
    <p class='ocr_par' dir='ltr' id='par_1_117' title="bbox 2140 5717 3485 5787">
     <span class='ocr_line' id='line_1_117' title="bbox 2140 5717 3485 5787; baseline 0.003 -13"><span class='ocrx_word' id='word_1_884' title='bbox 2140 5719 2293 5774; x_wconf 88' lang='lat' dir='ltr'><strong>riano</strong></span> <span class='ocrx_word' id='word_1_885' title='bbox 2319 5727 2374 5774; x_wconf 91' lang='lat' dir='ltr'><strong>et</strong></span> <span class='ocrx_word' id='word_1_886' title='bbox 2405 5720 2588 5786; x_wconf 91' lang='lat' dir='ltr'><strong>Decio,</strong></span> <span class='ocrx_word' id='word_1_887' title='bbox 2620 5717 2752 5774; x_wconf 89' lang='lat' dir='ltr'><strong>viris</strong></span> <span class='ocrx_word' id='word_1_888' title='bbox 2778 5719 3116 5787; x_wconf 87' lang='lat' dir='ltr'><strong>clarissimis,</strong></span> <span class='ocrx_word' id='word_1_889' title='bbox 3151 5721 3485 5778; x_wconf 89' lang='lat' dir='ltr'><strong>consulibus.</strong></span> 
     </span>
    </p>
   </div>
   <div class='ocr_carea' id='block_1_118' title="bbox 2139 5856 2701 5933">
    <p class='ocr_par' dir='ltr' id='par_1_118' title="bbox 2139 5856 2701 5933">
     <span class='ocr_line' id='line_1_118' title="bbox 2139 5856 2701 5933; baseline -0.009 -18"><span class='ocrx_word' id='word_1_890' title='bbox 2139 5860 2218 5933; x_wconf 83' lang='grc'>(1)</span> <span class='ocrx_word' id='word_1_891' title='bbox 2238 5858 2525 5917; x_wconf 77' lang='lat' dir='ltr'><strong>Adnotatio</strong></span> <span class='ocrx_word' id='word_1_892' title='bbox 2545 5856 2701 5912; x_wconf 81' lang='lat' dir='ltr'><strong>falsa.</strong></span> 
     </span>
    </p>
   </div>
  </div>
