3994 6318
225 339 280 396 89
928 352 933 355 '
991 332 1346 391 EPISTOL/E
1382 332 1545 406 QUAS
1582 334 1675 392 AD
1714 333 1973 394 SIXTUM
2015 334 2245 395 PAR-XM
2285 335 2651 395 ATTINENT.
3425 340 3495 401 90

555 450 871 509 DECRETA
913 448 1093 508 SlXTl
1133 446 1422 506 SECUNDI

444 650 521 707 Ex
563 604 846 708 Gtu'rtauo
886 648 964 723 (2
1002 666 1055 722 q.
1101 648 1133 704 6
1172 660 1225 706 et
1265 651 1299 706 5
1337 667 1390 723 q.
1432 650 1513 723 ὃ).

282 852 330 911 Si
358 852 471 924 quis
506 850 778 924 putaverit
802 862 864 905 se
889 865 918 903 a
953 849 1172 920 proprio
1202 850 1620 921 metropolitano
1666 866 1791 923 gra-

1812 462 1862 523 A

2282 478 2285 479 ν
2356 451 2434 508 Ex
2474 467 2651 508 sonant
2692 469 2760 509 υτ
2799 465 2983 510 suras.

1894 562 2064 636 Super
2092 564 2451 637 appellatione,
2498 566 2709 621 alterius
2748 568 3024 637 provinciae
3058 567 3266 641 judices
3314 569 3497 627 audire

2512 674 2613 713 non
2641 668 2857 729 oportet.

1969 770 2024 826 Si
2048 772 2167 840 quis
2191 770 2422 827 clericus
2447 787 2608 842 super
2633 771 2960 841 quibuslibet
2989 772 3311 830 criminibus
3337 787 3499 830 accu-

1896 873 2048 920 satus
2077 863 2258 931 fuerit,
2287 864 2339 919 in
2369 865 2664 935 provincia,
2719 864 2773 919 in
2833 880 2936 934 qua
2986 866 3235 921 consistit
3277 865 3370 922 ille
3407 867 3501 937 qui

199 947 312 1001 vari
339 943 469 1015 apud
498 945 782 1015 primatem
808 941 1130 1006 dioeceseos,
1155 951 1246 997 aut
1279 958 1446 1013 penes
1474 942 1786 1000 universalis

1899 959 2158 1029 pulsatur,
2189 972 2315 1014 snas
2344 968 2598 1015 exerceat
2624 958 2866 1015 actiones
2896 976 2909 1013 :
2943 974 3045 1015 nec
3069 960 3344 1016 existimet
3368 975 3495 1016 eum

217 1037 493 1112 apostolica:
521 1037 780 1094 Ecclesia:
809 1051 999 1109 papam
1023 1034 1317 1107 iudicetur.

1894 1062 2179 1131 accusator
2202 1066 2330 1108 suus
2359 1052 2509 1120 alibi,
2542 1064 2633 1108 aut
2663 1052 2874 1124 iongins
2907 1052 2974 1109 ad
3001 1052 3259 1123 judicium
3291 1063 3502 1126 protra-

1898 1144 2159 1199 bendum.

1396 1446 2334 1579 EPISTOLZE

345 1705 577 1794 ρυλε
611 1704 764 1779 AD
813 1702 1222 1779 SIXTUM
1273 1703 1401 1794 II,
1450 1703 1842 1779 PAPAM
1898 1705 2041 1777 ET
2090 1705 2736 1781 MARTYBEM
2789 1706 3378 1785 ATTINENT.

1587 1892 2107 1950 θωμςδςεεαεςο

448 2060 808 2120 EPISTULA?
846 2061 888 2116 l.
931 2060 1225 2119 DIONYSII
1267 2058 1740 2119 ALEXANDRINI
1778 2059 2088 2119 EPISCOPI
2127 2062 2220 2120 AD
2261 2062 2521 2121 SIXTUM
2561 2063 2795 2120 PAPAM
2837 2063 3290 2123 FRAGMENTA.

215 2226 448 2296 Dionysius
470 2228 703 2294 epistolas
719 2235 1001 2279 memorata
1024 2240 1080 2278 se
1102 2229 1312 2291 scriptas
1342 2233 1446 2275 tum
1471 2225 1533 2273 ad
1563 2225 1867 2289 Stephanum
1892 2237 2083 2289 papam,
2105 2229 2211 2274 tum
2235 2224 2295 2274 ad
2317 2223 2603 2287 Dionysium
2630 2231 2682 2275 et
2704 2223 3049 2275 Philemonem
3070 2226 3410 2292 presbyteros,
3436 2226 3503 2278 de

1198 2312 1443 2375 baptismo
1466 2310 1812 2361 haereticorum
1838 2318 1891 2360 et
1909 2310 1975 2360 de
1994 2309 2175 2361 haresi
2207 2307 2510 2359 Sabelliana.

225 2540 235 2548 '
277 2467 314 2523 l.
359 2469 524 2523 Antea
565 2465 785 2538 quidem
832 2465 1039 2520 litteras
1089 2464 1380 2534 scripserat
1426 2461 1787 2534 (Stephanus)
1816 2469 1865 2528 B

216 2560 494 2619 delleleno
537 2569 594 2618 et
640 2559 708 2617 de
739 2559 1087 2625 Firmiliano,
1146 2573 1210 2615 ac
1257 2557 1327 2615 de
1388 2558 1639 2614 omnibus
1693 2571 1789 2627 per

216 2651 436 2710 Ciliciam
461 2662 517 2711 et
538 2652 939 2724 Cappadociam
991 2660 1324 2723 cunctasque
1370 2650 1627 2706 linitimas
1657 2663 1787 2720 pro-

217 2746 752 2812 vinciasconstitutis,
808 2752 1013 2801 testans
1040 2760 1164 2801 sese
1220 2745 1292 2803 ob
1343 2744 1589 2800 eamdem
1641 2743 1786 2799 illam

215 2854 407 2898 causam
435 2841 504 2896 ab
534 2840 750 2896 illorum
777 2841 1159 2894 communione
1191 2837 1556 2893 discessurum
1578 2879 1593 2903 ,
1644 2834 1787 2907 quod

215 2933 477 2991 hereticos
498 2933 917 3005 rebaptizarent.
964 2936 1040 2988 Ac
1070 2931 1191 2988 vide
1218 2931 1418 3003 negotii
1447 2931 1785 3003 gravitatem.

214 3029 441 3087 Reenim
484 3043 613 3084 vera
653 3028 706 3083 in
733 3028 1019 3095 maximis,
1074 3036 1134 3083 ut
1182 3027 1376 3092 audio,
1406 3028 1786 3097 episcoporum

214 3106 431 3179 conciliis
467 3121 748 3180 decretum
776 3128 893 3187 est,
946 3129 1004 3175 ut
1043 3121 1136 3191 qui
1181 3120 1249 3174 ab
1279 3119 1472 3175 heresi
1524 3118 1786 3185 veniunt,

216 3216 422 3286 primum
447 3215 696 3272 doctrina
714 3214 940 3269 instituti
957 3212 1263 3287 [catholica]
1286 3229 1348 3269 ac
1368 3212 1565 3270 deinde
1592 3212 1789 3269 veteris

216 3309 752 3381 etimpurifermenti
780 3308 1032 3365 sordibus
1077 3324 1175 3380 per
1219 3309 1546 3379 baptismum
1598 3323 1790 3379 purga-

215 3413 399 3459 reatur.
444 3404 519 3460 De
558 3402 647 3459 his
690 3402 943 3458 omnibus
983 3401 1132 3457 illum
1164 3415 1360 3473 rogans
1412 3412 1467 3457 et
1512 3402 1791 3458 obtestans

217 3497 403 3555 litteras
424 3498 570 3555 misi.

1961 2462 2290 2518 Ἐπεστάλκει
2337 2464 2428 2535 μὶν
2468 2458 2555 2517 οὖν
2608 2464 2861 2540 πρότερον
2891 2462 3223 2540 (Στέφανος)
3260 2472 3348 2524 καὶ
3387 2470 3511 2546 περὶ

1889 2556 2091 2612 Ἑλένου
2120 2561 2207 2612 καὶ
2226 2561 2346 2632 περὶ
2364 2557 2711 2631 Φιρμιλιανοῦ,
2741 2562 2829 2613 καὶ
2856 2560 3060 2614 πάντων
3085 2568 3185 2615 τῶν
3213 2583 3267 2617 τε
3290 2564 3394 2618 ἀπὸ
3414 2572 3507 2624 τῆς

1891 2652 2110 2713 Κιλικίας
2149 2657 2238 2707 καὶ
2283 2649 2655 2713 Καππαδοκίας
2701 2656 2790 2708 καὶ
2839 2654 3118 2720 Γαλατίας,
3167 2658 3255 2710 καὶ
3299 2657 3506 2712 πάντων

1890 2754 1989 2800 τῶν
2019 2746 2131 2810 ἑξῆς
2161 2745 2481 2821 ὁμορούντων
2507 2745 2676 2799 ἐθνῶν.
2709 2747 2778 2805 ὡς
2804 2744 2921 2801 οὐδέ
2950 2748 3157 2808 ἐκείνοις
3186 2752 3505 2808 κοινωνήσων

1890 2836 1976 2893 διὰ
2018 2842 2107 2897 τήν
2149 2839 2308 2895 αὐτὴν
2350 2839 2540 2896 ταύτην
2584 2839 2773 2902 αἰτίαν,
2805 2837 2973 2894 ἐπειδὲ
3023 2842 3145 2901 τοὺς
3194 2842 3502 2916 αἱρετικοὺς,

1893 2936 2063 3007 φησὶν,
2094 2931 2527 2995 ἀναϐαπτίζουσι.
2561 2934 2649 2984 καὶ
2678 2931 2863 2986 σκόπει
2891 2932 2951 2985 τὸ
2979 2932 3189 3003 μέγεθος
3214 2938 3304 2987 τοῦ
3332 2935 3504 3009 πράγ-

1893 3047 2077 3097 ματος.
2112 3021 2269 3084 ὅντως
2297 3026 2399 3101 γὰρ
2435 3022 2675 3098 δόγματα
2709 3026 2832 3099 περὶ
2857 3026 3046 3079 τούτου
3071 3026 3270 3098 ’γέγονεν
3299 3026 3350 3080 ἐν
3387 3034 3506 3087 ταῖς

1893 3120 2161 3192 μεγίσταις
2187 3123 2286 3172 τῶν
2307 3116 2603 3172 ἐπισκόπων
2629 3113 2882 3177 συνόδοις,
2909 3119 2977 3177 ὡς
3001 3117 3343 3189 πυνθάνομαι·
3365 3119 3502 3174 ὥστε

1892 3217 2013 3273 τοὺς
2040 3212 2353 3288 προσίοντας
2399 3209 2502 3265 ἀπὸ
2540 3210 2808 3285 αἱρέσεως,
2842 3210 3358 3284 προκατηχηθέντας,
3389 3206 3503 3265 εἶτα

1892 3305 2307 3371 ἀπολούσασθαι,
2333 3307 2421 3359 καὶ
2465 3303 2902 3378 ἀνακαθαίρεσθαι
2931 3304 3018 3358 τὸν
3046 3312 3138 3364 τῆς
3162 3304 3386 3365 παλαὶας
3416 3308 3503 3359 καὶ

1892 3402 2186 3477 ἀκαθάρτου
2209 3402 2373 3473 ζύμης
2407 3400 2591 3475 ῥύπον.
2625 3402 2712 3454 καὶ
2738 3402 2857 3475 περὶ
2883 3400 3078 3454 τούτων
3107 3400 3268 3455 αὐτοῦ
3294 3402 3498 3457 πάντων

1893 3494 2128 3569 δεόμενος
2155 3495 2451 3565 ἐπέστειλα.

1277 3611 1338 3663 Et
1358 3611 1608 3676 aliquanto
1633 3615 1741 3676 post
1767 3612 2085 3675 prosequitur
2098 3609 2385 3674 Dionysius.

274 3718 323 3774 2.
352 3719 453 3778 Sed
482 3729 537 3776 et
561 3719 776 3777 dilectis
801 3719 1253 3793 compresbyteris
1280 3722 1481 3778 nostris
1526 3721 1783 3794 Dionysio

214 3823 262 3872 et
302 3815 628 3882 Philemoni,
674 3817 763 3887 qui
810 3816 957 3887 prius
993 3832 1113 3871 cum
1156 3815 1433 3888 Stephano
1476 3816 1781 3872 consentie-

212 3908 346 3978 bant,
369 3912 541 3984 deque
576 3912 769 3968 iisdem
801 3912 866 3967 ad
898 3927 984 3968 me
1005 3915 1354 3984 scripserant,
1388 3923 1540 3969 antea
1573 3912 1789 3984 quidem

212 4005 398 4076 paucis,
421 4022 567 4064 nunc
591 4022 721 4063 vero
743 4000 985 4079 plurilus
1006 4007 1282 4079 rescripsi.

1960 3726 2053 3777 Καὶ
2094 3728 2201 3782 τοῖς
2254 3724 2539 3795 ἀγαπητοῖς
2586 3718 2640 3775 δὲ
2688 3721 2830 3792 ἡμῶν
2870 3720 2957 3774 καὶ
2999 3719 3497 3797 συμπρεσϐυτέροις

1889 3819 2132 3890 Διονυσίῳ
2161 3820 2248 3871 καὶ
2270 3816 2522 3890 Φιλήμονι,
2557 3814 2853 3888 συμψήφοις
2881 3814 3131 3891 πρότερον
3160 3816 3388 3890 Στεφάνῳ
3410 3837 3494 3890 7r-

1890 3913 2136 3984 νομένοις,
2167 3913 2253 3965 καὶ
2295 3914 2415 3986 περὶ
2467 3916 2566 3964 τῶν
2606 3910 2775 3963 αὐτῶν
2824 3929 2909 3981 μοι
2937 3908 3193 3984 γράφουσι
3244 3910 3495 3985 πρότερον

1815 3992 1860 4054 C
1894 4009 1984 4079 μὲν
2011 4006 2171 4077 ὀλίγα,
2198 4004 2284 4059 καὶ
2312 4008 2400 4058 νῦν
2424 4001 2477 4059 δὲ
2505 4000 2589 4058 διὰ
2609 4002 2856 4058 πλετόνων
2884 4001 3175 4057 ἐπέστειλα.

1543 4141 1900 4200 VARIORUM
1936 4139 2162 4196 NOTIE.

275 4285 426 4359 Antea
476 4287 685 4359 quidem
730 4285 941 4343 litteras.
1009 4285 1101 4342 His
1157 4286 1435 4359 praemittit
1492 4284 1772 4359 Eusebius.

217 4376 243 4431 ¢_
266 4356 343 4414 Ad
386 4356 528 4413 hunc
557 4358 785 4431 Xystnm
819 4359 1152 4431 (ttionysins)
1182 4357 1479 4431 sopundant
1514 4356 1581 4412 de
1635 4356 1777 4431 Bap-

214 4429 359 4502 tismo
384 4428 910 4502 scripsit'epistolam
931 4471 948 4495 ,
985 4428 1048 4485 in
1097 4446 1199 4502 qua
1228 4429 1484 4499 Stephani
1517 4428 1676 4502 simul
1716 4443 1781 4484 ac

212 4499 527 4573 reliquorum
587 4499 962 4572 episcoporum
1014 4499 1456 4573 sententiamque
1500 4499 1777 4573 judicium

214 4571 437 4641 emuniit,
469 4574 540 4627 ita
571 4571 637 4629 de
685 4571 960 4644 Stephano
1006 4573 1268 4644 scribens.
1303 4592 1322 4625 ι
1360 4572 1457 4627 Ubi
1487 4572 1614 4644 lucc
1654 4571 1778 4644 epi-

213 4644 333 4717 stola
360 4659 467 4701 non
498 4646 737 4702 secunda
786 4642 852 4700 ad
883 4644 1129 4717 Xystnm,
1164 4643 1270 4717 sed
1297 4643 1531 4717 secunda
1555 4643 1622 4697 de
1653 4642 1782 4717 bip-

215 4715 357 4787 [istae
405 4717 608 4772 dicitur
638 4737 650 4771 :
678 4718 800 4787 quia
858 4714 1108 4771 nimirum
1159 4715 1424 4787 Eusebius
1473 4715 1542 4770 ah
1587 4714 1780 4769 eodem

217 4783 453 4861 Dionysio
483 4788 554 4844 de
584 4783 771 4861 eadem
799 4804 856 4844 re
884 4804 1044 4844 unam
1072 4787 1139 4843 ad
1167 4786 1499 4857 Stephanum
1526 4788 1780 4856 scriptam

215 4868 321 4916 ante
338 4860 685 4917 tnemnrarat.
717 4860 1019 4916 Coosrax'r.

277 4928 345 4987 De
371 4930 575 4987 Heleno
597 4944 642 4987 et
668 4933 733 4986 de
761 4932 1083 4986 Firmiliuno.
1114 4928 1341 4986 Ruﬁnus
1363 4928 1457 4985 lib.
1486 4944 1556 4984 vu
1576 4970 1587 4992 ,
1621 4943 1652 4984 c
1714 4930 1782 4997 4,

216 5004 376 5069 vertit,
407 5007 478 5058 ad
508 5001 876 5059 Firmitianum
908 5015 952 5058 et
983 5002 1260 5063 Helenum,
1292 5010 1422 5064 etc.,
1455 5016 1518 5055 ac
1544 5000 1784 5055 subnexa

218 5073 441 5146 epistola:
470 5074 631 5146 hujus
655 5076 817 5131 verba
843 5072 1596 5146 prmtermittit.Firmiliauus,
1621 5071 1782 5146 epist.

217 5141 297 5211 75,
315 5145 377 5202 ad
403 5141 733 5219 Cyprianum
755 5188 768 5207 ,
798 5141 1174 5216 pr.edictarn:n
1219 5144 1612 5219 provinciarum
1638 5144 1786 5219 epis-

217 5227 363 5288 copos
414 5215 525 5274 uno
576 5215 918 5272 Orientalium
971 5219 1189 5273 nomine
1249 5215 1648 5288 complectens,
1713 5215 1789 5270 ait

215 5284 529 5359 Stephanum
559 5290 722 5344 modo
760 5305 882 5344 cum
931 5290 1072 5344 Afris
1115 5288 1203 5358 qui
1247 5287 1299 5342 in
1350 5284 1576 5359 meridie
1623 5297 1783 5355 sunt,

219 5358 364 5430 modo
385 5378 503 5416 cum
529 5361 872 5417 Orientalibus
904 5377 1088 5430 pacem
1119 5360 1350 5430 rupisse.
1381 5358 1688 5415 Consum.

280 5429 542 5489 Decretum
566 5444 661 5491 est.
676 5434 835 5488 lconii
866 5429 1113 5488 videlicet
1133 5448 1195 5485 ac
1213 5429 1543 5501 Sytiadietnt
1564 5430 1787 5486 inferius

220 5502 527 5573 explicatur,
559 5505 786 5566 habitis,
820 5514 1015 5573 praeter
1055 5520 1114 5558 ea
1145 5500 1264 5573 quae
1306 5502 1357 5556 in
1413 5500 1591 5557 Africa
1645 5502 1784 5557 cele-

219 5569 355 5629 brata
381 5585 528 5632 sunt.
555 5569 854 5632 Cous'raur.

282 5642 515 5731 Primum
546 5651 804 5731 tio-ctrina.
831 5648 1088 5731 institutis
1113 5645 1498 5731 interpretatio
1548 5644 1783 5731 Valesii,

222 5716 427 5788 primum
451 5716 804 5776 ‘catechumeni
832 5720 1045 5788 ﬁerent,
1077 5718 1198 5774 ideo
1240 5734 1344 5772 non
1399 5718 1615 5788 placet,
1661 5718 1785 5787 quia

223 5786 332 5861 biuc
359 5789 630 5848 inducitur
658 5786 851 5859 lector,
893 5800 952 5845 ut
985 5786 1426 5861 rebaptizantium
1452 5786 1689 5857 judicio,
1718 5788 1786 5844 ab

224 5858 399 5920 brresi
469 5864 751 5922 venientes
813 5858 1328 5920 catechumenorum
1390 5861 1570 5916 munia
1637 5861 1786 5932 prius

1882 4283 2033 4339 obire
2055 4281 2358 4343 debuerint,
2386 4294 2547 4350 quam
2576 4279 2900 4349 baptismum
2935 4280 3305 4348 perciperent.
3335 4280 3497 4339 Certe

1885 4356 1937 4409 in
1970 4353 2200 4408 concilio
2229 4351 2641 4422 Carthaginensi
2668 4367 2724 4406 ιιι
2745 4393 2759 4415 ,
2784 4354 2869 4407 cui
2896 4350 3201 4422 Cyprianus
3229 4352 3442 4421 praefuit
3463 4396 3478 4420 ,

1884 4429 2260 4496 episcoporum
2289 4423 2380 4483 86.
2411 4425 2709 4496 sententias
2736 4423 2996 4496 habemus
3032 4440 3046 4476 :
3082 4424 3177 4479 sed
3207 4440 3451 4480 cumcos
3471 4467 3487 4492 ,

1885 4494 1974 4570 qui
2003 4494 2081 4551 ab
2107 4496 2298 4551 haeresi
2340 4496 2591 4570 veniunt,
2625 4494 2975 4570 baptizandus
3013 4510 3136 4552 esse
3174 4512 3366 4570 ontnes
3395 4497 3491 4552 de-

1886 4566 2147 4632 cernant;
2196 4566 2856 4640 ut_prins_catechumeni
2890 4566 3053 4640 liant_.
3106 4568 3288 4623 nullus
3334 4570 3491 4640 petit.

1887 4641 2117 4697 Tantum
2150 4636 2347 4695 Lucius
2371 4653 2402 4692 a
2438 4637 2708 4693 'l‘habe-ue
2732 4637 2900 4693 dixit:
2941 4658 2960 4691 ι
2999 4637 3293 4694 ιιςυιιειὶοοε
3320 4636 3483 4695 exse-

1887 4712 2119 4769 crandos
2140 4725 2370 4775 censeo,
2403 4720 2457 4763 et
2478 4708 2599 4780 ideo
2628 4709 3015 4765 exorcizmdos
3045 4720 3100 4764 et
3128 4710 3485 4780 baptizandus

1887 4800 2010 4840 esse
2043 4800 2056 4837 :
2096 4803 2115 4835 ι
2151 4791 2208 4841 et
2255 4796 2374 4849 cap.
2404 4782 2494 4847 57,
2550 4779 2861 4835 Vincentius
2898 4797 2925 4834 a
2953 4779 3212 4837 Tltibarii
3253 4800 3272 4834 ι
3307 4782 3487 4838 Primo

1890 4871 1986 4924 per
2009 4870 2199 4910 manus
2228 4852 2627 4921 impositionem
2659 4852 2710 4906 iu
2737 4854 3076 4918 exorcismo,
3122 4852 3363 4909 secundo
3391 4869 3489 4924 per

1890 4927 2139 4995 baptismi
2196 4925 2659 4992 regenerationem
2692 4932 2837 4981 ,tunc
2894 4935 3119 4989 possunt
3169 4924 3237 4980 ad
3282 4924 3487 4979 Christi

1890 4999 2332 5070 pollicitationem
2358 4996 2571 5054 venire.
2614 5010 2863 5070 t__ll_l;tlltl_S
2891 4996 3294 5070 impositioumn
3322 5038 3335 5058 .
3361 5011 3485 5066 qua:

1895 5065 2010 5140 ipso
2038 5069 2293 5138 Stephani
2324 5080 2591 5122 consensu
2624 5065 2746 5140 illis
2782 5065 3085 5140 adhibenda
3118 5078 3271 5132 erat,
3322 5065 3486 5140 exor-

1892 5137 2119 5197 cismum
2141 5137 2145 5138 ί
2171 5141 2575 5206 interpretatus.
2624 5137 2714 5192 lsti
2746 5138 2959 5206 quidem
2991 5140 3101 5194 Atri
3135 5139 3202 5193 de
3242 5138 3488 5193 doctrina

1894 5157 2119 5197 Clsmttut
2171 5154 2575 5206 interpretatus.
2627 5154 2714 5192 lSll
2746 5154 2959 5263 guinem
2991 5154 3101 5194 Alt'l
3135 5154 3202 5193 tte
3242 5154 3487 5193 doctrina

1894 5213 2151 5270 tradenda
2213 5212 2412 5280 pariter
2456 5210 2655 5263 silent:
2686 5225 2745 5263 se
2813 5212 2944 5265 nihil
2986 5226 3123 5279 Opus
3150 5221 3266 5266 erat
3299 5221 3356 5264 ut
3386 5209 3487 5264 hac

1892 5284 1961 5340 de
1988 5301 2044 5341 re
2074 5282 2364 5352 quidquam
2410 5282 2812 5352 przeciperelur,
2848 5298 2968 5336 cum
2999 5281 3311 5338 lim-relicum
3339 5324 3355 5347 ,
3384 5282 3486 5337 nisi

1891 5351 2211 5412 catholicam
2243 5351 2555 5425 proﬁteatur
2584 5351 2745 5406 [idem
2767 5395 2782 5417 ,
2830 5353 3199 5425 recipiendum
3231 5369 3337 5407 non
3366 5368 3488 5408 csse

1892 5429 2040 5499 leges
2058 5429 2179 5482 alia:
2205 5423 2455 5499 doceant.
2481 5423 2780 5499 Coys't‘art'r.

1969 5499 2043 5553 De
2072 5501 2150 5553 Itis
2175 5497 2502 5552 onmibus....
2547 5494 2863 5550 Firtniliauo
2909 5495 3117 5550 scilicet
3164 5494 3373 5550 Heleno
3423 5510 3489 5551 ac

1891 5572 2048 5627 sociis
2068 5612 2083 5638 ,
2128 5580 2185 5624 nt
2210 5584 2305 5623 eos
2335 5568 2641 5632 Saephanus
2662 5583 2690 5619 ει
2727 5567 3111 5622 communione
3137 5582 3232 5623 sua
3259 5567 3487 5624 minime

1891 5652 2219 5714 segregaret.
2249 5638 2559 5714 Coosras'r.

1967 5709 2138 5785 Deque
2168 5710 2437 5785 iisdentqd
2465 5710 2896 5785 mescripserant.
2942 5709 3189 5785 Valesius
3243 5710 3331 5766 hic
3384 5711 3486 5766 ad-

1889 5786 2026 5844 didit
2051 5782 2223 5849 rebus,
2268 5782 2409 5854 quod
2440 5782 2661 5854 verbum
2686 5797 2868 5854 cuma
2896 5797 3074 5854 grch
3100 5784 3237 5839 absit
3263 5825 3277 5848 ,
3311 5796 3486 5853 neque

1891 5860 2053 5915 latine
2083 5851 2298 5913 videtur
2331 5852 2761 5926 exprimendum.
2812 5851 3109 5914 Commode
3140 5866 3320 5914 autem
3356 5851 3489 5911 illud
