3994 6318
438 319 509 378 9|
1231 313 1706 374 EPISTOLARUM
1742 313 1909 384 QUE
1950 314 2045 372 AD

2177 312 2339 373 LTUM
2380 312 2615 372 PAPAM
2656 310 3027 372 ΑΤΤῘΝΕΝΤ.
3364 306 3370 311 ’
3674 315 3743 373 92

444 448 500 503 In
543 451 717 503 eadem
758 449 970 516 epistola
998 449 1063 501 de
1101 447 1401 502 Sabellianis
1428 449 1708 513 baareticis,
1751 453 1913 516 inquit
1930 451 2199 514 Eusebius,
2240 452 2449 516 Histor.,
2485 451 2701 515 lib.VIl,
2722 451 2787 518 fc.
2815 453 2865 516 ϐ,
2906 459 2961 505 ut
2982 458 3098 520 pote
3127 455 3213 520 qui
3239 461 3356 506 tunc
3380 454 3744 517 inerebescant,

1588 534 1777 589 Xistum
1803 538 2072 589 certiorem
2087 536 2203 587 facit
2222 537 2300 588 his
2326 538 2507 588 verbis.

519 671 573 727 3.
600 670 728 726 Nam
757 685 877 727 cum
909 670 976 726 de
1002 669 1243 725 doctrina
1262 713 1277 736 ,
1323 684 1443 741 quae
1471 685 1642 741 nuper
1670 672 1810 742 apud
1854 672 2038 727 Ptole-
2068 730 2069 735 η

2217 677 2334 749 Περὶ
2354 675 2454 750 γὰρ
2483 678 2573 729 τοῦ
2600 680 2687 728 νῦν
2714 675 2995 735 κινηθέντος
3022 676 3072 730 ἐν
3098 682 3160 752 τῇ
3180 673 3482 749 Πτολεμαΐδι
3508 683 3601 736 τῆς
3630 684 3748 729 Πεν-

449 763 680 820 maidcm
730 762 917 819 urbem
976 763 1331 835 Pentapoleos
1370 770 1513 820 mota
1564 772 1681 830 est,
1752 764 1913 835 impia
1989 774 2041 820 ct

448 855 608 928 plena
634 855 980 939 ldasphemite
1010 856 1064 911 in
1090 857 1255 911 Deum
1283 855 1709 926 omnipotentem
1748 866 1804 912 et
1837 868 2041 928 patrem

450 949 662 1006 Domini
718 951 891 1005 nostri
941 949 1067 1005 Jesu
1097 949 1323 1013 Christi,
1366 949 1522 1020 plena
1556 950 1946 1006 incredulitatis
1991 958 2047 1007 et

450 1042 690 1116 perfidia:
710 1059 837 1115 erga
857 1044 1023 1100 filium
1053 1044 1168 1115 ejus
1191 1045 1521 1114 unigenitum
1548 1055 1603 1100 et
1632 1045 2044 1116 primogenitum

452 1136 630 1191 omnis
656 1146 920 1192 creatura:
949 1136 1179 1192 Verbum
1225 1137 1493 1193 hominem
1540 1138 1772 1203 faettnn,
1825 1148 1879 1194 et
1928 1154 2047 1210 qua:

454 1229 687 1301 Spiritus
741 1232 913 1287 sancti
960 1231 1133 1287 aufert
1165 1232 1610 1303 intelligentiam:
1646 1250 1765 1289 cum
1803 1235 1871 1289 ab
1898 1244 2043 1289 utra-

455 1337 558 1394 que
586 1334 738 1394 parte
782 1333 835 1379 et
861 1323 1056 1379 litterae
1085 1324 1153 1380 ad
1185 1341 1271 1381 me
1299 1325 1477 1381 allatae
1502 1337 1686 1382 essent
1706 1370 1719 1391 ,
1761 1336 1814 1383 et
1857 1326 2049 1384 fratres

456 1414 804 1486 disceptaturi
830 1417 1136 1485 venissent,
1179 1428 1435 1489 quantum
1472 1420 1584 1477 Deo
1608 1420 1841 1479 donante
1865 1423 2047 1495 potui,

459 1508 667 1580 planius
694 1510 1020 1577 edisserens,
1052 1512 1313 1583 quasdam
1336 1514 1524 1585 scripsi
1557 1515 1793 1581 litteras;
1824 1530 2050 1587 quarum

459 1602 704 1673 cxempla
728 1602 793 1658 ad
828 1613 877 1659 te
907 1604 1050 1658 misi.

2142 768 2404 828 ταπόλεως
2435 766 2712 845 δόγματος,
2742 764 2884 829 ὄντος
2911 769 3134 830 ἀσεϐοῦς
3163 773 3250 824 καὶ
3273 770 3604 842 βλασφημίαν
3632 768 3753 823 πολ-

2144 860 2230 920 λήν
2276 860 2491 932 ἔχοντος
2540 864 2660 938 περὶ
2699 867 2790 915 τοῦ
2837 861 3256 940 παντοκράτορος
3281 866 3409 916 Θεοῦ
3442 863 3532 915 καὶ
3560 860 3757 935 πατρὸς

2145 960 2235 1010 τοῦ
2266 958 2445 1031 κυρίου
2495 958 2634 1027 ἡμῶν
2663 954 2823 1016 Ἰησοῦ
2867 964 3130 1031 Χριστοῦ,
3160 960 3410 1013 ἀπιστίαν
3458 978 3513 1012 τε
3570 955 3757 1015 πολλὴν

2149 1046 2366 1119 ἔχοντος
2390 1052 2510 1125 περὶ
2532 1056 2622 1104 τοῦ
2654 1056 2953 1124 μονογενοῦς
2979 1048 3164 1111 παιδός
3190 1052 3350 1105 αὐτοῦ
3393 1053 3482 1105 καί
3508 1049 3761 1126 προιτοτό·⁵

2150 1163 2242 1196 κου
2270 1144 2444 1203 πάσης
2470 1144 2707 1205 κτίσεως,
2738 1149 2826 1199 τοῦ
2854 1145 3340 1219 ἐνανθρωπάσαντος
3368 1143 3548 1217 λόγου,
3572 1146 3763 1198 ἀναισ-

2153 1235 2336 1293 θησίαν
2376 1233 2430 1290 δὲ
2473 1242 2564 1292 τοῦ
2614 1235 2759 1310 ἁγίου
2804 1237 3097 1308 πνεύματος
3123 1250 3136 1265 ⁸
3166 1235 3404 1292 ἐλθόντων
3453 1235 3765 1311 ἑκατέρωθεν

2153 1330 2282 1405 πρός
2329 1331 2438 1405 ἐμὲ,
2466 1332 2551 1383 καί
2592 1330 2694 1404 πρὸ
2738 1330 3077 1403 γραμμάτων,
3128 1332 3215 1382 καὶ
3254 1336 3354 1382 τῶν
3405 1325 3766 1398 διαλεξομένων

2155 1420 2400 1499 ἀδελφῶν,
2430 1422 2700 1483 ἐπιστειλά
2740 1443 2854 1477 τινα
2897 1427 2964 1481 ὡς
3000 1418 3239 1480 ἐδυνήθην
3266 1420 3648 1497 παρασχόντος
3674 1424 3766 1473 τοῦ

2157 1520 2307 1581 Θεοδ,
2336 1508 2827 1593 διδασκαλικώτερον
2868 1515 3213 1589 ύφηγούμενος
3237 1528 3247 1539 ·
3277 1516 3345 1573 ὡς
3383 1514 3450 1568 τά
3479 1514 3771 1587 ἀντίγραφα

2160 1608 2372 1689 ἔπεμψά
2404 1631 2508 1667 σοι.

824 1759 1372 1836 EPISTOL/E
1418 1763 1499 1837 Π
1546 1758 2036 1840 DIONYSII
2076 1765 2841 1841 ALEXANDBINI
2893 1764 3389 1840 EPISCOPI

1180 1919 1272 1972 AD
1311 1908 1760 1976 PlllLEMU‘NEM
1801 1920 1981 1977 SIXTI
2023 1921 2539 1980 I’RESBYTERUM
2578 1923 3029 1981 FRAGMENTA.

535 2078 648 2150 Ego
666 2091 799 2135 vero
838 2076 1213 2135 hiereticorum
1249 2079 1402 2136 libris
1432 2080 1674 2152 legendis
1698 2097 1762 2136 ac
1810 2082 2055 2138 traditio-

2230 2084 2351 2162 Ἐγὼ
2390 2083 2444 2141 δέ
2485 2089 2573 2142 καί
2607 2095 2714 2148 τοῖς
2763 2088 3095 2162 συντάγμασι
3145 2091 3236 2143 καί
3279 2094 3395 2148 ταῖς
3439 2083 3780 2163 παραδόσεσι

463 2169 620 2229 nibus
642 2170 947 2229 ediscendis
977 2186 1198 2247 operam
1224 2172 1450 2242 dabam,
1498 2173 1565 2229 ad
1616 2173 1802 2231 horam
1844 2175 2062 2246 quidem

463 2268 814 2324 exsecrandis
846 2267 1059 2324 illorum
1089 2271 1374 2326 sententiis
1400 2271 1639 2329 animum
1689 2287 1866 2333 meum
1915 2274 2067 2331 coin-

465 2363 725 2432 qttinans,
779 2361 922 2417 hanc
954 2372 1132 2417 tamen
1173 2363 1333 2419 exiis
1385 2364 1670 2419 utilitatem
1722 2365 2064 2436 percipiens,

465 2464 526 2515 ut
552 2469 648 2513 eos
675 2456 816 2526 apud
857 2471 944 2511 me
989 2455 1321 2523 refutarem,
1360 2446 1430 2513 et
1476 2456 1644 2513 multo
1689 2457 1921 2528 amplius
1976 2458 2071 2513 dc-

468 2558 722 2609 testarer.
759 2549 974 2606 Etcum
999 2551 1163 2606 frater
1187 2550 1403 2621 quidam
1450 2565 1517 2608 ex
1553 2550 1744 2607 ordine
1791 2552 2071 2623 presbyte-

467 2658 652 2702 rorum
674 2658 762 2700 me
782 2642 1105 2711 deterreret,
1130 2659 1194 2700 ac
1217 2653 1501 2701 vereretur
1527 2658 1597 2700 ne
1617 2644 1792 2700 eidem
1814 2645 2067 2715 nequitiae

468 2750 628 2794 emno
657 2737 1082 2803 eommisoerer;
1132 2736 1333 2809 quippe
1379 2738 1618 2793 animum
1659 2751 1840 2803 meum
1885 2746 2072 2793 conta-

468 2829 735 2888 minatum
766 2829 862 2897 iri,
912 2828 1093 2886 aiebat
1134 2829 1435 2903 etquidem
1484 2845 1632 2899 vere,
1683 2839 1741 2885 ut
1793 2831 1907 2901 ipse
1948 2846 2073 2886 sen-

470 2920 665 2979 tiebam
696 2938 710 2976 ι
741 2921 948 2977 visione
996 2920 1256 2978 divinitus
1301 2923 1464 2978 missa
1516 2921 1869 2978 coniirtnatus
1912 2938 2066 2990 sum,

469 3023 523 3070 et
550 3029 733 3071 sermo
761 3013 829 3070 ad
860 3029 946 3070 me
978 3014 1150 3071 factus
1179 3015 1383 3072 diserte
1411 3014 1543 3071 mihi
1575 3015 2065 3088 praecepittlicens:

468 3109 614 3180 Lege
640 3110 817 3165 omnia
845 3125 1199 3182 qumcumqtto
1222 3111 1274 3165 in
1308 3125 1498 3165 manus
1521 3111 1767 3166 venerint
1798 3127 1810 3164 :
1843 3109 2070 3166 idoneus

470 3203 614 3260 enim
670 3217 731 3258 es
774 3203 865 3274 qui
920 3204 1127 3273 singula
1177 3203 1416 3275 corrigas
1461 3218 1524 3258 ae
1571 3205 1770 3273 probes
1800 3220 1813 3257 :
1841 3211 1896 3258 et
1946 3202 2073 3258 hinc

472 3296 566 3351 tibi
618 3295 849 3366 primum
907 3294 1162 3351 credendi
1204 3310 1367 3351 causa
1400 3306 1453 3350 et
1478 3296 1693 3351 occasio
1719 3296 1946 3351 exstitit.
1975 3295 2072 3351 Vi-

470 3388 680 3446 sionem
703 3389 841 3443 hanc
868 3389 1102 3459 suscepi,
1124 3398 1180 3444 ut
1210 3402 1332 3461 qum
1358 3388 1673 3461 apostolirm
1695 3389 1810 3445 voci
1844 3403 2075 3445 censen.

2168 2164 2266 2237 τῶν
2297 2182 2563 2257 αίρετικῶν
2592 2183 2861 2255 ἐνέτυχον,
2894 2184 3125 2257 χραίνων
3170 2183 3259 2254 μέν
3299 2202 3397 2251 μου
3435 2181 3568 2256 πρός
3612 2179 3782 2253 ὀλίγον

2171 2279 2266 2334 τήν
2310 2274 2493 2347 ψυχὴν
2518 2281 2633 2335 ταῖς
2662 2276 2985 2351 παμμίαροις
3018 2275 3184 2329 αὐτῶν
3223 2274 3560 2344 ἐνθυμήσεσιν
3598 2266 3779 2329 ὄνησιν

2170 2365 2217 2421 δ’
2236 2361 2321 2422 οὖν
2350 2366 2438 2422 ἀπ’
2459 2369 2622 2421 αὐτῶν
2653 2369 2845 2425 ταύτην
2872 2366 3168 2439 λαμϐάνων,
3191 2366 3250 2420 τό
3277 2365 3559 2439 ἐξελέγχειν
3586 2364 3784 2422 αὐτούς

2170 2461 2297 2538 παρ’
2327 2460 2557 2533 ἐμαυτῷ,
2581 2462 2669 2514 καί
2698 2460 2825 2515 πολὺ
2853 2460 3001 2514 πλέον
3023 2457 3411 2535 βδελύττεσθαι.
3440 2460 3527 2511 καὶ
3554 2453 3616 2515 δή
3644 2476 3786 2516 τινος

2174 2553 2385 2628 ἀδελφοῦ
2424 2560 2523 2609 τῶν
2562 2554 2933 2629 πρεσϐυτέρων
2973 2573 3034 2624 με
3067 2554 3399 2627 ἀπείργοντος
3423 2552 3511 2605 καί
3550 2547 3791 2605 δεδιττο-

2175 2650 2326 2721 μένου
2357 2647 2718 2724 συμφύρεσθαι
2748 2642 2843 2718 (al.
2879 2645 3231 2723 συμφέρεσθαι
3258 2641 3276 2716 )
3302 2651 3375 2717 τῷ
3404 2652 3495 2704 τῆς
3535 2643 3792 2718 πονηρίας

2176 2742 2319 2814 αύτῷ
2364 2740 2603 2816 βορϐόρῳ
2629 2755 2640 2768 ’
2668 2740 3008 2813 λυμανεῖσθαι
3036 2741 3136 2815 γὰρ
3179 2742 3269 2797 τήν
3295 2736 3477 2810 ψυχήν
3502 2740 3592 2796 τήν
3619 2735 3792 2808 ἐμαυ-

2175 2839 2290 2893 τοῦ,
2324 2835 2411 2887 καὶ
2450 2831 2605 2891 ἀληθῆ
2649 2852 2704 2905 γε
2754 2831 3007 2905 λέγοντος,
3038 2831 3106 2890 ὡς
3152 2829 3420 2901 ᾐσθόμην,
3470 2824 3645 2904 ὅραμα
3688 2828 3795 2882 θεία

2175 2945 2410 2998 πεμπτον
2454 2924 2735 2999 προσελθὸν
2790 2922 3055 2998 ἐπέρῤωσέ
3107 2942 3191 2996 με.
3223 2924 3311 2977 καί
3356 2920 3503 2992 λόγος
3541 2919 3678 2997 πρός
3725 2939 3793 2991 με

2173 3019 2439 3091 γενόμενος
2467 3017 2756 3094 προσέταξε
2787 3012 3061 3089 διαρρήδην
3088 3012 3267 3088 λέγων,
3299 3018 3463 3069 πᾶσιν
3490 3014 3793 3087 ἐντύγχανε

2174 3108 2249 3172 οἷς
2302 3106 2361 3166 ἂν
2410 3113 2479 3171 εἰς
2529 3117 2716 3187 χεῖρας
2760 3108 2957 3169 λάϐοις.
2998 3105 3268 3163 διευθύνειν
3298 3109 3401 3183 γάρ
3448 3106 3649 3162 ἕκαστον
3699 3108 3795 3161 καὶ

2177 3204 2465 3277 δοκιμάζειν
2510 3203 2680 3263 ἱκανὸς
2711 3196 2759 3257 εἴ
2786 3242 2799 3255 .
2825 3203 2913 3257 καί
2944 3222 3028 3257 σοι
3054 3202 3225 3276 γέγονε
3252 3206 3406 3256 τοῦτο
3438 3200 3672 3275 ἐξαρχῆς
3704 3201 3797 3255 καί

2177 3306 2269 3359 τῆς
2295 3300 2523 3356 πίστεως
2553 3293 2733 3351 αἴτιον.
2765 3291 3086 3369 ἀπεδεξάμην
3113 3292 3169 3349 τὸ
3212 3289 3405 3369 ὅραμα,
3441 3294 3508 3352 ὧς
3554 3293 3794 3346 ἀποστο-

2176 3394 2288 3471 λικῇ
2319 3399 2451 3468 φωνῇ
2489 3391 2780 3467 συντρέχον
2819 3398 2880 3466 τῇ
2920 3390 3143 3466 λεγούσῃ
3184 3390 3316 3467 πρὸς
3345 3391 3467 3450 τούς
3494 3385 3793 3445 δυνατωτέ-

474 3482 632 3548 tiret,
685 3496 929 3553 quosque
975 3456 1168 3553 majori
1209 3456 1408 3538 virtute
1438 3481 1693 3551 praiditos
1729 3484 1798 3537 ita
1830 3483 2069 3555 compel-

2180 3509 2326 3567 ρους,
2354 3486 2549 3559 γίνεσθε
2581 3484 2781 3557 δόκιμοι
2809 3487 3137 3563 τραπεζῖται.

470 3573 600 3631 lanti
630 3592 643 3629 :
675 3574 851 3631 Estote
872 3576 1021 3647 periti
1048 3574 1326 3630 numufarii
1356 3575 1398 3647 (Ι
1430 3572 1612 3643 ΤΙιεε.,
1647 3573 1893 3647 nhil).

1063 3712 1279 3776 Deinde,
1308 3715 1469 3777 inquit
1490 3712 1758 3776 Eusebius,
1769 3713 2003 3765 nonnulla
2025 3715 2091 3765 de
2113 3712 2344 3765 omnibus
2362 3712 2641 3763 baeresibus
2663 3707 2990 3761 interlocutus
3005 3706 3187 3759 subdit.

543 3842 693 3901 Hanc
720 3858 821 3915 ego
847 3842 1090 3915 regulam
1118 3851 1186 3899 et.
1214 3841 1444 3903 formam
1467 3860 1496 3899 a
1518 3842 1679 3899 beato
1711 3858 1842 3916 papa
1875 3854 2060 3899 nostro

472 3935 698 3993 lleracla
727 3936 935 4007 accepi.
994 3934 1101 3997 Eos
1144 3935 1290 3992 enim
1322 3935 1414 4015 qui
1457 3937 1525 3995 ab
1556 3935 1854 3994 haeresibus
1884 3939 2066 3993 venie-

2241 3845 2429 3899 Τούτον
2450 3844 2550 3919 ἐγὼ
2577 3841 2663 3897 τὸν
2684 3841 2872 3896 κανόνα
2897 3840 3091 3895 καὶτὸν
3116 3840 3277 3895 τύπον
3304 3838 3450 3921 παρὰ
3477 3842 3569 3894 τοῦ
3612 3858 3795 3910 μακαο

2175 3941 2288 4017 ρίου
2312 3938 2466 3995 πάπα
2492 3939 2643 4011 ’ἡμῶν
2673 3934 2894 4016 Ἠρακλά
2922 3934 3237 4012 παρῦοιϐον.
3265 3935 3386 4003 τούς
3413 3934 3513 4015 γάρ
3542 3934 3798 4011 προσιὸν-

1796 4082 2158 4143 γεηιοιιυιι
2195 4082 2427 4143 NOTIE.

472 4226 536 4279 de
585 4223 765 4279 iisdem
815 4220 1020 4278 dictum
1079 4219 1380 4291 intelligere
1436 4228 1519 4276 est
1579 4219 1647 4276 de
1722 4220 2066 4289 Firmiliano,

473 4295 700 4359 Heleno,
755 4308 891 4363 quos
944 4308 973 4347 a
1019 4293 1397 4348 communione
1452 4293 1816 4364 segregandos
1872 4294 2071 4363 Diony-

474 4368 586 4423 sius
603 4380 666 4420 ac
688 4362 971 4420 Philemon
993 4364 1292 4436 presbyteri
1314 4378 1434 4419 cum
1458 4362 1734 4433 Stephano
1755 4362 2066 4418 censebant.

551 4507 691 4562 Nam
740 4524 857 4561 cum
908 4506 971 4560 de
1017 4506 1326 4561 doctrina...
1369 4506 1562 4562 Totum
1595 4437 2078 4576 Ιίδῖυῗιῖιὶᾟόιιῐιιιη

477 4581 707 4651 Rufinus
736 4579 944 4634 licentia
986 4579 1088 4651 sibi
1121 4586 1377 4634 consueta
1430 4577 1593 4651 latine
1642 4577 1711 4632 ita
1758 4573 2030 4651 convertit
2063 4594 2077 4633 :
2108 4591 2158 4651 Ι)
2186 4573 2476 4648 Dionysius
2524 4579 2576 4635 in
2619 4573 2697 4633 ca'
2725 4577 2837 4649 ipsa
2886 4573 2941 4651 ri.
3000 4573 3071 4651 2,-
3119 4574 3387 4651 meminit.

485 4673 502 4707 ι
524 4653 654 4708 Cum
680 4649 749 4705 de
774 4665 835 4704 ea
863 4649 1125 4713 doctrina,
1153 4665 1274 4721 quae
1305 4649 1443 4720 apud
1474 4647 1858 4721 Ptolemaidam
1879 4648 2077 4721 Penta—

478 4724 664 4795 poleos
692 4723 962 4778 civitatem
992 4719 1367 4795 nuper—exorta
1398 4731 1502 4785 est,
1539 4719 2076 4795 plena_blaspli_em_iis

482 4790 537 4852 in
585 4795 747 4849 Deum
781 4805 980 4864 patrem
1010 4790 1378 4848 et‘Dominum
1409 4790 1653 4864 nostrum
1681 4790 1865 4847 Jesum
1894 4790 2074 4846 Chris-

484 4878 631 4933 tum,
689 4863 889 4936 negans
932 4880 1057 4919 vere
1086 4879 1205 4920 esse
1245 4878 1365 4918 eum
1398 4863 1576 4936 lilium
1595 4863 1767 4918 Patris
1789 4906 1802 4929 ,
1835 4878 1932 4936 nec
1964 4864 2077 4934 pri--

481 4934 807 5009 mogenitnni
875 4937 1389 5009 omniscrcatura,
1439 4934 1688 5009 similiter
1746 4945 1797 4990 et
1844 4934 2076 5005 Spiritus

482 5006 653 5066 sancti
684 5007 935 5063 auferens
964 5006 1292 5062 intellectum
1320 5024 1333 5060 :
1369 5022 1465 5077 pro
1510 5006 1707 5076 quibus
1754 5021 1876 5062 cum
1909 5014 2077 5070 utrae-

483 5098 589 5156 que
620 5089 800 5153 partes
827 5079 892 5133 ad
917 5094 1002 5156 me
1025 5079 1319 5156 venissent,
1348 5078 1788 5156 et_pr:eseutil_)us
1826 5077 2080 5156 fratribus

483 5149 898 5228 quae'commnta
939 5150 1601 5228 fuerant-discussissent,
1643 5151 1802 5204 etiam
1849 5149 2078 5217 litteris‘,

484 5220 641 5298 prout
669 5223 813 5298 Deus
857 5220 1002 5298 dedit
1034 5222 1289 5298 parvitati
1324 5236 1457 5275 mea:
1480 5262 1494 5284 ,
1538 5231 1997 5298 prosecutus‘sum
2029 5229 2083 5276 et

489 5292 683 5368 Scripsi
711 5293 1171 5368 singttlamqumque
1200 5292 1487 5368 diligenter
1512 5305 1811 5362 exponens.
1844 5295 2079 5360 Quarum

491 5362 615 5425 tibi'
644 5362 978 5435 exemplaria
1026 5362 1319 5419 transmisi.
1360 5383 1377 5416 ι
1409 5362 1713 5419 Cousranr.

563 5441 738 5496 EPIST.
767 5439 828 5495 ll.
856 5466 929 5477 —-
956 5435 1294 5509 Fragntentis
1330 5436 1624 5509 superioris
1661 5436 1901 5509 epistolae
1940 5436 2080 5509 istud

493 5513 755 5569 Eusebius
778 5510 1023 5581 progtime
1049 5504 1330 5581 subnectit
1350 5504 1430 5562 his
1459 5507 1670 5561 verbis:
1697 5504 1764 5581 In
1786 5505 2002 5578 epistola
2021 5506 2090 5562 ad

495 5578 847 5638 Philemone»:
872 5579 1164 5634 Romanum
1196 5578 1560 5649 presbyterum,
1579 5592 1689 5645 qua:
1711 5580 1841 5633 inter
1857 5594 1942 5631 eas
1967 5594 2093 5647 quos

495 5655 558 5707 de
585 5652 830 5721 baptismo
844 5652 1048 5724 scripsit
1072 5661 1145 5706 est
1169 5652 1333 5716 tertio,
1367 5654 1417 5707 ἐν
1439 5658 1500 5724 τῇ
1528 5652 1799 5724 τρίτῃητῶν
1817 5652 1935 5722 περί
1957 5649 2094 5721 βαπ-

496 5709 773 5795 τίσμάτος,
798 5709 1246 5795 ίάειηίυίοηῃεὶιιε
1287 5709 1394 5778 Ιιιεο
1432 5709 1607 5792 refert.
1634 5709 1857 5795 ‘Netnpe
1884 5709 2092 5795 't'e'ccn:

498 5789 650 5866 setur
699 5795 867 5866 prima
909 5791 976 5847 ad
1025 5789 1392 5866 Stephanum,
1445 5789 1680 5866 secunda
1731 5789 2097 5866 superior__ad

500 5861 731 5935 Xystunt
754 5906 767 5932 ,
807 5862 926 5920 haec
962 5861 1162 5921 tertia’:
1199 5880 1371 5938 coque
1406 5862 1595 5921 ordine
1638 5861 2101 5920 notat'Euseblus

2177 4221 2316 4277 hanc
2345 4220 2625 4291 epistolam
2658 4219 2723 4276 ad
2753 4217 3125 4291 Philemonem
3150 4215 3423 4291 superiori
3451 4212 3791 4291 ad_Xystum

2178 4308 2284 4348 non
2313 4284 2435 4349 esse
2462 4293 2810 4347 anteriorem.
2841 4289 3104 4361 Quocirca
3130 4284 3348 4345 defendi
3382 4284 3799 4361 neqttit_op_inip

2179 4364 2396 4420 Baronii
2418 4405 2431 4427 ,
2461 4366 2550 4433 qui
2581 4357 2937 4435 fragmentum
2968 4360 3117 4435 istud
3141 4377 3207 4416 ex
3249 4357 3486 4435 epistola
3515 4357 3619 4414 sub
3657 4357 3790 4414 Ste-

2186 4436 2363 4506 phano
2403 4429 2603 4506 scripta
2639 4429 2964 4506 excerptum
3009 4429 3321 4506 arbitratur.
3369 4429 3557 4499 Neque
3604 4438 3799 4506 tamen

2186 4502 2466 4574 praemissa
2515 4502 2582 4562 ad
2632 4502 2860 4578 Xystum
2912 4504 3185 4575 posterior
3233 4511 3352 4567 est.
3397 4511 3455 4556 ut
3494 4510 3584 4555 ote
3631 4502 3798 4566 cujus

2186 4578 2476 4640 Dionysius
2524 4579 2576 4635 in
2619 4593 2682 4633 ea
2725 4577 2837 4640 ipsa
2886 4593 2941 4632 η.
3000 4573 3071 4640 2,-
3119 4574 3387 4631 meminit.
3445 4518 3798 4640 aitapropter

2725 4577 2837 4644 ipsa
2886 4593 2941 4632 η.
3000 4577 3071 4642 2,-
3119 4577 3387 4631 meminit.
3435 4577 3799 4644 Quapropter

2184 4642 2470 4729 utramque
2521 4642 2808 4729 censemus
2863 4646 3027 4704 simul
3085 4647 3342 4729 missam;
3382 4642 3513 4729 “Nec
3559 4642 3687 4697 alia‘
3725 4643 3800 4729 de

2179 4736 2341 4778 causa
2367 4716 2504 4776 lianc
2536 4723 2589 4778 in
2628 4722 2719 4778 illa
2752 4730 3227 4775 commemoratam
3258 4716 3655 4779 existimamus,
3681 4716 3797 4771 nisi

2180 4803 2239 4847 ut
2280 4809 2402 4848 cum
2446 4792 2619 4865 Xysto
2659 4791 3168 4865 communicaretur.
3201 4788 3301 4865 _Et
3342 4787 3461 4847 ham
3486 4786 3671 4865 igitur
3724 4786 3797 4842 ad

2180 4865 2408 4937 Xysmm
2448 4859 2641 4937 aliquo
2680 4863 2843 4920 modo
2887 4863 3121 4937 pertinet
3153 4879 3166 4917 :
3201 4859 3799 4937 i_deoqne__fragtnenta

2182 4930 2299 5012 ejus
2325 4938 2483 5012 nobis
2510 4930 2578 5012 ab
2603 4936 2844 5012 Eusebio
2866 4930 3188 4992 transmissa
3208 4932 3299 5012 hic
3330 4930 3592 5012 exhibere
3616 4931 3799 5012 nostri

2184 5001 2395 5065 videtur
2423 5010 2675 5066 instituti.
2707 5008 2799 5064 Illa
2830 5017 3008 5063 autem
3039 5021 3105 5062 eo
3131 5003 3454 5060 exhibemus
3488 5001 3757 5058 libentius
3777 5042 3796 5071 ,

2186 5081 2326 5155 quod
2356 5081 2422 5137 ad
2451 5083 2806 5155 quiestionem
2839 5079 2906 5135 de
2937 5076 3206 5150 baptismo
3246 5072 3625 5131 illuStrandam
3679 5087 3799 5129 non

2186 5152 2377 5228 patmm
2410 5152 2712 5228 conferant.
2757 5152 3074 5228 (iou‘s'rau'r.
3215 5216 3229 5228 _
3388 5216 3401 5228 _
3477 5215 3488 5228 .

2263 5224 2435 5299 βειοιε
2453 5225 2603 5299 periti
2620 5221 3101 5299 numulmjiiNerba
3130 5216 3320 5274 eadem
3335 5216 3567 5299 plurimi
3587 5224 3800 5299 patres,

2183 5311 2214 5352 a
2246 5287 2516 5353 Cotelerio
2542 5296 2595 5351 in
2624 5295 2719 5351 lib.
2750 5311 2788 5350 ιι
2817 5293 3244 5363 ϐοηειίι.αροει.,
3267 5289 3428 5363 αδδ,
3445 5287 3654 5363 summa
3672 5287 3807 5363 dii}?-

2187 5368 2366 5442 gentia
2392 5368 2604 5423 collecti
2630 5408 2644 5433 ,
2677 5366 2823 5423 velut
2850 5363 3048 5442 Christi
3072 5358 3171 5442 aut
3191 5361 3422 5442 apostoli
3446 5358 3687 5442 laudant.
3717 5359 3802 5442 -ln

2196 5429 2397 5495 nostris
2425 5447 2600 5494 tamen
2627 5429 2722 5494 seu
2749 5437 3055 5509 graccisseu
3084 5429 3264 5490 latinis
3281 5431 3686 5502 exemplaribus
3699 5429 3806 5509 de-

2197 5509 2523 5567 siderautur.
2553 5502 2896 5565 Eorum’loeo
2926 5504 3172 5570 Ruﬁnus,
3194 5519 3356 5575 quem
3392 5512 3679 5574 propterea
3709 5502 3803 5558 in-

2198 5584 2372 5654 gentis
2399 5581 2741 5654 conftdentitu
2770 5581 2944 5654 arguit
2974 5574 3296 5654 coteleriUS,
3328 5576 3659 5631 substituere
3686 5588 3799 5654 non

2201 5645 2480 5711 dubitavit.
2504 5653 2691 5711 Omnia
2704 5645 2872 5723 legite,
2894 5665 3015 5723 quia
3029 5649 3160 5723 bona
3185 5655 3504 5723 amittendo,
3520 5645 3803 5723 quomodo

2201 5726 2405 5782 scilicet
2428 5715 2917 5782 sententiam'i’auli
2934 5721 2957 5777 Ι
2973 5718 3153 5777 Thess.
3181 5735 3238 5787 v,
3255 5718 3324 5774 21
3342 5716 3684 5787 Augustinus
3701 5715 3801 5773 lib.

2202 5797 2266 5855 de
2290 5795 2416 5854 Nat.
2442 5806 2489 5854 et
2511 5804 2670 5870 grat.,
2702 5810 2804 5868 cap
2833 5792 2924 5862 59,
2949 5793 3176 5867 profert.
3201 5792 3506 5851 Consum.
