  <div class='ocr_page' id='page_1' title='image "/cluster/home/n/w/nwhite01/storage/ocr_20150623/5/hvd.32044015466758/053.png"; bbox 0 0 3994 6318; ppageno 0'>
   <div class='ocr_carea' id='block_1_1' title="bbox 488 325 559 383">
    <p class='ocr_par' dir='ltr' id='par_1_1' title="bbox 488 325 559 383">
     <span class='ocr_line' id='line_1_1' title="bbox 488 325 559 383; baseline -0.028 0"><span class='ocrx_word' id='word_1_1' title='bbox 488 325 559 383; x_wconf 79' lang='lat'><strong>95</strong></span> 
     </span>
    </p>
   </div>
   <div class='ocr_carea' id='block_1_2' title="bbox 1263 324 2100 400">
    <p class='ocr_par' dir='ltr' id='par_1_2' title="bbox 1263 324 2085 395">
     <span class='ocr_line' id='line_1_2' title="bbox 1263 324 2085 395; baseline 0.001 -12"><span class='ocrx_word' id='word_1_2' title='bbox 1263 324 1748 384; x_wconf 79' lang='lat' dir='ltr'><strong>EPISTOLARUM</strong></span> <span class='ocrx_word' id='word_1_3' title='bbox 1788 325 1955 395; x_wconf 58' lang='grc' dir='ltr'><strong>ρυλε</strong></span> <span class='ocrx_word' id='word_1_4' title='bbox 1996 327 2085 384; x_wconf 82' lang='lat' dir='ltr'><strong>AD</strong></span> 
     </span>
    </p>
   </div>
   <div class='ocr_carea' id='block_1_3' title="bbox 2209 324 3084 400">
    <p class='ocr_par' dir='ltr' id='par_1_3' title="bbox 2209 325 3084 400">
     <span class='ocr_line' id='line_1_3' title="bbox 2209 325 3084 400; baseline 0.002 -14"><span class='ocrx_word' id='word_1_5' title='bbox 2209 328 2385 391; x_wconf 64' lang='grc' dir='ltr'><strong>ΚΤοΜ</strong></span> <span class='ocrx_word' id='word_1_6' title='bbox 2425 327 2673 400; x_wconf 47' lang='grc' dir='ltr'><strong>ΡΑΡΑΜ,</strong></span> <span class='ocrx_word' id='word_1_7' title='bbox 2696 325 3042 386; x_wconf 83' lang='grc' dir='ltr'><strong>ΑΤΤΙΝΕΝΤ</strong></span> <span class='ocrx_word' id='word_1_8' title='bbox 3074 346 3084 388; x_wconf 78' lang='grc' dir='ltr'><strong>ι</strong></span> 
     </span>
    </p>
   </div>
   <div class='ocr_carea' id='block_1_4' title="bbox 3730 327 3797 385">
    <p class='ocr_par' dir='ltr' id='par_1_4' title="bbox 3730 327 3797 385">
     <span class='ocr_line' id='line_1_4' title="bbox 3730 327 3797 385; baseline 0 0"><span class='ocrx_word' id='word_1_9' title='bbox 3730 327 3797 385; x_wconf 83' lang='lat'><strong>96</strong></span> 
     </span>
    </p>
   </div>
   <div class='ocr_carea' id='block_1_5' title="bbox 487 444 2100 525">
    <p class='ocr_par' dir='ltr' id='par_1_5' title="bbox 487 444 2072 522">
     <span class='ocr_line' id='line_1_5' title="bbox 487 444 2072 522; baseline 0.001 -17"><span class='ocrx_word' id='word_1_10' title='bbox 487 447 623 505; x_wconf 84' lang='lat' dir='ltr'><strong>siam</strong></span> <span class='ocrx_word' id='word_1_11' title='bbox 670 444 918 516; x_wconf 91' lang='lat' dir='ltr'><strong>discidit,</strong></span> <span class='ocrx_word' id='word_1_12' title='bbox 968 455 1021 503; x_wconf 91' lang='lat' dir='ltr'><strong>et</strong></span> <span class='ocrx_word' id='word_1_13' title='bbox 1050 460 1115 503; x_wconf 79' lang='lat' dir='ltr'><strong>ex</strong></span> <span class='ocrx_word' id='word_1_14' title='bbox 1147 444 1401 503; x_wconf 82' lang='lat' dir='ltr'><strong>fratribus</strong></span> <span class='ocrx_word' id='word_1_15' title='bbox 1438 448 1702 521; x_wconf 85' lang='lat' dir='ltr'><strong>quosdam</strong></span> <span class='ocrx_word' id='word_1_16' title='bbox 1733 449 1798 506; x_wconf 90' lang='lat' dir='ltr'><strong>ad</strong></span> <span class='ocrx_word' id='word_1_17' title='bbox 1824 450 2072 522; x_wconf 86' lang='lat' dir='ltr'><strong>impieta-</strong></span> 
     </span>
    </p>
   </div>
   <div class='ocr_carea' id='block_1_6' title="bbox 2209 444 3801 525">
    <p class='ocr_par' dir='ltr' id='par_1_6' title="bbox 2209 447 3801 525">
     <span class='ocr_line' id='line_1_6' title="bbox 2209 447 3801 525; baseline 0.001 -21"><span class='ocrx_word' id='word_1_18' title='bbox 2209 454 2339 507; x_wconf 70' lang='grc' dir='ltr'>&gt;αντι</span> <span class='ocrx_word' id='word_1_19' title='bbox 2363 456 2452 512; x_wconf 76' lang='grc' dir='ltr'>τὴν</span> <span class='ocrx_word' id='word_1_20' title='bbox 2482 452 2773 519; x_wconf 77' lang='grc' dir='ltr'><strong>ἐκκλησίαν,</strong></span> <span class='ocrx_word' id='word_1_21' title='bbox 2800 454 2887 507; x_wconf 84' lang='grc' dir='ltr'>καί</span> <span class='ocrx_word' id='word_1_22' title='bbox 2913 472 3054 513; x_wconf 83' lang='grc' dir='ltr'>τινας</span> <span class='ocrx_word' id='word_1_23' title='bbox 3080 456 3180 507; x_wconf 87' lang='grc' dir='ltr'>τῶν</span> <span class='ocrx_word' id='word_1_24' title='bbox 3201 447 3424 525; x_wconf 72' lang='grc' dir='ltr'>ἀδελφῶν</span> <span class='ocrx_word' id='word_1_25' title='bbox 3450 450 3521 511; x_wconf 79' lang='grc' dir='ltr'><strong><em>εἰς</em></strong></span> <span class='ocrx_word' id='word_1_26' title='bbox 3546 450 3801 512; x_wconf 76' lang='grc' dir='ltr'>ἀσεϐείας</span> 
     </span>
    </p>
   </div>
   <div class='ocr_carea' id='block_1_7' title="bbox 490 539 2081 615">
    <p class='ocr_par' dir='ltr' id='par_1_7' title="bbox 490 539 2081 615">
     <span class='ocr_line' id='line_1_7' title="bbox 490 539 2081 615; baseline 0.003 -18"><span class='ocrx_word' id='word_1_27' title='bbox 490 549 598 600; x_wconf 89' lang='lat' dir='ltr'><strong>tem</strong></span> <span class='ocrx_word' id='word_1_28' title='bbox 624 548 681 596; x_wconf 92' lang='lat' dir='ltr'><strong>et</strong></span> <span class='ocrx_word' id='word_1_29' title='bbox 707 539 1068 613; x_wconf 85' lang='lat' dir='ltr'><strong>blasphemias</strong></span> <span class='ocrx_word' id='word_1_30' title='bbox 1095 541 1391 611; x_wconf 76' lang='lat' dir='ltr'><strong>pertraxit;</strong></span> <span class='ocrx_word' id='word_1_31' title='bbox 1445 543 1537 614; x_wconf 85' lang='lat' dir='ltr'><strong>qui</strong></span> <span class='ocrx_word' id='word_1_32' title='bbox 1592 544 1963 615; x_wconf 78' lang='lat' dir='ltr'><strong>impiissimum</strong></span> <span class='ocrx_word' id='word_1_33' title='bbox 2013 545 2081 602; x_wconf 88' lang='lat' dir='ltr'><strong>de</strong></span> 
     </span>
    </p>
   </div>
   <div class='ocr_carea' id='block_1_8' title="bbox 490 630 2079 700">
    <p class='ocr_par' dir='ltr' id='par_1_8' title="bbox 490 630 2079 700">
     <span class='ocr_line' id='line_1_8' title="bbox 490 630 2079 700; baseline 0.002 -11"><span class='ocrx_word' id='word_1_34' title='bbox 490 631 607 689; x_wconf 86' lang='lat' dir='ltr'><strong>Deo</strong></span> <span class='ocrx_word' id='word_1_35' title='bbox 633 631 933 688; x_wconf 85' lang='lat' dir='ltr'><strong>doctrinam</strong></span> <span class='ocrx_word' id='word_1_36' title='bbox 965 632 1018 686; x_wconf 92' lang='lat' dir='ltr'><strong>in</strong></span> <span class='ocrx_word' id='word_1_37' title='bbox 1045 630 1233 688; x_wconf 91' lang='lat' dir='ltr'><strong>orbem</strong></span> <span class='ocrx_word' id='word_1_38' title='bbox 1256 632 1494 700; x_wconf 81' lang='lat' dir='ltr'><strong>invexit,</strong></span> <span class='ocrx_word' id='word_1_39' title='bbox 1520 645 1573 690; x_wconf 90' lang='lat' dir='ltr'><strong>et</strong></span> <span class='ocrx_word' id='word_1_40' title='bbox 1604 635 2079 693; x_wconf 83' lang='lat' dir='ltr'><strong>clementissimum</strong></span> 
     </span>
    </p>
   </div>
   <div class='ocr_carea' id='block_1_9' title="bbox 487 720 2081 797">
    <p class='ocr_par' dir='ltr' id='par_1_9' title="bbox 487 720 2081 797">
     <span class='ocr_line' id='line_1_9' title="bbox 487 720 2081 797; baseline 0.003 -17"><span class='ocrx_word' id='word_1_41' title='bbox 487 723 774 781; x_wconf 88' lang='lat' dir='ltr'><strong>Dominum</strong></span> <span class='ocrx_word' id='word_1_42' title='bbox 813 732 1059 779; x_wconf 81' lang='lat' dir='ltr'><strong>neStrum</strong></span> <span class='ocrx_word' id='word_1_43' title='bbox 1091 722 1275 780; x_wconf 81' lang='lat' dir='ltr'><strong>Jesnm</strong></span> <span class='ocrx_word' id='word_1_44' title='bbox 1305 720 1579 780; x_wconf 81' lang='lat' dir='ltr'><strong>Clirismm</strong></span> <span class='ocrx_word' id='word_1_45' title='bbox 1634 729 1785 797; x_wconf 89' lang='lat' dir='ltr'><strong>quasi</strong></span> <span class='ocrx_word' id='word_1_46' title='bbox 1838 728 2081 784; x_wconf 85' lang='lat' dir='ltr'><strong>immise-</strong></span> 
     </span>
    </p>
   </div>
   <div class='ocr_carea' id='block_1_10' title="bbox 486 816 2081 889">
    <p class='ocr_par' dir='ltr' id='par_1_10' title="bbox 486 816 2081 889">
     <span class='ocr_line' id='line_1_10' title="bbox 486 816 2081 889; baseline 0.002 -14"><span class='ocrx_word' id='word_1_47' title='bbox 486 816 754 875; x_wconf 86' lang='lat' dir='ltr'><strong>ricordetn</strong></span> <span class='ocrx_word' id='word_1_48' title='bbox 782 816 1176 886; x_wconf 91' lang='lat' dir='ltr'><strong>calumniatur;</strong></span> <span class='ocrx_word' id='word_1_49' title='bbox 1214 832 1275 873; x_wconf 89' lang='lat' dir='ltr'><strong>ac</strong></span> <span class='ocrx_word' id='word_1_50' title='bbox 1298 830 1494 889; x_wconf 65' lang='lat' dir='ltr'><strong>printer</strong></span> <span class='ocrx_word' id='word_1_51' title='bbox 1519 818 1635 875; x_wconf 73' lang='lat' dir='ltr'><strong>hzec</strong></span> <span class='ocrx_word' id='word_1_52' title='bbox 1661 821 1841 876; x_wconf 91' lang='lat' dir='ltr'><strong>omnia</strong></span> <span class='ocrx_word' id='word_1_53' title='bbox 1869 838 2081 878; x_wconf 90' lang='lat' dir='ltr'><strong>sacrum</strong></span> 
     </span>
    </p>
   </div>
   <div class='ocr_carea' id='block_1_11' title="bbox 483 910 2085 987">
    <p class='ocr_par' dir='ltr' id='par_1_11' title="bbox 483 910 2085 987">
     <span class='ocr_line' id='line_1_11' title="bbox 483 910 2085 987; baseline 0.002 -20"><span class='ocrx_word' id='word_1_54' title='bbox 483 910 762 968; x_wconf 89' lang='lat' dir='ltr'><strong>lavacrum</strong></span> <span class='ocrx_word' id='word_1_55' title='bbox 813 911 1028 967; x_wconf 90' lang='lat' dir='ltr'><strong>irritum</strong></span> <span class='ocrx_word' id='word_1_56' title='bbox 1082 911 1245 968; x_wconf 89' lang='lat' dir='ltr'><strong>habet</strong></span> <span class='ocrx_word' id='word_1_57' title='bbox 1306 926 1369 968; x_wconf 91' lang='lat' dir='ltr'><strong>ac</strong></span> <span class='ocrx_word' id='word_1_58' title='bbox 1430 913 1640 984; x_wconf 84' lang='lat' dir='ltr'><strong>reiicit,</strong></span> <span class='ocrx_word' id='word_1_59' title='bbox 1709 914 1981 987; x_wconf 78' lang='lat' dir='ltr'><strong>ﬁdemque</strong></span> <span class='ocrx_word' id='word_1_60' title='bbox 2032 927 2085 972; x_wconf 91' lang='lat' dir='ltr'><strong>ct</strong></span> 
     </span>
    </p>
   </div>
   <div class='ocr_carea' id='block_1_12' title="bbox 482 1002 2084 1076">
    <p class='ocr_par' dir='ltr' id='par_1_12' title="bbox 482 1002 2084 1076">
     <span class='ocr_line' id='line_1_12' title="bbox 482 1002 2084 1076; baseline 0.002 -16"><span class='ocrx_word' id='word_1_61' title='bbox 482 1002 904 1072; x_wconf 85' lang='lat' dir='ltr'><strong>ccul&#39;essionem,</strong></span> <span class='ocrx_word' id='word_1_62' title='bbox 923 1019 1045 1076; x_wconf 72' lang='lat' dir='ltr'><strong>qua:</strong></span> <span class='ocrx_word' id='word_1_63' title='bbox 1067 1003 1334 1075; x_wconf 85' lang='lat' dir='ltr'><strong>baptismo</strong></span> <span class='ocrx_word' id='word_1_64' title='bbox 1359 1005 1777 1076; x_wconf 68' lang='lat' dir='ltr'><strong>praemittuntur,</strong></span> <span class='ocrx_word' id='word_1_65' title='bbox 1798 1007 2084 1071; x_wconf 87' lang='lat' dir='ltr'><strong>subvertit,</strong></span> 
     </span>
    </p>
   </div>
   <div class='ocr_carea' id='block_1_13' title="bbox 485 1098 2083 1172">
    <p class='ocr_par' dir='ltr' id='par_1_13' title="bbox 485 1098 2083 1172">
     <span class='ocr_line' id='line_1_13' title="bbox 485 1098 2083 1172; baseline 0.001 -16"><span class='ocrx_word' id='word_1_66' title='bbox 485 1107 542 1156; x_wconf 88' lang='lat' dir='ltr'><strong>et</strong></span> <span class='ocrx_word' id='word_1_67' title='bbox 565 1098 823 1170; x_wconf 89' lang='lat' dir='ltr'><strong>Spiritum</strong></span> <span class='ocrx_word' id='word_1_68' title='bbox 853 1109 1099 1155; x_wconf 89' lang='lat' dir='ltr'><strong>sanctum</strong></span> <span class='ocrx_word' id='word_1_69' title='bbox 1145 1098 1215 1157; x_wconf 90' lang='lat' dir='ltr'><strong>ab</strong></span> <span class='ocrx_word' id='word_1_70' title='bbox 1256 1098 1322 1155; x_wconf 90' lang='lat' dir='ltr'><strong>iis</strong></span> <span class='ocrx_word' id='word_1_71' title='bbox 1369 1100 1583 1171; x_wconf 87' lang='lat' dir='ltr'><strong>penitus</strong></span> <span class='ocrx_word' id='word_1_72' title='bbox 1636 1098 1817 1172; x_wconf 82' lang='lat' dir='ltr'><strong>fugat,</strong></span> <span class='ocrx_word' id='word_1_73' title='bbox 1872 1101 2083 1158; x_wconf 89' lang='lat' dir='ltr'><strong>etiamsi</strong></span> 
     </span>
    </p>
   </div>
   <div class='ocr_carea' id='block_1_14' title="bbox 482 1191 2082 1264">
    <p class='ocr_par' dir='ltr' id='par_1_14' title="bbox 482 1191 2082 1264">
     <span class='ocr_line' id='line_1_14' title="bbox 482 1191 2082 1264; baseline 0.003 -17"><span class='ocrx_word' id='word_1_74' title='bbox 482 1205 609 1264; x_wconf 84' lang='lat' dir='ltr'><strong>spes</strong></span> <span class='ocrx_word' id='word_1_75' title='bbox 656 1191 833 1263; x_wconf 88' lang='lat' dir='ltr'><strong>aliqua</strong></span> <span class='ocrx_word' id='word_1_76' title='bbox 887 1191 1093 1259; x_wconf 84' lang='lat' dir='ltr'><strong>subsit;</strong></span> <span class='ocrx_word' id='word_1_77' title='bbox 1144 1192 1228 1248; x_wconf 89' lang='lat' dir='ltr'><strong>vel</strong></span> <span class='ocrx_word' id='word_1_78' title='bbox 1276 1194 1418 1262; x_wconf 92' lang='lat' dir='ltr'><strong>quod</strong></span> <span class='ocrx_word' id='word_1_79' title='bbox 1467 1192 1521 1249; x_wconf 92' lang='lat' dir='ltr'><strong>in</strong></span> <span class='ocrx_word' id='word_1_80' title='bbox 1547 1192 1654 1249; x_wconf 90' lang='lat' dir='ltr'><strong>illis</strong></span> <span class='ocrx_word' id='word_1_81' title='bbox 1684 1195 2082 1264; x_wconf 84' lang='lat' dir='ltr'><strong>permanserit,</strong></span> 
     </span>
    </p>
   </div>
   <div class='ocr_carea' id='block_1_15' title="bbox 481 1284 1362 1359">
    <p class='ocr_par' dir='ltr' id='par_1_15' title="bbox 481 1284 1362 1359">
     <span class='ocr_line' id='line_1_15' title="bbox 481 1284 1362 1359; baseline 0 -17"><span class='ocrx_word' id='word_1_82' title='bbox 481 1285 567 1342; x_wconf 90' lang='lat' dir='ltr'><strong>vel</strong></span> <span class='ocrx_word' id='word_1_83' title='bbox 589 1284 733 1359; x_wconf 92' lang='lat' dir='ltr'><strong>quod</strong></span> <span class='ocrx_word' id='word_1_84' title='bbox 757 1285 825 1343; x_wconf 91' lang='lat' dir='ltr'><strong>ad</strong></span> <span class='ocrx_word' id='word_1_85' title='bbox 852 1301 948 1343; x_wconf 89' lang='lat' dir='ltr'><strong>eos</strong></span> <span class='ocrx_word' id='word_1_86' title='bbox 971 1300 1100 1342; x_wconf 87' lang='lat' dir='ltr'><strong>reve</strong></span> <span class='ocrx_word' id='word_1_87' title='bbox 1116 1300 1243 1344; x_wconf 89' lang='lat' dir='ltr'><strong>rsus</strong></span> <span class='ocrx_word' id='word_1_88' title='bbox 1272 1287 1362 1344; x_wconf 89' lang='lat' dir='ltr'><strong>sit.</strong></span> 
     </span>
    </p>
   </div>
   <div class='ocr_carea' id='block_1_16' title="bbox 2185 541 3799 621">
    <p class='ocr_par' dir='ltr' id='par_1_16' title="bbox 2185 541 3799 621">
     <span class='ocr_line' id='line_1_16' title="bbox 2185 541 3799 621; baseline 0.001 -22"><span class='ocrx_word' id='word_1_89' title='bbox 2185 550 2271 600; x_wconf 83' lang='grc' dir='ltr'>καί</span> <span class='ocrx_word' id='word_1_90' title='bbox 2306 546 2632 618; x_wconf 70' lang='grc' dir='ltr'><strong>βλασφημίας</strong></span> <span class='ocrx_word' id='word_1_91' title='bbox 2663 545 2965 601; x_wconf 71' lang='grc' dir='ltr'>ἐλλκύσαντι</span> <span class='ocrx_word' id='word_1_92' title='bbox 2989 585 3001 607; x_wconf 88' lang='grc'><em>,</em></span> <span class='ocrx_word' id='word_1_93' title='bbox 3032 548 3120 599; x_wconf 86' lang='grc' dir='ltr'>καί</span> <span class='ocrx_word' id='word_1_94' title='bbox 3157 548 3279 621; x_wconf 74' lang='grc' dir='ltr'>περὶ</span> <span class='ocrx_word' id='word_1_95' title='bbox 3317 551 3408 599; x_wconf 77' lang='grc' dir='ltr'>τοῦ</span> <span class='ocrx_word' id='word_1_96' title='bbox 3440 550 3571 600; x_wconf 78' lang='grc' dir='ltr'><strong>Θεοῦ</strong></span> <span class='ocrx_word' id='word_1_97' title='bbox 3615 541 3799 600; x_wconf 85' lang='grc' dir='ltr'>διδασ-</span> 
     </span>
    </p>
   </div>
   <div class='ocr_carea' id='block_1_17' title="bbox 2184 638 3800 716">
    <p class='ocr_par' dir='ltr' id='par_1_17' title="bbox 2184 638 3800 716">
     <span class='ocr_line' id='line_1_17' title="bbox 2184 638 3800 716; baseline 0.002 -24"><span class='ocrx_word' id='word_1_98' title='bbox 2184 638 2362 692; x_wconf 87' lang='grc' dir='ltr'>καλίαν</span> <span class='ocrx_word' id='word_1_99' title='bbox 2388 639 2743 698; x_wconf 82' lang='grc' dir='ltr'>ἀνοσιώτατην</span> <span class='ocrx_word' id='word_1_100' title='bbox 2774 638 3272 705; x_wconf 67' lang='grc' dir='ltr'>ἐπειπυκλὴσαντι,</span> <span class='ocrx_word' id='word_1_101' title='bbox 3306 642 3394 693; x_wconf 84' lang='grc' dir='ltr'><strong><em>καὶ</em></strong></span> <span class='ocrx_word' id='word_1_102' title='bbox 3434 640 3518 695; x_wconf 87' lang='grc' dir='ltr'>τὸν</span> <span class='ocrx_word' id='word_1_103' title='bbox 3562 640 3800 716; x_wconf 73' lang='grc' dir='ltr'>χρηστο-</span> 
     </span>
    </p>
   </div>
   <div class='ocr_carea' id='block_1_18' title="bbox 2185 732 3800 810">
    <p class='ocr_par' dir='ltr' id='par_1_18' title="bbox 2185 732 3800 810">
     <span class='ocr_line' id='line_1_18' title="bbox 2185 732 3800 810; baseline 0.002 -23"><span class='ocrx_word' id='word_1_104' title='bbox 2185 753 2339 787; x_wconf 87' lang='grc' dir='ltr'>τατον</span> <span class='ocrx_word' id='word_1_105' title='bbox 2367 735 2541 809; x_wconf 82' lang='grc' dir='ltr'>κύριον</span> <span class='ocrx_word' id='word_1_106' title='bbox 2569 734 2709 807; x_wconf 77' lang='grc' dir='ltr'>ἡμῶν</span> <span class='ocrx_word' id='word_1_107' title='bbox 2736 732 2927 793; x_wconf 81' lang='grc' dir='ltr'>ἰησοῦν</span> <span class='ocrx_word' id='word_1_108' title='bbox 2961 735 3182 810; x_wconf 80' lang='grc' dir='ltr'>Χριστὸν</span> <span class='ocrx_word' id='word_1_109' title='bbox 3225 736 3294 795; x_wconf 85' lang='grc' dir='ltr'><strong><em>ὡς</em></strong></span> <span class='ocrx_word' id='word_1_110' title='bbox 3335 734 3514 793; x_wconf 81' lang='grc' dir='ltr'>ἀνηλεῆ</span> <span class='ocrx_word' id='word_1_111' title='bbox 3544 756 3800 809; x_wconf 73' lang='grc' dir='ltr'>συκοφαν-</span> 
     </span>
    </p>
   </div>
   <div class='ocr_carea' id='block_1_19' title="bbox 2186 821 3803 905">
    <p class='ocr_par' dir='ltr' id='par_1_19' title="bbox 2186 821 3803 905">
     <span class='ocr_line' id='line_1_19' title="bbox 2186 821 3803 905; baseline 0 -21"><span class='ocrx_word' id='word_1_112' title='bbox 2186 821 2380 887; x_wconf 76' lang='grc' dir='ltr'>τοῦντι.</span> <span class='ocrx_word' id='word_1_113' title='bbox 2416 830 2501 883; x_wconf 83' lang='grc' dir='ltr'><strong>ἐπὶ</strong></span> <span class='ocrx_word' id='word_1_114' title='bbox 2540 833 2676 884; x_wconf 78' lang='grc' dir='ltr'>πᾶσι</span> <span class='ocrx_word' id='word_1_115' title='bbox 2726 826 2781 883; x_wconf 84' lang='grc' dir='ltr'><strong>δὲ</strong></span> <span class='ocrx_word' id='word_1_116' title='bbox 2823 830 3026 889; x_wconf 79' lang='grc' dir='ltr'><strong>τούτοις</strong></span> <span class='ocrx_word' id='word_1_117' title='bbox 3068 829 3126 884; x_wconf 85' lang='grc' dir='ltr'>τὸ</span> <span class='ocrx_word' id='word_1_118' title='bbox 3172 828 3384 905; x_wconf 81' lang='grc' dir='ltr'>λουτρὸν</span> <span class='ocrx_word' id='word_1_119' title='bbox 3436 829 3701 884; x_wconf 78' lang='grc' dir='ltr'>ἀθετοῦντι</span> <span class='ocrx_word' id='word_1_120' title='bbox 3745 832 3803 884; x_wconf 83' lang='grc' dir='ltr'>τὸ</span> 
     </span>
    </p>
   </div>
   <div class='ocr_carea' id='block_1_20' title="bbox 2188 921 3805 999">
    <p class='ocr_par' dir='ltr' id='par_1_20' title="bbox 2188 921 3805 999">
     <span class='ocr_line' id='line_1_20' title="bbox 2188 921 3805 999; baseline 0.001 -22"><span class='ocrx_word' id='word_1_121' title='bbox 2188 921 2352 997; x_wconf 71' lang='grc' dir='ltr'>ἅγιον,</span> <span class='ocrx_word' id='word_1_122' title='bbox 2381 925 2470 977; x_wconf 91' lang='grc' dir='ltr'>καί</span> <span class='ocrx_word' id='word_1_123' title='bbox 2495 927 2584 983; x_wconf 77' lang='grc' dir='ltr'>τήν</span> <span class='ocrx_word' id='word_1_124' title='bbox 2608 944 2663 977; x_wconf 79' lang='grc' dir='ltr'>τε</span> <span class='ocrx_word' id='word_1_125' title='bbox 2709 924 2810 999; x_wconf 83' lang='grc' dir='ltr'>πρὸ</span> <span class='ocrx_word' id='word_1_126' title='bbox 2857 924 3016 977; x_wconf 78' lang='grc' dir='ltr'>αὐτοῦ</span> <span class='ocrx_word' id='word_1_127' title='bbox 3046 924 3223 978; x_wconf 87' lang='grc' dir='ltr'>πίστιν</span> <span class='ocrx_word' id='word_1_128' title='bbox 3254 926 3340 978; x_wconf 85' lang='grc' dir='ltr'>καί</span> <span class='ocrx_word' id='word_1_129' title='bbox 3379 922 3651 998; x_wconf 69' lang='grc' dir='ltr'>ὁμολογίαν</span> <span class='ocrx_word' id='word_1_130' title='bbox 3686 925 3805 978; x_wconf 84' lang='grc' dir='ltr'>ἀνα-</span> 
     </span>
    </p>
   </div>
   <div class='ocr_carea' id='block_1_21' title="bbox 2190 1014 3804 1093">
    <p class='ocr_par' dir='ltr' id='par_1_21' title="bbox 2190 1014 3804 1093">
     <span class='ocr_line' id='line_1_21' title="bbox 2190 1014 3804 1093; baseline -0.001 -20"><span class='ocrx_word' id='word_1_131' title='bbox 2190 1019 2451 1093; x_wconf 78' lang='grc' dir='ltr'>τρέποντι.</span> <span class='ocrx_word' id='word_1_132' title='bbox 2474 1022 2531 1074; x_wconf 86' lang='grc' dir='ltr'>τὸ</span> <span class='ocrx_word' id='word_1_133' title='bbox 2576 1038 2632 1072; x_wconf 80' lang='grc' dir='ltr'><strong>τι</strong></span> <span class='ocrx_word' id='word_1_134' title='bbox 2665 1023 2868 1089; x_wconf 79' lang='grc' dir='ltr'>πνεῦμα</span> <span class='ocrx_word' id='word_1_135' title='bbox 2893 1020 2950 1074; x_wconf 85' lang='grc' dir='ltr'>τὸ</span> <span class='ocrx_word' id='word_1_136' title='bbox 2978 1017 3122 1093; x_wconf 74' lang='grc' dir='ltr'>ἅγιον</span> <span class='ocrx_word' id='word_1_137' title='bbox 3151 1020 3203 1083; x_wconf 83' lang='grc' dir='ltr'><strong>ἐξ</strong></span> <span class='ocrx_word' id='word_1_138' title='bbox 3232 1019 3422 1082; x_wconf 80' lang='grc' dir='ltr'>αὐτῶν.</span> <span class='ocrx_word' id='word_1_139' title='bbox 3451 1019 3497 1073; x_wconf 74' lang='grc' dir='ltr'>εί</span> <span class='ocrx_word' id='word_1_140' title='bbox 3524 1019 3615 1075; x_wconf 86' lang='grc' dir='ltr'>καί</span> <span class='ocrx_word' id='word_1_141' title='bbox 3642 1038 3720 1078; x_wconf 84' lang='grc' dir='ltr'>τις</span> <span class='ocrx_word' id='word_1_142' title='bbox 3746 1014 3804 1077; x_wconf 69' lang='grc' dir='ltr'>ἦν</span> 
     </span>
    </p>
   </div>
   <div class='ocr_carea' id='block_1_22' title="bbox 2189 1111 3803 1189">
    <p class='ocr_par' dir='ltr' id='par_1_22' title="bbox 2189 1111 3803 1189">
     <span class='ocr_line' id='line_1_22' title="bbox 2189 1111 3803 1189; baseline 0.001 -24"><span class='ocrx_word' id='word_1_143' title='bbox 2189 1111 2329 1171; x_wconf 78' lang='grc' dir='ltr'>ἐλπὶς</span> <span class='ocrx_word' id='word_1_144' title='bbox 2382 1117 2473 1165; x_wconf 76' lang='grc' dir='ltr'><strong>τοῦ</strong></span> <span class='ocrx_word' id='word_1_145' title='bbox 2526 1119 2844 1188; x_wconf 86' lang='grc' dir='ltr'>παραμεῖναι</span> <span class='ocrx_word' id='word_1_146' title='bbox 2903 1112 2937 1172; x_wconf 74' lang='grc' dir='ltr'>η’</span> <span class='ocrx_word' id='word_1_147' title='bbox 3008 1112 3287 1169; x_wconf 80' lang='grc' dir='ltr'>ἐπανελθεῖν</span> <span class='ocrx_word' id='word_1_148' title='bbox 3362 1113 3491 1189; x_wconf 84' lang='grc' dir='ltr'>πρὸς</span> <span class='ocrx_word' id='word_1_149' title='bbox 3567 1112 3759 1173; x_wconf 70' lang='grc' dir='ltr'>αὐτοὺς</span> <span class='ocrx_word' id='word_1_150' title='bbox 3787 1152 3803 1175; x_wconf 87' lang='grc'><strong><em>,</em></strong></span> 
     </span>
    </p>
   </div>
   <div class='ocr_carea' id='block_1_23' title="bbox 2192 1201 2859 1278">
    <p class='ocr_par' dir='ltr' id='par_1_23' title="bbox 2192 1201 2859 1278">
     <span class='ocr_line' id='line_1_23' title="bbox 2192 1201 2859 1278; baseline -0.001 -20"><span class='ocrx_word' id='word_1_151' title='bbox 2192 1203 2453 1265; x_wconf 80' lang='grc' dir='ltr'><strong>παντελῶς</strong></span> <span class='ocrx_word' id='word_1_152' title='bbox 2499 1201 2859 1278; x_wconf 70' lang='grc' dir='ltr'>φνγαδεύοντι.</span> 
     </span>
    </p>
   </div>
   <div class='ocr_carea' id='block_1_24' title="bbox 801 1487 3486 1582">
    <p class='ocr_par' dir='ltr' id='par_1_24' title="bbox 801 1487 3486 1582">
     <span class='ocr_line' id='line_1_24' title="bbox 801 1487 3486 1582; baseline 0.001 -18"><span class='ocrx_word' id='word_1_153' title='bbox 801 1487 1355 1565; x_wconf 70' lang='lat' dir='ltr'><strong>EPISTOLZE</strong></span> <span class='ocrx_word' id='word_1_154' title='bbox 1413 1491 1563 1582; x_wconf 87' lang='lat' dir='ltr'><strong>IV,</strong></span> <span class='ocrx_word' id='word_1_155' title='bbox 1624 1491 2110 1569; x_wconf 84' lang='lat' dir='ltr'><strong>DIONYSII</strong></span> <span class='ocrx_word' id='word_1_156' title='bbox 2167 1492 2929 1571; x_wconf 81' lang='lat' dir='ltr'><strong>ALEXANDRINI</strong></span> <span class='ocrx_word' id='word_1_157' title='bbox 2990 1490 3486 1568; x_wconf 83' lang='lat' dir='ltr'><strong>EPISCOPI</strong></span> 
     </span>
    </p>
   </div>
   <div class='ocr_carea' id='block_1_25' title="bbox 1491 1677 2805 1736">
    <p class='ocr_par' dir='ltr' id='par_1_25' title="bbox 1491 1677 2805 1736">
     <span class='ocr_line' id='line_1_25' title="bbox 1491 1677 2805 1736; baseline -0.002 -1"><span class='ocrx_word' id='word_1_158' title='bbox 1491 1677 1585 1735; x_wconf 84' lang='lat' dir='ltr'><strong>AD</strong></span> <span class='ocrx_word' id='word_1_159' title='bbox 1624 1677 1886 1736; x_wconf 77' lang='lat' dir='ltr'><strong>SIXTUM</strong></span> <span class='ocrx_word' id='word_1_160' title='bbox 1927 1677 1992 1735; x_wconf 89' lang='lat' dir='ltr'><strong>ll.</strong></span> <span class='ocrx_word' id='word_1_161' title='bbox 2034 1678 2266 1735; x_wconf 79' lang='lat' dir='ltr'><strong>PAPAM</strong></span> <span class='ocrx_word' id='word_1_162' title='bbox 2304 1677 2805 1735; x_wconf 73' lang='lat' dir='ltr'><strong>FRAGMENTUM.</strong></span> 
     </span>
    </p>
   </div>
   <div class='ocr_carea' id='block_1_26' title="bbox 484 1832 3813 1905">
    <p class='ocr_par' dir='ltr' id='par_1_26' title="bbox 484 1832 3813 1905">
     <span class='ocr_line' id='line_1_26' title="bbox 484 1832 3813 1905; baseline 0 -18"><span class='ocrx_word' id='word_1_163' title='bbox 484 1832 563 1887; x_wconf 90' lang='lat' dir='ltr'><strong>De</strong></span> <span class='ocrx_word' id='word_1_164' title='bbox 588 1835 788 1889; x_wconf 85' lang='lat' dir='ltr'><strong>homine</strong></span> <span class='ocrx_word' id='word_1_165' title='bbox 808 1839 894 1902; x_wconf 85' lang='lat' dir='ltr'><strong>qui</strong></span> <span class='ocrx_word' id='word_1_166' title='bbox 909 1838 1158 1903; x_wconf 88' lang='lat' dir='ltr'><strong>baptismo</strong></span> <span class='ocrx_word' id='word_1_167' title='bbox 1180 1836 1419 1891; x_wconf 69' lang='lat' dir='ltr'><strong>Ecclesiae</strong></span> <span class='ocrx_word' id='word_1_168' title='bbox 1442 1840 1629 1891; x_wconf 88' lang='lat' dir='ltr'><strong>initiari</strong></span> <span class='ocrx_word' id='word_1_169' title='bbox 1656 1840 1950 1904; x_wconf 73' lang='lat' dir='ltr'><strong>expetebat,</strong></span> <span class='ocrx_word' id='word_1_170' title='bbox 1971 1852 2081 1891; x_wconf 90' lang='lat' dir='ltr'><strong>cum</strong></span> <span class='ocrx_word' id='word_1_171' title='bbox 2099 1840 2390 1905; x_wconf 85' lang='lat' dir='ltr'><strong>baptismum</strong></span> <span class='ocrx_word' id='word_1_172' title='bbox 2414 1840 2525 1892; x_wconf 90' lang='lat' dir='ltr'><strong>aliis</strong></span> <span class='ocrx_word' id='word_1_173' title='bbox 2550 1840 2717 1892; x_wconf 84' lang='lat' dir='ltr'><strong>verbis</strong></span> <span class='ocrx_word' id='word_1_174' title='bbox 2749 1851 2804 1889; x_wconf 91' lang='lat' dir='ltr'><strong>ac</strong></span> <span class='ocrx_word' id='word_1_175' title='bbox 2827 1840 2981 1890; x_wconf 83' lang='lat' dir='ltr'><strong>rebus</strong></span> <span class='ocrx_word' id='word_1_176' title='bbox 3002 1836 3131 1903; x_wconf 87' lang='lat' dir='ltr'><strong>apud</strong></span> <span class='ocrx_word' id='word_1_177' title='bbox 3155 1836 3422 1890; x_wconf 64' lang='lat' dir='ltr'><strong>haereticos</strong></span> <span class='ocrx_word' id='word_1_178' title='bbox 3444 1838 3728 1903; x_wconf 76' lang='lat' dir='ltr'><strong>suscepisse</strong></span> <span class='ocrx_word' id='word_1_179' title='bbox 3756 1850 3813 1887; x_wconf 89' lang='lat' dir='ltr'><strong>se</strong></span> 
     </span>
    </p>
   </div>
   <div class='ocr_carea' id='block_1_27' title="bbox 2066 1930 2279 1982">
    <p class='ocr_par' dir='ltr' id='par_1_27' title="bbox 2066 1930 2279 1982">
     <span class='ocr_line' id='line_1_27' title="bbox 2066 1930 2279 1982; baseline 0 -2"><span class='ocrx_word' id='word_1_180' title='bbox 2066 1930 2279 1982; x_wconf 83' lang='lat' dir='ltr'><strong>diceret.</strong></span> 
     </span>
    </p>
   </div>
   <div class='ocr_carea' id='block_1_28' title="bbox 558 2079 2166 2150">
    <p class='ocr_par' dir='ltr' id='par_1_28' title="bbox 558 2079 2166 2150">
     <span class='ocr_line' id='line_1_28' title="bbox 558 2079 2166 2150; baseline -0.001 -13"><span class='ocrx_word' id='word_1_181' title='bbox 558 2080 701 2138; x_wconf 81' lang='lat' dir='ltr'><strong>Vere</strong></span> <span class='ocrx_word' id='word_1_182' title='bbox 729 2079 929 2138; x_wconf 89' lang='lat' dir='ltr'><strong>etenim</strong></span> <span class='ocrx_word' id='word_1_183' title='bbox 950 2123 965 2149; x_wconf 85' lang='lat'><strong>,</strong></span> <span class='ocrx_word' id='word_1_184' title='bbox 998 2080 1183 2150; x_wconf 78' lang='lat' dir='ltr'><strong>frater,</strong></span> <span class='ocrx_word' id='word_1_185' title='bbox 1214 2080 1441 2137; x_wconf 90' lang='lat' dir='ltr'><strong>consilio</strong></span> <span class='ocrx_word' id='word_1_186' title='bbox 1469 2096 1606 2150; x_wconf 90' lang='lat' dir='ltr'><strong>opus</strong></span> <span class='ocrx_word' id='word_1_187' title='bbox 1637 2080 1844 2148; x_wconf 84' lang='lat' dir='ltr'><strong>habeo,</strong></span> <span class='ocrx_word' id='word_1_188' title='bbox 1877 2091 1933 2137; x_wconf 89' lang='lat' dir='ltr'><strong>et</strong></span> <span class='ocrx_word' id='word_1_189' title='bbox 1957 2096 2087 2138; x_wconf 86' lang='lat' dir='ltr'><strong>sen-</strong></span> <span class='ocrx_word' id='word_1_190' title='bbox 2118 2088 2166 2148; x_wconf 80' lang='grc' dir='ltr'><strong>Β</strong></span> 
     </span>
    </p>
   </div>
   <div class='ocr_carea' id='block_1_29' title="bbox 488 2175 2098 2248">
    <p class='ocr_par' dir='ltr' id='par_1_29' title="bbox 488 2175 2098 2248">
     <span class='ocr_line' id='line_1_29' title="bbox 488 2175 2098 2248; baseline 0.001 -16"><span class='ocrx_word' id='word_1_191' title='bbox 488 2176 710 2232; x_wconf 87' lang='lat' dir='ltr'><strong>tentiam</strong></span> <span class='ocrx_word' id='word_1_192' title='bbox 741 2182 890 2230; x_wconf 89' lang='lat' dir='ltr'><strong>tuam</strong></span> <span class='ocrx_word' id='word_1_193' title='bbox 921 2183 1150 2247; x_wconf 78' lang='lat' dir='ltr'><strong>expeto.</strong></span> <span class='ocrx_word' id='word_1_194' title='bbox 1183 2190 1253 2231; x_wconf 90' lang='lat' dir='ltr'><strong>ne</strong></span> <span class='ocrx_word' id='word_1_195' title='bbox 1284 2175 1422 2231; x_wconf 90' lang='lat' dir='ltr'><strong>forte</strong></span> <span class='ocrx_word' id='word_1_196' title='bbox 1454 2175 1770 2243; x_wconf 87' lang='lat' dir='ltr'><strong>halluciner,</strong></span> <span class='ocrx_word' id='word_1_197' title='bbox 1807 2191 1969 2248; x_wconf 90' lang='lat' dir='ltr'><strong>super</strong></span> <span class='ocrx_word' id='word_1_198' title='bbox 2003 2193 2098 2234; x_wconf 91' lang='lat' dir='ltr'><strong>ne-</strong></span> 
     </span>
    </p>
   </div>
   <div class='ocr_carea' id='block_1_30' title="bbox 489 2265 2097 2340">
    <p class='ocr_par' dir='ltr' id='par_1_30' title="bbox 489 2265 2097 2340">
     <span class='ocr_line' id='line_1_30' title="bbox 489 2265 2097 2340; baseline 0.002 -17"><span class='ocrx_word' id='word_1_199' title='bbox 489 2268 636 2340; x_wconf 74' lang='lat' dir='ltr'><strong>gotio</strong></span> <span class='ocrx_word' id='word_1_200' title='bbox 673 2266 817 2338; x_wconf 88' lang='lat' dir='ltr'><strong>quod</strong></span> <span class='ocrx_word' id='word_1_201' title='bbox 861 2265 993 2322; x_wconf 85' lang='lat' dir='ltr'><strong>mihi</strong></span> <span class='ocrx_word' id='word_1_202' title='bbox 1036 2267 1142 2322; x_wconf 87' lang='lat' dir='ltr'><strong>tale</strong></span> <span class='ocrx_word' id='word_1_203' title='bbox 1183 2267 1398 2324; x_wconf 89' lang='lat' dir='ltr'><strong>accidit.</strong></span> <span class='ocrx_word' id='word_1_204' title='bbox 1432 2268 1661 2338; x_wconf 86' lang='lat' dir='ltr'><strong>Quidam</strong></span> <span class='ocrx_word' id='word_1_205' title='bbox 1702 2285 1767 2325; x_wconf 80' lang='lat' dir='ltr'><strong>ex</strong></span> <span class='ocrx_word' id='word_1_206' title='bbox 1802 2269 2097 2337; x_wconf 80' lang='lat' dir='ltr'><strong>fratribus,</strong></span> 
     </span>
    </p>
   </div>
   <div class='ocr_carea' id='block_1_31' title="bbox 490 2358 2100 2433">
    <p class='ocr_par' dir='ltr' id='par_1_31' title="bbox 490 2358 2100 2433">
     <span class='ocr_line' id='line_1_31' title="bbox 490 2358 2100 2433; baseline 0.002 -19"><span class='ocrx_word' id='word_1_207' title='bbox 490 2360 587 2430; x_wconf 88' lang='lat' dir='ltr'><strong>qui</strong></span> <span class='ocrx_word' id='word_1_208' title='bbox 623 2358 692 2415; x_wconf 91' lang='lat' dir='ltr'><strong>ad</strong></span> <span class='ocrx_word' id='word_1_209' title='bbox 719 2358 1007 2416; x_wconf 84' lang='lat' dir='ltr'><strong>ecclesiam</strong></span> <span class='ocrx_word' id='word_1_210' title='bbox 1035 2360 1398 2426; x_wconf 91' lang='lat' dir='ltr'><strong>conveniunt,</strong></span> <span class='ocrx_word' id='word_1_211' title='bbox 1424 2361 1536 2432; x_wconf 90' lang='lat' dir='ltr'><strong>iam</strong></span> <span class='ocrx_word' id='word_1_212' title='bbox 1571 2360 1781 2431; x_wconf 90' lang='lat' dir='ltr'><strong>pridem</strong></span> <span class='ocrx_word' id='word_1_213' title='bbox 1813 2377 1911 2433; x_wconf 90' lang='lat' dir='ltr'><strong>pro</strong></span> <span class='ocrx_word' id='word_1_214' title='bbox 1953 2362 2100 2419; x_wconf 83' lang='lat' dir='ltr'><strong>fideli</strong></span> 
     </span>
    </p>
   </div>
   <div class='ocr_carea' id='block_1_32' title="bbox 491 2453 2096 2525">
    <p class='ocr_par' dir='ltr' id='par_1_32' title="bbox 491 2453 2096 2525">
     <span class='ocr_line' id='line_1_32' title="bbox 491 2453 2096 2525; baseline 0.002 -16"><span class='ocrx_word' id='word_1_215' title='bbox 491 2453 730 2520; x_wconf 86' lang='lat' dir='ltr'><strong>habitus,</strong></span> <span class='ocrx_word' id='word_1_216' title='bbox 755 2461 811 2510; x_wconf 92' lang='lat' dir='ltr'><strong>et</strong></span> <span class='ocrx_word' id='word_1_217' title='bbox 829 2454 921 2525; x_wconf 93' lang='lat' dir='ltr'><strong>qui</strong></span> <span class='ocrx_word' id='word_1_218' title='bbox 947 2464 1073 2509; x_wconf 90' lang='lat' dir='ltr'><strong>ante</strong></span> <span class='ocrx_word' id='word_1_219' title='bbox 1100 2469 1274 2511; x_wconf 91' lang='lat' dir='ltr'><strong>meam</strong></span> <span class='ocrx_word' id='word_1_220' title='bbox 1306 2454 1723 2520; x_wconf 86' lang='lat' dir='ltr'><strong>ordinationem.</strong></span> <span class='ocrx_word' id='word_1_221' title='bbox 1747 2471 1811 2511; x_wconf 91' lang='lat' dir='ltr'><strong>ac</strong></span> <span class='ocrx_word' id='word_1_222' title='bbox 1841 2458 1893 2511; x_wconf 91' lang='lat' dir='ltr'><strong>ni</strong></span> <span class='ocrx_word' id='word_1_223' title='bbox 1917 2456 2096 2525; x_wconf 88' lang='lat' dir='ltr'><strong>fallor,</strong></span> 
     </span>
    </p>
   </div>
   <div class='ocr_carea' id='block_1_33' title="bbox 493 2547 2100 2621">
    <p class='ocr_par' dir='ltr' id='par_1_33' title="bbox 493 2547 2100 2621">
     <span class='ocr_line' id='line_1_33' title="bbox 493 2547 2100 2621; baseline 0.001 -17"><span class='ocrx_word' id='word_1_224' title='bbox 493 2557 621 2604; x_wconf 87' lang='lat' dir='ltr'><strong>ante</strong></span> <span class='ocrx_word' id='word_1_225' title='bbox 650 2547 821 2619; x_wconf 91' lang='lat' dir='ltr'><strong>ipsius</strong></span> <span class='ocrx_word' id='word_1_226' title='bbox 850 2563 1068 2621; x_wconf 89' lang='lat' dir='ltr'><strong>quoque</strong></span> <span class='ocrx_word' id='word_1_227' title='bbox 1101 2548 1343 2605; x_wconf 71' lang='lat' dir='ltr'><strong>Heraclio</strong></span> <span class='ocrx_word' id='word_1_228' title='bbox 1369 2550 1739 2620; x_wconf 88' lang='lat' dir='ltr'><strong>episcopatum</strong></span> <span class='ocrx_word' id='word_1_229' title='bbox 1766 2562 1938 2606; x_wconf 71' lang='lat' dir='ltr'><strong>coetus</strong></span> <span class='ocrx_word' id='word_1_230' title='bbox 1970 2550 2100 2606; x_wconf 81' lang='lat' dir='ltr'><strong>lide—</strong></span> 
     </span>
    </p>
   </div>
   <div class='ocr_carea' id='block_1_34' title="bbox 493 2641 2105 2714">
    <p class='ocr_par' dir='ltr' id='par_1_34' title="bbox 493 2641 2105 2714">
     <span class='ocr_line' id='line_1_34' title="bbox 493 2641 2105 2714; baseline 0.001 -16"><span class='ocrx_word' id='word_1_231' title='bbox 493 2641 625 2698; x_wconf 90' lang='lat' dir='ltr'><strong>lium</strong></span> <span class='ocrx_word' id='word_1_232' title='bbox 656 2644 925 2714; x_wconf 88' lang='lat' dir='ltr'><strong>particeps</strong></span> <span class='ocrx_word' id='word_1_233' title='bbox 955 2643 1130 2699; x_wconf 83' lang='lat' dir='ltr'><strong>fuerat</strong></span> <span class='ocrx_word' id='word_1_234' title='bbox 1149 2686 1165 2709; x_wconf 83' lang='lat'><strong>,</strong></span> <span class='ocrx_word' id='word_1_235' title='bbox 1197 2657 1319 2699; x_wconf 84' lang='lat' dir='ltr'><strong>eum</strong></span> <span class='ocrx_word' id='word_1_236' title='bbox 1349 2642 1685 2700; x_wconf 87' lang='lat' dir='ltr'><strong>interfuisset</strong></span> <span class='ocrx_word' id='word_1_237' title='bbox 1713 2644 1982 2714; x_wconf 89' lang='lat' dir='ltr'><strong>baptismo</strong></span> <span class='ocrx_word' id='word_1_238' title='bbox 2009 2660 2105 2701; x_wconf 85' lang='lat' dir='ltr'><strong>eo-</strong></span> 
     </span>
    </p>
   </div>
   <div class='ocr_carea' id='block_1_35' title="bbox 494 2737 2141 2809">
    <p class='ocr_par' dir='ltr' id='par_1_35' title="bbox 494 2737 2141 2809">
     <span class='ocr_line' id='line_1_35' title="bbox 494 2737 2141 2809; baseline 0.001 -17"><span class='ocrx_word' id='word_1_239' title='bbox 494 2750 616 2793; x_wconf 89' lang='lat' dir='ltr'><strong>rum</strong></span> <span class='ocrx_word' id='word_1_240' title='bbox 642 2737 733 2809; x_wconf 90' lang='lat' dir='ltr'><strong>qni</strong></span> <span class='ocrx_word' id='word_1_241' title='bbox 765 2752 938 2807; x_wconf 86' lang='lat' dir='ltr'><strong>nuper</strong></span> <span class='ocrx_word' id='word_1_242' title='bbox 968 2737 1396 2809; x_wconf 82' lang='lat' dir='ltr'><strong>baptizabantur,</strong></span> <span class='ocrx_word' id='word_1_243' title='bbox 1428 2747 1484 2793; x_wconf 92' lang='lat' dir='ltr'><strong>et</strong></span> <span class='ocrx_word' id='word_1_244' title='bbox 1512 2737 1964 2809; x_wconf 78' lang='lat' dir='ltr'><strong>interrogationes</strong></span> <span class='ocrx_word' id='word_1_245' title='bbox 1994 2747 2141 2794; x_wconf 83' lang='lat' dir='ltr'><strong>res-&#39;</strong></span> 
     </span>
    </p>
   </div>
   <div class='ocr_carea' id='block_1_36' title="bbox 495 2831 2104 2903">
    <p class='ocr_par' dir='ltr' id='par_1_36' title="bbox 495 2831 2104 2903">
     <span class='ocr_line' id='line_1_36' title="bbox 495 2831 2104 2903; baseline 0.001 -16"><span class='ocrx_word' id='word_1_246' title='bbox 495 2832 895 2903; x_wconf 80' lang='lat' dir='ltr'><strong>pensionesque</strong></span> <span class='ocrx_word' id='word_1_247' title='bbox 921 2831 1161 2888; x_wconf 86' lang='lat' dir='ltr'><strong>audisset</strong></span> <span class='ocrx_word' id='word_1_248' title='bbox 1181 2875 1195 2894; x_wconf 80' lang='lat'><strong>.</strong></span> <span class='ocrx_word' id='word_1_249' title='bbox 1223 2831 1290 2887; x_wconf 86' lang='lat' dir='ltr'><strong>ad</strong></span> <span class='ocrx_word' id='word_1_250' title='bbox 1320 2847 1407 2888; x_wconf 89' lang='lat' dir='ltr'><strong>me</strong></span> <span class='ocrx_word' id='word_1_251' title='bbox 1431 2833 1665 2889; x_wconf 88' lang='lat' dir='ltr'><strong>accessit</strong></span> <span class='ocrx_word' id='word_1_252' title='bbox 1690 2832 1824 2890; x_wconf 84' lang='lat' dir='ltr'><strong>flens</strong></span> <span class='ocrx_word' id='word_1_253' title='bbox 1851 2842 1906 2890; x_wconf 91' lang='lat' dir='ltr'><strong>et</strong></span> <span class='ocrx_word' id='word_1_254' title='bbox 1933 2833 2104 2889; x_wconf 85' lang='lat' dir='ltr'><strong>vicem</strong></span> 
     </span>
    </p>
   </div>
   <div class='ocr_carea' id='block_1_37' title="bbox 496 2923 2109 2997">
    <p class='ocr_par' dir='ltr' id='par_1_37' title="bbox 496 2923 2109 2997">
     <span class='ocr_line' id='line_1_37' title="bbox 496 2923 2109 2997; baseline 0.001 -18"><span class='ocrx_word' id='word_1_255' title='bbox 496 2937 647 2979; x_wconf 90' lang='lat' dir='ltr'><strong>suam</strong></span> <span class='ocrx_word' id='word_1_256' title='bbox 679 2923 1062 2992; x_wconf 80' lang='lat' dir='ltr'><strong>ingemiscens.</strong></span> <span class='ocrx_word' id='word_1_257' title='bbox 1093 2924 1437 2997; x_wconf 81' lang='lat' dir='ltr'><strong>l’edibusque</strong></span> <span class='ocrx_word' id='word_1_258' title='bbox 1466 2924 1602 2980; x_wconf 89' lang='lat' dir='ltr'><strong>meis</strong></span> <span class='ocrx_word' id='word_1_259' title='bbox 1625 2926 1911 2981; x_wconf 85' lang='lat' dir='ltr'><strong>advolutus</strong></span> <span class='ocrx_word' id='word_1_260' title='bbox 1930 2970 1945 2991; x_wconf 88' lang='lat'><strong>,</strong></span> <span class='ocrx_word' id='word_1_261' title='bbox 1978 2941 2109 2982; x_wconf 83' lang='lat' dir='ltr'><strong>con-</strong></span> 
     </span>
    </p>
   </div>
   <div class='ocr_carea' id='block_1_38' title="bbox 499 3012 2107 3089">
    <p class='ocr_par' dir='ltr' id='par_1_38' title="bbox 499 3012 2107 3089">
     <span class='ocr_line' id='line_1_38' title="bbox 499 3012 2107 3089; baseline 0.003 -19"><span class='ocrx_word' id='word_1_262' title='bbox 499 3012 637 3071; x_wconf 86' lang='lat' dir='ltr'><strong>fiteri</strong></span> <span class='ocrx_word' id='word_1_263' title='bbox 661 3025 825 3087; x_wconf 90' lang='lat' dir='ltr'><strong>atque</strong></span> <span class='ocrx_word' id='word_1_264' title='bbox 851 3014 1098 3086; x_wconf 89' lang='lat' dir='ltr'><strong>deierare</strong></span> <span class='ocrx_word' id='word_1_265' title='bbox 1123 3017 1317 3087; x_wconf 69' lang='lat' dir='ltr'><strong>erepit,</strong></span> <span class='ocrx_word' id='word_1_266' title='bbox 1346 3016 1667 3087; x_wconf 86' lang='lat' dir='ltr'><strong>baptismum</strong></span> <span class='ocrx_word' id='word_1_267' title='bbox 1696 3034 1804 3089; x_wconf 89' lang='lat' dir='ltr'><strong>quo</strong></span> <span class='ocrx_word' id='word_1_268' title='bbox 1830 3018 1971 3089; x_wconf 91' lang='lat' dir='ltr'><strong>apud</strong></span> <span class='ocrx_word' id='word_1_269' title='bbox 2000 3021 2107 3075; x_wconf 82' lang='lat' dir='ltr'><strong>ha:-</strong></span> 
     </span>
    </p>
   </div>
   <div class='ocr_carea' id='block_1_39' title="bbox 499 3106 2107 3181">
    <p class='ocr_par' dir='ltr' id='par_1_39' title="bbox 499 3106 2107 3181">
     <span class='ocr_line' id='line_1_39' title="bbox 499 3106 2107 3181; baseline 0.002 -17"><span class='ocrx_word' id='word_1_270' title='bbox 499 3108 700 3164; x_wconf 84' lang='lat' dir='ltr'><strong>reticos</strong></span> <span class='ocrx_word' id='word_1_271' title='bbox 730 3106 973 3163; x_wconf 89' lang='lat' dir='ltr'><strong>initiatus</strong></span> <span class='ocrx_word' id='word_1_272' title='bbox 1003 3108 1215 3177; x_wconf 87' lang='lat' dir='ltr'><strong>fuerat,</strong></span> <span class='ocrx_word' id='word_1_273' title='bbox 1248 3124 1355 3164; x_wconf 88' lang='lat' dir='ltr'><strong>non</strong></span> <span class='ocrx_word' id='word_1_274' title='bbox 1390 3108 1700 3179; x_wconf 71' lang='lat' dir='ltr'><strong>huiusmodi</strong></span> <span class='ocrx_word' id='word_1_275' title='bbox 1731 3124 1889 3179; x_wconf 89' lang='lat' dir='ltr'><strong>esse,</strong></span> <span class='ocrx_word' id='word_1_276' title='bbox 1933 3126 2107 3181; x_wconf 88' lang='lat' dir='ltr'><strong>neque</strong></span> 
     </span>
    </p>
   </div>
   <div class='ocr_carea' id='block_1_40' title="bbox 499 3202 2101 3275">
    <p class='ocr_par' dir='ltr' id='par_1_40' title="bbox 499 3202 2101 3275">
     <span class='ocr_line' id='line_1_40' title="bbox 499 3202 2101 3275; baseline 0.002 -17"><span class='ocrx_word' id='word_1_277' title='bbox 499 3202 789 3275; x_wconf 89' lang='lat' dir='ltr'><strong>quidquam</strong></span> <span class='ocrx_word' id='word_1_278' title='bbox 815 3204 1037 3259; x_wconf 91' lang='lat' dir='ltr'><strong>omnino</strong></span> <span class='ocrx_word' id='word_1_279' title='bbox 1063 3203 1264 3260; x_wconf 88' lang='lat' dir='ltr'><strong>habere</strong></span> <span class='ocrx_word' id='word_1_280' title='bbox 1289 3220 1408 3260; x_wconf 92' lang='lat' dir='ltr'><strong>cum</strong></span> <span class='ocrx_word' id='word_1_281' title='bbox 1439 3204 1542 3261; x_wconf 89' lang='lat' dir='ltr'><strong>hoc</strong></span> <span class='ocrx_word' id='word_1_282' title='bbox 1572 3216 1756 3261; x_wconf 88' lang='lat' dir='ltr'><strong>nostro</strong></span> <span class='ocrx_word' id='word_1_283' title='bbox 1783 3221 2101 3262; x_wconf 88' lang='lat' dir='ltr'><strong>commune:</strong></span> 
     </span>
    </p>
   </div>
   <div class='ocr_carea' id='block_1_41' title="bbox 500 3295 2104 3370">
    <p class='ocr_par' dir='ltr' id='par_1_41' title="bbox 500 3295 2104 3370">
     <span class='ocr_line' id='line_1_41' title="bbox 500 3295 2104 3370; baseline 0.002 -20"><span class='ocrx_word' id='word_1_284' title='bbox 500 3295 698 3369; x_wconf 82' lang='lat' dir='ltr'><strong>quippe</strong></span> <span class='ocrx_word' id='word_1_285' title='bbox 725 3296 944 3368; x_wconf 90' lang='lat' dir='ltr'><strong>plenum</strong></span> <span class='ocrx_word' id='word_1_286' title='bbox 974 3295 1145 3353; x_wconf 90' lang='lat' dir='ltr'><strong>fuisse</strong></span> <span class='ocrx_word' id='word_1_287' title='bbox 1174 3297 1465 3370; x_wconf 89' lang='lat' dir='ltr'><strong>impietatis</strong></span> <span class='ocrx_word' id='word_1_288' title='bbox 1493 3308 1548 3354; x_wconf 88' lang='lat' dir='ltr'><strong>et</strong></span> <span class='ocrx_word' id='word_1_289' title='bbox 1578 3298 1949 3369; x_wconf 63' lang='lat' dir='ltr'><strong>blasphemiae.</strong></span> <span class='ocrx_word' id='word_1_290' title='bbox 1979 3300 2104 3354; x_wconf 87' lang='lat' dir='ltr'><strong>Aie-</strong></span> 
     </span>
    </p>
   </div>
   <div class='ocr_carea' id='block_1_42' title="bbox 2265 2082 3813 2162">
    <p class='ocr_par' dir='ltr' id='par_1_42' title="bbox 2265 2082 3813 2162">
     <span class='ocr_line' id='line_1_42' title="bbox 2265 2082 3813 2162; baseline 0.001 -22"><span class='ocrx_word' id='word_1_291' title='bbox 2265 2086 2358 2141; x_wconf 77' lang='lat' dir='ltr'><strong>Kati</strong></span> <span class='ocrx_word' id='word_1_292' title='bbox 2381 2086 2482 2162; x_wconf 78' lang='grc' dir='ltr'><strong>γὰρ</strong></span> <span class='ocrx_word' id='word_1_293' title='bbox 2509 2082 2689 2150; x_wconf 78' lang='grc' dir='ltr'>ὅντως,</span> <span class='ocrx_word' id='word_1_294' title='bbox 2718 2083 2916 2159; x_wconf 70' lang='grc' dir='ltr'><strong>ἀδελφέ,</strong></span> <span class='ocrx_word' id='word_1_295' title='bbox 2940 2085 3237 2158; x_wconf 80' lang='grc' dir='ltr'>συμϐουλῆς</span> <span class='ocrx_word' id='word_1_296' title='bbox 3259 2083 3459 2159; x_wconf 77' lang='grc' dir='ltr'>δέομαι.</span> <span class='ocrx_word' id='word_1_297' title='bbox 3488 2091 3577 2142; x_wconf 80' lang='grc' dir='ltr'>καί</span> <span class='ocrx_word' id='word_1_298' title='bbox 3599 2089 3813 2161; x_wconf 74' lang='grc' dir='ltr'>γνώμην</span> 
     </span>
    </p>
   </div>
   <div class='ocr_carea' id='block_1_43' title="bbox 2200 2178 3818 2256">
    <p class='ocr_par' dir='ltr' id='par_1_43' title="bbox 2200 2178 3818 2256">
     <span class='ocr_line' id='line_1_43' title="bbox 2200 2178 3818 2256; baseline 0.001 -22"><span class='ocrx_word' id='word_1_299' title='bbox 2200 2180 2328 2234; x_wconf 82' lang='grc' dir='ltr'>αἰτῶ</span> <span class='ocrx_word' id='word_1_300' title='bbox 2356 2181 2507 2254; x_wconf 87' lang='grc' dir='ltr'><strong>παρά</strong></span> <span class='ocrx_word' id='word_1_301' title='bbox 2552 2184 2672 2245; x_wconf 81' lang='grc' dir='ltr'>σοῦ,</span> <span class='ocrx_word' id='word_1_302' title='bbox 2698 2180 2938 2234; x_wconf 78' lang='grc' dir='ltr'>τοιούτου</span> <span class='ocrx_word' id='word_1_303' title='bbox 2964 2179 3101 2239; x_wconf 85' lang='grc' dir='ltr'>τινός</span> <span class='ocrx_word' id='word_1_304' title='bbox 3130 2199 3215 2251; x_wconf 84' lang='grc' dir='ltr'><strong>μοι</strong></span> <span class='ocrx_word' id='word_1_305' title='bbox 3240 2178 3611 2255; x_wconf 82' lang='grc' dir='ltr'>προσελτόντος</span> <span class='ocrx_word' id='word_1_306' title='bbox 3639 2182 3818 2256; x_wconf 74' lang='grc' dir='ltr'>πράγ-</span> 
     </span>
    </p>
   </div>
   <div class='ocr_carea' id='block_1_44' title="bbox 2204 2268 3819 2348">
    <p class='ocr_par' dir='ltr' id='par_1_44' title="bbox 2204 2268 3819 2348">
     <span class='ocr_line' id='line_1_44' title="bbox 2204 2268 3819 2348; baseline -0.001 -19"><span class='ocrx_word' id='word_1_307' title='bbox 2204 2294 2392 2346; x_wconf 76' lang='grc' dir='ltr'>ματος,</span> <span class='ocrx_word' id='word_1_308' title='bbox 2434 2270 2610 2333; x_wconf 82' lang='grc' dir='ltr'><strong>δεδιὼς</strong></span> <span class='ocrx_word' id='word_1_309' title='bbox 2647 2276 2716 2343; x_wconf 74' lang='grc' dir='ltr'>μή</span> <span class='ocrx_word' id='word_1_310' title='bbox 2755 2268 2859 2348; x_wconf 79' lang='grc' dir='ltr'><strong>ἄρα</strong></span> <span class='ocrx_word' id='word_1_311' title='bbox 2889 2271 3209 2344; x_wconf 77' lang='grc' dir='ltr'>σφάλλωμαι.</span> <span class='ocrx_word' id='word_1_312' title='bbox 3254 2278 3353 2326; x_wconf 84' lang='grc' dir='ltr'><strong>τῶν</strong></span> <span class='ocrx_word' id='word_1_313' title='bbox 3386 2273 3489 2348; x_wconf 69' lang='grc' dir='ltr'><strong>γὰρ</strong></span> <span class='ocrx_word' id='word_1_314' title='bbox 3521 2276 3819 2348; x_wconf 68' lang='grc' dir='ltr'>συναγομέ-</span> 
     </span>
    </p>
   </div>
   <div class='ocr_carea' id='block_1_45' title="bbox 2204 2363 3820 2440">
    <p class='ocr_par' dir='ltr' id='par_1_45' title="bbox 2204 2363 3820 2440">
     <span class='ocr_line' id='line_1_45' title="bbox 2204 2363 3820 2440; baseline 0.001 -21"><span class='ocrx_word' id='word_1_315' title='bbox 2204 2389 2301 2419; x_wconf 90' lang='grc' dir='ltr'>νων</span> <span class='ocrx_word' id='word_1_316' title='bbox 2329 2363 2552 2439; x_wconf 72' lang='grc' dir='ltr'>ἀδελφῶν</span> <span class='ocrx_word' id='word_1_317' title='bbox 2598 2364 2784 2425; x_wconf 81' lang='grc' dir='ltr'>πιστὸς</span> <span class='ocrx_word' id='word_1_318' title='bbox 2813 2365 3139 2437; x_wconf 72' lang='grc' dir='ltr'><strong>νομιζόμενος</strong></span> <span class='ocrx_word' id='word_1_319' title='bbox 3167 2366 3396 2439; x_wconf 85' lang='grc' dir='ltr'>ἀρχαῖος</span> <span class='ocrx_word' id='word_1_320' title='bbox 3434 2367 3523 2419; x_wconf 82' lang='grc' dir='ltr'>καί</span> <span class='ocrx_word' id='word_1_321' title='bbox 3566 2368 3669 2440; x_wconf 85' lang='grc' dir='ltr'>πρὸ</span> <span class='ocrx_word' id='word_1_322' title='bbox 3721 2375 3820 2426; x_wconf 74' lang='grc' dir='ltr'><strong>τῆς</strong></span> 
     </span>
    </p>
   </div>
   <div class='ocr_carea' id='block_1_46' title="bbox 2207 2452 3819 2535">
    <p class='ocr_par' dir='ltr' id='par_1_46' title="bbox 2207 2452 3819 2535">
     <span class='ocr_line' id='line_1_46' title="bbox 2207 2452 3819 2535; baseline 0.001 -22"><span class='ocrx_word' id='word_1_323' title='bbox 2207 2461 2331 2531; x_wconf 73' lang='grc' dir='ltr'><strong>ἐμῆς</strong></span> <span class='ocrx_word' id='word_1_324' title='bbox 2375 2458 2720 2533; x_wconf 78' lang='grc' dir='ltr'><strong>χειροτονίας,</strong></span> <span class='ocrx_word' id='word_1_325' title='bbox 2758 2452 2901 2529; x_wconf 84' lang='grc' dir='ltr'>οἶμαι</span> <span class='ocrx_word' id='word_1_326' title='bbox 2930 2456 3103 2512; x_wconf 78' lang='grc' dir='ltr'>δὲκαὶ</span> <span class='ocrx_word' id='word_1_327' title='bbox 3144 2459 3246 2534; x_wconf 81' lang='grc' dir='ltr'>πρὸ</span> <span class='ocrx_word' id='word_1_328' title='bbox 3290 2466 3382 2519; x_wconf 78' lang='grc' dir='ltr'><strong>τῆς</strong></span> <span class='ocrx_word' id='word_1_329' title='bbox 3424 2464 3515 2513; x_wconf 81' lang='grc' dir='ltr'><strong>τοῦ</strong></span> <span class='ocrx_word' id='word_1_330' title='bbox 3547 2461 3819 2535; x_wconf 74' lang='grc' dir='ltr'>μακαρίον</span> 
     </span>
    </p>
   </div>
   <div class='ocr_carea' id='block_1_47' title="bbox 2207 2549 3822 2627">
    <p class='ocr_par' dir='ltr' id='par_1_47' title="bbox 2207 2549 3822 2627">
     <span class='ocr_line' id='line_1_47' title="bbox 2207 2549 3822 2627; baseline 0.002 -24"><span class='ocrx_word' id='word_1_331' title='bbox 2207 2549 2428 2627; x_wconf 75' lang='grc' dir='ltr'>Ἠρακλᾶ</span> <span class='ocrx_word' id='word_1_332' title='bbox 2470 2550 2846 2609; x_wconf 79' lang='grc' dir='ltr'>καταστάσεως</span> <span class='ocrx_word' id='word_1_333' title='bbox 2888 2557 2981 2609; x_wconf 78' lang='grc' dir='ltr'><strong>τῆς</strong></span> <span class='ocrx_word' id='word_1_334' title='bbox 3028 2559 3331 2624; x_wconf 70' lang='grc' dir='ltr'>συναγωγῆς</span> <span class='ocrx_word' id='word_1_335' title='bbox 3357 2555 3669 2623; x_wconf 78' lang='grc' dir='ltr'>μετασχὼν,</span> <span class='ocrx_word' id='word_1_336' title='bbox 3708 2561 3822 2614; x_wconf 61' lang='lat' dir='ltr'><strong>rei;</strong></span> 
     </span>
    </p>
   </div>
   <div class='ocr_carea' id='block_1_48' title="bbox 2207 2641 3822 2719">
    <p class='ocr_par' dir='ltr' id='par_1_48' title="bbox 2207 2641 3822 2719">
     <span class='ocr_line' id='line_1_48' title="bbox 2207 2641 3822 2719; baseline 0.002 -21"><span class='ocrx_word' id='word_1_337' title='bbox 2207 2643 2425 2716; x_wconf 73' lang='grc' dir='ltr'>ὐπὸγνον</span> <span class='ocrx_word' id='word_1_338' title='bbox 2449 2641 2841 2713; x_wconf 79' lang='grc' dir='ltr'>βαπτιζομένοις</span> <span class='ocrx_word' id='word_1_339' title='bbox 2853 2645 3207 2719; x_wconf 82' lang='grc' dir='ltr'>παρατυχὼν,</span> <span class='ocrx_word' id='word_1_340' title='bbox 3226 2647 3426 2699; x_wconf 87' lang='grc' dir='ltr'>καὶτῶν</span> <span class='ocrx_word' id='word_1_341' title='bbox 3446 2646 3822 2719; x_wconf 71' lang='grc' dir='ltr'>ἐπερωτήσεων</span> 
     </span>
    </p>
   </div>
   <div class='ocr_carea' id='block_1_49' title="bbox 2208 2735 3819 2813">
    <p class='ocr_par' dir='ltr' id='par_1_49' title="bbox 2208 2735 3819 2813">
     <span class='ocr_line' id='line_1_49' title="bbox 2208 2735 3819 2813; baseline 0.002 -23"><span class='ocrx_word' id='word_1_342' title='bbox 2208 2738 2296 2791; x_wconf 84' lang='grc' dir='ltr'><strong>καὶ</strong></span> <span class='ocrx_word' id='word_1_343' title='bbox 2342 2737 2662 2811; x_wconf 75' lang='grc' dir='ltr'>ἀποκρίσεων</span> <span class='ocrx_word' id='word_1_344' title='bbox 2706 2736 3028 2796; x_wconf 76' lang='grc' dir='ltr'>ἐπακούσας.</span> <span class='ocrx_word' id='word_1_345' title='bbox 3060 2735 3319 2813; x_wconf 82' lang='grc' dir='ltr'>προσῆλτέ</span> <span class='ocrx_word' id='word_1_346' title='bbox 3344 2758 3444 2809; x_wconf 72' lang='grc' dir='ltr'>αμοι</span> <span class='ocrx_word' id='word_1_347' title='bbox 3492 2736 3680 2791; x_wconf 80' lang='grc' dir='ltr'><strong>κλαίων</strong></span> <span class='ocrx_word' id='word_1_348' title='bbox 3721 2742 3819 2793; x_wconf 79' lang='grc' dir='ltr'>καί</span> 
     </span>
    </p>
   </div>
   <div class='ocr_carea' id='block_1_50' title="bbox 2210 2828 3816 2906">
    <p class='ocr_par' dir='ltr' id='par_1_50' title="bbox 2210 2828 3816 2906">
     <span class='ocr_line' id='line_1_50' title="bbox 2210 2828 3816 2906; baseline 0 -20"><span class='ocrx_word' id='word_1_349' title='bbox 2210 2833 2533 2906; x_wconf 78' lang='grc' dir='ltr'>καταθρηνῶν</span> <span class='ocrx_word' id='word_1_350' title='bbox 2555 2830 2753 2886; x_wconf 77' lang='grc' dir='ltr'>ἑαυτὸν.</span> <span class='ocrx_word' id='word_1_351' title='bbox 2784 2834 2876 2885; x_wconf 72' lang='grc' dir='ltr'>Καί</span> <span class='ocrx_word' id='word_1_352' title='bbox 2892 2832 3092 2885; x_wconf 82' lang='grc' dir='ltr'>πίπτων</span> <span class='ocrx_word' id='word_1_353' title='bbox 3110 2831 3210 2906; x_wconf 88' lang='grc' dir='ltr'>πρὸ</span> <span class='ocrx_word' id='word_1_354' title='bbox 3230 2837 3328 2884; x_wconf 86' lang='grc' dir='ltr'>τῶν</span> <span class='ocrx_word' id='word_1_355' title='bbox 3350 2828 3518 2885; x_wconf 80' lang='grc' dir='ltr'>ποδῶν</span> <span class='ocrx_word' id='word_1_356' title='bbox 3539 2852 3663 2902; x_wconf 79' lang='grc' dir='ltr'>μου,</span> <span class='ocrx_word' id='word_1_357' title='bbox 3695 2832 3816 2896; x_wconf 82' lang='grc' dir='ltr'><strong>ἐξο-</strong></span> 
     </span>
    </p>
   </div>
   <div class='ocr_carea' id='block_1_51' title="bbox 2213 2921 3823 2999">
    <p class='ocr_par' dir='ltr' id='par_1_51' title="bbox 2213 2921 3823 2999">
     <span class='ocr_line' id='line_1_51' title="bbox 2213 2921 3823 2999; baseline -0.002 -17"><span class='ocrx_word' id='word_1_358' title='bbox 2213 2927 2581 2999; x_wconf 71' lang='grc' dir='ltr'>μολογούμενος</span> <span class='ocrx_word' id='word_1_359' title='bbox 2608 2928 2697 2997; x_wconf 82' lang='grc' dir='ltr'>μὲν</span> <span class='ocrx_word' id='word_1_360' title='bbox 2719 2927 2805 2979; x_wconf 85' lang='grc' dir='ltr'>καί</span> <span class='ocrx_word' id='word_1_361' title='bbox 2842 2925 3174 2996; x_wconf 76' lang='grc' dir='ltr'><strong>ἐξομνύμενος</strong></span> <span class='ocrx_word' id='word_1_362' title='bbox 3202 2925 3260 2978; x_wconf 88' lang='grc' dir='ltr'>τὸ</span> <span class='ocrx_word' id='word_1_363' title='bbox 3285 2922 3585 2998; x_wconf 78' lang='grc' dir='ltr'>βάπτισμα,</span> <span class='ocrx_word' id='word_1_364' title='bbox 3615 2921 3644 2978; x_wconf 84' lang='grc' dir='ltr'><strong><em>ὅ</em></strong></span> <span class='ocrx_word' id='word_1_365' title='bbox 3668 2926 3823 2999; x_wconf 84' lang='grc' dir='ltr'><strong>παρά</strong></span> 
     </span>
    </p>
   </div>
   <div class='ocr_carea' id='block_1_52' title="bbox 2212 3012 3821 3094">
    <p class='ocr_par' dir='ltr' id='par_1_52' title="bbox 2212 3012 3821 3094">
     <span class='ocr_line' id='line_1_52' title="bbox 2212 3012 3821 3094; baseline -0.001 -19"><span class='ocrx_word' id='word_1_366' title='bbox 2212 3029 2318 3082; x_wconf 84' lang='grc' dir='ltr'><strong><em>τοῖς</em></strong></span> <span class='ocrx_word' id='word_1_367' title='bbox 2361 3022 2634 3094; x_wconf 83' lang='grc' dir='ltr'>αίρετικοῖς</span> <span class='ocrx_word' id='word_1_368' title='bbox 2684 3017 3025 3081; x_wconf 75' lang='grc' dir='ltr'>ϐεϐἀπτιστο,</span> <span class='ocrx_word' id='word_1_369' title='bbox 3070 3021 3139 3088; x_wconf 76' lang='grc' dir='ltr'>μή</span> <span class='ocrx_word' id='word_1_370' title='bbox 3180 3022 3408 3072; x_wconf 81' lang='grc' dir='ltr'>τοιοῦτον</span> <span class='ocrx_word' id='word_1_371' title='bbox 3451 3012 3599 3081; x_wconf 75' lang='grc' dir='ltr'>εἶναι,</span> <span class='ocrx_word' id='word_1_372' title='bbox 3645 3022 3718 3090; x_wconf 71' lang='grc' dir='ltr'>μὴ</span> <span class='ocrx_word' id='word_1_373' title='bbox 3763 3016 3821 3073; x_wconf 79' lang='grc' dir='ltr'><strong>δέ</strong></span> 
     </span>
    </p>
   </div>
   <div class='ocr_carea' id='block_1_53' title="bbox 2212 3110 3820 3187">
    <p class='ocr_par' dir='ltr' id='par_1_53' title="bbox 2212 3110 3820 3187">
     <span class='ocr_line' id='line_1_53' title="bbox 2212 3110 3820 3187; baseline -0.002 -20"><span class='ocrx_word' id='word_1_374' title='bbox 2212 3111 2338 3174; x_wconf 79' lang='grc' dir='ltr'><strong>ὅλως</strong></span> <span class='ocrx_word' id='word_1_375' title='bbox 2380 3110 2522 3184; x_wconf 82' lang='grc' dir='ltr'>ἒχειν</span> <span class='ocrx_word' id='word_1_376' title='bbox 2574 3114 2685 3167; x_wconf 78' lang='grc' dir='ltr'>τινὰ</span> <span class='ocrx_word' id='word_1_377' title='bbox 2733 3113 2861 3187; x_wconf 84' lang='grc' dir='ltr'>πρὸς</span> <span class='ocrx_word' id='word_1_378' title='bbox 2886 3116 3037 3166; x_wconf 77' lang='grc' dir='ltr'>τοῦτο</span> <span class='ocrx_word' id='word_1_379' title='bbox 3065 3112 3324 3164; x_wconf 82' lang='grc' dir='ltr'>κοινωνίαν</span> <span class='ocrx_word' id='word_1_380' title='bbox 3351 3126 3364 3138; x_wconf 80' lang='grc'><strong><em>⁸</em></strong></span> <span class='ocrx_word' id='word_1_381' title='bbox 3414 3111 3659 3171; x_wconf 79' lang='grc' dir='ltr'>ἀσεϐείας</span> <span class='ocrx_word' id='word_1_382' title='bbox 3709 3114 3820 3187; x_wconf 67' lang='grc' dir='ltr'><strong>γὰρ</strong></span> 
     </span>
    </p>
   </div>
   <div class='ocr_carea' id='block_1_54' title="bbox 2211 3203 3824 3281">
    <p class='ocr_par' dir='ltr' id='par_1_54' title="bbox 2211 3203 3824 3281">
     <span class='ocr_line' id='line_1_54' title="bbox 2211 3203 3824 3281; baseline -0.001 -20"><span class='ocrx_word' id='word_1_383' title='bbox 2211 3208 2365 3261; x_wconf 82' lang='grc' dir='ltr'>ἐκείνο</span> <span class='ocrx_word' id='word_1_384' title='bbox 2395 3210 2482 3261; x_wconf 89' lang='grc' dir='ltr'><strong><em>καὶ</em></strong></span> <span class='ocrx_word' id='word_1_385' title='bbox 2511 3206 2845 3280; x_wconf 73' lang='grc' dir='ltr'>βλασφημιῶν</span> <span class='ocrx_word' id='word_1_386' title='bbox 2873 3204 3260 3281; x_wconf 77' lang='grc' dir='ltr'>πεπληρῶσθαι.</span> <span class='ocrx_word' id='word_1_387' title='bbox 3287 3206 3458 3279; x_wconf 64' lang='grc' dir='ltr'><strong>Λέγων</strong></span> <span class='ocrx_word' id='word_1_388' title='bbox 3499 3203 3553 3260; x_wconf 78' lang='grc' dir='ltr'><strong>δὲ</strong></span> <span class='ocrx_word' id='word_1_389' title='bbox 3599 3207 3740 3261; x_wconf 77' lang='grc' dir='ltr'>πάνυ</span> <span class='ocrx_word' id='word_1_390' title='bbox 3771 3228 3824 3262; x_wconf 86' lang='grc' dir='ltr'><strong>τι</strong></span> 
     </span>
    </p>
   </div>
   <div class='ocr_carea' id='block_1_55' title="bbox 2210 3297 3825 3374">
    <p class='ocr_par' dir='ltr' id='par_1_55' title="bbox 2210 3297 3825 3374">
     <span class='ocr_line' id='line_1_55' title="bbox 2210 3297 3825 3374; baseline 0 -19"><span class='ocrx_word' id='word_1_391' title='bbox 2210 3307 2299 3361; x_wconf 73' lang='grc' dir='ltr'>τὴν</span> <span class='ocrx_word' id='word_1_392' title='bbox 2343 3302 2527 3374; x_wconf 66' lang='grc' dir='ltr'>ψυχήν</span> <span class='ocrx_word' id='word_1_393' title='bbox 2569 3307 2656 3354; x_wconf 75' lang='grc' dir='ltr'>νῦν</span> <span class='ocrx_word' id='word_1_394' title='bbox 2699 3300 3116 3372; x_wconf 79' lang='grc' dir='ltr'>κατανενύχται,</span> <span class='ocrx_word' id='word_1_395' title='bbox 3167 3302 3255 3353; x_wconf 84' lang='grc' dir='ltr'><strong><em>καὶ</em></strong></span> <span class='ocrx_word' id='word_1_396' title='bbox 3302 3303 3372 3371; x_wconf 73' lang='grc' dir='ltr'>μή</span> <span class='ocrx_word' id='word_1_397' title='bbox 3411 3297 3466 3354; x_wconf 83' lang='grc' dir='ltr'><strong>δὲ</strong></span> <span class='ocrx_word' id='word_1_398' title='bbox 3512 3300 3825 3374; x_wconf 79' lang='grc' dir='ltr'>παρῥησίαν</span> 
     </span>
    </p>
   </div>
   <div class='ocr_carea' id='block_1_56' title="bbox 500 3371 2100 3475">
    <p class='ocr_par' dir='ltr' id='par_1_56' title="bbox 500 3390 2100 3475">
     <span class='ocr_line' id='line_1_56' title="bbox 500 3390 2100 3475; baseline 0.001 -27"><span class='ocrx_word' id='word_1_399' title='bbox 500 3390 699 3464; x_wconf 87' lang='lat' dir='ltr'><strong>hatque</strong></span> <span class='ocrx_word' id='word_1_400' title='bbox 722 3393 963 3475; x_wconf 83' lang='lat' dir='ltr'><strong>animum</strong></span> <span class='ocrx_word' id='word_1_401' title='bbox 990 3408 1146 3449; x_wconf 90' lang='lat' dir='ltr'><strong>suum</strong></span> <span class='ocrx_word' id='word_1_402' title='bbox 1170 3394 1522 3451; x_wconf 91' lang='lat' dir='ltr'><strong>acerbissimo</strong></span> <span class='ocrx_word' id='word_1_403' title='bbox 1544 3394 1748 3450; x_wconf 90' lang='lat' dir='ltr'><strong>doloris</strong></span> <span class='ocrx_word' id='word_1_404' title='bbox 1772 3409 1934 3449; x_wconf 91' lang='lat' dir='ltr'><strong>sensu</strong></span> <span class='ocrx_word' id='word_1_405' title='bbox 1955 3409 2100 3449; x_wconf 89' lang='lat' dir='ltr'><strong>com-</strong></span> 
     </span>
    </p>
   </div>
   <div class='ocr_carea' id='block_1_57' title="bbox 2209 3371 3824 3475">
    <p class='ocr_par' dir='ltr' id='par_1_57' title="bbox 2209 3393 3824 3471">
     <span class='ocr_line' id='line_1_57' title="bbox 2209 3393 3824 3471; baseline -0.002 -19"><span class='ocrx_word' id='word_1_406' title='bbox 2209 3396 2351 3470; x_wconf 79' lang='grc' dir='ltr'>ἔχειν</span> <span class='ocrx_word' id='word_1_407' title='bbox 2372 3398 2561 3471; x_wconf 77' lang='grc' dir='ltr'>ἐπᾶραι</span> <span class='ocrx_word' id='word_1_408' title='bbox 2588 3397 2709 3456; x_wconf 73' lang='grc' dir='ltr'>τοὺς</span> <span class='ocrx_word' id='word_1_409' title='bbox 2747 3393 3036 3469; x_wconf 64' lang='grc' dir='ltr'>ὀῲταλμοὺς</span> <span class='ocrx_word' id='word_1_410' title='bbox 3080 3393 3209 3470; x_wconf 80' lang='grc' dir='ltr'>πρὸς</span> <span class='ocrx_word' id='word_1_411' title='bbox 3252 3393 3335 3448; x_wconf 82' lang='grc' dir='ltr'><strong>τὸν</strong></span> <span class='ocrx_word' id='word_1_412' title='bbox 3379 3395 3523 3459; x_wconf 74' lang='grc' dir='ltr'><strong>Θεὸν,</strong></span> <span class='ocrx_word' id='word_1_413' title='bbox 3563 3395 3667 3449; x_wconf 81' lang='grc' dir='ltr'>ἀπὸ</span> <span class='ocrx_word' id='word_1_414' title='bbox 3712 3403 3824 3449; x_wconf 76' lang='grc' dir='ltr'><strong>τῶν</strong></span> 
     </span>
    </p>
   </div>
   <div class='ocr_carea' id='block_1_58' title="bbox 502 3487 2101 3561">
    <p class='ocr_par' dir='ltr' id='par_1_58' title="bbox 502 3487 2101 3561">
     <span class='ocr_line' id='line_1_58' title="bbox 502 3487 2101 3561; baseline 0.002 -19"><span class='ocrx_word' id='word_1_415' title='bbox 502 3487 701 3560; x_wconf 77' lang='lat' dir='ltr'><strong>pungi,</strong></span> <span class='ocrx_word' id='word_1_416' title='bbox 754 3501 819 3546; x_wconf 91' lang='lat' dir='ltr'><strong>ac</strong></span> <span class='ocrx_word' id='word_1_417' title='bbox 853 3502 923 3545; x_wconf 91' lang='lat' dir='ltr'><strong>ne</strong></span> <span class='ocrx_word' id='word_1_418' title='bbox 959 3488 1150 3545; x_wconf 87' lang='lat' dir='ltr'><strong>oculos</strong></span> <span class='ocrx_word' id='word_1_419' title='bbox 1180 3488 1397 3561; x_wconf 90' lang='lat' dir='ltr'><strong>quidem</strong></span> <span class='ocrx_word' id='word_1_420' title='bbox 1436 3489 1504 3545; x_wconf 91' lang='lat' dir='ltr'><strong>ad</strong></span> <span class='ocrx_word' id='word_1_421' title='bbox 1547 3489 1715 3545; x_wconf 88' lang='lat' dir='ltr'><strong>Deum</strong></span> <span class='ocrx_word' id='word_1_422' title='bbox 1756 3490 2004 3547; x_wconf 87' lang='lat' dir='ltr'><strong>attollere</strong></span> <span class='ocrx_word' id='word_1_423' title='bbox 2042 3505 2101 3545; x_wconf 89' lang='lat' dir='ltr'><strong>se</strong></span> 
     </span>
    </p>
   </div>
   <div class='ocr_carea' id='block_1_59' title="bbox 2208 3484 3822 3563">
    <p class='ocr_par' dir='ltr' id='par_1_59' title="bbox 2208 3484 3822 3563">
     <span class='ocr_line' id='line_1_59' title="bbox 2208 3484 3822 3563; baseline -0.002 -18"><span class='ocrx_word' id='word_1_424' title='bbox 2208 3492 2423 3545; x_wconf 86' lang='grc' dir='ltr'>ἀνοσίων</span> <span class='ocrx_word' id='word_1_425' title='bbox 2463 3490 2659 3544; x_wconf 83' lang='grc' dir='ltr'>ἐκείνων</span> <span class='ocrx_word' id='word_1_426' title='bbox 2696 3487 2935 3561; x_wconf 79' lang='grc' dir='ltr'>ῥημάτων</span> <span class='ocrx_word' id='word_1_427' title='bbox 2974 3489 3061 3542; x_wconf 84' lang='grc' dir='ltr'>καί</span> <span class='ocrx_word' id='word_1_428' title='bbox 3105 3487 3425 3563; x_wconf 72' lang='grc' dir='ltr'>πραγμάτων</span> <span class='ocrx_word' id='word_1_429' title='bbox 3474 3484 3778 3562; x_wconf 76' lang='grc' dir='ltr'>ὁρμώμενος</span> <span class='ocrx_word' id='word_1_430' title='bbox 3808 3502 3822 3517; x_wconf 87' lang='grc'><strong><em>⁸</em></strong></span> 
     </span>
    </p>
   </div>
   <div class='ocr_carea' id='block_1_60' title="bbox 1830 3626 2456 3687">
    <p class='ocr_par' dir='ltr' id='par_1_60' title="bbox 1830 3626 2456 3687">
     <span class='ocr_line' id='line_1_60' title="bbox 1830 3626 2456 3687; baseline -0.006 0"><span class='ocrx_word' id='word_1_431' title='bbox 1830 3628 2191 3687; x_wconf 77' lang='lat' dir='ltr'><strong>VARIORUM</strong></span> <span class='ocrx_word' id='word_1_432' title='bbox 2230 3626 2456 3685; x_wconf 66' lang='grc' dir='ltr'><strong>ΝΟΤᾹΞ.</strong></span> 
     </span>
    </p>
   </div>
   <div class='ocr_carea' id='block_1_61' title="bbox 501 3767 2082 3840">
    <p class='ocr_par' dir='ltr' id='par_1_61' title="bbox 501 3767 2082 3840">
     <span class='ocr_line' id='line_1_61' title="bbox 501 3767 2082 3840; baseline -0.003 -16"><span class='ocrx_word' id='word_1_433' title='bbox 501 3767 754 3840; x_wconf 68' lang='lat' dir='ltr'><strong>colligere</strong></span> <span class='ocrx_word' id='word_1_434' title='bbox 777 3777 890 3840; x_wconf 88' lang='lat' dir='ltr'><strong>est,</strong></span> <span class='ocrx_word' id='word_1_435' title='bbox 920 3782 986 3824; x_wconf 87' lang='lat' dir='ltr'><strong>eo</strong></span> <span class='ocrx_word' id='word_1_436' title='bbox 1015 3767 1132 3837; x_wconf 86' lang='lat' dir='ltr'><strong>ipso</strong></span> <span class='ocrx_word' id='word_1_437' title='bbox 1163 3777 1406 3840; x_wconf 88' lang='lat' dir='ltr'><strong>tempore</strong></span> <span class='ocrx_word' id='word_1_438' title='bbox 1425 3811 1439 3835; x_wconf 89' lang='lat'><strong>,</strong></span> <span class='ocrx_word' id='word_1_439' title='bbox 1471 3784 1577 3840; x_wconf 93' lang='lat' dir='ltr'><strong>quo</strong></span> <span class='ocrx_word' id='word_1_440' title='bbox 1607 3767 1917 3835; x_wconf 76' lang='lat' dir='ltr'><strong>Stephanus</strong></span> <span class='ocrx_word' id='word_1_441' title='bbox 1947 3782 2082 3837; x_wconf 86' lang='lat' dir='ltr'><strong>papa</strong></span> 
     </span>
    </p>
   </div>
   <div class='ocr_carea' id='block_1_62' title="bbox 501 3839 2093 3911">
    <p class='ocr_par' dir='ltr' id='par_1_62' title="bbox 501 3839 2093 3911">
     <span class='ocr_line' id='line_1_62' title="bbox 501 3839 2093 3911; baseline -0.003 -15"><span class='ocrx_word' id='word_1_442' title='bbox 501 3840 571 3897; x_wconf 91' lang='lat' dir='ltr'><strong>de</strong></span> <span class='ocrx_word' id='word_1_443' title='bbox 601 3839 869 3896; x_wconf 72' lang='lat' dir='ltr'><strong>hmreticis</strong></span> <span class='ocrx_word' id='word_1_444' title='bbox 893 3855 998 3895; x_wconf 90' lang='lat' dir='ltr'><strong>non</strong></span> <span class='ocrx_word' id='word_1_445' title='bbox 1029 3839 1421 3911; x_wconf 79' lang='lat' dir='ltr'><strong>rebaptizandis</strong></span> <span class='ocrx_word' id='word_1_446' title='bbox 1449 3839 1658 3910; x_wconf 84' lang='lat' dir='ltr'><strong>seripsit</strong></span> <span class='ocrx_word' id='word_1_447' title='bbox 1681 3882 1697 3908; x_wconf 93' lang='lat'><strong>,</strong></span> <span class='ocrx_word' id='word_1_448' title='bbox 1718 3840 2093 3911; x_wconf 84' lang='lat' dir='ltr'><strong>Philemonem</strong></span> 
     </span>
    </p>
   </div>
   <div class='ocr_carea' id='block_1_63' title="bbox 502 3909 2092 3984">
    <p class='ocr_par' dir='ltr' id='par_1_63' title="bbox 502 3909 2092 3984">
     <span class='ocr_line' id='line_1_63' title="bbox 502 3909 2092 3984; baseline -0.001 -17"><span class='ocrx_word' id='word_1_449' title='bbox 502 3927 568 3984; x_wconf 85' lang='lat' dir='ltr'><strong>ac</strong></span> <span class='ocrx_word' id='word_1_450' title='bbox 594 3912 901 3984; x_wconf 88' lang='lat' dir='ltr'><strong>Dionysium</strong></span> <span class='ocrx_word' id='word_1_451' title='bbox 928 3909 1275 3984; x_wconf 84' lang='lat' dir='ltr'><strong>presbyteros</strong></span> <span class='ocrx_word' id='word_1_452' title='bbox 1304 3912 1492 3969; x_wconf 88' lang='lat' dir='ltr'><strong>eadem</strong></span> <span class='ocrx_word' id='word_1_453' title='bbox 1543 3909 1610 3968; x_wconf 90' lang='lat' dir='ltr'><strong>de</strong></span> <span class='ocrx_word' id='word_1_454' title='bbox 1657 3927 1731 3984; x_wconf 6' lang='lat' dir='ltr'><strong>rei</strong></span> <span class='ocrx_word' id='word_1_455' title='bbox 1765 3912 1971 3967; x_wconf 83' lang='lat' dir='ltr'><strong>litteras</strong></span> <span class='ocrx_word' id='word_1_456' title='bbox 2026 3909 2092 3965; x_wconf 89' lang='lat' dir='ltr'><strong>ad</strong></span> 
     </span>
    </p>
   </div>
   <div class='ocr_carea' id='block_1_64' title="bbox 503 3983 2095 4056">
    <p class='ocr_par' dir='ltr' id='par_1_64' title="bbox 503 3983 2095 4056">
     <span class='ocr_line' id='line_1_64' title="bbox 503 3983 2095 4056; baseline -0.001 -18"><span class='ocrx_word' id='word_1_457' title='bbox 503 3983 816 4056; x_wconf 84' lang='lat' dir='ltr'><strong>Dionysium</strong></span> <span class='ocrx_word' id='word_1_458' title='bbox 868 3983 1293 4056; x_wconf 67' lang='lat' dir='ltr'><strong>Alexandrinum</strong></span> <span class='ocrx_word' id='word_1_459' title='bbox 1348 3984 1581 4039; x_wconf 90' lang='lat' dir='ltr'><strong>misisse.</strong></span> <span class='ocrx_word' id='word_1_460' title='bbox 1636 3983 1828 4056; x_wconf 82' lang='lat' dir='ltr'><strong>Iisdem</strong></span> <span class='ocrx_word' id='word_1_461' title='bbox 1881 3997 2095 4054; x_wconf 89' lang='lat' dir='ltr'><strong>quoque</strong></span> 
     </span>
    </p>
   </div>
   <div class='ocr_carea' id='block_1_65' title="bbox 506 4055 2095 4127">
    <p class='ocr_par' dir='ltr' id='par_1_65' title="bbox 506 4055 2095 4127">
     <span class='ocr_line' id='line_1_65' title="bbox 506 4055 2095 4127; baseline -0.003 -17"><span class='ocrx_word' id='word_1_462' title='bbox 506 4055 793 4127; x_wconf 82' lang='lat' dir='ltr'><strong>Dionysius</strong></span> <span class='ocrx_word' id='word_1_463' title='bbox 816 4055 1214 4127; x_wconf 74' lang='lat' dir='ltr'><strong>Alexandrinus</strong></span> <span class='ocrx_word' id='word_1_464' title='bbox 1238 4057 1410 4127; x_wconf 88' lang='lat' dir='ltr'><strong>primo</strong></span> <span class='ocrx_word' id='word_1_465' title='bbox 1432 4056 1633 4123; x_wconf 88' lang='lat' dir='ltr'><strong>paucis,</strong></span> <span class='ocrx_word' id='word_1_466' title='bbox 1662 4070 1725 4111; x_wconf 89' lang='lat' dir='ltr'><strong>ac</strong></span> <span class='ocrx_word' id='word_1_467' title='bbox 1754 4055 1950 4111; x_wconf 88' lang='lat' dir='ltr'><strong>deinde</strong></span> <span class='ocrx_word' id='word_1_468' title='bbox 1974 4069 2095 4109; x_wconf 88' lang='lat' dir='ltr'><strong>cum</strong></span> 
     </span>
    </p>
   </div>
   <div class='ocr_carea' id='block_1_66' title="bbox 500 4126 2102 4198">
    <p class='ocr_par' dir='ltr' id='par_1_66' title="bbox 500 4126 2102 4198">
     <span class='ocr_line' id='line_1_66' title="bbox 500 4126 2102 4198; baseline -0.001 -19"><span class='ocrx_word' id='word_1_469' title='bbox 500 4126 612 4197; x_wconf 84' lang='lat' dir='ltr'><strong>iam</strong></span> <span class='ocrx_word' id='word_1_470' title='bbox 644 4126 920 4198; x_wconf 83' lang='lat' dir='ltr'><strong>Stephano</strong></span> <span class='ocrx_word' id='word_1_471' title='bbox 947 4126 1152 4198; x_wconf 81' lang='lat' dir='ltr'><strong>Xystus</strong></span> <span class='ocrx_word' id='word_1_472' title='bbox 1177 4126 1561 4195; x_wconf 89' lang='lat' dir='ltr'><strong>sueeessisset,</strong></span> <span class='ocrx_word' id='word_1_473' title='bbox 1596 4127 1839 4197; x_wconf 89' lang='lat' dir='ltr'><strong>pluribus</strong></span> <span class='ocrx_word' id='word_1_474' title='bbox 1868 4126 2102 4198; x_wconf 46' lang='lat' dir='ltr'><strong>rescrips-</strong></span> 
     </span>
    </p>
   </div>
   <div class='ocr_carea' id='block_1_67' title="bbox 506 4197 2100 4270">
    <p class='ocr_par' dir='ltr' id='par_1_67' title="bbox 506 4197 2100 4270">
     <span class='ocr_line' id='line_1_67' title="bbox 506 4197 2100 4270; baseline -0.002 -16"><span class='ocrx_word' id='word_1_475' title='bbox 506 4198 609 4263; x_wconf 84' lang='lat' dir='ltr'><strong>sit,</strong></span> <span class='ocrx_word' id='word_1_476' title='bbox 637 4207 692 4255; x_wconf 91' lang='lat' dir='ltr'><strong>et</strong></span> <span class='ocrx_word' id='word_1_477' title='bbox 719 4197 936 4270; x_wconf 78' lang='lat' dir='ltr'><strong>quidem</strong></span> <span class='ocrx_word' id='word_1_478' title='bbox 964 4197 1284 4265; x_wconf 80' lang='lat' dir='ltr'><strong>separatim.</strong></span> <span class='ocrx_word' id='word_1_479' title='bbox 1337 4208 1393 4253; x_wconf 93' lang='lat' dir='ltr'><strong>ut</strong></span> <span class='ocrx_word' id='word_1_480' title='bbox 1418 4215 1486 4255; x_wconf 84' lang='lat' dir='ltr'><strong>ex</strong></span> <span class='ocrx_word' id='word_1_481' title='bbox 1517 4215 1583 4255; x_wconf 90' lang='lat' dir='ltr'><strong>eo</strong></span> <span class='ocrx_word' id='word_1_482' title='bbox 1610 4201 1911 4262; x_wconf 84' lang='lat' dir='ltr'><strong>coniicitur,</strong></span> <span class='ocrx_word' id='word_1_483' title='bbox 1959 4197 2100 4270; x_wconf 85' lang='lat' dir='ltr'><strong>quod</strong></span> 
     </span>
    </p>
   </div>
   <div class='ocr_carea' id='block_1_68' title="bbox 506 4268 2104 4341">
    <p class='ocr_par' dir='ltr' id='par_1_68' title="bbox 506 4268 2104 4341">
     <span class='ocr_line' id='line_1_68' title="bbox 506 4268 2104 4341; baseline -0.001 -17"><span class='ocrx_word' id='word_1_484' title='bbox 506 4268 880 4339; x_wconf 53' lang='lat' dir='ltr'><strong>cpistola&#39;qua’.</strong></span> <span class='ocrx_word' id='word_1_485' title='bbox 918 4271 983 4324; x_wconf 91' lang='lat' dir='ltr'><strong>ad</strong></span> <span class='ocrx_word' id='word_1_486' title='bbox 1012 4270 1385 4326; x_wconf 89' lang='lat' dir='ltr'><strong>Philemonem</strong></span> <span class='ocrx_word' id='word_1_487' title='bbox 1418 4272 1678 4341; x_wconf 85' lang='lat' dir='ltr'><strong>rescripta</strong></span> <span class='ocrx_word' id='word_1_488' title='bbox 1711 4279 1817 4337; x_wconf 88' lang='lat' dir='ltr'><strong>est,</strong></span> <span class='ocrx_word' id='word_1_489' title='bbox 1865 4273 2023 4341; x_wconf 9' lang='lat' dir='ltr'><strong>tertia;</strong></span> <span class='ocrx_word' id='word_1_490' title='bbox 2040 4268 2104 4323; x_wconf 83' lang='lat' dir='ltr'><strong>de</strong></span> 
     </span>
    </p>
   </div>
   <div class='ocr_carea' id='block_1_69' title="bbox 507 4339 2102 4415">
    <p class='ocr_par' dir='ltr' id='par_1_69' title="bbox 507 4339 2102 4415">
     <span class='ocr_line' id='line_1_69' title="bbox 507 4339 2102 4415; baseline -0.002 -20"><span class='ocrx_word' id='word_1_491' title='bbox 507 4340 760 4415; x_wconf 58' lang='lat' dir='ltr'><strong>baptismo</strong></span> <span class='ocrx_word' id='word_1_492' title='bbox 781 4359 802 4394; x_wconf 86' lang='lat'><strong><em>:</em></strong></span> <span class='ocrx_word' id='word_1_493' title='bbox 828 4351 894 4415; x_wconf 87' lang='lat' dir='ltr'><strong>et_</strong></span> <span class='ocrx_word' id='word_1_494' title='bbox 911 4357 1031 4415; x_wconf 68' lang='lat' dir='ltr'><strong>quae</strong></span> <span class='ocrx_word' id='word_1_495' title='bbox 1062 4342 1128 4396; x_wconf 91' lang='lat' dir='ltr'><strong>ad</strong></span> <span class='ocrx_word' id='word_1_496' title='bbox 1163 4339 1705 4415; x_wconf 43' lang='lat' dir='ltr'><strong>Dionysinquuarta</strong></span> <span class='ocrx_word' id='word_1_497' title='bbox 1753 4342 1819 4415; x_wconf 80' lang='lat' dir='ltr'><strong>ab</strong></span> <span class='ocrx_word' id='word_1_498' title='bbox 1871 4339 2102 4415; x_wconf 78' lang='lat' dir='ltr'><strong>Eusebio</strong></span> 
     </span>
    </p>
   </div>
   <div class='ocr_carea' id='block_1_70' title="bbox 509 4411 2101 4482">
    <p class='ocr_par' dir='ltr' id='par_1_70' title="bbox 509 4411 2101 4482">
     <span class='ocr_line' id='line_1_70' title="bbox 509 4411 2101 4482; baseline -0.002 -16"><span class='ocrx_word' id='word_1_499' title='bbox 509 4411 833 4482; x_wconf 86' lang='lat' dir='ltr'><strong>appelletur.</strong></span> <span class='ocrx_word' id='word_1_500' title='bbox 868 4412 943 4467; x_wconf 91' lang='lat' dir='ltr'><strong>De</strong></span> <span class='ocrx_word' id='word_1_501' title='bbox 975 4412 1074 4467; x_wconf 83' lang='lat' dir='ltr'><strong>hac</strong></span> <span class='ocrx_word' id='word_1_502' title='bbox 1101 4428 1262 4482; x_wconf 90' lang='lat' dir='ltr'><strong>porro</strong></span> <span class='ocrx_word' id='word_1_503' title='bbox 1293 4411 1435 4467; x_wconf 85' lang='lat' dir='ltr'><strong>idem</strong></span> <span class='ocrx_word' id='word_1_504' title='bbox 1479 4411 1744 4468; x_wconf 84' lang='lat' dir='ltr'><strong>Eusebius</strong></span> <span class='ocrx_word' id='word_1_505' title='bbox 1792 4413 1862 4466; x_wconf 88' lang='lat' dir='ltr'><strong>ita</strong></span> <span class='ocrx_word' id='word_1_506' title='bbox 1912 4411 2101 4481; x_wconf 84' lang='lat' dir='ltr'><strong>praelo-</strong></span> 
     </span>
    </p>
   </div>
   <div class='ocr_carea' id='block_1_71' title="bbox 511 4482 2102 4556">
    <p class='ocr_par' dir='ltr' id='par_1_71' title="bbox 511 4482 2102 4556">
     <span class='ocr_line' id='line_1_71' title="bbox 511 4482 2102 4556; baseline -0.003 -19"><span class='ocrx_word' id='word_1_507' title='bbox 511 4484 691 4553; x_wconf 88' lang='lat' dir='ltr'><strong>quitur</strong></span> <span class='ocrx_word' id='word_1_508' title='bbox 717 4501 743 4556; x_wconf 89' lang='lat'><strong>:_</strong></span> <span class='ocrx_word' id='word_1_509' title='bbox 769 4503 802 4556; x_wconf 57' lang='grc' dir='ltr'>ε</span> <span class='ocrx_word' id='word_1_510' title='bbox 823 4485 1026 4556; x_wconf 67' lang='lat' dir='ltr'><strong>Quarta</strong></span> <span class='ocrx_word' id='word_1_511' title='bbox 1059 4483 1175 4555; x_wconf 84' lang='lat' dir='ltr'><strong>ejus</strong></span> <span class='ocrx_word' id='word_1_512' title='bbox 1212 4482 1508 4556; x_wconf 86' lang='lat' dir='ltr'><strong>(Dionysii)</strong></span> <span class='ocrx_word' id='word_1_513' title='bbox 1561 4485 1630 4539; x_wconf 89' lang='lat' dir='ltr'><strong>de</strong></span> <span class='ocrx_word' id='word_1_514' title='bbox 1676 4484 1942 4556; x_wconf 81' lang='lat' dir='ltr'><strong>baptismo</strong></span> <span class='ocrx_word' id='word_1_515' title='bbox 1988 4482 2102 4550; x_wconf 74' lang='lat' dir='ltr'><strong>epi-</strong></span> 
     </span>
    </p>
   </div>
   <div class='ocr_carea' id='block_1_72' title="bbox 512 4552 2100 4626">
    <p class='ocr_par' dir='ltr' id='par_1_72' title="bbox 512 4552 2100 4626">
     <span class='ocr_line' id='line_1_72' title="bbox 512 4552 2100 4626; baseline -0.001 -17"><span class='ocrx_word' id='word_1_516' title='bbox 512 4552 648 4626; x_wconf 79' lang='lat' dir='ltr'><strong>stola</strong></span> <span class='ocrx_word' id='word_1_517' title='bbox 679 4552 745 4608; x_wconf 91' lang='lat' dir='ltr'><strong>ad</strong></span> <span class='ocrx_word' id='word_1_518' title='bbox 776 4552 1100 4626; x_wconf 79' lang='lat' dir='ltr'><strong>Dionysium</strong></span> <span class='ocrx_word' id='word_1_519' title='bbox 1118 4552 1314 4626; x_wconf 81' lang='lat' dir='ltr'><strong>scripta</strong></span> <span class='ocrx_word' id='word_1_520' title='bbox 1331 4552 1437 4616; x_wconf 79' lang='lat' dir='ltr'><strong>est.</strong></span> <span class='ocrx_word' id='word_1_521' title='bbox 1462 4552 1588 4609; x_wconf 81' lang='lat' dir='ltr'><strong>tituc</strong></span> <span class='ocrx_word' id='word_1_522' title='bbox 1607 4554 1822 4625; x_wconf 76' lang='lat' dir='ltr'><strong>quidem</strong></span> <span class='ocrx_word' id='word_1_523' title='bbox 1847 4554 2100 4607; x_wconf 66' lang='lat' dir='ltr'><strong>Romana:</strong></span> 
     </span>
    </p>
   </div>
   <div class='ocr_carea' id='block_1_73' title="bbox 514 4624 2101 4698">
    <p class='ocr_par' dir='ltr' id='par_1_73' title="bbox 514 4624 2101 4698">
     <span class='ocr_line' id='line_1_73' title="bbox 514 4624 2101 4698; baseline -0.001 -18"><span class='ocrx_word' id='word_1_524' title='bbox 514 4624 662 4698; x_wconf 82' lang='lat' dir='ltr'><strong>urbis</strong></span> <span class='ocrx_word' id='word_1_525' title='bbox 685 4624 1089 4698; x_wconf 79' lang='lat' dir='ltr'><strong>presbyterum,</strong></span> <span class='ocrx_word' id='word_1_526' title='bbox 1120 4624 1213 4680; x_wconf 91' lang='lat' dir='ltr'><strong>sed</strong></span> <span class='ocrx_word' id='word_1_527' title='bbox 1264 4625 1352 4692; x_wconf 89' lang='lat' dir='ltr'><strong>qui</strong></span> <span class='ocrx_word' id='word_1_528' title='bbox 1383 4624 1658 4698; x_wconf 88' lang='lat' dir='ltr'><strong>aliquanto</strong></span> <span class='ocrx_word' id='word_1_529' title='bbox 1690 4635 1812 4695; x_wconf 85' lang='lat' dir='ltr'><strong>post</strong></span> <span class='ocrx_word' id='word_1_530' title='bbox 1859 4634 2101 4698; x_wconf 82' lang='lat' dir='ltr'><strong>tempore</strong></span> 
     </span>
    </p>
   </div>
   <div class='ocr_carea' id='block_1_74' title="bbox 512 4695 2101 4766">
    <p class='ocr_par' dir='ltr' id='par_1_74' title="bbox 512 4695 2101 4766">
     <span class='ocr_line' id='line_1_74' title="bbox 512 4695 2101 4766; baseline -0.001 -14"><span class='ocrx_word' id='word_1_531' title='bbox 512 4695 753 4766; x_wconf 86' lang='lat' dir='ltr'><strong>ejusdem</strong></span> <span class='ocrx_word' id='word_1_532' title='bbox 778 4695 926 4751; x_wconf 88' lang='lat' dir='ltr'><strong>urbis</strong></span> <span class='ocrx_word' id='word_1_533' title='bbox 951 4697 1235 4765; x_wconf 83' lang='lat' dir='ltr'><strong>episcOpns</strong></span> <span class='ocrx_word' id='word_1_534' title='bbox 1261 4697 1585 4751; x_wconf 88' lang='lat' dir='ltr'><strong>constitutus</strong></span> <span class='ocrx_word' id='word_1_535' title='bbox 1611 4708 1713 4751; x_wconf 89' lang='lat' dir='ltr'><strong>est.</strong></span> <span class='ocrx_word' id='word_1_536' title='bbox 1738 4698 1811 4752; x_wconf 76' lang='lat' dir='ltr'><strong>Ex</strong></span> <span class='ocrx_word' id='word_1_537' title='bbox 1836 4713 1936 4765; x_wconf 87' lang='lat' dir='ltr'><strong>qua</strong></span> <span class='ocrx_word' id='word_1_538' title='bbox 1959 4696 2101 4750; x_wconf 86' lang='lat' dir='ltr'><strong>hunc</strong></span> 
     </span>
    </p>
   </div>
   <div class='ocr_carea' id='block_1_75' title="bbox 514 4767 2101 4840">
    <p class='ocr_par' dir='ltr' id='par_1_75' title="bbox 514 4767 2101 4840">
     <span class='ocr_line' id='line_1_75' title="bbox 514 4767 2101 4840; baseline -0.001 -17"><span class='ocrx_word' id='word_1_539' title='bbox 514 4769 687 4840; x_wconf 79' lang='lat' dir='ltr'><strong>ipsum</strong></span> <span class='ocrx_word' id='word_1_540' title='bbox 719 4767 1019 4840; x_wconf 69' lang='lat' dir='ltr'><strong>Rtnnannnt</strong></span> <span class='ocrx_word' id='word_1_541' title='bbox 1052 4768 1360 4840; x_wconf 82' lang='lat' dir='ltr'><strong>Dionysium</strong></span> <span class='ocrx_word' id='word_1_542' title='bbox 1385 4769 1807 4840; x_wconf 66' lang='lat' dir='ltr'><strong>eruditissimum</strong></span> <span class='ocrx_word' id='word_1_543' title='bbox 1841 4768 2101 4840; x_wconf 67' lang='lat' dir='ltr'><strong>planeque</strong></span> 
     </span>
    </p>
   </div>
   <div class='ocr_carea' id='block_1_76' title="bbox 511 4838 2103 4910">
    <p class='ocr_par' dir='ltr' id='par_1_76' title="bbox 511 4838 2103 4910">
     <span class='ocr_line' id='line_1_76' title="bbox 511 4838 2103 4910; baseline -0.001 -16"><span class='ocrx_word' id='word_1_544' title='bbox 511 4838 887 4895; x_wconf 86' lang='lat' dir='ltr'><strong>admirandum</strong></span> <span class='ocrx_word' id='word_1_545' title='bbox 913 4839 1084 4894; x_wconf 91' lang='lat' dir='ltr'><strong>virum</strong></span> <span class='ocrx_word' id='word_1_546' title='bbox 1117 4838 1279 4895; x_wconf 81' lang='lat' dir='ltr'><strong>fuisse</strong></span> <span class='ocrx_word' id='word_1_547' title='bbox 1297 4838 1607 4895; x_wconf 85' lang='lat' dir='ltr'><strong>testimonio</strong></span> <span class='ocrx_word' id='word_1_548' title='bbox 1624 4840 1860 4910; x_wconf 81' lang='lat' dir='ltr'><strong>[)iouysii</strong></span> <span class='ocrx_word' id='word_1_549' title='bbox 1880 4838 2103 4895; x_wconf 81' lang='lat' dir='ltr'><strong>Alexan-</strong></span> 
     </span>
    </p>
   </div>
   <div class='ocr_carea' id='block_1_77' title="bbox 512 4910 2100 4982">
    <p class='ocr_par' dir='ltr' id='par_1_77' title="bbox 512 4910 2100 4982">
     <span class='ocr_line' id='line_1_77' title="bbox 512 4910 2100 4982; baseline 0.001 -18"><span class='ocrx_word' id='word_1_550' title='bbox 512 4910 654 4966; x_wconf 87' lang='lat' dir='ltr'><strong>drini</strong></span> <span class='ocrx_word' id='word_1_551' title='bbox 701 4912 824 4967; x_wconf 87' lang='lat' dir='ltr'><strong>licet</strong></span> <span class='ocrx_word' id='word_1_552' title='bbox 863 4925 1212 4982; x_wconf 82' lang='lat' dir='ltr'><strong>cognoscere.</strong></span> <span class='ocrx_word' id='word_1_553' title='bbox 1245 4930 1264 4964; x_wconf 73' lang='grc' dir='ltr'><strong>ι</strong></span> <span class='ocrx_word' id='word_1_554' title='bbox 1297 4910 1431 4982; x_wconf 86' lang='lat' dir='ltr'><strong>&#39;l‘um</strong></span> <span class='ocrx_word' id='word_1_555' title='bbox 1486 4911 1601 4966; x_wconf 64' lang='lat' dir='ltr'><strong>hinc</strong></span> <span class='ocrx_word' id='word_1_556' title='bbox 1633 4912 1919 4979; x_wconf 59' lang='lat' dir='ltr'><strong>praefatus,</strong></span> <span class='ocrx_word' id='word_1_557' title='bbox 1973 4911 2100 4966; x_wconf 87' lang='lat' dir='ltr'><strong>sub-</strong></span> 
     </span>
    </p>
   </div>
   <div class='ocr_carea' id='block_1_78' title="bbox 514 4980 1685 5052">
    <p class='ocr_par' dir='ltr' id='par_1_78' title="bbox 514 4980 1685 5052">
     <span class='ocr_line' id='line_1_78' title="bbox 514 4980 1685 5052; baseline 0.001 -15"><span class='ocrx_word' id='word_1_558' title='bbox 514 4997 710 5037; x_wconf 76' lang='lat' dir='ltr'><strong>nexum</strong></span> <span class='ocrx_word' id='word_1_559' title='bbox 738 4980 1093 5052; x_wconf 82' lang='lat' dir='ltr'><strong>fragmentum</strong></span> <span class='ocrx_word' id='word_1_560' title='bbox 1117 4983 1351 5051; x_wconf 88' lang='lat' dir='ltr'><strong>subiicit.</strong></span> <span class='ocrx_word' id='word_1_561' title='bbox 1380 4980 1685 5038; x_wconf 71' lang='lat' dir='ltr'><strong>Consum.</strong></span> 
     </span>
    </p>
   </div>
   <div class='ocr_carea' id='block_1_79' title="bbox 584 5052 2105 5125">
    <p class='ocr_par' dir='ltr' id='par_1_79' title="bbox 584 5052 2105 5125">
     <span class='ocr_line' id='line_1_79' title="bbox 584 5052 2105 5125; baseline 0.001 -17"><span class='ocrx_word' id='word_1_562' title='bbox 584 5054 872 5125; x_wconf 82' lang='lat' dir='ltr'><strong>Lavacrum</strong></span> <span class='ocrx_word' id='word_1_563' title='bbox 905 5054 1092 5125; x_wconf 61' lang='grc' dir='ltr'><strong>Δἱιιὶιιιιιι</strong></span> <span class='ocrx_word' id='word_1_564' title='bbox 1139 5054 1307 5109; x_wconf 82' lang='lat' dir='ltr'><strong>habet.</strong></span> <span class='ocrx_word' id='word_1_565' title='bbox 1355 5052 1625 5125; x_wconf 77' lang='lat' dir='ltr'><strong>Quocirca</strong></span> <span class='ocrx_word' id='word_1_566' title='bbox 1664 5055 1716 5110; x_wconf 93' lang='lat' dir='ltr'><strong>in</strong></span> <span class='ocrx_word' id='word_1_567' title='bbox 1765 5054 1988 5125; x_wconf 85' lang='lat' dir='ltr'><strong>epistola</strong></span> <span class='ocrx_word' id='word_1_568' title='bbox 2035 5053 2105 5109; x_wconf 78' lang='grc'><strong>75</strong></span> 
     </span>
    </p>
   </div>
   <div class='ocr_carea' id='block_1_80' title="bbox 511 5122 2101 5198">
    <p class='ocr_par' dir='ltr' id='par_1_80' title="bbox 511 5122 2101 5198">
     <span class='ocr_line' id='line_1_80' title="bbox 511 5122 2101 5198; baseline -0.001 -17"><span class='ocrx_word' id='word_1_569' title='bbox 511 5124 770 5198; x_wconf 84' lang='lat' dir='ltr'><strong>Cypriani</strong></span> <span class='ocrx_word' id='word_1_570' title='bbox 798 5124 865 5180; x_wconf 88' lang='lat' dir='ltr'><strong>ad</strong></span> <span class='ocrx_word' id='word_1_571' title='bbox 893 5122 1250 5198; x_wconf 83' lang='lat' dir='ltr'><strong>Jubanianum</strong></span> <span class='ocrx_word' id='word_1_572' title='bbox 1283 5127 1509 5198; x_wconf 84' lang='lat' dir='ltr'><strong>legimus</strong></span> <span class='ocrx_word' id='word_1_573' title='bbox 1530 5168 1543 5189; x_wconf 89' lang='lat'><strong>,</strong></span> <span class='ocrx_word' id='word_1_574' title='bbox 1575 5122 1979 5198; x_wconf 71' lang='lat' dir='ltr'><strong>Noratianenscs</strong></span> <span class='ocrx_word' id='word_1_575' title='bbox 2021 5141 2101 5179; x_wconf 86' lang='lat' dir='ltr'><strong>re-</strong></span> 
     </span>
    </p>
   </div>
   <div class='ocr_carea' id='block_1_81' title="bbox 512 5196 2107 5269">
    <p class='ocr_par' dir='ltr' id='par_1_81' title="bbox 512 5196 2107 5269">
     <span class='ocr_line' id='line_1_81' title="bbox 512 5196 2107 5269; baseline -0.001 -17"><span class='ocrx_word' id='word_1_576' title='bbox 512 5196 772 5269; x_wconf 75' lang='lat' dir='ltr'><strong>baptizare</strong></span> <span class='ocrx_word' id='word_1_577' title='bbox 798 5212 883 5251; x_wconf 79' lang='lat' dir='ltr'><strong>eos</strong></span> <span class='ocrx_word' id='word_1_578' title='bbox 903 5239 916 5256; x_wconf 91' lang='lat'><strong>.</strong></span> <span class='ocrx_word' id='word_1_579' title='bbox 942 5212 1067 5267; x_wconf 76' lang='lat' dir='ltr'><strong>quos</strong></span> <span class='ocrx_word' id='word_1_580' title='bbox 1093 5213 1124 5249; x_wconf 89' lang='lat' dir='ltr'><strong>a</strong></span> <span class='ocrx_word' id='word_1_581' title='bbox 1150 5196 1293 5251; x_wconf 85' lang='lat' dir='ltr'><strong>nobis</strong></span> <span class='ocrx_word' id='word_1_582' title='bbox 1321 5197 1613 5251; x_wconf 79' lang='lat' dir='ltr'><strong>sollicitant.</strong></span> <span class='ocrx_word' id='word_1_583' title='bbox 1644 5197 1707 5252; x_wconf 87' lang='lat' dir='ltr'><strong>Et</strong></span> <span class='ocrx_word' id='word_1_584' title='bbox 1731 5197 1871 5267; x_wconf 91' lang='lat' dir='ltr'><strong>apud</strong></span> <span class='ocrx_word' id='word_1_585' title='bbox 1897 5199 2107 5267; x_wconf 77' lang='lat' dir='ltr'><strong>Angus-</strong></span> 
     </span>
    </p>
   </div>
   <div class='ocr_carea' id='block_1_82' title="bbox 513 5269 2100 5339">
    <p class='ocr_par' dir='ltr' id='par_1_82' title="bbox 513 5269 2100 5339">
     <span class='ocr_line' id='line_1_82' title="bbox 513 5269 2100 5339; baseline -0.003 -14"><span class='ocrx_word' id='word_1_586' title='bbox 513 5273 684 5325; x_wconf 88' lang='lat' dir='ltr'><strong>tiuum</strong></span> <span class='ocrx_word' id='word_1_587' title='bbox 727 5269 960 5339; x_wconf 87' lang='lat' dir='ltr'><strong>append.</strong></span> <span class='ocrx_word' id='word_1_588' title='bbox 993 5277 1123 5339; x_wconf 84' lang='lat' dir='ltr'><strong>tom.</strong></span> <span class='ocrx_word' id='word_1_589' title='bbox 1156 5283 1214 5322; x_wconf 89' lang='lat' dir='ltr'><strong>ul</strong></span> <span class='ocrx_word' id='word_1_590' title='bbox 1241 5270 1493 5339; x_wconf 81' lang='lat' dir='ltr'><strong>antiquus</strong></span> <span class='ocrx_word' id='word_1_591' title='bbox 1519 5279 1708 5324; x_wconf 88' lang='lat' dir='ltr'><strong>auctor</strong></span> <span class='ocrx_word' id='word_1_592' title='bbox 1734 5280 1843 5339; x_wconf 60' lang='lat' dir='ltr'><strong>vet.</strong></span> <span class='ocrx_word' id='word_1_593' title='bbox 1876 5280 1931 5323; x_wconf 87' lang='lat' dir='ltr'><strong>et</strong></span> <span class='ocrx_word' id='word_1_594' title='bbox 1975 5284 2100 5322; x_wconf 90' lang='lat' dir='ltr'><strong>nov.</strong></span> 
     </span>
    </p>
   </div>
   <div class='ocr_carea' id='block_1_83' title="bbox 512 5338 2105 5411">
    <p class='ocr_par' dir='ltr' id='par_1_83' title="bbox 512 5338 2105 5411">
     <span class='ocr_line' id='line_1_83' title="bbox 512 5338 2105 5411; baseline -0.003 -14"><span class='ocrx_word' id='word_1_595' title='bbox 512 5341 752 5397; x_wconf 84' lang='lat' dir='ltr'><strong>Testam.</strong></span> <span class='ocrx_word' id='word_1_596' title='bbox 768 5338 967 5411; x_wconf 67' lang='lat' dir='ltr'><strong>Quaest.</strong></span> <span class='ocrx_word' id='word_1_597' title='bbox 990 5338 1094 5394; x_wconf 73' lang='grc'><strong>102</strong></span> <span class='ocrx_word' id='word_1_598' title='bbox 1108 5380 1123 5403; x_wconf 83' lang='grc'><em>,</em></span> <span class='ocrx_word' id='word_1_599' title='bbox 1150 5338 1217 5393; x_wconf 90' lang='lat' dir='ltr'><strong>de</strong></span> <span class='ocrx_word' id='word_1_600' title='bbox 1239 5341 1357 5411; x_wconf 76' lang='lat' dir='ltr'><strong>ipso</strong></span> <span class='ocrx_word' id='word_1_601' title='bbox 1375 5338 1671 5395; x_wconf 85' lang='lat' dir='ltr'><strong>Novatiano</strong></span> <span class='ocrx_word' id='word_1_602' title='bbox 1689 5343 1795 5396; x_wconf 90' lang='lat' dir='ltr'><strong>ait:</strong></span> <span class='ocrx_word' id='word_1_603' title='bbox 1816 5338 1883 5411; x_wconf 82' lang='lat' dir='ltr'><strong>In</strong></span> <span class='ocrx_word' id='word_1_604' title='bbox 1907 5351 2105 5393; x_wconf 86' lang='lat' dir='ltr'><strong>tantum</strong></span> 
     </span>
    </p>
   </div>
   <div class='ocr_carea' id='block_1_84' title="bbox 510 5410 2105 5485">
    <p class='ocr_par' dir='ltr' id='par_1_84' title="bbox 510 5410 2105 5485">
     <span class='ocr_line' id='line_1_84' title="bbox 510 5410 2105 5485; baseline -0.001 -18"><span class='ocrx_word' id='word_1_605' title='bbox 510 5413 744 5485; x_wconf 79' lang='lat' dir='ltr'><strong>irascitur</strong></span> <span class='ocrx_word' id='word_1_606' title='bbox 769 5410 913 5467; x_wconf 76' lang='lat' dir='ltr'><strong>nobis</strong></span> <span class='ocrx_word' id='word_1_607' title='bbox 931 5454 945 5478; x_wconf 92' lang='lat'><strong>,</strong></span> <span class='ocrx_word' id='word_1_608' title='bbox 979 5421 1033 5485; x_wconf 74' lang='lat' dir='ltr'><strong>tu</strong></span> <span class='ocrx_word' id='word_1_609' title='bbox 1057 5422 1111 5485; x_wconf 76' lang='lat' dir='ltr'><strong>et</strong></span> <span class='ocrx_word' id='word_1_610' title='bbox 1139 5428 1232 5465; x_wconf 76' lang='lat' dir='ltr'><strong>nos</strong></span> <span class='ocrx_word' id='word_1_611' title='bbox 1250 5410 1584 5485; x_wconf 55' lang='lat' dir='ltr'><strong>Christianos</strong></span> <span class='ocrx_word' id='word_1_612' title='bbox 1619 5423 1761 5485; x_wconf 80' lang='lat' dir='ltr'><strong>neget</strong></span> <span class='ocrx_word' id='word_1_613' title='bbox 1783 5453 1796 5476; x_wconf 83' lang='lat'><strong>,</strong></span> <span class='ocrx_word' id='word_1_614' title='bbox 1832 5410 1851 5485; x_wconf 95' lang='lat'>(</span> <span class='ocrx_word' id='word_1_615' title='bbox 1877 5412 2105 5485; x_wconf 78' lang='lat' dir='ltr'><strong>ideoque</strong></span> 
     </span>
    </p>
   </div>
   <div class='ocr_carea' id='block_1_85' title="bbox 513 5481 2108 5555">
    <p class='ocr_par' dir='ltr' id='par_1_85' title="bbox 513 5481 2108 5555">
     <span class='ocr_line' id='line_1_85' title="bbox 513 5481 2108 5555; baseline 0 -18"><span class='ocrx_word' id='word_1_616' title='bbox 513 5483 836 5555; x_wconf 89' lang='lat' dir='ltr'><strong>baptismum</strong></span> <span class='ocrx_word' id='word_1_617' title='bbox 868 5482 1355 5555; x_wconf 86' lang='lat' dir='ltr'><strong>nobisiterandum</strong></span> <span class='ocrx_word' id='word_1_618' title='bbox 1388 5481 1983 5555; x_wconf 29' lang='lat' dir='ltr'><strong>cettseat),’cnm&#39;sciut</strong></span> <span class='ocrx_word' id='word_1_619' title='bbox 2013 5497 2108 5555; x_wconf 79' lang='lat' dir='ltr'><strong>nos</strong></span> 
     </span>
    </p>
   </div>
   <div class='ocr_carea' id='block_1_86' title="bbox 510 5552 2103 5626">
    <p class='ocr_par' dir='ltr' id='par_1_86' title="bbox 510 5552 2103 5626">
     <span class='ocr_line' id='line_1_86' title="bbox 510 5552 2103 5626; baseline 0.001 -19"><span class='ocrx_word' id='word_1_620' title='bbox 510 5552 702 5624; x_wconf 45' lang='lat' dir='ltr'><strong>ea&#39;ﬁtle</strong></span> <span class='ocrx_word' id='word_1_621' title='bbox 730 5557 976 5616; x_wconf 79' lang='lat' dir='ltr'><strong>initiatos.</strong></span> <span class='ocrx_word' id='word_1_622' title='bbox 1010 5554 1074 5608; x_wconf 86' lang='lat' dir='ltr'><strong>de</strong></span> <span class='ocrx_word' id='word_1_623' title='bbox 1100 5571 1201 5626; x_wconf 86' lang='lat' dir='ltr'><strong>qua</strong></span> <span class='ocrx_word' id='word_1_624' title='bbox 1229 5555 1338 5622; x_wconf 81' lang='lat' dir='ltr'><strong>ipse</strong></span> <span class='ocrx_word' id='word_1_625' title='bbox 1368 5552 1651 5624; x_wconf 48' lang='lat' dir='ltr'><strong>prwsumit&#39;.</strong></span> <span class='ocrx_word' id='word_1_626' title='bbox 1682 5556 1887 5626; x_wconf 76' lang='lat' dir='ltr'><strong>Quibus</strong></span> <span class='ocrx_word' id='word_1_627' title='bbox 1917 5552 2103 5608; x_wconf 88' lang='lat' dir='ltr'><strong>conci-</strong></span> 
     </span>
    </p>
   </div>
   <div class='ocr_carea' id='block_1_87' title="bbox 513 5624 2100 5697">
    <p class='ocr_par' dir='ltr' id='par_1_87' title="bbox 513 5624 2100 5697">
     <span class='ocr_line' id='line_1_87' title="bbox 513 5624 2100 5697; baseline -0.001 -17"><span class='ocrx_word' id='word_1_628' title='bbox 513 5627 588 5680; x_wconf 87' lang='lat' dir='ltr'><strong>nit</strong></span> <span class='ocrx_word' id='word_1_629' title='bbox 612 5626 744 5697; x_wconf 88' lang='lat' dir='ltr'><strong>illnd</strong></span> <span class='ocrx_word' id='word_1_630' title='bbox 775 5627 972 5697; x_wconf 80' lang='lat' dir='ltr'><strong>vulgati</strong></span> <span class='ocrx_word' id='word_1_631' title='bbox 1001 5624 1268 5681; x_wconf 76' lang='lat' dir='ltr'><strong>Ambrosii</strong></span> <span class='ocrx_word' id='word_1_632' title='bbox 1296 5626 1596 5697; x_wconf 80' lang='lat' dir='ltr'><strong>Coinntcnt.</strong></span> <span class='ocrx_word' id='word_1_633' title='bbox 1628 5628 1679 5680; x_wconf 90' lang='lat' dir='ltr'><strong>in</strong></span> <span class='ocrx_word' id='word_1_634' title='bbox 1709 5624 1730 5679; x_wconf 88' lang='grc' dir='ltr'><strong>ι</strong></span> <span class='ocrx_word' id='word_1_635' title='bbox 1754 5625 1876 5681; x_wconf 88' lang='lat' dir='ltr'><strong>Cor.</strong></span> <span class='ocrx_word' id='word_1_636' title='bbox 1905 5640 2025 5694; x_wconf 88' lang='lat' dir='ltr'><strong>cap.</strong></span> <span class='ocrx_word' id='word_1_637' title='bbox 2051 5640 2100 5697; x_wconf 74' lang='grc' dir='ltr'>ιε</span> 
     </span>
    </p>
   </div>
   <div class='ocr_carea' id='block_1_88' title="bbox 517 5695 2103 5763">
    <p class='ocr_par' dir='ltr' id='par_1_88' title="bbox 517 5695 2103 5763">
     <span class='ocr_line' id='line_1_88' title="bbox 517 5695 2103 5763; baseline 0 -14"><span class='ocrx_word' id='word_1_638' title='bbox 517 5715 537 5749; x_wconf 83' lang='grc' dir='ltr'><strong>ι</strong></span> <span class='ocrx_word' id='word_1_639' title='bbox 567 5696 657 5754; x_wconf 88' lang='lat' dir='ltr'><strong>Sic</strong></span> <span class='ocrx_word' id='word_1_640' title='bbox 677 5698 820 5753; x_wconf 91' lang='lat' dir='ltr'><strong>enim</strong></span> <span class='ocrx_word' id='word_1_641' title='bbox 848 5695 1003 5753; x_wconf 77' lang='lat' dir='ltr'><strong>erant</strong></span> <span class='ocrx_word' id='word_1_642' title='bbox 1023 5740 1037 5762; x_wconf 92' lang='lat'><strong>,</strong></span> <span class='ocrx_word' id='word_1_643' title='bbox 1069 5698 1207 5753; x_wconf 77' lang='lat' dir='ltr'><strong>sicut</strong></span> <span class='ocrx_word' id='word_1_644' title='bbox 1233 5714 1376 5753; x_wconf 89' lang='lat' dir='ltr'><strong>nunc</strong></span> <span class='ocrx_word' id='word_1_645' title='bbox 1398 5696 1680 5752; x_wconf 69' lang='lat' dir='ltr'><strong>Notatiani</strong></span> <span class='ocrx_word' id='word_1_646' title='bbox 1706 5709 1761 5753; x_wconf 91' lang='lat' dir='ltr'><strong>et</strong></span> <span class='ocrx_word' id='word_1_647' title='bbox 1791 5695 2068 5751; x_wconf 86' lang='lat' dir='ltr'><strong>Donatiani</strong></span> <span class='ocrx_word' id='word_1_648' title='bbox 2087 5736 2103 5763; x_wconf 91' lang='lat'><strong>,</strong></span> 
     </span>
    </p>
   </div>
   <div class='ocr_carea' id='block_1_89' title="bbox 510 5767 2102 5840">
    <p class='ocr_par' dir='ltr' id='par_1_89' title="bbox 510 5767 2102 5840">
     <span class='ocr_line' id='line_1_89' title="bbox 510 5767 2102 5840; baseline 0.001 -16"><span class='ocrx_word' id='word_1_649' title='bbox 510 5768 603 5840; x_wconf 92' lang='lat' dir='ltr'><strong>qui</strong></span> <span class='ocrx_word' id='word_1_650' title='bbox 644 5767 978 5840; x_wconf 86' lang='lat' dir='ltr'><strong>baptismum</strong></span> <span class='ocrx_word' id='word_1_651' title='bbox 998 5769 1102 5825; x_wconf 90' lang='lat' dir='ltr'><strong>sibi</strong></span> <span class='ocrx_word' id='word_1_652' title='bbox 1134 5769 1438 5839; x_wconf 85' lang='lat' dir='ltr'><strong>vindicant,</strong></span> <span class='ocrx_word' id='word_1_653' title='bbox 1479 5784 1510 5826; x_wconf 90' lang='lat' dir='ltr'><strong>a</strong></span> <span class='ocrx_word' id='word_1_654' title='bbox 1558 5770 1759 5827; x_wconf 80' lang='lat' dir='ltr'><strong>nostris</strong></span> <span class='ocrx_word' id='word_1_655' title='bbox 1807 5770 2102 5840; x_wconf 82' lang='lat' dir='ltr'><strong>baptizatos</strong></span> 
     </span>
    </p>
   </div>
   <div class='ocr_carea' id='block_1_90' title="bbox 514 5838 1270 5912">
    <p class='ocr_par' dir='ltr' id='par_1_90' title="bbox 514 5838 1270 5912">
     <span class='ocr_line' id='line_1_90' title="bbox 514 5838 1270 5912; baseline 0.001 -15"><span class='ocrx_word' id='word_1_656' title='bbox 514 5838 891 5912; x_wconf 80' lang='lat' dir='ltr'><strong>reprobantes.</strong></span> <span class='ocrx_word' id='word_1_657' title='bbox 916 5859 937 5894; x_wconf 76' lang='grc' dir='ltr'><strong>ι</strong></span> <span class='ocrx_word' id='word_1_658' title='bbox 957 5838 1270 5898; x_wconf 72' lang='lat' dir='ltr'><strong>Consum.</strong></span> 
     </span>
    </p>
   </div>
   <div class='ocr_carea' id='block_1_91' title="bbox 2126 4526 2179 4586">
    <p class='ocr_par' dir='ltr' id='par_1_91' title="bbox 2126 4526 2179 4586">
     <span class='ocr_line' id='line_1_91' title="bbox 2126 4526 2179 4586; baseline 0 0"><span class='ocrx_word' id='word_1_659' title='bbox 2126 4526 2179 4586; x_wconf 91' lang='lat' dir='ltr'><strong>D</strong></span> 
     </span>
    </p>
   </div>
   <div class='ocr_carea' id='block_1_92' title="bbox 2277 3763 3825 3835">
    <p class='ocr_par' dir='ltr' id='par_1_92' title="bbox 2277 3763 3825 3835">
     <span class='ocr_line' id='line_1_92' title="bbox 2277 3763 3825 3835; baseline 0.001 -15"><span class='ocrx_word' id='word_1_660' title='bbox 2277 3765 2491 3821; x_wconf 80' lang='lat' dir='ltr'><strong>Etiamsi</strong></span> <span class='ocrx_word' id='word_1_661' title='bbox 2520 3779 2633 3834; x_wconf 82' lang='lat' dir='ltr'><strong>spes</strong></span> <span class='ocrx_word' id='word_1_662' title='bbox 2662 3764 2835 3835; x_wconf 85' lang='lat' dir='ltr'><strong>aliqua</strong></span> <span class='ocrx_word' id='word_1_663' title='bbox 2864 3764 3040 3819; x_wconf 84' lang='lat' dir='ltr'><strong>subsit.</strong></span> <span class='ocrx_word' id='word_1_664' title='bbox 3074 3763 3261 3820; x_wconf 64' lang='lat' dir='ltr'><strong>Graeca</strong></span> <span class='ocrx_word' id='word_1_665' title='bbox 3305 3779 3405 3819; x_wconf 80' lang='lat' dir='ltr'><strong>vox</strong></span> <span class='ocrx_word' id='word_1_666' title='bbox 3447 3764 3602 3828; x_wconf 75' lang='grc' dir='ltr'>ἕλπις</span> <span class='ocrx_word' id='word_1_667' title='bbox 3643 3764 3825 3822; x_wconf 84' lang='lat' dir='ltr'><strong>inter-</strong></span> 
     </span>
    </p>
   </div>
   <div class='ocr_carea' id='block_1_93' title="bbox 2203 3834 3827 3909">
    <p class='ocr_par' dir='ltr' id='par_1_93' title="bbox 2203 3834 3827 3909">
     <span class='ocr_line' id='line_1_93' title="bbox 2203 3834 3827 3909; baseline 0 -16"><span class='ocrx_word' id='word_1_668' title='bbox 2203 3838 2331 3893; x_wconf 90' lang='lat' dir='ltr'><strong>dum</strong></span> <span class='ocrx_word' id='word_1_669' title='bbox 2358 3852 2457 3909; x_wconf 91' lang='lat' dir='ltr'><strong>pro</strong></span> <span class='ocrx_word' id='word_1_670' title='bbox 2483 3834 3177 3909; x_wconf 69' lang='lat' dir='ltr'><strong>opinioneusurpatur._Et</strong></span> <span class='ocrx_word' id='word_1_671' title='bbox 3207 3834 3293 3891; x_wconf 86' lang='lat' dir='ltr'><strong>hic</strong></span> <span class='ocrx_word' id='word_1_672' title='bbox 3319 3836 3533 3909; x_wconf 88' lang='lat' dir='ltr'><strong>quidem</strong></span> <span class='ocrx_word' id='word_1_673' title='bbox 3561 3847 3827 3909; x_wconf 84' lang='lat' dir='ltr'><strong>constru-</strong></span> 
     </span>
    </p>
   </div>
   <div class='ocr_carea' id='block_1_94' title="bbox 2201 3906 3823 3979">
    <p class='ocr_par' dir='ltr' id='par_1_94' title="bbox 2201 3906 3823 3979">
     <span class='ocr_line' id='line_1_94' title="bbox 2201 3906 3823 3979; baseline -0.002 -12"><span class='ocrx_word' id='word_1_674' title='bbox 2201 3913 2308 3967; x_wconf 89' lang='lat' dir='ltr'><strong>ctio</strong></span> <span class='ocrx_word' id='word_1_675' title='bbox 2338 3906 2457 3979; x_wconf 77' lang='lat' dir='ltr'><strong>eius</strong></span> <span class='ocrx_word' id='word_1_676' title='bbox 2485 3923 2607 3962; x_wconf 89' lang='lat' dir='ltr'><strong>cum</strong></span> <span class='ocrx_word' id='word_1_677' title='bbox 2639 3906 2805 3962; x_wconf 82' lang='lat' dir='ltr'><strong>verba</strong></span> <span class='ocrx_word' id='word_1_678' title='bbox 2842 3907 3096 3977; x_wconf 64' lang='lat' dir='ltr'><strong>prieteriti</strong></span> <span class='ocrx_word' id='word_1_679' title='bbox 3130 3908 3386 3979; x_wconf 84' lang='lat' dir='ltr'><strong>temporis</strong></span> <span class='ocrx_word' id='word_1_680' title='bbox 3421 3907 3698 3979; x_wconf 77' lang='lat' dir='ltr'><strong>postulare</strong></span> <span class='ocrx_word' id='word_1_681' title='bbox 3731 3911 3823 3965; x_wconf 82' lang='lat' dir='ltr'><strong>vi-</strong></span> 
     </span>
    </p>
   </div>
   <div class='ocr_carea' id='block_1_95' title="bbox 2202 3978 3826 4049">
    <p class='ocr_par' dir='ltr' id='par_1_95' title="bbox 2202 3978 3826 4049">
     <span class='ocr_line' id='line_1_95' title="bbox 2202 3978 3826 4049; baseline -0.003 -12"><span class='ocrx_word' id='word_1_682' title='bbox 2202 3982 2383 4041; x_wconf 79' lang='lat' dir='ltr'><strong>detur.</strong></span> <span class='ocrx_word' id='word_1_683' title='bbox 2418 3992 2472 4034; x_wconf 90' lang='lat' dir='ltr'><strong>ut</strong></span> <span class='ocrx_word' id='word_1_684' title='bbox 2506 3980 2648 4035; x_wconf 91' lang='lat' dir='ltr'><strong>illam</strong></span> <span class='ocrx_word' id='word_1_685' title='bbox 2688 3994 2751 4035; x_wconf 91' lang='lat' dir='ltr'><strong>ea</strong></span> <span class='ocrx_word' id='word_1_686' title='bbox 2794 3981 3002 4034; x_wconf 83' lang='lat' dir='ltr'><strong>ratione</strong></span> <span class='ocrx_word' id='word_1_687' title='bbox 3044 3978 3429 4049; x_wconf 80' lang='lat' dir='ltr'><strong>intelligamus.</strong></span> <span class='ocrx_word' id='word_1_688' title='bbox 3469 3978 3655 4048; x_wconf 90' lang='lat' dir='ltr'><strong>Neque</strong></span> <span class='ocrx_word' id='word_1_689' title='bbox 3685 3994 3826 4035; x_wconf 83' lang='lat' dir='ltr'><strong>vero</strong></span> 
     </span>
    </p>
   </div>
   <div class='ocr_carea' id='block_1_96' title="bbox 2204 4050 3823 4116">
    <p class='ocr_par' dir='ltr' id='par_1_96' title="bbox 2204 4050 3823 4116">
     <span class='ocr_line' id='line_1_96' title="bbox 2204 4050 3823 4116; baseline -0.002 -7"><span class='ocrx_word' id='word_1_690' title='bbox 2204 4068 2326 4109; x_wconf 88' lang='lat' dir='ltr'><strong>cum</strong></span> <span class='ocrx_word' id='word_1_691' title='bbox 2349 4051 2566 4107; x_wconf 82' lang='lat' dir='ltr'><strong>Valesio</strong></span> <span class='ocrx_word' id='word_1_692' title='bbox 2586 4051 2728 4106; x_wconf 91' lang='lat' dir='ltr'><strong>hunc</strong></span> <span class='ocrx_word' id='word_1_693' title='bbox 2750 4050 2922 4105; x_wconf 88' lang='lat' dir='ltr'><strong>locum</strong></span> <span class='ocrx_word' id='word_1_694' title='bbox 2952 4050 3019 4105; x_wconf 88' lang='lat' dir='ltr'><strong>de</strong></span> <span class='ocrx_word' id='word_1_695' title='bbox 3045 4050 3209 4116; x_wconf 84' lang='lat' dir='ltr'><strong>lapsis</strong></span> <span class='ocrx_word' id='word_1_696' title='bbox 3234 4051 3286 4104; x_wconf 93' lang='lat' dir='ltr'><strong>in</strong></span> <span class='ocrx_word' id='word_1_697' title='bbox 3307 4050 3691 4116; x_wconf 77' lang='lat' dir='ltr'><strong>idololalt‘iatn,</strong></span> <span class='ocrx_word' id='word_1_698' title='bbox 3716 4055 3823 4107; x_wconf 81' lang='lat' dir='ltr'><strong>scd</strong></span> 
     </span>
    </p>
   </div>
   <div class='ocr_carea' id='block_1_97' title="bbox 2204 4120 3820 4190">
    <p class='ocr_par' dir='ltr' id='par_1_97' title="bbox 2204 4120 3820 4190">
     <span class='ocr_line' id='line_1_97' title="bbox 2204 4120 3820 4190; baseline -0.002 -9"><span class='ocrx_word' id='word_1_699' title='bbox 2204 4125 2274 4181; x_wconf 90' lang='lat' dir='ltr'><strong>de</strong></span> <span class='ocrx_word' id='word_1_700' title='bbox 2314 4123 2607 4179; x_wconf 87' lang='lat' dir='ltr'><strong>Catholicis</strong></span> <span class='ocrx_word' id='word_1_701' title='bbox 2644 4138 2673 4176; x_wconf 89' lang='lat' dir='ltr'><strong>a</strong></span> <span class='ocrx_word' id='word_1_702' title='bbox 2716 4120 3012 4177; x_wconf 84' lang='lat' dir='ltr'><strong>Novatiano</strong></span> <span class='ocrx_word' id='word_1_703' title='bbox 3052 4122 3328 4176; x_wconf 85' lang='lat' dir='ltr'><strong>subversis</strong></span> <span class='ocrx_word' id='word_1_704' title='bbox 3365 4122 3820 4190; x_wconf 83' lang='lat' dir='ltr'><strong>interpretantur,</strong></span> 
     </span>
    </p>
   </div>
   <div class='ocr_carea' id='block_1_98' title="bbox 2204 4192 3821 4268">
    <p class='ocr_par' dir='ltr' id='par_1_98' title="bbox 2204 4192 3821 4268">
     <span class='ocr_line' id='line_1_98' title="bbox 2204 4192 3821 4268; baseline -0.001 -18"><span class='ocrx_word' id='word_1_705' title='bbox 2204 4212 2435 4268; x_wconf 86' lang='lat' dir='ltr'><strong>quorum</strong></span> <span class='ocrx_word' id='word_1_706' title='bbox 2469 4194 2575 4268; x_wconf 74' lang='lat' dir='ltr'><strong>ille</strong></span> <span class='ocrx_word' id='word_1_707' title='bbox 2590 4194 2910 4268; x_wconf 82' lang='lat' dir='ltr'><strong>baptismum</strong></span> <span class='ocrx_word' id='word_1_708' title='bbox 2935 4192 3253 4255; x_wconf 67' lang='lat' dir='ltr'><strong>exsul‘flans,</strong></span> <span class='ocrx_word' id='word_1_709' title='bbox 3278 4192 3537 4268; x_wconf 74' lang='lat' dir='ltr'><strong>Spiritum</strong></span> <span class='ocrx_word' id='word_1_710' title='bbox 3560 4205 3821 4249; x_wconf 80' lang='lat' dir='ltr'><strong>Sanctum</strong></span> 
     </span>
    </p>
   </div>
   <div class='ocr_carea' id='block_1_99' title="bbox 2206 4262 3825 4335">
    <p class='ocr_par' dir='ltr' id='par_1_99' title="bbox 2206 4262 3825 4335">
     <span class='ocr_line' id='line_1_99' title="bbox 2206 4262 3825 4335; baseline -0.002 -13"><span class='ocrx_word' id='word_1_711' title='bbox 2206 4262 2532 4323; x_wconf 79' lang='lat' dir='ltr'><strong>sacramenti</strong></span> <span class='ocrx_word' id='word_1_712' title='bbox 2561 4262 2719 4332; x_wconf 82' lang='lat' dir='ltr'><strong>huius</strong></span> <span class='ocrx_word' id='word_1_713' title='bbox 2748 4280 2970 4318; x_wconf 87' lang='lat' dir='ltr'><strong>munere</strong></span> <span class='ocrx_word' id='word_1_714' title='bbox 2997 4271 3275 4334; x_wconf 88' lang='lat' dir='ltr'><strong>acceptum</strong></span> <span class='ocrx_word' id='word_1_715' title='bbox 3298 4262 3544 4334; x_wconf 81' lang='lat' dir='ltr'><strong>fugabat,</strong></span> <span class='ocrx_word' id='word_1_716' title='bbox 3563 4269 3825 4335; x_wconf 78' lang='lat' dir='ltr'><strong>quamvis</strong></span> 
     </span>
    </p>
   </div>
   <div class='ocr_carea' id='block_1_100' title="bbox 2207 4336 3821 4408">
    <p class='ocr_par' dir='ltr' id='par_1_100' title="bbox 2207 4336 3821 4408">
     <span class='ocr_line' id='line_1_100' title="bbox 2207 4336 3821 4408; baseline -0.001 -15"><span class='ocrx_word' id='word_1_717' title='bbox 2207 4339 2258 4393; x_wconf 92' lang='lat' dir='ltr'><strong>in</strong></span> <span class='ocrx_word' id='word_1_718' title='bbox 2290 4354 2478 4394; x_wconf 91' lang='lat' dir='ltr'><strong>eorum</strong></span> <span class='ocrx_word' id='word_1_719' title='bbox 2521 4337 2821 4408; x_wconf 89' lang='lat' dir='ltr'><strong>aliquibus,</strong></span> <span class='ocrx_word' id='word_1_720' title='bbox 2855 4346 3142 4405; x_wconf 87' lang='lat' dir='ltr'><strong>antequam</strong></span> <span class='ocrx_word' id='word_1_721' title='bbox 3182 4336 3645 4408; x_wconf 81' lang='lat' dir='ltr'><strong>subverterentur.</strong></span> <span class='ocrx_word' id='word_1_722' title='bbox 3681 4338 3821 4407; x_wconf 87' lang='lat' dir='ltr'><strong>Spi-</strong></span> 
     </span>
    </p>
   </div>
   <div class='ocr_carea' id='block_1_101' title="bbox 2207 4406 3821 4476">
    <p class='ocr_par' dir='ltr' id='par_1_101' title="bbox 2207 4406 3821 4476">
     <span class='ocr_line' id='line_1_101' title="bbox 2207 4406 3821 4476; baseline -0.001 -12"><span class='ocrx_word' id='word_1_723' title='bbox 2207 4410 2366 4465; x_wconf 90' lang='lat' dir='ltr'><strong>ritum</strong></span> <span class='ocrx_word' id='word_1_724' title='bbox 2399 4406 2642 4465; x_wconf 86' lang='lat' dir='ltr'><strong>sanctum</strong></span> <span class='ocrx_word' id='word_1_725' title='bbox 2676 4408 2758 4463; x_wconf 86' lang='lat' dir='ltr'><strong>vel</strong></span> <span class='ocrx_word' id='word_1_726' title='bbox 2791 4408 3157 4476; x_wconf 83' lang='lat' dir='ltr'><strong>permansisse</strong></span> <span class='ocrx_word' id='word_1_727' title='bbox 3193 4423 3286 4474; x_wconf 89' lang='lat' dir='ltr'><strong>per</strong></span> <span class='ocrx_word' id='word_1_728' title='bbox 3314 4406 3678 4462; x_wconf 88' lang='lat' dir='ltr'><strong>innocentiam</strong></span> <span class='ocrx_word' id='word_1_729' title='bbox 3724 4410 3821 4464; x_wconf 86' lang='lat' dir='ltr'><strong>vel</strong></span> 
     </span>
    </p>
   </div>
   <div class='ocr_carea' id='block_1_102' title="bbox 2205 4478 3822 4550">
    <p class='ocr_par' dir='ltr' id='par_1_102' title="bbox 2205 4478 3822 4550">
     <span class='ocr_line' id='line_1_102' title="bbox 2205 4478 3822 4550; baseline 0 -15"><span class='ocrx_word' id='word_1_730' title='bbox 2205 4492 2286 4535; x_wconf 83' lang='lat' dir='ltr'><strong>est</strong></span> <span class='ocrx_word' id='word_1_731' title='bbox 2311 4492 2366 4536; x_wconf 94' lang='lat' dir='ltr'><strong>ut</strong></span> <span class='ocrx_word' id='word_1_732' title='bbox 2386 4496 2507 4535; x_wconf 91' lang='lat' dir='ltr'><strong>cum</strong></span> <span class='ocrx_word' id='word_1_733' title='bbox 2532 4478 2749 4535; x_wconf 82' lang='lat' dir='ltr'><strong>Valesio</strong></span> <span class='ocrx_word' id='word_1_734' title='bbox 2771 4495 2868 4550; x_wconf 89' lang='lat' dir='ltr'><strong>per</strong></span> <span class='ocrx_word' id='word_1_735' title='bbox 2898 4478 3268 4547; x_wconf 73' lang='lat' dir='ltr'><strong>pmnitentiam</strong></span> <span class='ocrx_word' id='word_1_736' title='bbox 3299 4478 3520 4534; x_wconf 83' lang='lat' dir='ltr'><strong>rediisse</strong></span> <span class='ocrx_word' id='word_1_737' title='bbox 3549 4480 3822 4536; x_wconf 84' lang='lat' dir='ltr'><strong>credibile</strong></span> 
     </span>
    </p>
   </div>
   <div class='ocr_carea' id='block_1_103' title="bbox 2206 4550 3820 4624">
    <p class='ocr_par' dir='ltr' id='par_1_103' title="bbox 2206 4550 3820 4624">
     <span class='ocr_line' id='line_1_103' title="bbox 2206 4550 3820 4624; baseline -0.001 -17"><span class='ocrx_word' id='word_1_738' title='bbox 2206 4553 2295 4607; x_wconf 91' lang='lat' dir='ltr'><strong>sit.</strong></span> <span class='ocrx_word' id='word_1_739' title='bbox 2324 4552 2396 4607; x_wconf 91' lang='lat' dir='ltr'><strong>lta</strong></span> <span class='ocrx_word' id='word_1_740' title='bbox 2427 4551 2555 4624; x_wconf 80' lang='lat' dir='ltr'><strong>nihil</strong></span> <span class='ocrx_word' id='word_1_741' title='bbox 2583 4566 2717 4623; x_wconf 86' lang='lat' dir='ltr'><strong>opus</strong></span> <span class='ocrx_word' id='word_1_742' title='bbox 2738 4565 3062 4624; x_wconf 72' lang='lat' dir='ltr'><strong>qmcramus,</strong></span> <span class='ocrx_word' id='word_1_743' title='bbox 3094 4551 3156 4603; x_wconf 84' lang='lat' dir='ltr'><strong>In</strong></span> <span class='ocrx_word' id='word_1_744' title='bbox 3181 4550 3339 4619; x_wconf 81' lang='lat' dir='ltr'><strong>lapsis</strong></span> <span class='ocrx_word' id='word_1_745' title='bbox 3364 4551 3615 4621; x_wconf 82' lang='lat' dir='ltr'><strong>quomodo</strong></span> <span class='ocrx_word' id='word_1_746' title='bbox 3644 4561 3820 4624; x_wconf 76' lang='lat' dir='ltr'><strong>potest</strong></span> 
     </span>
    </p>
   </div>
   <div class='ocr_carea' id='block_1_104' title="bbox 2207 4620 3310 4693">
    <p class='ocr_par' dir='ltr' id='par_1_104' title="bbox 2207 4620 3310 4693">
     <span class='ocr_line' id='line_1_104' title="bbox 2207 4620 3310 4693; baseline -0.002 -16"><span class='ocrx_word' id='word_1_747' title='bbox 2207 4640 2465 4677; x_wconf 87' lang='lat' dir='ltr'><strong>remanere</strong></span> <span class='ocrx_word' id='word_1_748' title='bbox 2486 4620 2712 4693; x_wconf 68' lang='lat' dir='ltr'><strong>Spiritus</strong></span> <span class='ocrx_word' id='word_1_749' title='bbox 2738 4620 2981 4677; x_wconf 79' lang='lat' dir='ltr'><strong>sanctus?</strong></span> <span class='ocrx_word' id='word_1_750' title='bbox 3005 4620 3310 4677; x_wconf 70' lang='lat' dir='ltr'><strong>Consum.</strong></span> 
     </span>
    </p>
   </div>
   <div class='ocr_carea' id='block_1_105' title="bbox 2280 4692 3820 4766">
    <p class='ocr_par' dir='ltr' id='par_1_105' title="bbox 2280 4692 3820 4766">
     <span class='ocr_line' id='line_1_105' title="bbox 2280 4692 3820 4766; baseline 0.001 -18"><span class='ocrx_word' id='word_1_751' title='bbox 2280 4692 2887 4766; x_wconf 36' lang='lat' dir='ltr'><strong>Dionysii&#39;Alexandrini</strong></span> <span class='ocrx_word' id='word_1_752' title='bbox 2918 4697 3279 4765; x_wconf 82' lang='lat' dir='ltr'><strong>fragmentum.</strong></span> <span class='ocrx_word' id='word_1_753' title='bbox 3327 4694 3399 4748; x_wconf 81' lang='lat' dir='ltr'><strong>lle</strong></span> <span class='ocrx_word' id='word_1_754' title='bbox 3428 4693 3538 4766; x_wconf 86' lang='lat' dir='ltr'><strong>hac</strong></span> <span class='ocrx_word' id='word_1_755' title='bbox 3578 4692 3820 4766; x_wconf 83' lang='lat' dir='ltr'><strong>epistola</strong></span> 
     </span>
    </p>
   </div>
   <div class='ocr_carea' id='block_1_106' title="bbox 2207 4764 3819 4835">
    <p class='ocr_par' dir='ltr' id='par_1_106' title="bbox 2207 4764 3819 4835">
     <span class='ocr_line' id='line_1_106' title="bbox 2207 4764 3819 4835; baseline -0.001 -13"><span class='ocrx_word' id='word_1_756' title='bbox 2207 4764 2474 4822; x_wconf 84' lang='lat' dir='ltr'><strong>Eusebius</strong></span> <span class='ocrx_word' id='word_1_757' title='bbox 2506 4768 2576 4819; x_wconf 87' lang='lat' dir='ltr'><strong>ita</strong></span> <span class='ocrx_word' id='word_1_758' title='bbox 2610 4764 2960 4835; x_wconf 70' lang='lat' dir='ltr'><strong>prmloqnitnr</strong></span> <span class='ocrx_word' id='word_1_759' title='bbox 2981 4764 3011 4818; x_wconf 41' lang='lat'><strong>:&#39;</strong></span> <span class='ocrx_word' id='word_1_760' title='bbox 3031 4785 3048 4815; x_wconf 79' lang='grc' dir='ltr'><strong>ι</strong></span> <span class='ocrx_word' id='word_1_761' title='bbox 3084 4769 3239 4819; x_wconf 61' lang='lat' dir='ltr'><strong>instat</strong></span> <span class='ocrx_word' id='word_1_762' title='bbox 3268 4773 3320 4818; x_wconf 89' lang='lat' dir='ltr'><strong>et</strong></span> <span class='ocrx_word' id='word_1_763' title='bbox 3349 4765 3534 4835; x_wconf 89' lang='lat' dir='ltr'><strong>quinta</strong></span> <span class='ocrx_word' id='word_1_764' title='bbox 3564 4765 3819 4834; x_wconf 77' lang='lat' dir='ltr'><strong>ejusdem</strong></span> 
     </span>
    </p>
   </div>
   <div class='ocr_carea' id='block_1_107' title="bbox 2204 4836 3817 4908">
    <p class='ocr_par' dir='ltr' id='par_1_107' title="bbox 2204 4836 3817 4908">
     <span class='ocr_line' id='line_1_107' title="bbox 2204 4836 3817 4908; baseline -0.001 -14"><span class='ocrx_word' id='word_1_765' title='bbox 2204 4839 2429 4907; x_wconf 85' lang='lat' dir='ltr'><strong>epistola</strong></span> <span class='ocrx_word' id='word_1_766' title='bbox 2457 4838 2520 4892; x_wconf 85' lang='lat' dir='ltr'><strong>ad</strong></span> <span class='ocrx_word' id='word_1_767' title='bbox 2548 4836 2770 4908; x_wconf 76' lang='lat' dir='ltr'><strong>Xysttnn</strong></span> <span class='ocrx_word' id='word_1_768' title='bbox 2798 4838 3054 4890; x_wconf 70' lang='lat' dir='ltr'><strong>ltotnatnc</strong></span> <span class='ocrx_word' id='word_1_769' title='bbox 3082 4837 3229 4891; x_wconf 88' lang='lat' dir='ltr'><strong>urbis</strong></span> <span class='ocrx_word' id='word_1_770' title='bbox 3255 4837 3597 4908; x_wconf 76' lang='lat' dir='ltr'><strong>episcopum,</strong></span> <span class='ocrx_word' id='word_1_771' title='bbox 3618 4837 3676 4908; x_wconf 83' lang='lat' dir='ltr'><strong>iu</strong></span> <span class='ocrx_word' id='word_1_772' title='bbox 3698 4853 3817 4908; x_wconf 80' lang='lat' dir='ltr'><strong>qua</strong></span> 
     </span>
    </p>
   </div>
   <div class='ocr_carea' id='block_1_108' title="bbox 2209 4906 3818 4980">
    <p class='ocr_par' dir='ltr' id='par_1_108' title="bbox 2209 4906 3818 4980">
     <span class='ocr_line' id='line_1_108' title="bbox 2209 4906 3818 4980; baseline 0.001 -19"><span class='ocrx_word' id='word_1_773' title='bbox 2209 4906 2487 4980; x_wconf 85' lang='lat' dir='ltr'><strong>postquam</strong></span> <span class='ocrx_word' id='word_1_774' title='bbox 2516 4906 2775 4964; x_wconf 77' lang='lat' dir='ltr'><strong>adversus</strong></span> <span class='ocrx_word' id='word_1_775' title='bbox 2802 4908 3088 4962; x_wconf 71' lang='lat' dir='ltr'><strong>ltzt‘relicos</strong></span> <span class='ocrx_word' id='word_1_776' title='bbox 3113 4910 3273 4961; x_wconf 78' lang='lat' dir='ltr'><strong>inulta</strong></span> <span class='ocrx_word' id='word_1_777' title='bbox 3301 4907 3586 4980; x_wconf 75' lang='lat' dir='ltr'><strong>di~seruit_,</strong></span> <span class='ocrx_word' id='word_1_778' title='bbox 3615 4906 3818 4975; x_wconf 83' lang='lat' dir='ltr'><strong>huius-</strong></span> 
     </span>
    </p>
   </div>
   <div class='ocr_carea' id='block_1_109' title="bbox 2209 4978 3823 5050">
    <p class='ocr_par' dir='ltr' id='par_1_109' title="bbox 2209 4978 3823 5050">
     <span class='ocr_line' id='line_1_109' title="bbox 2209 4978 3823 5050; baseline -0.001 -14"><span class='ocrx_word' id='word_1_779' title='bbox 2209 4978 2359 5037; x_wconf 82' lang='lat' dir='ltr'><strong>modi</strong></span> <span class='ocrx_word' id='word_1_780' title='bbox 2377 4980 2629 5050; x_wconf 82' lang='lat' dir='ltr'><strong>quiddam</strong></span> <span class='ocrx_word' id='word_1_781' title='bbox 2657 4997 2752 5034; x_wconf 88' lang='lat' dir='ltr'><strong>sua</strong></span> <span class='ocrx_word' id='word_1_782' title='bbox 2781 4987 2937 5033; x_wconf 69' lang='lat' dir='ltr'><strong>aetate</strong></span> <span class='ocrx_word' id='word_1_783' title='bbox 2959 4979 3248 5048; x_wconf 78' lang='lat' dir='ltr'><strong>contigisse</strong></span> <span class='ocrx_word' id='word_1_784' title='bbox 3275 4988 3476 5033; x_wconf 85' lang='lat' dir='ltr'><strong>narrat.</strong></span> <span class='ocrx_word' id='word_1_785' title='bbox 3507 4997 3526 5031; x_wconf 73' lang='grc' dir='ltr'><strong>ι</strong></span> <span class='ocrx_word' id='word_1_786' title='bbox 3552 4978 3609 5033; x_wconf 87' lang='lat' dir='ltr'><strong>In</strong></span> <span class='ocrx_word' id='word_1_787' title='bbox 3630 4993 3697 5032; x_wconf 86' lang='lat' dir='ltr'><strong>ea</strong></span> <span class='ocrx_word' id='word_1_788' title='bbox 3725 4996 3823 5034; x_wconf 84' lang='lat' dir='ltr'><strong>au-</strong></span> 
     </span>
    </p>
   </div>
   <div class='ocr_carea' id='block_1_110' title="bbox 2210 5051 3808 5123">
    <p class='ocr_par' dir='ltr' id='par_1_110' title="bbox 2210 5051 3808 5123">
     <span class='ocr_line' id='line_1_110' title="bbox 2210 5051 3808 5123; baseline -0.001 -16"><span class='ocrx_word' id='word_1_789' title='bbox 2210 5062 2317 5108; x_wconf 91' lang='lat' dir='ltr'><strong>tem</strong></span> <span class='ocrx_word' id='word_1_790' title='bbox 2356 5065 2537 5108; x_wconf 87' lang='lat' dir='ltr'><strong>narrat</strong></span> <span class='ocrx_word' id='word_1_791' title='bbox 2583 5052 2867 5123; x_wconf 80' lang='lat' dir='ltr'><strong>Dionysius</strong></span> <span class='ocrx_word' id='word_1_792' title='bbox 2906 5051 3045 5117; x_wconf 71' lang='lat' dir='ltr'><strong>quod</strong></span> <span class='ocrx_word' id='word_1_793' title='bbox 3087 5068 3257 5116; x_wconf 82' lang='lat' dir='ltr'><strong>nuper</strong></span> <span class='ocrx_word' id='word_1_794' title='bbox 3296 5051 3808 5123; x_wconf 73' lang='lat' dir='ltr'><strong>contigerat,_cum</strong></span> 
     </span>
    </p>
   </div>
   <div class='ocr_carea' id='block_1_111' title="bbox 2208 5120 3819 5195">
    <p class='ocr_par' dir='ltr' id='par_1_111' title="bbox 2208 5120 3819 5195">
     <span class='ocr_line' id='line_1_111' title="bbox 2208 5120 3819 5195; baseline -0.001 -15"><span class='ocrx_word' id='word_1_795' title='bbox 2208 5126 2474 5195; x_wconf 81' lang='lat' dir='ltr'><strong>baptisma</strong></span> <span class='ocrx_word' id='word_1_796' title='bbox 2530 5120 2740 5193; x_wconf 80' lang='lat' dir='ltr'><strong>publice</strong></span> <span class='ocrx_word' id='word_1_797' title='bbox 2795 5140 2857 5177; x_wconf 89' lang='lat' dir='ltr'><strong>ac</strong></span> <span class='ocrx_word' id='word_1_798' title='bbox 2899 5123 3237 5195; x_wconf 84' lang='lat' dir='ltr'><strong>sollemniter</strong></span> <span class='ocrx_word' id='word_1_799' title='bbox 3277 5120 3819 5195; x_wconf 22' lang='lat' dir='ltr'><strong>tradidissetqlJnde</strong></span> 
     </span>
    </p>
   </div>
   <div class='ocr_carea' id='block_1_112' title="bbox 2212 5193 3817 5265">
    <p class='ocr_par' dir='ltr' id='par_1_112' title="bbox 2212 5193 3817 5265">
     <span class='ocr_line' id='line_1_112' title="bbox 2212 5193 3817 5265; baseline 0 -16"><span class='ocrx_word' id='word_1_800' title='bbox 2212 5193 2351 5250; x_wconf 81' lang='lat' dir='ltr'><strong>hanc</strong></span> <span class='ocrx_word' id='word_1_801' title='bbox 2378 5197 2658 5264; x_wconf 86' lang='lat' dir='ltr'><strong>epistulam</strong></span> <span class='ocrx_word' id='word_1_802' title='bbox 2694 5197 2851 5264; x_wconf 89' lang='lat' dir='ltr'><strong>paulo</strong></span> <span class='ocrx_word' id='word_1_803' title='bbox 2881 5207 3001 5265; x_wconf 91' lang='lat' dir='ltr'><strong>post</strong></span> <span class='ocrx_word' id='word_1_804' title='bbox 3036 5193 3238 5249; x_wconf 83' lang='lat' dir='ltr'><strong>Pascha</strong></span> <span class='ocrx_word' id='word_1_805' title='bbox 3261 5234 3275 5259; x_wconf 93' lang='lat'><strong>,</strong></span> <span class='ocrx_word' id='word_1_806' title='bbox 3311 5194 3393 5247; x_wconf 87' lang='lat' dir='ltr'><strong>vel</strong></span> <span class='ocrx_word' id='word_1_807' title='bbox 3423 5203 3571 5265; x_wconf 80' lang='lat' dir='ltr'><strong>certe</strong></span> <span class='ocrx_word' id='word_1_808' title='bbox 3607 5193 3817 5249; x_wconf 80' lang='lat' dir='ltr'><strong>Pente-</strong></span> 
     </span>
    </p>
   </div>
   <div class='ocr_carea' id='block_1_113' title="bbox 2208 5263 3815 5336">
    <p class='ocr_par' dir='ltr' id='par_1_113' title="bbox 2208 5263 3815 5336">
     <span class='ocr_line' id='line_1_113' title="bbox 2208 5263 3815 5336; baseline -0.001 -14"><span class='ocrx_word' id='word_1_809' title='bbox 2208 5263 2424 5329; x_wconf 32' lang='lat' dir='ltr'><strong>costeu.’</strong></span> <span class='ocrx_word' id='word_1_810' title='bbox 2441 5269 2565 5321; x_wconf 89' lang='lat' dir='ltr'><strong>anni</strong></span> <span class='ocrx_word' id='word_1_811' title='bbox 2588 5263 2727 5327; x_wconf 30' lang='lat'><strong>258’.</strong></span> <span class='ocrx_word' id='word_1_812' title='bbox 2752 5263 3006 5336; x_wconf 79' lang='lat' dir='ltr'><strong>scriptam</strong></span> <span class='ocrx_word' id='word_1_813' title='bbox 3033 5279 3155 5320; x_wconf 78' lang='lat' dir='ltr'><strong>eSse</strong></span> <span class='ocrx_word' id='word_1_814' title='bbox 3179 5265 3467 5335; x_wconf 78' lang='lat' dir='ltr'><strong>colligitur.</strong></span> <span class='ocrx_word' id='word_1_815' title='bbox 3493 5263 3815 5320; x_wconf 71' lang='lat' dir='ltr'><strong>Consum.</strong></span> 
     </span>
    </p>
   </div>
   <div class='ocr_carea' id='block_1_114' title="bbox 2279 5336 3817 5408">
    <p class='ocr_par' dir='ltr' id='par_1_114' title="bbox 2279 5336 3817 5408">
     <span class='ocr_line' id='line_1_114' title="bbox 2279 5336 3817 5408; baseline 0 -17"><span class='ocrx_word' id='word_1_816' title='bbox 2279 5337 2601 5407; x_wconf 77' lang='lat' dir='ltr'><strong>Baptismnin</strong></span> <span class='ocrx_word' id='word_1_817' title='bbox 2629 5355 2726 5408; x_wconf 82' lang='lat' dir='ltr'><strong>quo</strong></span> <span class='ocrx_word' id='word_1_818' title='bbox 2755 5338 2894 5408; x_wconf 82' lang='lat' dir='ltr'><strong>apud</strong></span> <span class='ocrx_word' id='word_1_819' title='bbox 2925 5337 3186 5392; x_wconf 61' lang='lat' dir='ltr'><strong>hereticos</strong></span> <span class='ocrx_word' id='word_1_820' title='bbox 3216 5338 3443 5390; x_wconf 81' lang='lat' dir='ltr'><strong>initiatus</strong></span> <span class='ocrx_word' id='word_1_821' title='bbox 3476 5337 3660 5408; x_wconf 72' lang='lat' dir='ltr'><strong>fuerat.</strong></span> <span class='ocrx_word' id='word_1_822' title='bbox 3699 5336 3817 5391; x_wconf 80' lang='lat' dir='ltr'><strong>Ru-</strong></span> 
     </span>
    </p>
   </div>
   <div class='ocr_carea' id='block_1_115' title="bbox 2211 5356 3819 5478">
    <p class='ocr_par' dir='ltr' id='par_1_115' title="bbox 2211 5356 3819 5478">
     <span class='ocr_line' id='line_1_115' title="bbox 2279 5356 3817 5408; baseline 0 -17"><span class='ocrx_word' id='word_1_823' title='bbox 2279 5356 2601 5407; x_wconf 76' lang='lat' dir='ltr'><strong>naptmtmnt</strong></span> <span class='ocrx_word' id='word_1_824' title='bbox 2629 5356 2726 5408; x_wconf 82' lang='lat' dir='ltr'><strong>quo</strong></span> <span class='ocrx_word' id='word_1_825' title='bbox 2755 5356 2785 5390; x_wconf 87' lang='grc' dir='ltr'><strong>α</strong></span> <span class='ocrx_word' id='word_1_826' title='bbox 2825 5356 2892 5392; x_wconf 86' lang='lat' dir='ltr'><strong>tta</strong></span> <span class='ocrx_word' id='word_1_827' title='bbox 2925 5356 3186 5392; x_wconf 71' lang='grc' dir='ltr'><strong>πίει-(ηεαδ</strong></span> <span class='ocrx_word' id='word_1_828' title='bbox 3216 5356 3443 5390; x_wconf 72' lang='grc' dir='ltr'>ιιιιιιαιιιε</span> <span class='ocrx_word' id='word_1_829' title='bbox 3476 5356 3660 5406; x_wconf 67' lang='grc' dir='ltr'>ψει-ιιι.</span> <span class='ocrx_word' id='word_1_830' title='bbox 3699 5356 3817 5391; x_wconf 68' lang='grc' dir='ltr'>ιιιι-</span> 
     </span>
     <span class='ocr_line' id='line_1_116' title="bbox 2211 5356 3819 5478; baseline 0.001 -14"><span class='ocrx_word' id='word_1_831' title='bbox 2211 5409 2350 5464; x_wconf 82' lang='lat' dir='ltr'><strong>linus</strong></span> <span class='ocrx_word' id='word_1_832' title='bbox 2379 5409 2493 5463; x_wconf 85' lang='lat' dir='ltr'><strong>ha-c</strong></span> <span class='ocrx_word' id='word_1_833' title='bbox 2520 5410 2589 5463; x_wconf 91' lang='lat' dir='ltr'><strong>ita</strong></span> <span class='ocrx_word' id='word_1_834' title='bbox 2619 5356 2879 5465; x_wconf 71' lang='lat' dir='ltr'><strong>reddidit:</strong></span> <span class='ocrx_word' id='word_1_835' title='bbox 2912 5428 2932 5459; x_wconf 86' lang='grc' dir='ltr'><strong>ι</strong></span> <span class='ocrx_word' id='word_1_836' title='bbox 2958 5409 3227 5478; x_wconf 83' lang='lat' dir='ltr'><strong>Baptisma</strong></span> <span class='ocrx_word' id='word_1_837' title='bbox 3256 5410 3323 5461; x_wconf 92' lang='lat' dir='ltr'><strong>ab</strong></span> <span class='ocrx_word' id='word_1_838' title='bbox 3354 5406 3622 5462; x_wconf 81' lang='lat' dir='ltr'><strong>haereticis</strong></span> <span class='ocrx_word' id='word_1_839' title='bbox 3647 5409 3819 5465; x_wconf 86' lang='lat' dir='ltr'><strong>aliter</strong></span> 
     </span>
    </p>
   </div>
   <div class='ocr_carea' id='block_1_116' title="bbox 2210 5478 3817 5550">
    <p class='ocr_par' dir='ltr' id='par_1_116' title="bbox 2210 5478 3817 5550">
     <span class='ocr_line' id='line_1_117' title="bbox 2210 5478 3817 5550; baseline 0.001 -15"><span class='ocrx_word' id='word_1_840' title='bbox 2210 5496 2269 5536; x_wconf 91' lang='lat' dir='ltr'><strong>se</strong></span> <span class='ocrx_word' id='word_1_841' title='bbox 2298 5482 2633 5550; x_wconf 86' lang='lat' dir='ltr'><strong>suscepisse:</strong></span> <span class='ocrx_word' id='word_1_842' title='bbox 2669 5481 2811 5550; x_wconf 86' lang='lat' dir='ltr'><strong>quod</strong></span> <span class='ocrx_word' id='word_1_843' title='bbox 2845 5492 3021 5536; x_wconf 88' lang='lat' dir='ltr'><strong>tamen</strong></span> <span class='ocrx_word' id='word_1_844' title='bbox 3052 5478 3353 5535; x_wconf 89' lang='lat' dir='ltr'><strong>secuudnm</strong></span> <span class='ocrx_word' id='word_1_845' title='bbox 3382 5494 3444 5534; x_wconf 90' lang='lat' dir='ltr'><strong>ca</strong></span> <span class='ocrx_word' id='word_1_846' title='bbox 3465 5519 3482 5545; x_wconf 89' lang='lat'><strong>,</strong></span> <span class='ocrx_word' id='word_1_847' title='bbox 3512 5493 3633 5549; x_wconf 76' lang='lat' dir='ltr'><strong>qua:</strong></span> <span class='ocrx_word' id='word_1_848' title='bbox 3664 5495 3817 5535; x_wconf 88' lang='lat' dir='ltr'><strong>nunc</strong></span> 
     </span>
    </p>
   </div>
   <div class='ocr_carea' id='block_1_117' title="bbox 2209 5550 3813 5622">
    <p class='ocr_par' dir='ltr' id='par_1_117' title="bbox 2209 5550 3813 5622">
     <span class='ocr_line' id='line_1_118' title="bbox 2209 5550 3813 5622; baseline -0.002 -16"><span class='ocrx_word' id='word_1_849' title='bbox 2209 5552 2415 5607; x_wconf 87' lang='lat' dir='ltr'><strong>videret</strong></span> <span class='ocrx_word' id='word_1_850' title='bbox 2441 5567 2472 5605; x_wconf 90' lang='lat' dir='ltr'><strong>a</strong></span> <span class='ocrx_word' id='word_1_851' title='bbox 2503 5553 2654 5607; x_wconf 87' lang='lat' dir='ltr'><strong>nobis</strong></span> <span class='ocrx_word' id='word_1_852' title='bbox 2683 5551 3012 5616; x_wconf 84' lang='lat' dir='ltr'><strong>ministrari,</strong></span> <span class='ocrx_word' id='word_1_853' title='bbox 3042 5567 3141 5607; x_wconf 89' lang='lat' dir='ltr'><strong>nec</strong></span> <span class='ocrx_word' id='word_1_854' title='bbox 3169 5551 3429 5622; x_wconf 81' lang='lat' dir='ltr'><strong>baptisma</strong></span> <span class='ocrx_word' id='word_1_855' title='bbox 3459 5550 3706 5622; x_wconf 68' lang='lat' dir='ltr'><strong>duceret,</strong></span> <span class='ocrx_word' id='word_1_856' title='bbox 3740 5568 3813 5608; x_wconf 84' lang='lat' dir='ltr'><strong>eo</strong></span> 
     </span>
    </p>
   </div>
   <div class='ocr_carea' id='block_1_118' title="bbox 2207 5618 3807 5694">
    <p class='ocr_par' dir='ltr' id='par_1_118' title="bbox 2207 5618 3807 5694">
     <span class='ocr_line' id='line_1_119' title="bbox 2207 5618 3807 5694; baseline -0.001 -16"><span class='ocrx_word' id='word_1_857' title='bbox 2207 5623 2349 5694; x_wconf 79' lang='lat' dir='ltr'><strong>quod</strong></span> <span class='ocrx_word' id='word_1_858' title='bbox 2376 5636 2520 5679; x_wconf 89' lang='lat' dir='ltr'><strong>esset</strong></span> <span class='ocrx_word' id='word_1_859' title='bbox 2548 5624 2754 5694; x_wconf 87' lang='lat' dir='ltr'><strong>repleta</strong></span> <span class='ocrx_word' id='word_1_860' title='bbox 2784 5622 3130 5694; x_wconf 85' lang='lat' dir='ltr'><strong>plasphemiis</strong></span> <span class='ocrx_word' id='word_1_861' title='bbox 3153 5618 3328 5676; x_wconf 70' lang='lat' dir='ltr'><strong>ouinis</strong></span> <span class='ocrx_word' id='word_1_862' title='bbox 3355 5622 3444 5694; x_wconf 88' lang='lat' dir='ltr'><strong>illa</strong></span> <span class='ocrx_word' id='word_1_863' title='bbox 3467 5618 3807 5694; x_wconf 64' lang='lat' dir='ltr'><strong>confessio.)</strong></span> 
     </span>
    </p>
   </div>
   <div class='ocr_carea' id='block_1_119' title="bbox 2211 5691 3818 5768">
    <p class='ocr_par' dir='ltr' id='par_1_119' title="bbox 2211 5691 3818 5768">
     <span class='ocr_line' id='line_1_120' title="bbox 2211 5691 3818 5768; baseline 0.001 -20"><span class='ocrx_word' id='word_1_864' title='bbox 2211 5691 2444 5768; x_wconf 82' lang='lat' dir='ltr'><strong>Dionysii</strong></span> <span class='ocrx_word' id='word_1_865' title='bbox 2472 5691 2695 5767; x_wconf 82' lang='lat' dir='ltr'><strong>ejusque</strong></span> <span class='ocrx_word' id='word_1_866' title='bbox 2723 5691 3079 5768; x_wconf 80' lang='lat' dir='ltr'><strong>decessurum</strong></span> <span class='ocrx_word' id='word_1_867' title='bbox 3108 5710 3222 5748; x_wconf 77' lang='lat' dir='ltr'><strong>:evo</strong></span> <span class='ocrx_word' id='word_1_868' title='bbox 3252 5691 3687 5768; x_wconf 73' lang='lat' dir='ltr'><strong>itrAlexandrina</strong></span> <span class='ocrx_word' id='word_1_869' title='bbox 3716 5708 3818 5749; x_wconf 84' lang='lat' dir='ltr'><strong>ce-</strong></span> 
     </span>
    </p>
   </div>
   <div class='ocr_carea' id='block_1_120' title="bbox 2206 5762 3818 5839">
    <p class='ocr_par' dir='ltr' id='par_1_120' title="bbox 2206 5762 3818 5839">
     <span class='ocr_line' id='line_1_121' title="bbox 2206 5762 3818 5839; baseline -0.002 -16"><span class='ocrx_word' id='word_1_870' title='bbox 2206 5762 2369 5823; x_wconf 79' lang='lat' dir='ltr'><strong>clesia</strong></span> <span class='ocrx_word' id='word_1_871' title='bbox 2390 5810 2404 5833; x_wconf 92' lang='lat'><strong>,</strong></span> <span class='ocrx_word' id='word_1_872' title='bbox 2437 5762 2790 5839; x_wconf 57' lang='lat' dir='ltr'><strong>ut&#39;baptismo</strong></span> <span class='ocrx_word' id='word_1_873' title='bbox 2827 5782 2931 5822; x_wconf 91' lang='lat' dir='ltr'><strong>non</strong></span> <span class='ocrx_word' id='word_1_874' title='bbox 2965 5767 3154 5821; x_wconf 88' lang='lat' dir='ltr'><strong>iterato</strong></span> <span class='ocrx_word' id='word_1_875' title='bbox 3179 5765 3586 5839; x_wconf 81' lang='lat' dir='ltr'><strong>susciperentur</strong></span> <span class='ocrx_word' id='word_1_876' title='bbox 3626 5762 3818 5839; x_wconf 77' lang='lat' dir='ltr'><strong>luere-</strong></span> 
     </span>
    </p>
   </div>
   <div class='ocr_carea' id='block_1_121' title="bbox 2207 5835 3813 5910">
    <p class='ocr_par' dir='ltr' id='par_1_121' title="bbox 2207 5835 3813 5910">
     <span class='ocr_line' id='line_1_122' title="bbox 2207 5835 3813 5910; baseline -0.001 -17"><span class='ocrx_word' id='word_1_877' title='bbox 2207 5838 2295 5895; x_wconf 90' lang='lat' dir='ltr'><strong>tici</strong></span> <span class='ocrx_word' id='word_1_878' title='bbox 2326 5853 2425 5895; x_wconf 90' lang='lat' dir='ltr'><strong>usu</strong></span> <span class='ocrx_word' id='word_1_879' title='bbox 2454 5835 2730 5910; x_wconf 84' lang='lat' dir='ltr'><strong>receptum</strong></span> <span class='ocrx_word' id='word_1_880' title='bbox 2760 5837 2927 5896; x_wconf 88' lang='lat' dir='ltr'><strong>fuisse</strong></span> <span class='ocrx_word' id='word_1_881' title='bbox 2953 5853 3019 5894; x_wconf 76' lang='lat' dir='ltr'><strong>ex</strong></span> <span class='ocrx_word' id='word_1_882' title='bbox 3048 5840 3151 5896; x_wconf 85' lang='lat' dir='ltr'><strong>hoc</strong></span> <span class='ocrx_word' id='word_1_883' title='bbox 3177 5837 3296 5893; x_wconf 91' lang='lat' dir='ltr'><strong>loco</strong></span> <span class='ocrx_word' id='word_1_884' title='bbox 3325 5835 3605 5894; x_wconf 87' lang='lat' dir='ltr'><strong>evidenter</strong></span> <span class='ocrx_word' id='word_1_885' title='bbox 3632 5837 3813 5892; x_wconf 81' lang='lat' dir='ltr'><strong>conii-</strong></span> 
     </span>
    </p>
   </div>
  </div>
