3994 6318
487 266 592 322 105

1376 263 1469 322 DE
1499 261 1769 322 SANCTO
1812 262 2125 324 DIONYSIO
2164 265 2449 324 ROMANO
2489 265 2850 325 PONTIFICE

3687 270 3791 329 104

483 392 805 459 argumento
827 382 1097 452 inductus,
1125 380 1264 457 quod
1287 385 1525 441 secunda
1552 384 1792 457 synodus
1817 383 2075 440 adversus
2104 388 2152 448 Α
2182 400 2275 441 eos
2296 393 2499 457 patres,
2530 401 2758 458 quorum
2781 384 3108 455 doctrinam,
3137 386 3305 444 immo
3334 386 3561 460 phrases
3585 395 3642 446 et
3672 404 3793 446 ver-

483 481 711 540 Paulum
752 480 1160 537 Samosatenum
1205 478 1512 533 Antiochia:
1552 478 1827 534 celebrata
1879 479 1949 532 sit
1987 477 2086 532 de-

483 576 668 633 functo
695 573 804 645 jam
835 570 1058 628 Claudio
1086 569 1356 641 Augusto,
1392 572 1482 643 qui
1511 571 1747 627 decessit
1770 571 2084 626 Aureliano.

486 669 596 727 Nos
628 684 758 723 vero
784 666 948 719 vitam
980 663 1158 719 adhuc
1184 662 1452 720 retinente
1479 660 1728 727 Claudio,
1759 661 1953 735 synodi
1980 660 2089 732 epi-

2191 477 2263 533 ba'
2290 478 2582 535 concilium
2615 480 2883 535 uicatnum
2916 478 3199 552 usurpavit
3228 479 3330 553 (4).

2787 635 3083 677 Αιιτιευιυε
3122 636 3181 676 ll.

483 764 676 820 stolam
715 759 781 815 ad
827 757 1138 831 Dionysium
1184 758 1485 813 Romanum
1522 767 1576 812 et
1623 756 1757 811 alios
1802 754 2087 826 episcopos
2188 736 2560 850 Dg‘fcriplﬁelss
2587 737 2807 832 θίουξδξί
2849 738 3049 813 Romani
3091 739 3341 830 l_’°“““"i5
3383 747 3485 815 9".“
3523 743 3791 855 ῆθηυίίὲίδο

774 853 783 855 Α
1138 851 1159 855 ᾼ
1180 852 1198 855 _
1215 852 1231 855 Α
1596 849 1656 855 η,
2311 808 2589 855 pposmtns.
2609 816 2666 851 ac
2680 811 2953 855 ntasertim
2974 803 3038 852 de
3052 801 3106 852 Fi
3120 804 3535 855 agmentoltmsto
3555 805 3668 855 acad
3681 821 3791 855 san-

480 858 733 929 scriptam
764 853 934 911 fuisse
963 869 1106 909 anno
1130 851 1239 909 269
1269 863 1556 909 censemus
1586 849 1689 924 (l).

555 950 798 1023 Elogium
847 948 911 1006 S.
953 946 1191 1020 Dionysii
1223 947 1463 1002 Romani.
1494 977 1565 987 ——
1593 945 1928 1001 Eruditionis
1964 945 2074 1001 sin—

476 1045 680 1120 gularis
733 1042 968 1108 laudem,
1010 1056 1185 1115 quam.
1215 1040 1501 1108 Eusebius,
1548 1040 1689 1095 libro
1735 1056 1830 1106 vn,
1870 1054 1988 1110 cap.
2025 1040 2081 1105 7,

480 1140 623 1197 Hist.
656 1139 860 1203 eccles.,
894 1136 1133 1209 Dionysii
1167 1134 1511 1192 Alexandrini
1556 1134 1864 1190 testimonio
1919 1132 2083 1188 fultus

478 1233 736 1307 Dionysio
776 1240 963 1288 nostro
1012 1228 1271 1284 adtribuit
1315 1227 1767 1301 (eruditissimum
1817 1225 2081 1297 planeque

474 1323 853 1382 admirandum
908 1322 1083 1395 virum
1130 1335 1253 1376 eum
1311 1317 1652 1391 appellans);
1706 1318 1790 1373 vel
1840 1316 1982 1387 quod
2012 1331 2078 1372 ex

474 1420 594 1490 ejus
622 1416 837 1489 scriptis
865 1422 1113 1486 superest
1144 1411 1522 1485 fragmentum,
1552 1411 1627 1466 illi
1651 1411 1782 1466 satis
1810 1423 2079 1480 superque

474 1510 749 1567 conciliat.
796 1506 852 1563 ln
906 1522 974 1564 eo
1026 1506 1156 1562 dum
1210 1503 1502 1560 sabelliana
1560 1500 1846 1574 proﬂigare
1897 1501 2081 1558 studet

471 1611 800 1667 commenta,
823 1601 983 1658 simul
1005 1609 1060 1657 et
1082 1599 1193 1655 Arii
1220 1608 1274 1654 et
1302 1597 1663 1654 tritheitarum
1699 1596 1891 1667 placita
1941 1610 2078 1667 prae-

470 1699 631 1755 vertit
660 1706 819 1768 atque
848 1693 1142 1766 pervertit,
1170 1707 1234 1747 ac
1260 1692 1479 1747 nicamae
1508 1689 1720 1762 synodo
1742 1729 1758 1756 ,
1784 1704 1944 1759 quam
1976 1704 2075 1759 po.

2249 801 2666 874 supposititiisnac
2680 801 2953 874 [irasci-tim
2973 803 3038 874 _de
3052 801 3355 874 Fragmento
3366 801 3598 874 Epistulae
3607 805 3668 855 ad
3681 801 3798 874 san-

2249 862 2382 976 auidi)
2407 862 2693 928 Dionysium
2717 864 3104 915 Alexandrinum
3129 862 3221 917 seu
3244 862 3662 930 potitts'adrersus
3698 867 3795 919 Sa-

2287 940 2315 977 e
2358 940 2508 977 ianos.

2258 1032 2449 1105 Magno
2504 1034 2762 1091 Ecclesiae
2808 1034 3008 1091 damno
3060 1036 3230 1092 sancti
3289 1036 3530 1111 Dionysii
3577 1039 3791 1095 romani

2184 1128 2426 1198 epiScnpi
2455 1129 2654 1199 scripta
2683 1127 2797 1184 fere
2840 1129 3021 1184 omnia
3052 1128 3244 1199 injuria
3273 1140 3575 1201 temporum
3608 1132 3794 1204 peric.

2185 1234 2266 1275 re.
2292 1218 2513 1275 Librum
2544 1220 2717 1277 edidit
2758 1219 2820 1274 de
2860 1219 3069 1291 Duplici
3096 1220 3296 1277 Ilwresi
3329 1222 3432 1295 (5).
3484 1223 3594 1280 Nec
3617 1224 3794 1282 semel

2182 1313 2251 1369 de
2273 1314 2371 1368 viri
2406 1315 2582 1385 magni
2609 1313 3072 1371 lucubrationibus
3107 1317 3436 1373 mentionem
3464 1319 3575 1390 egit
3620 1317 3795 1374 Atha-

2183 1406 2407 1463 nasius:
2443 1426 2462 1459 s
2499 1408 2575 1464 Ex
2609 1407 2849 1481 Dionysii
2888 1408 3117 1465 Romani
3155 1410 3409 1482 operibus
3434 1454 3449 1478 ,
3480 1412 3653 1485 inquit
3680 1410 3791 1486 (6),

2181 1511 2371 1558 contra
2399 1516 2525 1567 eos,
2557 1502 2646 1573 qui
2679 1502 2845 1559 illium
2880 1503 2971 1560 Dei
3003 1516 3139 1576 opus
3166 1513 3521 1573 asseverant,
3550 1506 3795 1563 ostendi-

2180 1605 2270 1651 tur
2315 1596 2551 1651 ariorum
2601 1594 2850 1652 haeresim
2892 1596 3019 1653 olim
3061 1597 3130 1654 ab
3175 1598 3429 1655 omnibus
3473 1599 3790 1657 damnatam

2180 1688 2367 1746 fuisse.
2399 1710 2419 1743 ι
2455 1689 2631 1746 Verba
2653 1707 2869 1763 quoque
2894 1691 3132 1764 Dionysii
3160 1692 3318 1749 aﬂ'ert
3343 1692 3482 1750 libro
3502 1695 3565 1750 de
3595 1693 3793 1751 Dccrc'

471 1801 584 1848 stea
610 1799 947 1863 sequeretur,
978 1788 1298 1858 creterisque
1342 1785 1673 1857 sequendam
1719 1783 2071 1849 decerneret,
2105 1790 2161 1850 Β,
2181 1787 2244 1841 tis
2296 1785 2499 1857 Synodi
2543 1784 2796 1852 Nicwnw,
2843 1793 2976 1842 tom.
3007 1802 3046 1850 ι,
3078 1800 3203 1858 pag.
3247 1786 3357 1843 275
3379 1832 3395 1855 ,
3428 1796 3538 1844 vet.
3566 1788 3698 1846 edit.
3734 1797 3794 1846 et

469 1886 631 1942 ﬁdem
678 1881 1129 1956 praemonstravit.
1187 1881 1245 1936 In
1298 1880 1400 1936 hoc
1442 1889 1702 1950 praeterea
1733 1879 2071 1950 prudentiam

467 1978 725 2051 patefecit
776 1992 926 2032 suam
956 2018 972 2043 ,
1023 1974 1164 2046 quod
1214 1974 1269 2029 in
1303 1974 1619 2045 Dionysium
1651 1971 2070 2029 Alexandrinum

468 2070 813 2146 quantumvis
838 2070 1080 2143 graviter
1102 2075 1437 2132 accusatum,
1455 2066 1589 2121 nihil
1614 2066 1791 2136 asperi
1814 2066 1897 2121 vel
1915 2065 2071 2132 dixit,

470 2169 554 2224 vel
580 2167 784 2238 gessit:
818 2180 1003 2222 verum
1058 2179 1165 2218 non
1211 2158 1576 2225 dissimulans,
1614 2176 1774 2231 quam
1800 2175 1961 2230 grave
1990 2175 2075 2217 es-

469 2270 573 2326 set,
607 2259 749 2316 unde
775 2266 1140 2320 accusaretur,
1170 2254 1436 2324 patienter
1461 2254 1736 2320 sustinuit,
1767 2253 1940 2322 quoad
1972 2252 2075 2308 istc

470 2353 668 2429 praesul
694 2350 909 2408 abunde
933 2349 1293 2412 satisfaceret,
1326 2347 1688 2416 injectamque
1712 2345 1780 2401 de
1811 2361 1871 2400 se
1895 2346 2073 2416 suspi-

470 2450 682 2506 cionem
706 2445 920 2519 penitus
946 2441 1265 2513 depelleret.
1299 2438 1506 2496 Adlimc
1533 2453 1562 2492 a
1593 2437 1718 2494 divo
1748 2437 1948 2492 Basilio
1974 2450 2073 2491 vo-

470 2551 622 2599 catur
648 2538 730 2614 (2)
751 2548 970 2594 sanctus
1008 2534 1296 2607 Dionysius
1325 2542 1510 2588 noster
1536 2529 1923 2587 celeberrimus
1949 2544 2072 2585 cum

472 2636 543 2691 ob
588 2633 784 2698 iidem,
818 2640 928 2687 tum
980 2629 1050 2684 ob
1085 2627 1310 2683 virtutes
1350 2623 1585 2696 reliquas
1621 2623 1866 2695 egregias
1895 2639 1907 2675 :
1940 2637 2073 2692 pra:-

472 2726 661 2783 διιτιὶιιι
696 2740 827 2779 vero
859 2721 1042 2779 multis
1074 2717 1487 2776 commendatur
1514 2724 1734 2787 propter
1772 2714 2071 2780 cbaritatis,

472 2815 967 2887 misericordiaque
1010 2814 1065 2869 in
1091 2811 1333 2883 captivos
1358 2826 1545 2882 opera.
1582 2808 1861 2879 Siquidem
1892 2808 2072 2864 Asiam

472 2913 739 2969 minorem
772 2952 788 2978 ,
854 2908 1208 2966 barbarorum
1260 2921 1383 2961 cum
1436 2903 1626 2974 primis
1679 2901 2074 2958 incursionibus

473 3013 793 3071 evastatam,
837 3018 945 3059 nou
992 3001 1190 3057 litteris
1220 2998 1381 3054 modo
1410 2999 1544 3066 suis,
1574 2998 1669 3054 sed
1708 3007 1763 3054 et
1803 3012 1934 3063 mre,
1968 3010 2076 3068 quo

474 3098 893 3156 Christianorum
937 3094 1148 3166 plurimi
1203 3094 1257 3148 in
1311 3093 1617 3149 libertatem
1668 3091 1867 3149 adserti
1923 3100 2069 3157 sunt,

2178 1879 2610 1947 Benedictiuor.,
2641 1879 2888 1953 Paris.,§
2916 1877 3007 1945 26,
3040 1893 3159 1949 pag.
3193 1877 3297 1936 231
3327 1889 3384 1936 et
3409 1892 3561 1951 seqq.

2252 1976 2500 2046 Epistolis
2527 1992 2565 2030 ι.
2602 1974 2837 2047 Dionysii
2865 1989 3016 2048 papa
3039 1972 3110 2027 ad
3140 1972 3443 2046 Dionysium
3469 1973 3790 2030 Alexandri-

2178 2089 2298 2127 num
2328 2073 2528 2127 notitia.
2560 2069 2757 2127 Caussa
2784 2080 2834 2126 ct
2876 2071 3075 2126 occasio
3098 2070 3372 2140 exponitur
3390 2084 3455 2125 ex
3478 2069 3787 2126 Athanasio.

2175 2194 2249 2207 -—
2279 2165 2567 2236 Dionysius
2596 2162 2990 2220 Alexandrinus
3015 2163 3263 2227 antistes,
3305 2161 3396 2217 ubi
3430 2160 3573 2235 apud
3604 2161 3791 2219 Ptole-

2177 2258 2410 2315 maidem
2438 2257 2796 2330 Pentapoleos
2824 2255 3011 2313 urbem
3040 2268 3285 2314 exortam
3314 2257 3521 2314 audivit
3550 2256 3785 2314 Sabellii

2179 2353 2452 2421 ha‘resim,
2494 2368 2614 2424 qua:
2656 2362 2859 2408 sancta:
2886 2350 3166 2408 Trinitatis
3192 2366 3454 2424 personas
3482 2350 3787 2407 confunde—

2178 2449 2290 2518 bat,
2327 2449 2397 2505 de
2445 2449 2546 2504 hac
2601 2446 2831 2521 Xystum
2886 2462 3075 2518 papam
3127 2448 3416 2503 certiorem
3471 2446 3675 2513 facere,
3731 2455 3791 2503 et

2176 2543 2437 2617 quasdam
2469 2559 2533 2621 ea
2585 2543 2654 2600 de
2698 2559 2856 2601 causa
2886 2542 3161 2615 ‘epistolas
3203 2558 3235 2599 a
3265 2558 3325 2600 se
3365 2541 3703 2615 conscriptas
3734 2542 3790 2599 ei

2177 2639 2393 2695 mittere
2425 2637 2716 2695 festinavit.
2754 2637 2916 2694 Teste
2945 2648 3124 2694 autem
3171 2636 3405 2695 Eusebio
3424 2681 3439 2706 ,
3467 2653 3498 2693 a
3526 2638 3789 2711 Dionysio

2179 2731 2549 2788 Alexandrino
2581 2750 2601 2785 ι
2628 2730 2881 2803 Epistolae
2903 2740 3090 2786 contra
3111 2730 3403 2787 Szubellium
3425 2731 3641 2802 scriptae
3658 2740 3791 2789 sunt

2177 2825 2245 2882 ad
2276 2828 2597 2884 Ammonem
2639 2826 3054 2883 Berenicensem
3100 2824 3178 2901 (in
3218 2826 3524 2900 Pentapoli)
3558 2828 3792 2899 Episco—

2181 2937 2326 2993 pum,
2360 2937 2463 2976 ttna
2492 2920 2559 2976 ad
2585 2919 2977 2991 Telesphorum
3004 2961 3018 2984 ,
3041 2919 3107 2974 ad
3131 2919 3541 2991 Euphranorem
3571 2921 3747 2978 altera
3770 2963 3785 2990 ,

2177 3025 2235 3074 et
2260 3016 2362 3071 alia
2393 3030 2580 3071 rursus
2619 3014 2684 3068 ad
2715 3015 3033 3071 Ammonem
3058 3024 3115 3070 et
3137 3014 3433 3086 Euporum.
3459 3035 3478 3067 ι
3516 3013 3789 3072 Nomina-

2181 3112 2276 3168 tim
2305 3125 2433 3168 vero
2457 3109 2699 3183 epistolis
2718 3108 2834 3179 ejus
2855 3107 2921 3164 ad
2943 3108 3263 3167 Ammonem
3284 3120 3340 3166 et
3364 3110 3788 3183 Euphranorem

474 3190 739 3250 recreavit
784 3186 884 3261 (5).
930 3186 1092 3243 Divus
1135 3185 1462 3243 Athanasius
1504 3199 1627 3241 eum
1660 3192 1908 3241 recenset
1938 3184 2074 3240 inter

2192 3220 2289 3260 non
2318 3204 2445 3260 nulli
2476 3205 2602 3260 moti
2642 3204 2792 3259 illum
2823 3199 2889 3257 ad
2923 3217 3202 3263 romanum
3233 3203 3539 3275 pontiﬁcem
3568 3202 3791 3261 detule-

550 3367 634 3439 (l)
672 3364 889 3422 Vidcsis
918 3364 1197 3439 observat.
1210 3362 1371 3439 ⁸Ριιςξί
1398 3362 1449 3439 in
1477 3360 1658 3439 Critic.
1691 3363 1759 3418 ad
1781 3377 1926 3439 ann,
1944 3364 2074 3439 27l,

476 3453 533 3497 rt.
559 3432 597 3494 Ξ
618 3432 677 3495 et
703 3453 895 3507 seqq.;
924 3446 978 3490 et
1003 3437 1141 3506 apud
1181 3432 1380 3503 Mansi,
1428 3437 1480 3489 in
1521 3433 1734 3490 Collect.
1769 3432 2070 3505 Concitior.,

439 3574 447 3581 ,
476 3522 617 3589 toni.
640 3524 839 3589 I,_pag._
866 3507 1005 3564 1091
1033 3517 1089 3589 et
1116 3522 1269 3589 seqq:

549 3583 628 3709 (ᾗ
685 3577 917 3638 Ortinino
957 3588 1137 3634 autem
1196 3577 1332 3633 nihil
1378 3578 1721 3646 exposcimus
1773 3580 1919 3644 novi,
1979 3580 2074 3635 sed

552 3670 584 3709 ο
649 3662 702 3709 et
738 3652 950 3708 caeteris
990 3652 1119 3706 olim
1148 3650 1320 3706 beatis
1340 3664 1403 3704 ac
1431 3650 1540 3703 Deo
1569 3649 1780 3705 dilectis
1805 3651 1934 3707 viris
1967 3653 2074 3707 usi-

476 3649 619 3728 quod
649 3662 702 3710 et
738 3652 950 3728 caeteris
990 3652 1119 3706 olim
1148 3650 1320 3728 beatis
1340 3664 1403 3704 ac
1431 3650 1540 3728 Deo
1569 3649 1934 3728 dilectis‘viris
1967 3653 2078 3728 usi-

477 3720 645 3783 t'atum
688 3733 744 3780 et
788 3722 1059 3794 praecipue
1086 3723 1239 3777 vobis
1289 3720 1562 3793 (romanis
1614 3721 1978 3794 pontiﬁcibus,
2002 3722 2074 3779 ita

476 3799 784 3868 Damasium
811 3793 1010 3868 papam)
1046 3793 1336 3868 alloquitur
1374 3793 1883 3868 sanctus__Basi|ius)
1916 3794 2077 3868 Novi-

478 3883 599 3926 mus
643 3867 787 3924 enim
813 3863 1052 3923 ex‘scrie
1083 3863 1386 3929 memoriae,
1419 3880 1449 3919 a
1481 3863 1719 3934 patribus
1760 3863 1959 3920 nostris
1990 3868 2075 3921 in-

479 3940 788 4024 terrogatis,
809 3947 867 3994 et
895 3938 1091 4024 litteris
1125 3937 1421 4020 etiamnum
1449 3936 1611 4024 apud
1654 3951 1751 4020 nos
1780 3939 2076 4022 asservatis

479 4008 677 4078 edocti,
703 4010 1031 4083 Dionysium,
1051 4008 1419 4083 beatitas-imum
1449 4008 1601 4083 illum
1629 4010 1965 4083 episcopum,
1984 4011 2074 4082 qui

476 4086 617 4156 apud
645 4097 741 4138 vos
769 4092 825 4138 et
845 4080 1000 4156 recta
1033 4081 1165 4148 tide,
1208 4091 1262 4136 et
1293 4081 1513 4152 reliquis
1536 4080 1831 4156 virtutibus
1851 4080 2070 4148 enituit,

477 4151 726 4213 inrisisse
769 4154 1055 4209 ecclesiam
1087 4164 1326 4208 nostram
1370 4151 1748 4209 ciesarieasem
1768 4195 1784 4219 ,
1810 4163 1867 4209 et
1897 4167 2075 4224 patres

479 4240 695 4282 nosnos
724 4240 820 4294 per
843 4225 1416 4298 litterasconsolatmn
1445 4239 1678 4298 esse,_ac
1714 4226 1949 4298 misisse,
1982 4227 2075 4298 qui

478 4299 673 4352 fratres
705 4297 950 4369 captivos
983 4296 1312 4369 redimerem
1342 4294 1429 4369 (δ.
1465 4294 1675 4369 Basiil.,
1711 4295 1810 4369 Ep.
1841 4313 1967 4363 Lxx,
1999 4294 2072 4353 an.

479 4383 637 4434 ccxx,
670 4366 789 4437 pag.
825 4367 965 4432 161.,
992 4368 1115 4423 edit.
1152 4367 1324 4422 Paris.
1352 4366 1700 4437 'Benedictor).
1732 4366 1995 4423 Observat
2023 4370 2073 4424 in

479 4440 625 4496 hunc
647 4439 705 4496 S.
735 4436 918 4495 Basilii
949 4440 1124 4495 locum
1158 4438 1443 4508 perdoctus
1468 4436 1641 4492 editor
1662 4436 1913 4493 Julianus
1943 4438 2077 4495 Gar-

480 4512 616 4577 nier,
641 4510 807 4582 quod,
838 4525 959 4581 qua:
982 4511 1205 4566 Basilius
1223 4509 1291 4582 de
1319 4523 1664 4582 romanorum
1695 4510 2071 4580 episcoporum

480 4583 536 4640 in
580 4579 715 4637 alias
767 4579 1025 4637 ecclesias
1077 4579 1427 4637 beneﬁcentia
1478 4591 1695 4642 narrat.
1751 4579 2073 4639 testimoniis

481 4652 908 4725 coulirmeturiet
937 4654 1175 4725 Dionysii
1217 4651 1616 4708 Corinthiorum
1653 4653 1901 4724 Episcopi
1931 4655 2070 4723 apud

481 4726 794 4798 Eusebium,
817 4724 962 4798 Hist.
994 4724 1198 4791 eadem,
1226 4725 1317 4798 lib.
1363 4738 1585 4798 tv,gcap.
1617 4724 1707 4783 25.
1732 4736 1786 4780 et
1831 4727 2071 4798 Dionysii

479 4797 829 4855 Alexandrini
855 4796 945 4853 lib.
980 4812 1088 4864 vn,
1117 4812 1235 4866 cap.
1266 4797 1330 4860 5,
1362 4805 1416 4852 et
1443 4796 1609 4864 ipsius
1635 4797 1796 4851 etiam
1830 4796 2067 4867 Eusebii,

478 4868 571 4941 qui
605 4874 746 4924 nunc
774 4883 980 4941 olorem
1015 4869 1067 4941 in
1100 4878 1367 4941 postrema
1402 4870 2069 4941 persecutioneservatum

479 4938 513 4997 ὁ
538 4941 791 4997 Romanis
822 4939 986 4995 fuisse
1013 4939 1249 4995 declarat
1287 4940 1379 5009 lib.
1403 4954 1477 5005 IV,
1508 4954 1626 5007 cap.
1654 4938 1744 4995 23.
1779 4939 2070 4997 Memorata

480 5020 659 5067 autem
681 5028 711 5066 a
743 5011 937 5067 Basilio
963 5011 1241 5067 calamitas
1272 5011 1373 5066 sub
1396 5009 1638 5066 Gallieno
1660 5012 1885 5082 contigit
1903 5054 1917 5076 ,
1946 5029 2070 5070 cum

480 5083 698 5157 Scythae
721 5083 1132 5157 Cappadociam.
1152 5082 1486 5157 etlinitimas
1506 5083 1749 5157 regiones
1774 5082 2069 5152 vastarent,

483 5153 807 5214 uti'testatur
832 5154 1163 5211 Sozomenus
1185 5154 1258 5210 lib
1306 5169 1364 5220 ιι,
1395 5168 1514 5223 cap.
1545 5153 1598 5210 6.
1618 5157 1790 5226 Atque
1816 5171 1881 5212 ex
1910 5158 2074 5214 tantis

483 5229 641 5301 malis
666 5242 917 5301 maguum
943 5227 1266 5301 hocgbonum
1288 5226 1431 5279 eruit
1463 5233 1620 5292 Deus,
1651 5236 1709 5282 ut
1735 5226 2013 5301 christiani
2042 5244 2074 5285 a

482 5300 729 5357 barbaris
757 5298 970 5355 abducti
1009 5298 1239 5368 victores
1265 5311 1393 5353 suos
1418 5307 1694 5368 caperent.
1725 5308 1779 5355 et
1809 5299 1877 5355 ad
1919 5299 2075 5356 Curi.

480 5382 622 5427 stum
652 5372 1001 5428 adducerent.
1022 5367 1176 5425 Unde
1203 5367 1505 5441 Basilinsﬂin
1538 5369 1705 5441 Epist.
1743 5370 1866 5438 164,
1901 5373 2074 5441 prima

477 5445 692 5514 pietatis
718 5443 924 5499 semina
956 5441 1095 5513 apud
1121 5439 1329 5514 Gothos
1356 5455 1387 5495 e
1411 5437 1749 5511 Cappadocia
1783 5437 2075 5513 pullulasse

478 5512 555 5568 ait
584 5531 744 5582 opera
779 5515 917 5570 beati
954 5512 1289 5584 Eutychetis.

477 5594 493 5643 t
551 5585 630 5656 (ὅ)
654 5588 712 5641 8.
746 5586 977 5642 Basilius
1011 5585 1317 5657 insuperin
1358 5584 1604 5657 libroide
1629 5585 1833 5657 Spiritu
1866 5598 2073 5652 sancto,

479 5655 619 5729 cap.
645 5673 793 5729 satis,
839 5675 891 5714 n.
940 5657 1033 5722 72,
1065 5672 1186 5729 pag.
1221 5655 1313 5719 60,
1349 5655 1481 5729 edit.
1512 5655 1872 5729 Benedictio,
1904 5658 2074 5714 Paris.

478 5727 664 5801 Sancti
693 5728 933 5801 Dionysii
976 5727 1202 5786 Romani
1233 5727 1557 5801 auctoritate
1587 5728 1754 5785 utitur
1778 5728 1846 5784 ad
1872 5729 2077 5787 conﬁr-

480 5796 705 5860 mandas
736 5796 1035 5876 praecipuas
1064 5799 1343 5875 religionis
1367 5800 1648 5863 veritates.

2179 3311 2322 3358 runt.
2378 3300 2663 3374 Dionysius
2717 3316 2847 3358 vero
2898 3300 3176 3357 Romanus
3215 3313 3328 3354 rem
3372 3297 3503 3353 satis
3559 3311 3791 3368 gravem

2179 3398 2353 3466 duxit,
2380 3409 2436 3455 ut
2461 3399 2917 3467 Alexandrinum,
2954 3400 3099 3472 prius
3127 3398 3353 3455 concilio
3384 3397 3597 3465 habito,
3630 3412 3794 3452 com-

2180 3512 2403 3553 monere
2430 3512 2537 3553 non
2565 3496 2828 3554 diﬂ‘erret.

2251 3588 2509 3667 Epistolas
2538 3588 2682 3645 illius
2719 3604 2936 3645 causam
2976 3599 3030 3646 ct
3071 3590 3408 3646 occasionem
3454 3586 3793 3644 Athanasius

2179 3683 2233 3741 in
2261 3683 2495 3755 Epistola
2527 3682 2591 3739 de
2628 3684 2875 3755 sententia
2903 3682 3160 3756 Dionysii,
3205 3700 3261 3738 n.
3306 3683 3406 3749 15,
3455 3680 3683 3753 exponit
3734 3681 3793 3737 in

2180 3778 2323 3834 hunc
2375 3776 2594 3833 modum
2641 3776 2721 3851 (7)
2757 3794 2771 3831 :
2809 3795 2828 3830 ε
2860 3775 2997 3833 Cum
3043 3776 3332 3849 Dionysius
3383 3773 3795 3831 Alexandrinus

2177 3882 2361 3929 contra
2390 3870 2607 3927 Sabellii
2645 3870 2892 3927 lueresim
2923 3869 2991 3925 ad
3022 3870 3345 3926 Ammonem
3380 3879 3434 3925 et
3465 3867 3797 3939 Euphrano-

2177 3983 2294 4024 rem
2322 3965 2499 4023 studio
2529 3965 2805 4038 religionis
2829 3974 3103 4036 permotus
3121 3963 3448 4034 scripsisset,
3467 3961 3691 4034 quidam
3718 3979 3793 4021 ex

2177 4062 2419 4120 Ecclesia
2471 4056 2684 4128 fratres,
2731 4075 2877 4116 same
2925 4058 3143 4131 quidem
3194 4056 3456 4113 doctrina:
3498 4056 3786 4127 homines,

2179 4177 2284 4217 non
2310 4160 2565 4216 sciscitati
2596 4169 2774 4214 tamen
2804 4172 2927 4213 eum
2960 4153 3304 4228 (Dionysium
3325 4151 3794 4224 Alexandrinum)

2177 4269 2280 4324 qua
2307 4254 2374 4310 de
2402 4267 2561 4310 causa
2588 4250 2662 4307 ita
2687 4250 3012 4322 scripsisset,
3042 4248 3268 4305 Romam
3291 4245 3369 4320 (8)
3402 4261 3462 4305 se
3476 4245 3791 4314 contulere,

2252 4438 2329 4511 (ei)
2358 4436 2644 4504 Athanas.,
2674 4435 2845 4508 Epist.
2870 4434 2933 4490 de
2960 4432 3209 4511 Synodis,
3240 4448 3301 4511 ρ.
3336 4432 3427 4500 43,
3456 4430 3793 4511 edit;P;i_ta-

2178 4502 2334 4574 vitice,
2362 4520 2492 4564 tom.
2521 4524 2561 4576 ι,
2588 4502 2733 4580 part.
2760 4524 2820 4572 ll,
2851 4522 2984 4580 pag.
3004 4502 3131 4580 695.
3152 4507 3217 4561 A.
3240 4506 3300 4559 Β.
3321 4521 3334 4571 ;
3352 4503 3549 4561 etedit.
3574 4502 3791 4572 Paris.,

2101 4592 2150 4651 Ι)
2175 4580 2565 4647 Montfaucon.,
2593 4578 2722 4637 tom.
2754 4596 2792 4646 ι,
2821 4594 2949 4651 pag:
2972 4578 3099 4651 767.

2248 4653 2619 4727 (5)_Basnage,
2672 4647 3349 4727 AnnalfﬂolitaEcclesq
3403 4656 3536 4703 tom.
3590 4660 3651 4709 ll,
3715 4648 3795 4705 ad

2174 4720 2455 4791 ann.'259,
2483 4720 2679 4787 nfrut,
2710 4738 2827 4793 pag.
2860 4722 2988 4786 400,
3025 4720 3175 4793 nullo
3221 4720 3388 4793 citato
3429 4727 3647 4793 auctore
3688 4729 3797 4793 aut

2172 4799 2394 4868 antiquo
2419 4788 2769 4853 monumento
2782 4788 2898 4866 'pro
2929 4794 3031 4848 hoc
3054 4791 3193 4848 libro
3227 4790 3461 4863 Dionysii
3493 4790 3555 4845 de
3579 4788 3799 4855 duplici

2174 4868 2397 4925 Haeresi.
2431 4869 2593 4926 Forte
2618 4869 2664 4923 is
2692 4867 2829 4923 liber
2856 4867 2929 4922 nil
2955 4863 3101 4919 aliud
3129 4872 3232 4929 est,
3271 4877 3431 4933 quam
3453 4862 3679 4933 epistola
3713 4862 3794 4919 ad

2176 4942 2489 5013 Dionysium
2521 4937 3051 5013 Alexandrinnm,_in
3080 4952 3184 5013 qua
3211 4933 3483 5013 duplicem
3521 4933 3791 5013 inseresim

2174 5025 2231 5071 ct
2253 5004 2638 5081 tri'theitarum,
2670 5020 2727 5069 et
2766 5009 2986 5068 Sabellii
3011 5004 3311 5064 confutavit
3336 5005 3612 5061 Romanus
3640 5004 3792 5063 Dio-

2173 5100 2724 5237 ny(g;i:AAtlianasius,
2758 5162 2961 5237 lOle,
2993 5147 3790 5237 Qpp.,.edit._l:ai;is.,hl627,

2175 5221 2437 5301 ι)εᾴζὸὅὸ
2474 5238 2529 5301 et
2557 5227 2713 5301 918;,
2740 5236 2799 5301 et
2819 5221 3296 5301 adiuratione,
3331 5221 3489 5285 1777,
3531 5229 3661 5274 tom.
3688 5236 3792 5301 _._.,

2174 5292 2313 5372 part.
2333 5315 2372 5364 ι.
2402 5300 2465 5355 de
2485 5292 2749 5372 Sententia
2764 5297 3019 5372 Dionysii,
3045 5311 3165 5366 pag.
3192 5292 3296 5350 198
3321 5303 3374 5349 et
3395 5307 3571 5364 seqq.,
3596 5307 3648 5348 ιι.
3682 5293 3789 5360 15,

2177 5368 2234 5429 et
2259 5381 2394 5442 part.
2426 5387 2485 5438 ιι,
2518 5388 2571 5426 n.
2606 5371 2711 5437 45,
2744 5386 2863 5442 pag.
2893 5368 3023 5442 605i.
3334 5435 3392 5442 __
3598 5432 3699 5442 Ἀ-
3874 5372 3882 5380 -

2251 5432 2330 5516 (7)
2363 5432 2758 5516 Atlianas.,gde'
2784 5432 2932 5498 S'ent.
2959 5440 3199 5512 Dionys.,
3236 5453 3289 5492 n.
3328 5435 3414 5500 l5,
3444 5450 3563 5507 pag.
3591 5432 3702 5490 198
3729 5445 3796 5493 et

2177 5512 2354 5585 seqq"
2382 5519 2472 5571 cit.
2507 5512 2634 5570 edit.
2662 5514 2845 5571 Patav.

2254 5576 2599 5661 (8')'Snbinde
2626 5586 2797 5661 Julius
2817 5586 2860 5661 l_,
2890 5584 3060 5661 Epist.
3094 5599 3221 5661 1,_n.
3252 5578 3346 5661 22_,
3370 5592 3501 5661 cum
3522 5576 3790 5659 euscbia-

2181 5649 2275 5716 nis‘
2296 5649 2439 5731 quod
2468 5675 2526 5733 se
2558 5659 2726 5715 inscio
2755 5649 3081 5733 Athanasius
3110 5649 3513 5733 alexandrinum
3554 5649 3793 5733 episeo-

2183 5718 2327 5803 pum'
2357 5732 2791 5803 condemnasset.
2816 5727 3187 5803 AeXpostulavit
3233 5722 3316 5778 his
3337 5719 3534 5803 .verbis
3561 5718 3631 5773 ί(
3660 5718 3794 5803 girl:

2182 5791 2363 5862 autem
2428 5803 2497 5862 de
2551 5791 2917 5862 alexandrina-
2950 5798 3179 5857 ecclesia
3240 5792 3579 5867 potissimum
3633 5791 3791 5855 nihil
