3994 6318
238 281 345 341 105

1141 278 1231 339 DE
1264 277 1537 340 SANCTO
1567 275 1884 338 DIONYSIO
1923 273 2207 334 ROMANO
2246 272 2635 361 PONTIFICE.
2690 270 2699 277 ’

3456 280 3559 340 106

233 399 502 469 illumque
560 398 704 471 apud
763 397 1136 471 cognominem
1185 399 1496 473 Dionysium
1536 397 1837 455 Romanum
1865 393 2156 460 Avidetur
2203 393 2420 450 Baronii
2467 393 2760 452 sententia.
2801 393 2985 453 Primo
3029 396 3173 455 enim
3222 395 3556 458 Athanasius

238 494 570 566 Episcopum
600 502 942 558 accusarunt,
973 512 994 548 ι
1021 492 1163 565 quod
1190 492 1442 549 nimirum
1466 534 1484 558 ,
1512 502 1568 548 ut
1604 501 1660 549 et
1684 488 1855 547 Atha-

236 588 458 652 nasius,
509 585 641 643 ibid.
671 602 821 643 num.
871 586 929 654 4,
959 585 1174 659 prodit,
1208 587 1261 642 in
1285 585 1539 658 prmdicta
1571 583 1810 655 Epistola
1832 624 1847 653 ,

234 694 295 738 ιι.
328 682 388 748 ι,
419 679 687 737 dixisset:
719 699 738 735 ι
761 679 909 752 Opus
933 689 989 736 et
1013 695 1127 737 rem
1157 678 1352 737 factam
1374 693 1496 735 esse
1517 677 1708 733 Filiqu
1734 676 1848 747 Dei,

233 789 347 832 non
379 781 573 830 natura
599 774 901 847 proprium,
928 773 1025 830 sed
1053 773 1288 830 alienum
1316 788 1346 828 a
1368 772 1528 829 Patre
1554 769 1850 828 secundum

232 868 622 933 substantiam,
677 866 851 940 qualis
904 876 989 924 est
1034 867 1273 939 agricola
1317 881 1348 922 a
1376 866 1484 923 vite
1508 906 1524 931 ,
1559 875 1615 921 et
1638 863 1791 921 faber
1819 878 1851 919 a

231 960 440 1029 scapha
461 980 476 1019 :
499 960 704 1017 etenim
725 976 846 1017 cum
874 960 946 1016 sit
961 975 1050 1017 res
1078 959 1238 1027 facta,
1264 974 1370 1016 non
1393 967 1532 1025 erat,
1561 967 1849 1029 antequam

230 1054 415 1112 ﬁeret.
445 1054 656 1123 Quibus
683 1053 880 1111 auditis
910 1073 957 1121 ι,
1005 1054 1178 1125 inquit
1209 1053 1556 1122 Athanasius,
1587 1067 1735 1107 num.
1758 1049 1847 1118 l5,

239 1167 261 1204 ι
297 1149 590 1224 Dionysius
636 1150 823 1207 Roma:
867 1148 1157 1221 episcopus
1198 1149 1419 1218 scripsit
1445 1145 1545 1223 (l).
1578 1158 1628 1204 et
1660 1154 1850 1203 contra

232 1245 464 1303 Sabellii
510 1256 834 1314 sectatores,
891 1253 945 1302 et
992 1253 1183 1302 coatra
1228 1258 1343 1312 eos,
1374 1243 1463 1316 qui
1504 1242 1624 1314 ejus
1668 1250 1853 1299 essent

235 1342 535 1398 sententia:
588 1340 769 1417 (cujus
822 1341 1110 1414 Dionysius
1162 1338 1559 1397 Alexandrinus
1613 1347 1851 1395 assertor

232 1435 579 1508 putabatur).
633 1445 689 1493 et
719 1454 734 1492 :
763 1434 845 1493 Ob
887 1450 1047 1508 quam
1076 1433 1237 1490 Arius
1270 1442 1456 1506 postea
1507 1432 1576 1489 ab
1609 1430 1849 1488 Ecclesia

227 1529 446 1600 ejectus
468 1538 573 1585 est.
598 1526 830 1600 Scripsit
856 1527 941 1601 (ἢ)
981 1543 1198 1599 quoque
1238 1526 1305 1583 ad
1351 1526 1665 1599 Dionysium
1701 1524 1850 1599 (Ale-

228 1621 591 1690 xandrinum)
623 1619 863 1689 litteras,
892 1628 951 1676 ut
976 1620 1293 1691 explanaret
1319 1634 1402 1685 ea,
1449 1618 1519 1675 de
1558 1618 1753 1690 quibus
1780 1619 1850 1675 ab

230 1714 348 1770 illis
401 1713 686 1787 (lratrihus
730 1728 894 1785 supra
942 1712 1280 1787 memoratis)
1311 1723 1592 1769 accusatus
1614 1715 1842 1768 luerat.»

1956 486 2198 560 Dionysii
2255 486 2487 543 Romani
2538 498 2729 544 contra
2777 488 3108 546 sabellianos
3148 505 3288 560 Opus
3331 491 3567 565 simplici

1955 580 2121 637 verbo
2150 580 2343 657 ἐγράψε
2386 579 2671 652 designat;
2713 596 2777 639 ac
2812 581 2938 638 inde
2967 582 3191 655 adjicit:
3224 586 3481 644 ἐπέστειλε
3513 585 3569 644 δὲ

1954 677 2042 733 καί
2077 677 2322 749 Διονυσίῳ
2355 692 2372 730 :
2404 676 2495 733 ubi
2541 677 2822 749 particula:
2864 676 2920 734 δὲ
2960 680 3047 736 καί
3082 678 3396 735 distinctum
3437 681 3567 752 quid

1953 777 2143 826 notant
2162 813 2177 839 ,
2225 770 2451 826 verbum
2483 772 2773 835 ἐπέστειλε,
2803 771 3091 842 Epistolam
3116 776 3319 847 scripsit
3349 778 3568 847 pro’prie

1954 873 2133 930 sonat,
2155 878 2219 919 ac
2231 863 2474 935 subjecta
2496 879 2603 922 vox
2621 869 2889 940 Διονυσίῳ,
2910 867 2996 923 cui
3016 867 3276 940 inscripta
3300 880 3419 927 erat
3434 869 3569 943 Epi~

1954 956 2088 1012 stola
2131 956 2247 1024 illa,
2279 956 2503 1014 indicat.
2540 957 2659 1029 Ipsa
2687 958 2854 1016 etiam
2888 959 3073 1016 decori
3105 960 3267 1027 ratio,
3312 962 3479 1020 immo
3509 971 3569 1021 et

1953 1049 2181 1121 :equitas
2213 1051 2542 1122 postulabat,
2575 1061 2635 1107 ut
2661 1067 2922 1109 romanus
2961 1052 3205 1124 pontifex
3232 1064 3392 1111 tantae
3419 1056 3568 1113 sedis

1953 1144 2205 1215 antistiti,
2244 1146 2422 1218 qualis
2445 1155 2566 1203 erat
2591 1146 3001 1214 alexandrinus,
3036 1150 3169 1206 tanti
3202 1150 3398 1217 meriti,
3434 1159 3570 1208 tam-

1953 1254 2059 1310 que
2085 1253 2234 1296 areta
2265 1255 2387 1296 cum
2410 1243 2652 1300 romanis
2676 1243 3000 1313 praesulibus
3028 1244 3264 1301 amicitia
3291 1245 3566 1317 devincto,

1952 1334 2128 1404 qualis
2158 1344 2279 1390 erat
2313 1335 2634 1409 Dionysius,
2669 1352 2765 1404 ca,
2799 1354 2919 1410 quae
2959 1339 3218 1397 adversus
3248 1341 3397 1397 illum
3426 1341 3572 1399 dicta

1954 1425 2202 1496 fuerant,
2231 1438 2287 1486 et
2317 1446 2438 1502 qua:
2467 1430 2537 1487 de
2574 1430 2641 1486 iis
2684 1441 2832 1489 esset
2860 1436 3126 1491 sententia
3167 1450 3425 1503 romana,
3459 1437 3570 1507 pri-

1954 1520 2095 1575 vatis
2118 1521 2348 1589 litteris,
2383 1539 2491 1580 non
2522 1524 2741 1595 publico
2768 1525 2975 1597 scripto
2999 1538 3124 1584 nota
3162 1527 3388 1586 faceret.
3417 1529 3567 1586 Prte-

1953 1623 2105 1672 terea
2130 1617 2422 1690 Dionysius
2443 1618 2724 1677 Romanus
2750 1622 2800 1677 in
2830 1638 2996 1693 opere
3017 1635 3206 1680 contra
3238 1625 3568 1683 sabellianos
3668 1672 3675 1679 _

1955 1724 2061 1766 nou
2101 1727 2264 1767 unum
2305 1713 2637 1785 singularem
2681 1716 3027 1786 episcopum,
3068 1717 3163 1774 sed
3209 1718 3391 1789 plures
3421 1719 3565 1775 allo-

230 1805 315 1864 Dc
344 1786 539 1865 iisdem
580 1808 777 1865 litteris
805 1809 950 1866 idem
972 1786 1325 1879 Athanasius,
1356 1808 1449 1865 lib.
1483 1808 1552 1864 de
1580 1808 1843 1880 Synodis,
1874 1786 1923 1847 B
1949 1802 2150 1874 quitur.
2197 1804 2439 1877 Denique
2485 1810 2537 1862 iu
2591 1807 2908 1883 Dionysium
2957 1825 3051 1867 seu
3091 1786 3427 1879 Romanum,
3471 1828 3571 1872 seu

228 1917 290 1958 n.
318 1901 430 1970 43,
474 1904 591 1959 haec
637 1904 915 1960 memoria:
960 1902 1365 1960 commendavit
1394 1920 1407 1958 :
1438 1920 1459 1955 ι
1486 1900 1624 1958 Cum
1667 1910 1849 1957 autem

231 1996 462 2068 quidam
508 1996 576 2053 ad
627 1996 929 2054 Romanum
984 1996 1314 2068 Episcopum
1365 1996 1436 2053 de
1482 1996 1852 2054 Alexandrino

232 2091 588 2157 detulissent,
638 2092 784 2164 quod
838 2092 1031 2149 Filium
1079 2107 1192 2149 rem
1237 2091 1430 2149 factam
1477 2101 1530 2148 et
1565 2091 1710 2148 Patri
1741 2106 1848 2147 non

228 2184 754 2241 consubstantialem
798 2185 1132 2254 afﬁrmaret,
1188 2185 1431 2243 Romana
1474 2184 1726 2259 Synodus
1767 2184 1847 2258 (5)

231 2296 357 2337 rem
384 2280 603 2352 indigne
630 2281 784 2349 tulit;
825 2281 1101 2340 Romanus
1142 2290 1324 2339 autem
1371 2281 1671 2353 Episcopus
1709 2283 1846 2340 scri-

232 2377 347 2445 ptis
374 2376 442 2430 ad
470 2378 848 2449 cognominem
873 2393 1029 2434 suum
1060 2378 1272 2446 litteris,
1297 2381 1537 2435 omnium
1562 2381 1652 2451 (ea
1674 2378 1743 2434 de
1760 2376 1845 2448 re)

229 2469 567 2525 sententiam
596 2482 780 2527 notam
804 2470 855 2528 ei
886 2472 1029 2528 l'ecit.
1064 2492 1084 2526 ι

311 2560 673 2619 Athanasium
696 2564 848 2620 verba
873 2566 1256 2636 expenduntur.
1292 2565 1473 2623 Potior
1502 2566 1716 2624 Baronii
1734 2584 1849 2624 sen-

240 2656 407 2713 tentia
445 2656 807 2732 distinguentis
845 2661 1090 2733 scriptum
1131 2659 1369 2735 Dionysii
1408 2663 1630 2720 Romani
1667 2674 1849 2720 contra

235 2750 530 2807 Sabellicus
559 2753 623 2809 ab
651 2754 881 2825 ejusdem
920 2754 1155 2827 Epistola
1195 2755 1449 2830 Dionysio
1492 2759 1848 2815 Alexandrino

233 2844 511 2916 inscripta.
537 2875 609 2886 —
652 2845 922 2919 Scriptum
974 2847 1110 2904 illud
1154 2848 1309 2921 cujus
1354 2848 1535 2921 priore
1576 2850 1698 2906 loco
1728 2866 1845 2908 me-

232 2938 400 2995 minit
430 2938 793 3008 Athanasius,
822 2940 892 2998 ab
930 2942 1168 3013 Epistola
1198 2943 1266 3001 ad
1306 2944 1651 3017 Dionysium,
1683 2961 1845 3018 quam

233 3035 438 3093 exinde
466 3036 558 3093 ille
584 3047 885 3104 memorat,
927 3038 1364 3112 distinguendum
1411 3057 1535 3098 esse
1579 3041 1846 3098 Baronius

230 3138 430 3188 censet
460 3150 475 3188 :
507 3132 601 3188 alii
627 3131 696 3190 de
721 3132 823 3190 hac
848 3149 908 3190 re
928 3132 1175 3190 dubitant
1198 3131 1303 3208 (4).
1337 3134 1444 3193 Sed
1475 3136 1654 3208 potior
1683 3134 1842 3191 nobis

228 3265 502 3339 scriptum
524 3267 639 3324 est?
662 3270 741 3324 An
773 3267 1030 3339 ignoratis
1056 3267 1196 3325 hanc
1223 3284 1345 3326 esse
1369 3269 1840 3337 consuetudinem,

226 3354 295 3413 ac
331 3338 566 3408 primum
586 3338 865 3413 scribatur
894 3342 1069 3410 nobis,
1105 3353 1159 3397 et
1192 3342 1317 3398 hinc
1348 3342 1490 3413 quod
1527 3342 1731 3413 justum
1759 3351 1847 3397 est

224 3408 628 3484 decernatur?»
665 3412 802 3484 Haec,
834 3424 1014 3468 autem
1052 3408 1390 3469 consuetudo
1444 3408 1569 3468 num
1604 3414 1843 3484 Dionysii

227 3483 578 3555 temporibus
601 3483 874 3555 antiquior
896 3485 988 3551 sit,
1012 3485 1354 3555 ignoramus;
1387 3485 1472 3541 hic
1498 3496 1647 3541 certe
1672 3483 1841 3540 Atha-

224 3554 429 3627 nasius
481 3554 814 3627 alexandrini
863 3554 1100 3627 episcopi
1152 3556 1425 3613 delatores
1476 3572 1584 3613 non
1637 3557 1838 3625 culpat,

221 3623 384 3698 quod
412 3639 608 3698 nomen
634 3626 755 3698 ejus
778 3627 847 3682 ad
878 3623 1158 3683 romanum
1189 3628 1499 3697 pontiﬁcem
1524 3623 1840 3698 detulerint,

222 3695 327 3769 sed
360 3695 511 3769 quod
537 3695 681 3767 prius
704 3715 826 3769 quze
850 3715 976 3757 vera
1003 3708 1149 3756 esset
1179 3695 1323 3756 illius
1357 3703 1627 3758 sententia
1654 3695 1843 3758 scisci-

224 3768 333 3823 tari
368 3768 756 3826 neglexissent.

299 3840 391 3924 (μ)
422 3837 606 3895 (ἓι-πιεκι
624 3844 888 3924 incientis
915 3842 971 3901 δὲ
986 3848 1354 3924 ,κ-αὶᾈιονυσιῷ
1382 3844 1609 3924 dubitasti
1628 3852 1750 3924 περὶ
1773 3843 1841 3903 ὧν

218 3912 475 3987 εἰρήκασι
524 3914 636 3987 κατ’
691 3917 885 3987 ᾳύτοῦς
948 3917 1035 3972 ubi
1091 3912 1410 3975 l’earsonius
1459 3912 1706 3980 δηλῶσαί
1746 3934 1842 3987 pro

216 3980 503 4063 ὄφλῶσξι,
533 3985 816 4063 legendum
857 3980 981 4063 esse
1014 3987 1323 4063 coniectat;
1357 3991 1602 4060 adeoque
1649 3980 1843 4063 Diony-

212 4053 372 4138 sium
408 4052 1461 4138 Rotuanuttt__Alexaudrinoscripsisse,
1499 4052 1557 4118 ut
1596 4077 1715 4138 quae
1742 4052 1840 4118 ad-

215 4136 439 4208 versus
475 4129 649 4208 ipsum
690 4129 832 4185 dicta
887 4131 1128 4208 fuerant,
1156 4129 1378 4208 nota_ei
1415 4129 1634 4208 laceret.
1667 4135 1735 4191 Et
1778 4150 1841 4191 ea

208 4196 454 4267 quidem
497 4200 806 4269 conjectura
851 4219 975 4259 cum
1033 4196 1309 4262 Athanasii
1359 4206 1669 4263 narratione
1710 4208 1843 4263 satis

205 4270 498 4351 ερὴκτιξι,
531 4286 704 4351 eoque
736 4275 863 4351 veri
884 4277 1097 4332 videtur
1121 4277 1369 4351 similior,
1396 4278 1540 4351 quod
1562 4278 1843 4349 ignorabat

210 4338 531 4421 Di-mysius
578 4338 1006 4421 Al_ex:indrittus,
1052 4364 1173 4420 quas
1201 4338 1488 4406 adversdm
1532 4338 1611 4407 se"
1636 4351 1842 4421 prolata

206 4420 447 4491 essent.
476 4428 577 4470 nec
600 4416 833 4491 aliunde,
850 4422 952 4473 nisi
980 4416 1196 4490 scriptis
1220 4437 1287 4477 ex
1316 4423 1452 4478 urbe
1479 4416 1655 4477 missis
1678 4438 1842 4477 com-—

207 4488 421 4612 mre
451 4491 690 4564 .l’oterat.
728 4488 838 4545 Sed
871 4491 999 4562 quia
1037 4488 1144 4548 nou
1182 4494 1287 4548 alia
1324 4494 1394 4550 de
1434 4509 1593 4550 causa
1631 4495 1842 4550 curavit

258 4555 277 4567 ’
346 4567 534 4612 ιῖἀιιιε
565 4553 840 4611 Romanus
866 4562 1264 4612 Alexandrini)-
1299 4581 1422 4612 num
1449 4575 1639 4612 mnum
1665 4566 1839 4612 insum

258 4553 534 4637 sousyiius
565 4553 840 4637 Romanus
866 4553 1266 4628 Alexandrino,
1299 4581 1422 4637 quae
1449 4575 1640 4622 contra
1665 4566 1839 4634 ipsum

204 4622 390 4683 dicti
420 4622 670 4691 fuerant.
719 4628 989 4706 iudicnre,
1039 4637 1141 4706 nisi
1168 4646 1229 4685 ut
1256 4622 1491 4706 is'suaut
1537 4622 1702 4706 super
1734 4639 1842 4693 illis

202 4710 482 4773 mentem
508 4712 573 4773 a_c
596 4698 917 4773 sententiam
955 4702 1282 4770 explicaret,
1318 4704 1454 4758 nihil
1493 4718 1578 4760 cat
1610 4698 1842 4773 'periculi

200 4768 505 4846 munis
524 4768 821 4846 lectionem
858 4772 979 4846 quis
1009 4768 1284 4846 sequatur.
1319 4774 1517 4831 Verum
1545 4768 1687 4846 quod
1721 4777 1843 4832 Dio—

198 4841 431 4916 nysins
474 4843 868 4916 Alexandrinus
896 4841 1101 4900 exinde
1142 4847 1385 4916 praestitit
1406 4887 1422 4913 ,
1460 4862 1523 4902 ea
1544 4841 1711 4916 {qua}
1741 4850 1842 4904 sibi

196 4912 457 4991 objecta
484 4912 693 4991 [tremant
719 4914 956 4986 diluens,
991 4912 1260 4989 vulgatam
1288 4912 1577 4975 lcetionem
1608 4912 1842 4991 quodam

192 4984 395 5044 modo
428 4987 740 5043 conﬁrmat.

286 5053 713 5136 (ελέιιωιειςη
739 5059 823 5114 lib.
857 5060 922 5116 de
940 5060 1168 5135 Synod.,
1189 5079 1243 5120 η.
1266 5060 1360 5130 45,
1392 5071 1537 5123 tomo
1559 5081 1596 5135 ι,
1622 5072 1760 5136 part.
1783 5082 1843 5134 tt,

1956 1895 2381 1954 Alexandrinum
2429 1900 2652 1956 minime
2700 1903 2960 1959 convenit
3006 1904 3234 1962 subuexi
3285 1905 3575 1979 fragmenti

1955 1989 2345 2071 exordiumniu
2373 2008 2479 2063 quo
2515 1993 2803 2066 Dionysius
2833 1995 3109 2053 Romanus
3133 2007 3242 2055 tres
3277 1998 3516 2056 Deitates
3537 2016 3571 2055 a

1953 2082 2280 2153 quihusdam
2310 2084 2489 2141 induci
2517 2086 2797 2158 praefatus,
2821 2090 3002 2145 Statim
3030 2090 3271 2162 adjuugit
3298 2111 3311 2147 :
3342 2110 3361 2144 ι
3392 2093 3570 2149 Audio

1954 2175 2100 2231 enim
2130 2176 2393 2247 quosdam
2413 2221 2426 2241 ,
2458 2179 2549 2250 qui
2579 2180 2826 2236 divinum
2857 2180 3093 2238 Verbum
3124 2183 3267 2254 apud
3297 2199 3394 2240 vos
3425 2201 3568 2256 prac-

1953 2267 2165 2334 dicaut,
2198 2279 2253 2326 et
2281 2269 2511 2339 docent,
2548 2272 2709 2344 hujus
2736 2275 3009 2347 opinionis
3037 2279 3325 2349 magiStros
3353 2292 3497 2335 esse.
3540 2298 3562 2334 ι

1951 2361 2068 2418 Non
2096 2364 2240 2420 enim
2275 2364 2320 2420 is
2348 2366 2584 2422 amicum
2615 2368 2766 2440 vagis
2795 2384 2858 2424 ac
2883 2370 3230 2442 generalibus
3258 2372 3570 2444 hujusmodi

1954 2455 2134 2512 verbis
2170 2459 2456 2531 arguebat,
2487 2460 2582 2515 sed
2620 2461 2889 2533 speciales
2924 2464 3023 2535 ipsi
3057 2465 3307 2521 mittebat
3339 2476 3565 2523 senten-

1953 2548 2056 2606 tias
2082 2564 2149 2606 ex
2173 2551 2394 2622 scriptis
2424 2551 2569 2609 illius
2598 2567 2908 2627 excerptas,
2937 2568 2993 2614 et
3023 2567 3083 2614 ut
3110 2573 3206 2616 eas
3227 2560 3568 2632 explanaret,

1950 2644 2298 2701 admouebat.

2023 2738 2275 2810 Epistola:
2291 2756 2326 2796 ιι
2344 2738 2392 2815 (l
2405 2740 2448 2815 ),
2466 2759 2554 2799 seu
2585 2744 2755 2817 aperis
2772 2743 3010 2818 Dionysii
3023 2763 3174 2818 papa
3192 2748 3435 2806 adversus
3456 2750 3561 2807 Sa-

1950 2832 2200 2889 bellianos
2255 2831 2563 2905 Fragmenti
2607 2837 2807 2893 notitia.
2840 2868 2910 2878 —-
2945 2837 3160 2911 Insigne
3204 2840 3565 2913 fragmentum

1951 2925 2213 2998 Epistola:
2278 2938 2465 2985 contra
2530 2928 2856 2987 sabellianos
2911 2946 2943 2987 a
2998 2931 3255 3005 Dionysio
3320 2934 3567 2993 Romano

1948 3031 2183 3078 exarata:
2221 3021 2482 3079 debemus
2531 3024 2863 3092 Athanasio,
2898 3039 2927 3080 a
2968 3040 3076 3096 quo
3114 3026 3169 3081 iu
3218 3026 3461 3097 Epistola
3492 3028 3563 3087 de

1951 3116 2197 3175 Decretis
2228 3118 2450 3174 nictcna:
2496 3118 2688 3191 synodi
2732 3118 2883 3174 nutit.
2909 3117 3001 3187 26,
3035 3120 3114 3177 sic
3155 3120 3406 3176 laudatur
3436 3120 3517 3195 (2)
3547 3139 3564 3177 :
3654 3198 3659 3201 ἓ

1874 3200 1923 3266 C
1961 3229 1981 3264 ι
2017 3212 2303 3285 Dionysius
2322 3226 2539 3283 quoque
2564 3210 2752 3269 Roma:
2771 3212 3076 3284 Episcopus
3104 3213 3348 3270 scribens
3373 3225 3563 3270 comra

1947 3304 2296 3370 sabelliauos,
2329 3305 2594 3361 adversus
2627 3304 2768 3369 illos,
2804 3305 2896 3373 qui
2930 3304 3127 3360 talia...
3163 3304 3394 3378 (scilicet
3423 3307 3563 3365 Ver-

1949 3398 2074 3455 bum
2105 3398 2301 3455 factum
2349 3408 2406 3454 et
2447 3407 2693 3454 creatum
2723 3397 2868 3471 esse)
2910 3398 3111 3453 audent
3152 3398 3369 3468 dicere,
3423 3400 3565 3457 indi-

1944 3501 2141 3566 gnatur
2189 3492 2273 3548 his
2314 3492 2512 3548 verbis.
2559 3512 2578 3544 ι
2614 3491 2694 3546 Ex
2739 3506 2809 3548 eo
2858 3506 3026 3563 opere
3074 3504 3392 3563 excerptum
3441 3504 3562 3561 est,

1944 3588 2088 3659 quod
2114 3587 2254 3642 idem
2278 3587 2623 3651 Athanasius,
2651 3586 2881 3655 epistola
2906 3586 2977 3642 de
3005 3589 3274 3643 sententia
3300 3588 3562 3660 Dionysii,

1945 3696 2093 3737 num.
2126 3680 2215 3747 15,
2244 3690 2432 3735 contra
2462 3677 2831 3744 sabelliauos,
2870 3689 2926 3735 et
2954 3694 3082 3745 eos,
3114 3680 3204 3750 qui
3235 3679 3355 3751 ejus
3377 3689 3563 3738 essent

1945 3774 2252 3836 sententias,
2283 3771 2354 3828 oh
2381 3787 2541 3843 quam
2568 3771 2736 3827 Arius
2765 3771 2833 3827 ab
2861 3771 3104 3827 Ecclesia
3137 3780 3323 3844 postea
3355 3773 3563 3844 ejectus

1945 3877 2062 3935 est,
2114 3869 2379 3937 scriptum
2429 3864 2595 3933 dicit,
2643 3864 2896 3937 quodque
2935 3865 3004 3921 ab
3046 3866 3273 3937 epistola
3317 3866 3561 3937 ejusdem

1946 3961 2216 4033 pontilicis
2242 3960 2310 4017 ad
2342 3959 2658 4032 Dionysium
2706 3958 3135 4015 Alexandrinum
3184 3958 3346 4015 simul
3392 3959 3559 4015 missa

1945 4055 2391 4127 distinguendum
2440 4069 2598 4120 esse,
2647 4054 2701 4109 in
2741 4054 3040 4125 superioris
3089 4054 3337 4125 epistola:
3375 4053 3563 4110 notitia

1945 4149 2317 4221 probavimus.
2368 4147 2427 4203 In
2488 4146 2594 4202 hoc
2650 4160 2817 4216 opere
2866 4146 3153 4219 Dionysius
3199 4145 3559 4202 tritheitarum

1944 4243 2171 4313 dogma.
2219 4240 2304 4297 cui
2346 4237 2749 4297 Alexandrinus
2799 4239 2995 4310 praesul
3042 4238 3226 4296 favere
3257 4238 3557 4308 videbatur,

1944 4336 2018 4392 ita
2067 4334 2300 4403 refellit,
2335 4343 2474 4391 utet
2519 4333 2941 4390 sabellianorum
2992 4333 3349 4399 sententiam,
3397 4348 3560 4406 quam

1945 4428 2292 4500 impnguabat
2347 4426 2488 4483 idem
2546 4426 2820 4488 Antistes,
2865 4425 3028 4481 simul
3079 4426 3341 4483 cunl‘utet.
3376 4426 3562 4499 anue

1944 4521 2138 4593 agendi
2182 4520 2390 4577 ratione
2429 4519 2813 4576 defensoribus
2852 4518 3113 4575 Ecclesiae
3155 4535 3350 4591 magno
3390 4520 3561 4576 docu-

1863 4608 1921 4671 D
1949 4624 2132 4671 mento
2177 4614 2309 4678 fuit,
2343 4627 2452 4684 quo
2495 4622 2686 4669 contra
2730 4611 2971 4668 ha-reses
3017 4628 3080 4667 ca
3131 4611 3411 4681 prudentia
3456 4610 3561 4668 sibi

1947 4705 2361 4770 decertandum,
2393 4717 2515 4760 esse
2545 4701 2768 4768 scirent,
2798 4711 2855 4757 ut
2877 4712 2931 4757 et
2959 4701 3235 4772 oppositas
3261 4718 3367 4758 nou
3397 4702 3560 4759 modo

1949 4809 2235 4866 caverent,
2268 4813 2454 4856 verum
2485 4798 2647 4853 etiam
2674 4798 2834 4853 simul
2861 4798 3215 4855 debellat-ent.
3249 4798 3562 4872 Fragmenti

1950 4891 2113 4963 hujus
2159 4892 2333 4964 stylus
2371 4892 2657 4962 epistolam
2690 4891 2860 4959 sapit,
2894 4900 3150 4947 tractatus
3188 4907 3252 4948 ac
3290 4892 3562 4966 discepta-

1952 4986 2115 5042 tionis
2157 4986 2375 5043 fusioris
2415 4998 2567 5041 more
2603 4984 2997 5055 conscriptam,
3042 4984 3229 5056 quales
3279 4985 3563 5058 Dionysius

1951 5080 2354 5138 Alexandrinus
2386 5079 2628 5135 scribens
2659 5077 2726 5133 ad
2755 5077 3007 5151 Xystum,
3061 5079 3226 5136 fuisse
3255 5079 3416 5135 docet
3442 5079 3559 5150 epi-

1948 5175 2148 5240 stolas,
2202 5187 2336 5246 quas
2378 5172 2639 5228 adversus
2690 5180 3001 5226 nascentem
3048 5171 3276 5228 Sabellii
3308 5171 3557 5226 lustres-im

328 5126 524 5200 (θρε.
552 5129 684 5185 edit.
718 5141 896 5200 patav.

328 5169 348 5181 .
380 5142 524 5188 (suo.
552 5142 684 5185 eunt.
718 5142 896 5200 patav.

286 5142 387 5271 ὃ)
420 5198 570 5283 {line
592 5204 1257 5283 omnprol_tatttr_haCIentts
1277 5218 1535 5283 constans
1562 5225 1714 5276 usus,
1739 5227 1847 5283 quo

188 5274 460 5354 τοπιξηὶ
488 5274 769 5354 pontiﬁces
810 5277 880 5354 de
917 5278 1078 5354 rebus
1113 5280 1180 5335 ad
1203 5296 1275 5354 se
1316 5281 1511 5339 delatis
1552 5274 1844 5354 nihilvpro-

188 5340 499 5402 nuntiare
519 5345 873 5427 sinesynodo
898 5350 1167 5427 solebant.
1201 5351 1336 5408 Eum
1368 5371 1580 5427 quoque
1613 5340 1842 5425 olorem,

182 5429 343 5545 ﬂ
382 5416 591 5486 synodi
636 5416 853 5476 decreta
909 5424 1128 5478 tttttttiuc
1174 5440 1276 5480 suo
1324 5416 1542 5482 mittere
1601 5442 1664 5483 ac
1719 5416 1847 5484 nota

346 5499 425 5543 re
472 5486 634 5544 iidem
681 5491 962 5545 pontiﬁces
991 5507 1417 5545 cmtsueveranL
1466 5496 1645 5545 [ir-mm
1682 5500 1847 5545 Allia.

322 5499 425 5570 εκ
472 5486 634 5544 iidem
665 5491 976 5570 _poutiﬁces_
991 5507 1419 5570 consueverant.
1466 5496 1645 5554 ﬁrmat
1679 5500 1849 5556 Atha-

182 5562 466 5642 using,
508 5576 632 5642 cum
665 5562 869 5642 litteras
912 5566 978 5642 ad
1018 5568 1426 5642 alesaadriuum
1473 5572 1790 5642 episcopum
1819 5588 1851 5628 e

412 5632 696 5707 Emissa:
711 5637 967 5707 Dionysio
1000 5654 1150 5707 papa:
1174 5641 1456 5696 adscribit.

286 5699 631 5835 (Agvulesis
654 5699 968 5773 Tillemont,
996 5699 1291 5794 didmoires,
1316 5723 1445 5768 tom.
1475 5729 1700 5797 tv,.pag.
1728 5716 1853 5784 HS,

286 5784 321 5826 ι
402 5814 423 5830 .
464 5772 659 5835 υοιιιε.
705 5793 879 5835 naue.
932 5781 1063 5835 édlt.
1117 5784 1384 5835 Bruxell.:
1422 5783 1660 5835 Ceillter-
1714 5786 1849 5835 mn-

1949 5269 2190 5325 miserat.
2232 5266 2324 5321 Vel
2352 5264 2416 5321 ad
2447 5280 2541 5321 eas
2565 5264 2924 5334 Pentapoleos
2953 5264 3211 5321 ecclesias
3231 5306 3244 5326 .
3274 5264 3327 5319 in
3356 5263 3557 5335 quibus

1951 5371 2067 5420 orta
2098 5370 2155 5416 et
2187 5368 2478 5430 propagata
2508 5368 2627 5414 erat
2651 5357 2870 5413 Sabellii
2901 5358 3145 5425 haeresis,
3180 5358 3259 5413 vel
3289 5358 3357 5413 ad
3387 5358 3559 5428 ipsam

1950 5451 2390 5517 alexandrinam,
2438 5450 2527 5505 cui
2575 5460 2806 5521 praeerat
2855 5450 3172 5523 Dionysius,
3221 5451 3305 5506 vel
3347 5451 3412 5506 ad
3440 5452 3561 5523 ejus

2027 5567 2105 5639 (l)
2149 5564 2525 5639 Iimc‘epistola
2556 5563 2606 5639 iu
2630 5572 2811 5639 nostra
2824 5562 3223 5639 editionel'acla
3250 5573 3339 5639 est
3363 5571 3555 5635 prima,

1955 5633 2330 5708 cum'epistola
2353 5652 2471 5708 quae
2495 5638 2664 5705 prima
2690 5636 2926 5708 exhibita
2949 5633 3110 5690 fuerit
3134 5653 3162 5689 a
3199 5638 3259 5691 υ.
3300 5633 3564 5696 Constan-

1962 5713 2058 5779 tio,
2095 5706 2269 5767 iu‘liac
2289 5706 2400 5779 ipsa
2429 5717 2574 5763 extet
2600 5709 2811 5770 nutitta.
2840 5706 3001 5778 hujus
3030 5709 3184 5765 artic.
3214 5725 3250 5765 ιι
3277 5710 3448 5768 initio.

400 5806 423 5841 ;.
464 5772 659 5858 Dentis,
705 5772 1074 5858 pape,_tf.dit.
1117 5772 1384 5852 BruxélL;
1422 5772 1677 5857 Ceilli'er:
1712 5772 1852 5845 Hist:
2031 5772 2114 5858 (ᾖ)
2164 5772 2452 5858 Αιδδίὲἓδξν
2504 5788 2725 5858 ¹9¹¹¹’..¹’
2779 5772 2981 5858 Η²¹Γ¹Ῑ¹ν
3033 5780 3098 5836 de
3148 5780 3351 5838 θεοῖσί·
3408 5782 3558 5856 Νέαν»

184 5842 449 5929 μέν’»
476 5855 612 5913 tom.
643 5842 727 5916 iu',
755 5842 878 5926 pagi
901 5853 1031 5921 527,
1061 5854 1117 5913 in
1149 5867 1264 5915 not.
1296 5842 1383 5915 α.’
1440 5842 1661 5857 ⁷
1716 5842 1725 5843 “
1772 5842 1803 5845 ⁷⁷

1962 5874 2015 5916 u.
2036 5842 2138 5924 ΞΒ,
2165 5867 2285 5925 pag.
2320 5842 2447 5922 I82,
2476 5850 2606 5908 edit.
2637 5842 2929 5907 Patavinae.

696 5943 969 6012 Ριτιιοιι
1013 5941 1096 6013 V.

2147 6039 2189 6046 ﬂ
3104 5946 3142 6015 ῐι
