3994 6318
499 266 604 324 107

1411 259 1504 319 DE
1541 258 1812 322 SANCTO
1850 258 2169 353 DIONYSIO
2193 258 2485 324 ROMANO
2523 257 2910 326 PONTIFICE.
2977 273 2986 292 ‘

3706 261 3810 324 103

496 386 768 442 delatores
809 382 1157 456 probabiliter
1197 381 1362 440 missa
1390 390 1494 439 cst.
1525 381 1606 440 Ad
1638 382 1844 440 initium
1877 383 2096 454 pontift-
2125 381 2365 452 A1008.
2432 381 2660 440 Easdem
2731 379 2983 438 falsitatis
3041 371 3342 437 convictas
3379 377 3564 438 videre
3617 389 3702 438 est
3756 382 3809 438 in

499 490 651 535 catus
675 478 914 550 DItllIY>II
943 493 1044 532 una
1071 491 1192 532 cum
1220 475 1500 545 superiore
1529 475 1742 532 videtur
1779 474 2062 534 referenda
2086 517 2100 541 ,

501 555 688 643 utpote
716 571 800 630 cui
826 569 1166 626 occasionem
1203 568 1353 626 dedit
1397 569 1702 637 accusatio,
1726 585 1883 642 quam
1913 568 2103 623 littera:

504 663 675 737 Xysto
716 679 866 734 papa:
905 663 1084 724 miSsa:
1125 671 1470 734 pepererunt.
1504 661 1776 720 Hactenus
1816 661 2105 741 perdoctus

499 760 563 818 Ρ.
611 759 929 815 Coutantins
974 758 1272 816 monachus
1315 757 1689 816 benediCtinus
1733 773 1764 812 e
1810 771 2104 828 congrega-

499 855 645 909 tione
671 853 729 910 S.
762 852 950 917 Mauri,
989 863 1135 910 tomo
1166 871 1182 910 1
1217 852 1568 928 Epist-alarum
1612 869 1939 910 romanorum
1978 867 2105 924 pan-

498 948 715 1020 ti/icum,
751 964 872 1020 pag.
905 947 1013 1006 272
1033 958 1088 1006 et
1116 965 1270 1022 seqq.

573 1042 842 1100 Editiones
881 1045 1036 1116 hujus
1080 1047 1306 1116 epistola:
1337 1043 1672 1119 Dionysiame
1709 1043 2003 1118 fragmenti.
2034 1071 2104 1084 -ο

498 1137 885 1209 Fragmentum
913 1139 1154 1209 epistola:
1178 1155 1274 1196 seu
1303 1139 1486 1212 operis
1513 1139 1824 1212 ῡίυιιγμίίιιιὶ
1848 1137 2105 1194 adversus

493 1232 822 1292 sabellianos
868 1249 898 1288 a
943 1232 1233 1290 Coutantio
1278 1234 1514 1303 editum,
1562 1232 1856 1303 reimprimi
1899 1229 2107 1288 curavit

493 1326 558 1386 P.
592 1327 794 1394 Mansi,
827 1337 973 1384 tomo
1009 1344 1028 1384 ι
1071 1327 1301 1384 Collect.
1333 1329 1501 1398 ampl.
1533 1327 1814 1383 concilior.
1848 1341 1952 1381 una
1979 1339 2102 1380 cum

493 1423 965 1480 observationibus
991 1423 1339 1480 eruditissimi
1377 1423 1535 1493 hujus
1565 1420 1816 1478 monachi
1846 1419 2102 1476 benedic-

491 1517 610 1582 tini,
643 1533 671 1572 a
707 1534 823 1590 pag.
855 1517 1186 1574 10094016.
1220 1515 1368 1572 Idem
1401 1518 1759 1588 fragmentum
1801 1513 2104 1570 indefessus

493 1610 838 1676 Gallaudius,
875 1620 1021 1668 tomo
1069 1627 1126 1667 ttt
1181 1611 1521 1666 bibliothecae
1565 1626 1676 1665 sua:
1727 1610 1827 1666 SS.
1859 1618 2102 1666 velorum

491 1715 705 1777 patrum
759 1706 1021 1772 inseruit,
1078 1713 1240 1776 atque
1288 1704 1340 1759 iu
1391 1719 1455 1760 eo
1507 1702 1717 1759 edendo
1757 1701 2102 1757 Coutantium

2211 474 2475 531 Blondclli
2526 475 3028 544 Pseudo-lsidoro,
3082 490 3202 547 pag.
3251 474 3381 542 549,
3415 490 3530 548 seq.
3574 486 3628 532 et
3673 475 3814 547 apud

2211 568 2623 637 Schelstratum,
2657 570 2918 641 Attliquil.
2954 569 3235 637 illustrat.,
3268 581 3396 626 tom.
3430 587 3487 626 ιι.

2281 663 2398 718 Alia
2429 681 2583 733 opera
2609 662 2671 719 S.
2704 662 2956 736 Dionysio
2979 663 3112 719 male
3131 663 3489 736 adscripta.—
3513 663 3817 724 Ludovicus

2209 757 2441 816 Jacobus
2471 775 2500 813 a
2527 769 2714 814 sancto
2737 757 2938 816 Carolo
2969 759 3074 831 (l),
3108 759 3254 816 varia
3276 761 3530 831 opuscula
3565 761 3818 833 Dionysio

2210 853 2455 910 Romano
2475 853 2731 910 adscribit
2763 873 2776 908 :
2807 853 3056 910 nimirum
3087 869 3156 909 ex
3183 852 3502 926 fragmentis
3528 851 3821 912 Commen-

2212 950 2309 1006 litii
2340 949 2653 1024 Luitpraudi
2702 950 2977 1006 ticinettsis
3023 951 3208 1006 librum
3256 952 3322 1006 de
3356 950 3474 1007 Situ
3504 950 3690 1018 Orbis;
3719 949 3819 1007 sed

2209 1057 2291 1102 est
2317 1062 2472 1102 error
2503 1047 2636 1106 satis
2669 1045 3006 1114 manifestus,
3036 1045 3252 1117 quando
3273 1046 3375 1117 ipsi
3401 1047 3651 1103 tribuitur
3682 1047 3820 1104 liber

2209 1141 2277 1198 de
2303 1141 2405 1200 situ
2433 1141 2600 1206 orbis,
2633 1156 2755 1197 cum
2790 1152 2902 1197 toto
2931 1141 3071 1198 cwlo
3096 1151 3151 1198 et
3173 1141 3408 1214 majore,
3439 1157 3600 1212 quam
3632 1139 3822 1198 saeculi

2210 1234 2494 1290 intervallo
2515 1233 2727 1290 differat
2752 1234 2820 1290 ab
2840 1234 3097 1306 episcopo
3127 1234 3229 1290 hoc
3256 1233 3509 1306 Dionysio
3534 1233 3822 1307 Dionysius

2209 1327 2519 1399 Periegetcs
2559 1328 2839 1396 etlmicus,
2883 1328 3038 1400 cujus
3078 1343 3296 1384 carmen
3329 1343 3564 1399 grtecum
3609 1327 3822 1398 insigne

2210 1420 2369 1493 hujus
2394 1422 2699 1492 argumenti
2729 1421 3007 1478 habemus.
3041 1420 3298 1479 Similiter
3325 1418 3454 1476 ferri
3483 1437 3588 1475 non
3617 1428 3820 1490 potest,

2209 1517 2351 1586 quod
2402 1516 2471 1572 ab
2519 1517 2712 1574 eodem
2755 1525 2976 1572 auctore
3012 1535 3030 1570 ι
3067 1516 3504 1572 Commentarios
3558 1513 3822 1570 adversus

2207 1610 2420 1664 ariauas
2449 1609 2683 1666 hzereses
2707 1610 2964 1683 Dionysio
2994 1625 3148 1683 papas
3179 1608 3450 1675 tribuitur,
3483 1608 3638 1680 Cujus
3675 1619 3817 1664 temo

2212 1719 2342 1774 pore
2387 1703 2501 1760 Arii
2552 1704 2791 1760 hmretici
2843 1722 3038 1761 nomen
3089 1705 3328 1762 nondum
3387 1714 3503 1762 erat
3553 1704 3819 1772 auditum,

491 1797 558 1854 γ.
591 1799 654 1854 C.
686 1800 788 1855 sibi
831 1798 1167 1870 sequendum
1194 1797 1495 1852 constituit.
1533 1795 1873 1852 Christianus
1914 1792 2104 1849 Fride-
2134 1800 2182 1862 Β
2211 1798 2354 1870 quod
2397 1799 2513 1854 fieri
2564 1800 2793 1870 primum
2825 1802 2984 1873 coepit
3014 1801 3083 1858 ab
3111 1817 3254 1857 anno
3283 1801 3410 1858 5l6.
3456 1800 3643 1873 Neque
3671 1821 3692 1856 ι
3725 1801 3823 1859 ad-

492 1892 636 1950 ricus
682 1893 942 1949 Roslcrns
984 1892 1257 1948 laudatum
1302 1889 1685 1961 Fragmentum
1727 1886 2103 1960 dionysianum

487 2001 663 2059 graece
697 1995 902 2042 tantum
932 1984 1126 2041 additis
1168 1983 1486 2056 quibusdam
1516 1984 1569 2038 in
1597 1981 1884 2039 vernacula
1918 1979 2098 2050 lingua

486 2079 956 2138 observationibus
1004 2095 1070 2135 ex
1128 2077 1405 2133 Athanasii
1457 2076 1684 2148 epistola
1739 2075 1809 2130 de
1863 2071 2103 2128 Decretis

487 2173 683 2247 synodi
732 2173 952 2228 nicaanze
993 2171 1144 2242 juxta
1189 2170 1482 2228 editionem
1528 2166 1911 2225 Montfauconii
1952 2163 2101 2221 Pari—

489 2269 723 2326 siensem
766 2267 834 2323 de
874 2283 1017 2324 anno
1065 2266 1226 2330 I098,
1268 2266 1490 2322 exhibet
1529 2264 1582 2318 in
1631 2279 1725 2319 sua
1772 2259 2102 2318 Bibliotheca

490 2372 622 2418 vett.
653 2371 888 2434 patrum,
921 2371 1070 2432 parte
1101 2376 1159 2425 ll,
1190 2359 1405 2430 Lipsim,
1436 2358 1597 2424 I777,
1628 2356 1790 2424 ino8°,
1823 2371 1941 2426 pag.
1971 2355 2102 2410 581-

493 2457 620 2514 584.
672 2456 911 2528 Denique
956 2454 1260 2511 indefessus
1310 2452 1368 2507 P.
1422 2449 1731 2506 Dominicus
1781 2447 2098 2514 Scltramm,

490 2559 638 2606 tomo
671 2565 724 2604 vt
770 2548 1022 2621 Analysis
1056 2545 1154 2603 SS.
1189 2546 1409 2601 Patrum
1430 2587 1444 2611 ,
1477 2559 1620 2600 anno
1655 2542 1812 2604 I784,
1843 2540 2100 2611 Augustae

486 2640 888 2697 Viudelicorum
913 2640 1178 2712 impresso
1210 2639 1374 2694 latine
1407 2648 1614 2692 tantum
1650 2635 1931 2707 praefatum
1963 2632 2098 2688 Fra-

486 2746 766 2808 gmentum
795 2733 1093 2806 reimpt'imi
1116 2733 1322 2789 curavit
1348 2749 1377 2786 a
1403 2748 1524 2806 pag.
1557 2729 1820 2786 alti-M7.

559 2832 797 2905 Epistula
823 2830 1064 2902 Dionysii
1095 2827 1317 2884 Romani
1343 2827 1412 2882 ad
1440 2826 1779 2886 Cwsarienses
1803 2824 1857 2878 in
1885 2822 2098 2895 Cappa-

485 2924 634 2982 docia
670 2925 957 2994 deperdita.
991 2953 1052 2970 -ε-
1094 2923 1324 2978 Sanctus
1369 2919 1598 2976 Basilius
1646 2918 1804 2991 paulo
1849 2917 2098 2988 superius

483 3021 746 3091 allegatus
775 3029 1024 3084 testatur,
1061 3016 1371 3088 Dionysium
1403 3028 1595 3086 papam
1626 3029 1785 3068 unam
1817 3011 1884 3067 ad
1914 3011 2094 3066 cccle-

481 3116 618 3170 siam
648 3114 910 3170 Ctesareae
933 3112 986 3166 in
1009 3109 1348 3182 Cappadocia
1373 3106 1758 3179 perscripsisse
1786 3104 2091 3176 epistolam,

485 3221 544 3266 ιιι
571 3226 689 3266 eam
721 3208 1032 3264 consoletur
1071 3205 1139 3261 de
1185 3204 1493 3264 incursione
1538 3201 1937 3268 Barbarorum,
1987 3212 2092 3270 qua
2121 3204 2166 3268 (ζ
2203 3201 2218 3270 ς

486 3311 677 3360 vexata
729 3303 932 3364 fuerat;
979 3298 1134 3369 cujus
1178 3299 1498 3372 αὐτογράφον
1547 3295 1600 3349 in
1650 3294 1791 3350 illius
1839 3293 2096 3348 Ecclesia:

485 3395 726 3454 arcltivio
753 3410 943 3466 magna
966 3408 1093 3449 cura
1112 3391 1454 3447 adservatum
1482 3390 1598 3460 ipse
1622 3389 1794 3444 oculis
1822 3389 1931 3444 suis
1953 3388 2095 3444 tide-

481 3501 597 3558 rat;
631 3507 815 3546 verum
843 3486 1182 3559 sequioribus
1201 3484 1530 3554 temporibus
1544 3485 1803 3538 amissum
1820 3481 2089 3537 dolemus.

563 3583 824 3656 Epistolas
850 3580 972 3637 dua:
1016 3579 1211 3635 illustri
1261 3578 1501 3650 Dionysii
1547 3592 1702 3648 papa:
1752 3575 1967 3630 nomine
2004 3590 2094 3631 or-

489 3689 630 3735 nata:
660 3675 1136 3734 circumferuntur.
1164 3671 1321 3728 Prior
1351 3671 1417 3725 ad
1450 3669 1726 3726 Urbanum
1758 3668 2088 3739 praefectum,

487 3775 733 3831 hortatur
761 3788 904 3839 cum,
945 3789 963 3822 ι
999 3769 1271 3840 sapienter
1292 3765 1604 3838 disponere,
1636 3774 1691 3821 et
1711 3764 1954 3835 judicare
1975 3779 2094 3835 qua:

484 3868 564 3924 illi
607 3867 894 3922 commissa
941 3872 1084 3919 sunt.
1125 3881 1144 3914 ι
1181 3863 1310 3916 Data
1355 3869 1436 3918 est
1468 3876 1521 3914 tv
1561 3874 1730 3914 nonas
1775 3856 2090 3923 Februarii,

489 3963 783 4020 Aureliano
804 3968 860 4016 et
881 3961 1046 4016 Basso
1069 3958 1197 4014 viris
1218 3956 1530 4011 clarissimis
1552 3954 1881 4010 consulibus.
1905 3951 2094 4008 Poste-

484 4062 600 4118 rior
647 4060 852 4116 Severo
891 4055 1146 4112 scribitur
1174 4053 1431 4124 episcOpo
1463 4069 1474 4106 :
1508 4050 1576 4105 de
1621 4049 1880 4106 Ecclesiis
1930 4063 2090 4119 [ral‘Ov

487 4155 715 4217 chianis,
751 4163 809 4208 ut
835 4151 1060 4222 singula)
1087 4147 1315 4219 singulis
1343 4145 1541 4202 dentur
1571 4143 1921 4216 presbyteris,
1955 4151 2010 4197 et
2037 4151 2096 4197 ut

487 4248 667 4303 nullus
695 4246 918 4301 alterius
956 4241 1225 4314 parochias
1275 4240 1568 4306 terminos,
1597 4238 1680 4292 vel
1712 4237 1802 4308 jus
1850 4234 2091 4290 invadat.

489 4340 622 4396 Data
679 4348 760 4394 est
807 4355 836 4392 v
876 4337 948 4393 id.
979 4336 1270 4406 septembr.
1316 4332 1541 4388 Claudio
1582 4341 1640 4387 et
1684 4330 1916 4386 I‘atcrno
1963 4325 2095 4381 viris

487 4432 802 4490 clarissimis
847 4445 990 4485 coss.
1029 4428 1281 4484 Subditas
1327 4442 1450 4481 esse
1499 4424 1755 4496 Dionysio
1796 4422 2091 4493 epistolas,

489 4525 686 4582 docent
713 4536 764 4579 et
792 4523 996 4594 Stylus,
1033 4520 1288 4591 Dionysio
1321 4519 1438 4572 viro
1466 4517 1780 4574 doctissimo
1810 4514 2091 4583 indignus,

486 4628 542 4674 et
571 4615 967 4685 inscriptiones.
997 4614 1208 4667 Annum
1241 4625 1454 4677 CCLXXI,
1479 4623 1742 4678 aperuere
1770 4605 2095 4662 Aurelianus
2119 4609 2174 4671 1)

489 4722 544 4767 et
586 4711 816 4773 Bassus,
849 4722 958 4777 quo
990 4715 1233 4775 tempore
1277 4703 1560 4782 Dionysius
1595 4701 1661 4756 ad
1701 4703 1804 4755 fata
1835 4709 2096 4763 venerat;

491 4801 698 4860 Claudii
737 4801 952 4871 quidem
983 4809 1035 4856 et
1064 4795 1282 4852 Paterni
1327 4795 1610 4850 consulatu
1647 4792 1928 4862 epistolam
1960 4792 2094 4846 scri-

490 4899 619 4955 bere
644 4896 925 4968 Dionysius
957 4894 1146 4964 poutit.
1177 4891 1258 4947 Ad
1292 4890 1552 4946 Severum
1584 4895 1761 4943 tamen
1793 4903 1898 4948 non
1923 4887 2093 4956 scripc

489 4993 659 5055 sisse,
702 5006 767 5044 eo
807 4994 1053 5051 constat,
1094 4983 1238 5055 quod
1268 4981 1594 5053 ignoraverit
1637 4979 1874 5034 larvatus
1905 4988 2099 5033 auctor

489 5084 764 5156 epistolae,
815 5078 1029 5134 Paterui
1075 5077 1338 5145 collegam
1383 5073 1668 5129 Claudium
1710 5071 2092 5144 imperatorem

485 5180 688 5242 fuisse,
731 5173 873 5245 qttod
923 5186 1106 5226 verum
1143 5168 1450 5240 DiOnysium
1498 5167 1699 5233 latere,
1749 5183 1852 5221 non
1896 5164 2090 5236 potuit.

486 5273 704 5328 Initium
754 5266 995 5338 epistola:
1057 5262 1337 5332 iutpostori
1400 5260 1684 5316 fmueravit
1730 5259 1926 5314 Leonis
1978 5257 2094 5327 epi-

491 5369 627 5424 stola
662 5381 784 5422 xxtv
817 5380 830 5416 :
873 5381 890 5414 ι
929 5360 1070 5415 Olim
1101 5367 1156 5412 et
1186 5357 1254 5411 ab
1275 5356 1426 5411 initio
1455 5365 1654 5412 tantam
1697 5355 2037 5426 percepimus
2062 5370 2094 5408 a

482 5460 545 5515 B.
599 5461 761 5516 Petro
810 5453 1181 5526 apostolorum
1233 5449 1472 5518 principe
1527 5447 1793 5503 fiduciam.
1850 5465 1868 5500 ι
1917 5446 2094 5501 Locos

485 5551 645 5608 etiam
690 5549 915 5607 inseruit
960 5563 1026 5604 cx
1078 5543 1338 5614 Gregorio
1383 5541 1595 5612 Magno.
1629 5541 1993 5596 Consulantur
2041 5547 2100 5594 et

485 5644 608 5699 libri
633 5660 709 5707 tv,
732 5643 959 5714 epistola
983 5640 1075 5707 52,
1105 5646 1160 5694 et
1189 5635 1308 5692 libri
1340 5650 1437 5698 vn,
1465 5633 1689 5704 epistola
1723 5635 1846 5699 “5,
1872 5634 1928 5689 S.
1953 5633 2091 5687 Gre-

485 5737 618 5808 gorii
645 5736 819 5807 Magni
849 5735 1218 5807 epistolarum.
1246 5730 1434 5786 Ambae
1455 5737 1641 5784 extant
1658 5729 1712 5783 in
1734 5729 1936 5784 noviss.
1967 5727 2092 5783 Col-

483 5831 720 5888 lectione
747 5830 1097 5886 conciliorum
1131 5825 1271 5898 apud
1303 5822 1493 5891 Mansi,
1521 5833 1667 5882 tomo
1695 5839 1729 5890 ι,
1767 5838 1886 5895 pag.
1916 5821 2088 5880 ιοοις

2210 1907 2397 1948 versus
2419 1891 2642 1950 Paulum
2666 1895 3080 1950 Samosatenum
3109 1893 3323 1963 scripsit
3350 1893 3636 1967 Dionysius
3659 1909 3822 1966 papa,

2211 1984 2283 2040 uti
2335 1984 2591 2056 prxefatus
2634 1985 2870 2058 scriptor
2918 1996 3104 2058 putat,
3137 1987 3233 2043 sed
3269 1986 3556 2058 Dionysius
3601 1987 3826 2042 alexan-

2207 2077 2393 2134 drinus
2415 2078 2735 2153 Episcopus,
2755 2081 2893 2138 sicut
2923 2098 2953 2138 a
2981 2079 3252 2154 Caveo(3)
3274 2082 3385 2153 jam
3407 2080 3546 2138 bene
3571 2088 3822 2140 notatum

2211 2171 2389 2231 video.

2795 2263 3093 2306 ARTICULUS
3132 2264 3215 2305 III.

2475 2360 2703 2416 Doctrina
2726 2363 2779 2414 S.
2805 2363 3024 2430 Dionysii
3047 2364 3251 2417 Romani
3275 2365 3544 2420 Pontificis.

2526 2469 2554 2540 §
2595 2469 2633 2525 I.
2663 2500 2735 2512 -—-
2773 2468 2852 2524 De
2873 2471 3188 2528 sanctissima
3217 2470 3480 2530 Tu'nitate.

2281 2584 2593 2658 Itefntantur
2621 2602 2654 2640 α
2686 2587 2747 2642 S.
2786 2585 3036 2660 Dionysio
3081 2587 3342 2643 Tritlteitre
3379 2598 3424 2645 et
3469 2589 3823 2647 Marcionita.

2207 2676 2333 2734 Tres
2381 2681 2570 2736 divina:
2613 2678 2857 2736 Persona
2895 2693 3103 2752 propter
3143 2693 3341 2738 natura
3372 2681 3635 2738 Unitalem
3680 2685 3825 2740 inse-

2207 2775 2462 2842 parabile:
2483 2785 2700 2830 sunt.-—.
2725 2776 2893 2833 Sicuti
2923 2777 3250 2833 marcionitte
3279 2777 3682 2848 quodammodo
3705 2790 3822 2835 tres

2205 2869 2347 2924 Deos
2390 2871 2826 2936 constituebant,
2858 2869 2986 2925 dtttn
3019 2871 3071 2926 in
3103 2881 3210 2927 tres
3250 2875 3579 2930 substantias
3627 2873 3825 2928 alieni-

2203 2978 2370 3032 genas
2389 3006 2402 3031 ,
2435 2974 2490 3019 et
2519 2966 2658 3022 inter
2688 2982 2747 3021 se
2773 2965 2994 3021 omnino
3022 2979 3332 3038 segregatas
3359 2976 3598 3023 sanctam
3633 2968 3830 3024 Uuita-

2205 3067 2313 3111 tem
2340 3057 2832 3128 dispartiebantur;
2861 3060 2986 3116 hinc
3013 3072 3236 3117 sanctus
3264 3063 3551 3135 Dionysius
3579 3063 3827 3133 appellat

2201 3153 2502 3209 doctrinam
2535 3156 2674 3212 hanc
2705 3156 2905 3212 futiletn
2929 3173 2990 3212 ac
3014 3157 3330 3213 diabolicmt
3358 3177 3371 3214 :
3409 3177 3428 3209 ι
3464 3157 3596 3213 Nam
3625 3157 3824 3224 futilis,

2203 3246 2378 3316 inquit
2406 3246 2510 3320 (3),
2546 3247 2828 3305 Marcionis
2859 3249 3174 3306 doctrina...
3208 3250 3469 3307 diabolica
3497 3261 3600 3306 est.
3635 3269 3655 3303 ι
3685 3252 3829 3307 Sub-

2196 3340 2375 3408 jungit
2421 3342 2650 3409 deinde,
2703 3345 2839 3401 hanc
2883 3360 2990 3400 non
3047 3360 3170 3402 esse
3215 3345 3516 3402 doctrinam
3564 3361 3828 3402 verorum

2198 3430 2400 3487 Christi
2451 3435 2873 3506 discipulorum,
2921 3448 2976 3494 ct
3025 3439 3480 3508 acquiescentium
3517 3438 3827 3494 Salvatoris

2201 3525 2487 3597 praeceptis
2519 3545 2531 3581 :
2569 3547 2587 3580 ‹
2625 3528 2688 3583 lli
2713 3529 2878 3600 enim,
2919 3550 2936 3583 ι
2971 3530 3220 3586 vidi-licet
3243 3529 3555 3597 Cbrisdani,
3587 3549 3604 3582 ‹
3639 3529 3830 3585 Triui-

2200 3630 2364 3676 tatctn
2405 3621 2622 3694 quidem
2656 3641 2763 3680 non
2791 3627 3041 3697 ignorant
3070 3625 3122 3681 itt
3154 3625 3335 3682 divina
3361 3625 3636 3694 Scriptura
3676 3641 3826 3695 pre-

2201 3713 2402 3782 dicari;
2450 3728 2557 3773 tres
2599 3731 2781 3776 autem
2811 3736 2931 3777 esse
2961 3723 3130 3789 Deos,
3163 3737 3262 3777 nec
3301 3723 3354 3777 in
3387 3722 3593 3789 veteri,
3627 3737 3736 3777 nec
3767 3721 3824 3776 in

2200 3825 2342 3864 novo
2369 3809 2717 3868 Testamento
2745 3815 2950 3869 doceri.
2975 3815 3192 3886 Itaque,
3229 3834 3248 3867 ι
3286 3814 3565 3870 concludit
3590 3823 3824 3870 sanctus

2201 3903 2468 3973 Pontifex,
2504 3925 2524 3965 ι
2555 3909 2885 3966 admirabilis
2925 3909 3211 3980 divinaque
3243 3908 3427 3968 Unitas
3456 3909 3508 3964 in
3541 3919 3655 3968 tres
3680 3905 3827 3962 divi-

2201 3997 2396 4054 nitates
2443 4016 2549 4057 non
2589 4012 2671 4058 est
2701 4004 3024 4072 separanda.
3064 4023 3082 4056 ι
3120 4003 3309 4058 Tradit
3357 4002 3514 4074 paulo
3561 4001 3827 4070 superius

2198 4083 2341 4145 idem
2383 4101 2602 4149 sanctus
2644 4094 2947 4166 Dionysius,
2979 4095 3218 4152 divinum
3255 4095 3489 4150 Verbum
3523 4094 3635 4148 Deo
3667 4093 3829 4150 Patri

2201 4184 2408 4238 uttitttm
2439 4200 2562 4241 esse
2583 4229 2596 4251 ,
2632 4197 2685 4241 et
2713 4187 2967 4259 Spiritum
3006 4204 3252 4245 sanctum
3280 4187 3332 4242 in
3370 4187 3478 4243 Deo
3509 4202 3746 4242 manere
3772 4195 3833 4242 et

2202 4275 2464 4344 habitare,
2485 4289 2539 4334 et
2561 4279 2875 4336 Trinitatem
2902 4281 3082 4337 reduci
3103 4293 3154 4336 et
3176 4281 3352 4352 etilligi
3370 4281 3422 4336 in
3448 4295 3612 4334 unum
3647 4281 3836 4336 Deum

2200 4370 2666 4440 munipotentem,
2725 4373 3006 4429 Dominum
3057 4374 3455 4430 universorum.
3509 4392 3528 4427 ‹
3579 4371 3834 4430 Necesse

2201 4472 2285 4516 est
2329 4464 2502 4530 enim,
2551 4465 2787 4521 divinum
2834 4466 3071 4523 Verbum
3128 4468 3237 4524 Deo
3285 4467 3664 4524 universorum
3697 4480 3838 4522 esse

2202 4557 2431 4626 unitum,
2459 4569 2513 4615 et
2537 4559 2794 4632 Spirittmt
2829 4574 3073 4618 sanctum
3105 4563 3158 4618 itt
3188 4563 3295 4616 Doo
3323 4574 3546 4615 manere
3572 4574 3638 4615 ac
3667 4559 3838 4615 habi-

2203 4659 2338 4717 tare,
2363 4667 2427 4706 ac
2448 4652 2677 4722 denique
2700 4654 2931 4708 divinam
2958 4649 3272 4705 Trinitatem
3300 4651 3353 4705 itt
3379 4667 3613 4707 unum...
3644 4651 3835 4711 Deum

2204 4743 2581 4795 Uttivcrsorum
2631 4741 3130 4809 omnipotentem...
3183 4743 3368 4799 reduci
3421 4754 3469 4800 et
3526 4743 3744 4815 colligi.
3812 4765 3832 4798 ι

2201 4834 2334 4900 Quae
2389 4834 2550 4888 verba
2599 4834 2943 4905 apertissime
2989 4834 3284 4892 ostendunt
3334 4853 3495 4893 unum
3545 4838 3728 4894 Deum
3781 4840 3841 4896 in

2204 4934 2315 4981 tres
2344 4925 2654 4981 distinctum
2691 4926 2988 4990 Personas;
3019 4927 3260 4998 adeoque
3297 4938 3407 4984 tres
3444 4929 3641 4984 divina:
3691 4931 3842 4988 Pero

2203 5035 2351 5074 sonu:
2383 5037 2446 5075 ex
2474 5021 2633 5075 allata
2664 5020 2908 5077 doctrina
2935 5032 3062 5077 sunt
3088 5023 3333 5093 ejusdem
3361 5028 3636 5092 essentne,
3675 5025 3846 5097 ejus-

2204 5114 2434 5185 dcmqnc
2466 5124 2692 5172 naturae.

2275 5208 2385 5264 Nec
2440 5211 2542 5265 nisi
2601 5225 2881 5282 perperam
2928 5210 3244 5282 detorqueri
3306 5223 3528 5284 possent
3582 5213 3837 5269 recitata

2278 5324 2359 5398 (l)
2386 5323 2744 5398 I._udt'iv.7]_ac.,
2770 5326 3070 5382 Bibliothec.
3094 5329 3348 5396 ponti/70.,
3373 5330 3464 5386 lib.
3483 5347 3542 5393 tt,
3565 5342 3695 5398 pag.
3729 5327 3837 5384 02.
3927 5339 3931 5396 ;

2386 5396 2545 5473 pave,
2585 5396 2725 5473 Hist.
2761 5401 3224 5473 Iitterar.,itotn.rt,
3250 5417 3368 5473 pug.
3399 5402 3520 5459 155.

2279 5459 2357 5539 (5)
2388 5469 2604 5539 DiOuys.
2631 5470 2816 5532 Rom”
2845 5459 3062 5539 apttd'S.
3090 5459 3374 5537 Atltatiag,
3403 5474 3490 5528 lib.
3514 5473 3576 5528 de
3602 5469 3835 5531 Decret.
3908 5459 3929 5539 ,λ

2203 5541 2613 5622 ξυνιοάηώιλιιιι.
2650 5559 2688 5609 1,
2743 5559 2860 5616 pag.
2897 5543 2996 5598 251
3033 5555 3087 5598 et
3124 5542 3252 5605 2.32,
3487 5543 3837 5622 Μιιιιιῖίιιιςο,

2204 5613 2399 5694 Paris...
2427 5612 2667 5694 1698,54
2692 5612 2836 5694 lout:
2856 5635 2894 5678 ι,
2922 5629 3067 5694 part.
3094 5630 3280 5694 t_,_pag_.
3311 5616 3435 5683 182,
3463 5633 3516 5672 ιι.
3545 5615 3633 5694 Ξίξ.
3679 5612 3835 5694 edit.

2200 5683 2493 5748 Patavium,
2530 5687 2707 5754 I777;
2754 5688 2880 5744 item
2922 5683 3070 5758 apud
3106 5683 3296 5750 llIauSi,
3333 5697 3464 5748 tom.
3498 5704 3536 5756 ι,
3578 5687 3837 5754 Concit.,

2200 5771 2325 5828 pag.
2358 5759 2490 5813 toll
2525 5767 2578 5814 et
2605 5773 2783 5831 seqq.;
2810 5771 2864 5816 et
2892 5759 3036 5830 apud
3067 5758 3342 5832 Galland.,
3375 5771 3507 5821 tom.
3551 5775 3628 5828 tn,
3674 5759 3836 5820 Bibl.

2204 5826 2346 5896 PP.,
2384 5845 2504 5902 pag.
2538 5830 2644 5887 538
2673 5840 2727 5888 et
2754 5846 2907 5905 seqq.
3809 5894 3822 5898 _
