3994 6318
338 381 3580 459 Em

1518 577 2400 698 MONITUM
3536 561 3558 581 ’

1484 801 1551 858 ΙΝ
1601 802 1946 860 SUBJECTA
2008 803 2454 862 FRAGMENTA.

483 936 536 996 1.
600 935 751 1011 Opus
797 952 864 995 ex
919 951 1026 1012 quo
1074 939 1342 1016 descripta
1393 951 1517 1000 sunt
1578 939 1874 1017 fragmenta
1923 947 2197 1018 subjecta,
2258 950 2586 1008 Athanasius
2640 954 2734 1010 lib.
2789 953 2856 1011 de
2897 953 3131 1028 Synod,
3183 971 3238 1013 n.
3288 955 3402 1026 44,
3454 957 3620 1028 epist.

298 1031 369 1091 de
411 1033 642 1092 decretis
691 1035 922 1094 Nicmuze
968 1040 1195 1112 synodi,
1259 1057 1314 1096 u.
1363 1037 1456 1107 25,
1499 1049 1553 1097 et
1595 1041 1754 1112 epist.
1788 1041 1856 1099 de
1907 1045 2172 1100 sententia
2223 1045 2463 1120 Dionysii
2515 1049 2712 1117 passim
2751 1047 2956 1106 laudat.
3015 1050 3271 1120 Ejusdem
3320 1053 3619 1108 meminere

297 1125 528 1186 Basilius
587 1129 685 1196 lib,
751 1131 820 1188 de
873 1131 1072 1199 Spiritu
1130 1146 1354 1203 saneto,
1421 1149 1542 1206 cap.
1613 1136 1722 1200 29.
1767 1145 1821 1193 et
1887 1135 2282 1212 Hieronymus,
2326 1139 2394 1196 de
2456 1143 2660 1213 Script.
2723 1139 2887 1212 eccl.,
2954 1159 3004 1199 c.
3069 1145 3162 1212 79,
3232 1144 3337 1201 Sed
3402 1145 3454 1202 iti
3510 1143 3618 1202 duo

295 1225 558 1284 Doctores
624 1245 730 1285 non
801 1245 906 1286 una
972 1231 1179 1288 ratione
1248 1225 1377 1288 illud
1447 1231 1704 1288 indicant.
1749 1230 2110 1307 llieronymus
2183 1234 2326 1292 enim
2391 1240 2443 1292 in
2513 1235 2682 1295 libros
2735 1247 2968 1310 quatuor
3038 1239 3354 1297 distinctum
3418 1240 3618 1296 docet:

293 1322 526 1379 Basilius
585 1339 717 1380 vero
757 1324 998 1395 quaedam
1051 1324 1196 1381 illius
1242 1325 1404 1382 verba
1451 1335 1722 1398 tamquam
1770 1345 1834 1384 ex
1884 1329 2119 1386 secunda
2175 1329 2240 1385 ad
2299 1330 2613 1404 Dionysium
2665 1333 3041 1406 cognominem
3089 1333 3320 1403 epistola
3383 1330 3610 1404 profert.

290 1417 374 1475 Re
436 1429 619 1474 autem
682 1435 806 1476 vera
876 1428 931 1475 et
1002 1419 1054 1475 in
1117 1419 1284 1478 libros
1360 1417 1676 1478 distinctum
1742 1437 1894 1490 esse,
1978 1433 2033 1480 et
2099 1423 2342 1497 epistolae
2419 1441 2614 1481 nomen
2689 1426 2739 1482 ei
2805 1439 3104 1497 congruere
3178 1441 3240 1482 ex
3320 1424 3619 1481 Athanasio

289 1520 558 1570 constat:
612 1511 704 1586 qui
752 1513 966 1585 quidem
1018 1514 1070 1570 in
1121 1513 1309 1571 eadem
1353 1513 1580 1586 epistola
1629 1513 1698 1571 de
1753 1517 2018 1573 sententia
2067 1515 2306 1590 Dionysii
2358 1526 2411 1573 et
2457 1535 2608 1574 num.
2655 1515 2744 1586 l5,
2797 1517 2928 1573 dicit
2976 1534 2992 1575 :
3053 1535 3070 1570 ‹
3120 1518 3411 1591 Dionysius
3456 1534 3616 1591 quam

286 1609 529 1682 primum
590 1610 673 1665 sui
722 1610 981 1682 purgandi
1039 1611 1210 1682 gratia
1276 1611 1442 1666 libros
1493 1608 1692 1677 edidit,
1741 1626 1876 1684 quos
1924 1611 2197 1681 inscripsit
2250 1610 2523 1668 Eienchus
2572 1617 2627 1667 et
2672 1611 2970 1684 Apologia,
3023 1633 3041 1666 θ
3087 1621 3140 1668 et
3191 1629 3338 1667 num.
3392 1612 3481 1679 14,
3549 1611 3618 1668 de

286 1706 497 1778 scripto
547 1708 739 1764 eodem
788 1708 867 1765 sic
913 1711 1148 1781 loquitur
1191 1729 1204 1764 :
1245 1729 1263 1762 ε
1301 1705 1598 1780 Epistulam
1647 1723 1798 1764 suam
1849 1703 2072 1764 Eienchi
2121 1717 2175 1764 et
2223 1707 2498 1780 Apologia:
2559 1707 2717 1776 titulo
2766 1707 3060 1778 inscripsit.
3099 1723 3118 1758 ι
3159 1703 3398 1778 Epistola
3459 1699 3619 1778 igitur

281 1812 406 1858 erat
470 1811 702 1874 quatuor
774 1799 827 1858 in
895 1802 1061 1858 libros
1121 1803 1412 1867 distincta,
1478 1801 1721 1873 adeoque
1776 1817 1877 1857 una
1941 1818 2009 1857 ex
2060 1801 2162 1869 iis,
2232 1816 2365 1872 quas
2424 1800 2709 1874 Dionysius
2778 1815 2808 1854 τι
2872 1801 2930 1856 s’c
2985 1799 3155 1856 fusius
3217 1807 3270 1855 et
3339 1796 3618 1855 tractantls

281 1911 443 1953 more
479 1895 731 1963 dictatas,
762 1897 1260 1978 διδασκαλικώτερον
1303 1901 1670 1974 ὑφηγούμενος,
1704 1906 1858 1952 Vocat

2042 1907 2108 1949 st.
2140 1889 2192 1962 t,
2232 1893 2299 1947 ad
2326 1891 2480 1964 Xyst.
2514 1894 2556 1965 ).
2601 1893 2719 1949 Non
2762 1891 2830 1947 ab
2880 1908 2946 1949 co
2985 1892 3203 1960 statim,
3252 1900 3310 1946 ιιι
3349 1891 3417 1948 de
3458 1905 3617 1948 accu-

283 1994 501 2049 satione
552 2003 648 2048 Sua
699 1993 1060 2049 εοιηηιοιιὶιιις
1101 1993 1232 2059 fuit,
1294 1993 1455 2047 inissa
1501 2002 1604 2048 est.
1662 1987 1794 2044 Nam
1836 2005 1903 2045 ne
1949 1985 2285 2044 accusationi
2337 1985 2529 2041 deesse
2583 1985 2893 2052 videretur,
2941 1985 2987 2039 si
3030 1983 3338 2040 rescribere
3369 1982 3616 2039 Romano

279 2087 506 2156 praesuli
557 2087 757 2142 diutius
797 2087 1075 2153 diti‘erret,
1118 2084 1241 2142 huic
1286 2083 1568 2158 epistolam
1625 2083 1920 2155 praemisit,
1967 2099 2127 2154 quam
2177 2081 2345 2148 iut‘ra,
2389 2097 2537 2136 num.
2600 2079 2668 2147 6,
2725 2080 2897 2152 ipsum
2942 2078 3258 2152 Dionysium
3313 2077 3614 2136 Romanum

279 2181 571 2252 alloquens
598 2192 863 2238 memorat
892 2183 974 2238 his
997 2179 1207 2238 verbis:
1232 2184 1319 2237 καὶ
1345 2203 1428 2236 σοι
1455 2175 1521 2237 δι’
1544 2176 1693 2241 ἄλλης
1713 2177 1856 2236 iam

2039 2173 2241 2254 ιγραψα.
2273 2175 2536 2244 Quocirca
2569 2190 2675 2230 non
2709 2173 2871 2230 modo
2904 2171 3160 2246 Epistofa,
3192 2173 3293 2230 sed
3322 2182 3380 2230 et
3400 2170 3616 2246 epistola

278 2281 510 2334 secunda
551 2281 620 2334 ad
662 2280 970 2353 Dionysium
1017 2280 1365 2352 cognominem
1410 2295 1516 2334 non
1565 2279 1707 2334 male
1757 2295 1786 2332 a
1829 2278 2029 2334 Basilio
2070 2276 2395 2350 appellatur.
2431 2275 2607 2332 Simul
2631 2275 2789 2330 etiam
2823 2286 2907 2332 est
2937 2274 3197 2331 Eienchus
3224 2283 3278 2330 et
3323 2272 3616 2346 Apologia;

273 2373 552 2430 Eienchus
581 2374 797 2446 quidem
828 2375 1263 2430 adversariorum
1293 2382 1348 2428 et
1372 2381 1744 2428 accusatorum
1778 2370 2053 2442 Dionysii,
2097 2369 2188 2441 qui
2226 2370 2276 2424 in
2308 2369 2411 2424 hoc
2449 2384 2616 2440 opere
2647 2378 3014 2440 coarguuntur
3050 2381 3211 2438 atque
3237 2367 3606 2436 confutantur,

270 2468 540 2540 Apologia
567 2484 697 2526 vero
741 2470 908 2539 ipsius
949 2468 1184 2539 Dionysii
1225 2467 1314 2538 qui
1347 2467 1398 2521 in
1437 2466 1630 2522 eodem
1662 2465 1730 2521 de
1760 2465 1989 2534 objectis
2018 2464 2295 2520 erroribus
2337 2478 2458 2519 sese
2500 2479 2730 2535 purgare
2780 2465 2990 2519 nititur.
3019 2463 3176 2532 Quod
3222 2479 3343 2520 cum
3382 2459 3611 2519 feliciter

268 2559 624 2630 praestiterit,
663 2558 992 2631 impudentis
1036 2557 1315 2614 calumnia:
1357 2559 1548 2614 merito
1594 2557 1768 2627 arguit
1795 2555 2122 2613 Athanasius
2154 2554 2424 2624 Arianos,
2449 2555 2596 2626 quod
2625 2567 2689 2611 ea
2721 2555 2868 2613 veittt
2907 2557 3144 2630 Dionysii
3185 2557 3460 2615 venditare
3501 2571 3610 2612 non

267 2653 624 2716 erubuerint,
651 2669 770 2723 quas
827 2653 920 2708 ille
959 2652 1134 2724 palam
1163 2663 1457 2722 aperteque
1490 2651 1756 2722 reiecerit.

454 2747 523 2803 ll.
569 2748 672 2804 lsta
708 2747 948 2820 Dionysii
989 2747 1233 2819 apologia
1275 2761 1342 2802 eo
1393 2745 1612 2818 majoris
1655 2753 1740 2801 est
1778 2745 2072 2810 momenti,
2113 2743 2258 2815 quod
2289 2744 2568 2815 specimiui
2609 2744 2767 2800 nobis
2803 2745 2873 2800 sit
2916 2758 3138 2811 eorum,
3181 2759 3301 2814 qua:
3352 2744 3611 2802 fecissent

261 2841 455 2898 αριθτί
510 2832 703 2898 Patres
765 2840 984 2897 Nictcno
1049 2839 1280 2896 concilio
1329 2839 1674 2910 superiores,
1731 2837 1930 2908 quibus
1982 2837 2245 2894 nonnulla
2311 2836 2630 2894 exciderunt
2692 2838 2894 2892 ariantc
2965 2838 3226 2908 impietati
3276 2840 3326 2895 in
3369 2839 3609 2911 speciem

263 2943 528 3004 Cognata,
586 2937 631 2990 si
692 2950 787 2990 eos
848 2933 1040 2990 similis
1099 2932 1393 2989 necessitas
1455 2930 1522 2986 ad
1597 2930 1972 3002 explicandam
2036 2933 2276 3002 apertius
2325 2941 2562 2989 mentem
2627 2947 2781 2988 suam
2825 2931 3197 3003 compulisset.
3258 2932 3387 2990 Inde
3458 2933 3604 2988 enim

260 3023 429 3080 facile
460 3024 746 3080 adducitur
786 3025 1015 3096 quisque
1048 3034 1106 3080 ut
1131 3024 1353 3088 credat,
1401 3023 1671 3080 neminem
1715 3037 1781 3078 ex
1830 3023 1908 3078 eis
1966 3023 2206 3079 futurum
2239 3023 2441 3091 fuisse,
2489 3023 2581 3096 qui
2629 3040 2734 3079 nou
2781 3025 3007 3096 perinde
3063 3035 3224 3096 atque
3278 3027 3601 3100 Dionysius,

257 3120 514 3176 eamdem
547 3119 828 3192 perfidiam
859 3119 1190 3186 damnasset,
1238 3133 1305 3175 ex
1355 3117 1458 3176 hoc
1483 3132 1647 3188 opere
1689 3132 1810 3188 qua:
1839 3117 2229 3185 exscribenda,
2279 3133 2398 3187 quae
2445 3116 2901 3188 praitermittenda
2948 3115 3185 3174 duxerit.
3236 3117 3595 3187 Athanasius,

259 3227 420 3270 num.
490 3213 581 3280 ﬂ,
631 3213 856 3284 exponit
912 3214 964 3269 in
1015 3213 1157 3270 hunc
1215 3211 1466 3268 modum:
1500 3211 1724 3268 «Vt-rba
1773 3211 1890 3282 ejus
1934 3225 2095 3280 quam
2139 3210 2397 3282 plurima,
2441 3211 2637 3281 quibus
2682 3227 2770 3268 res
2826 3206 2879 3266 in
2933 3211 3287 3283 qurcstioncm
3333 3211 3594 3270 adductas

265 3305 572 3375 expendit,
605 3313 700 3360 aut
742 3321 809 3361 ex
853 3304 1031 3361 allatis
1074 3303 1370 3362 ratiociniis
1401 3303 1642 3375 colligit,
1687 3313 1779 3360 aut
1811 3304 2171 3375 interrogatos
2213 3303 2554 3359 adversarios
2607 3305 2847 3375 coarguit
2888 3304 2972 3360 vel
3021 3305 3419 3363 obtrectatores
3469 3323 3597 3365 suos

255 3399 622 3467 criminatur,
675 3399 746 3454 ob
796 3399 1056 3456 librorum
1111 3399 1471 3470 prolixitatem
1522 3397 1806 3462 omittens,
1850 3413 1912 3452 ca
1952 3398 2124 3452 solum
2174 3413 2512 3468 proponam,
2568 3413 2688 3467 quae
2732 3397 2798 3452 ad
2849 3399 3258 3458 criminationes
3309 3401 3596 3459 diiueudas

256 3496 574 3550 necessaria
624 3494 971 3550 videbuntur.
1013 3495 1120 3550 »1η
1168 3495 1234 3550 iis
1279 3510 1445 3561 vero,
1494 3510 1613 3564 quae
1659 3493 1944 3560 exscrihit,
1996 3492 2256 3547 librorum
2299 3492 2546 3548 ordinem
2596 3491 2818 3547 minime
2878 3502 3092 3558 servat,
3149 3494 3244 3548 sed
3295 3503 3456 3564 prout
3507 3510 3595 3552 res

256 3597 506 3643 tractatre
549 3587 926 3658 postulabant,
969 3599 1112 3642 nunc
1155 3601 1318 3642 unum
1362 3597 1418 3642 ct
1458 3588 1682 3643 alterum
1730 3586 2088 3656 fragmentum
2130 3601 2196 3640 ex
2243 3585 2381 3640 libro
2423 3587 2598 3656 primo
2630 3584 2870 3655 profert,
2905 3595 3014 3640 tum
3047 3586 3190 3642 aliud
3218 3602 3285 3642 ex
3317 3589 3588 3659 secundo,

251 3681 494 3738 subinde
521 3691 770 3752 quartum
803 3695 991 3736 rursus
1021 3696 1087 3736 ex
1135 3682 1342 3751 primo,
1377 3682 1461 3736 cui
1493 3681 1637 3738 aliud
1671 3698 1736 3737 ex
1769 3689 1962 3749 quarto
1992 3678 2256 3750 adiungit.
2287 3681 2356 3736 At
2383 3694 2504 3734 cum
2537 3681 2708 3734 nostri
2733 3681 2960 3735 instituti
2991 3681 3060 3736 sit
3089 3682 3272 3751 operis
3321 3683 3588 3754 ejusdem,

254 3783 453 3843 utpote
498 3775 566 3831 ad
625 3773 925 3830 Romanum
994 3775 1306 3846 pontificem
1372 3775 1592 3846 scripti,
1648 3773 1904 3845 reliquias
1973 3783 2224 3829 accurate
2249 3774 2537 3843 Colligere,
2602 3775 2812 3844 singula
2890 3773 3196 3845 fragmenta
3269 3791 3336 3830 eo
3395 3777 3588 3834 ordine

251 3869 521 3924 exhibere
567 3873 736 3924 satius
788 3870 961 3926 visum
992 3879 1106 3930 est.
1144 3887 1300 3942 quem
1333 3881 1550 3927 serVant
1589 3872 1730 3926 inter
1758 3886 1817 3924 se
1848 3867 2000 3935 libri,
2059 3883 2125 3922 ex
2169 3867 2364 3937 quibus
2411 3866 2684 3939 descripta
2733 3879 2880 3925 sunt.
2937 3869 3161 3923 ilemum
3207 3869 3251 3924 si
3303 3880 3582 3942 gestorum

250 3978 382 4033 quae
435 3963 534 4017 hoc
580 3977 716 4033 opus
759 3971 1185 4032 praecesserunt,
1218 3964 1415 4019 seriem
1456 3962 1861 4035 expendamus,
1891 3960 1958 4015 ad
2013 3970 2222 4030 tempus
2251 3960 2392 4013 circa
2421 3959 2562 4028 quod
2609 3959 2945 4016 elaboratum
2993 3969 3106 4024 est,
3140 3960 3372 4032 quodam
3423 3959 3585 4018 modo

251 4056 568 4125 pertingere
626 4055 825 4109 licebit.
880 4055 1080 4125 Nempe
1135 4057 1340 4126 aliquot
1394 4057 1629 4122 Dionysii
1661 4053 2013 4111 Alexandrini
2063 4053 2327 4108 adversus
2369 4053 2706 4108 Sabeliianos
2755 4056 3028 4126 epistolae,
3103 4056 3275 4126 Xysto
3326 4057 3584 4127 pontifice

249 4147 532 4218 vulgatze,
602 4147 934 4202 accusationi
1004 4149 1148 4204 illius
1197 4150 1536 4204 occasionem
1588 4148 1873 4204 dederunt.
1922 4147 2051 4203 lude
2102 4145 2333 4217 permoti
2380 4147 2624 4202 nonnulli
2673 4148 2969 4216 Catholici,
3019 4151 3139 4219 ipso
3209 4151 3579 4208 Alexandrino

251 4241 494 4312 prmsule
524 4241 729 4307 inscio,
763 4241 987 4296 Romam
1039 4243 1429 4308 convolaruut,
1461 4252 1513 4297 et
1573 4257 1696 4312 qua:
1739 4237 1841 4297 sibi
1917 4239 1971 4296 in
2013 4240 2130 4311 ejus
2183 4244 2396 4313 scriptis
2441 4244 2800 4314 displicebant
2830 4243 2896 4298 ad
2929 4244 3232 4299 Romanum
3261 4247 3571 4316 pontificem

248 4333 588 4388 detulerunt.
621 4333 811 4388 Statim
841 4334 1119 4390 admonuit
1170 4336 1452 4408 Dionysius
1483 4335 1757 4391 Rontunus
1792 4334 2108 4408 Dionysium
2140 4337 2588 4394 Alexandrinum.
2633 4337 2683 4392 Is
2713 4353 2840 4394 vero
2865 4339 2939 4394 illi
2987 4339 3302 4396 satisfacere
3332 4342 3568 4411 primum

250 4426 544 4492 brevibus,
603 4443 834 4499 moxque
864 4429 1242 4498 prolixioribus
1291 4430 1485 4485 litteris
1511 4470 1525 4494 ,
1550 4426 1712 4500 quam
1744 4431 2003 4502 primum,
2037 4439 2095 4486 ut
2148 4429 2472 4486 Athanasius
2501 4439 2688 4500 notat,
2741 4432 2966 4488 studuit.
2999 4434 3262 4500 Quocirca
3315 4435 3388 4490 nil
3435 4440 3582 4492 vetat

245 4521 548 4592 quominus
615 4521 754 4576 hanc
837 4522 1070 4595 Dionysii
1140 4522 1440 4594 apologiam
1531 4523 1598 4578 ad
1647 4537 1846 4579 aantun
1908 4524 2023 4580 262
2098 4525 2328 4580 attinere
2401 4537 2738 4582 censeamus.
2827 4523 2964 4582 Eam
3037 4539 3253 4600 quoque
3321 4526 3571 4586 eruditus

250 4614 640 4673 Tillemontius
683 4614 750 4672 ad
804 4617 927 4672 anni
977 4616 1139 4688 hujus
1187 4617 1397 4674 exitum
1453 4617 1642 4674 referri
1692 4633 1852 4690 posse
1900 4620 2213 4677 arbitratur.
2265 4617 2573 4676 Consum.

1276 4815 1338 4886 ω
1578 4795 2123 4875 ΕΡΙΒΤΟΙΑΕ
2171 4799 2256 4873 II

1067 4988 1329 5078 Biemann
1369 5000 1731 5046 Achaanatttt
1772 4997 2003 5044 EPISCOPt
2042 5002 2110 5045 an
2150 4999 2428 5045 DIONYSIUI
2465 4997 2756 5052 nonanus,

798 5157 804 5222 ξ
871 5148 975 5206 Seu
1006 5150 1195 5222 Operis
1239 5149 1382 5223 quod
1427 5151 1696 5208 Eienchus
1745 5158 1799 5208 et
1847 5149 2106 5224 Apologia
2163 5151 2586 5220 inscribebatur,
2647 5151 2964 5224 fragmenta.

1788 5315 1860 5368 Ex
1885 5319 2042 5382 primo
2061 5313 2205 5374 libro,

331 5449 385 5506 ι.
452 5444 568 5504 Non
599 5445 742 5504 enim
774 5454 889 5504 erat
930 5454 1161 5519 tempus,
1194 5448 1407 5520 quando
1435 5449 1576 5507 Deus
1604 5464 1711 5508 non
1743 5457 1860 5508 erat

1564 5465 1576 5507 ι
1604 5464 1711 5508 non
1743 5457 1860 5508 erat
2037 5448 2088 5504 1.
2131 5449 2202 5503 οὐ
2226 5445 2326 5525 γὰρ
2353 5443 2413 5508 ’ἦν
2437 5440 2518 5505 ὅτε
2547 5443 2574 5504 ὃ
2599 5447 2725 5510 Θεὸς
2753 5446 2844 5503 οὐκ
2869 5443 2927 5511 ἦν
2951 5450 3141 5524 Πατήρ.

251 5541 443 5598 Pater.

322 5635 386 5689 Et
408 5638 462 5688 in
477 5638 809 5702 sequentibus
823 5636 1001 5703 (inquit
1014 5637 1329 5703 Athanasius)
1344 5638 1602 5702 profitetur
1615 5640 1857 5708 Christum
2026 5648 2099 5692 Kal
2118 5653 2229 5690 τδΰτο
2251 5645 2347 5691 eteo
2372 5639 2462 5703 (ait
2482 5637 2774 5688 Athanasius
2796 5638 2960 5686 statim
2977 5635 3123 5699 post)
3144 5645 3180 5687 ιν
3197 5649 3274 5694 τοῖς
3307 5644 3401 5696 urg,
3421 5645 3480 5688 det
3500 5647 3565 5688 τὸν

195 5719 198 5722 ’
250 5735 464 5790 semper
504 5736 637 5786 esse,
663 5730 717 5774 ut
739 5732 855 5788 pote
881 5724 1087 5775 verbum
1109 5730 1162 5775 et
1179 5725 1470 5788 sapientiam
1495 5731 1548 5774 et
1569 5725 1772 5775 virtuter

1435 5738 1470 5774 η
1495 5731 1548 5774 Ci.
1569 5725 1818 5775 virtutem.
1962 5740 2119 5791 Χριστὸν
2145 5734 2249 5785 εἶναι,
2263 5739 2370 5791 λόγον
2395 5738 2498 5785 ὄντα,
2517 5738 2579 5776 καί
2602 5737 2748 5789 σοφίαν,
2768 5734 2832 5773 καὶ
2848 5727 3012 5784 Mysiam

342 5837 420 5905 '2.
472 5850 657 5924 Neque
702 5867 830 5910 vero
878 5852 1017 5911 Deus
1067 5869 1185 5911 cum
1251 5854 1366 5912 hare
1429 5870 1536 5912 non
1589 5855 1884 5928 peperisset

2063 5858 2119 5913 2.
2162 5862 2232 5916 Οὐ
2255 5861 2355 5939 γὰρ
2389 5855 2452 5921 δή
2486 5861 2680 5918 τούτων
2710 5855 2888 5933 ἄγονος
2919 5855 2986 5916 ὢν
3029 5859 3153 5918 Grec
3179 5897 3196 5926 ,
3224 5851 3333 5916 εἶτα
3375 5852 3581 5915 ἐπαιδο-
