3994 6318
412 347 515 404 119

1498 332 1788 393 DlONYSll
1828 326 2303 388 ALEXANDRINI
2343 328 2647 386 EPISCOPI

3625 329 3732 388 1'20

409 470 594 532 postea
623 458 812 517 Filium
841 456 1063 530 genuit:
1096 453 1190 510 sed
1217 453 1343 526 quia
1369 451 1535 510 Filius
1566 465 1672 508 non
1704 464 1734 504 a
1767 462 1825 505 se
1855 445 1998 518 ipso,

2129 447 2383 506 tonitrum,
2417 443 2520 499 ἀλλ’
2547 440 2626 500 ὅτι
2669 448 2740 516 μὴ
2784 442 2907 522 παρ’
2937 443 3128 500 ἑαυτοῦ
3167 439 3355 509 όΥίὸς.
3388 441 3493 499 aii)?
3539 443 3592 499 ἐκ
3635 449 3729 500 τοῦ

407 570 598 612 verum
624 569 652 608 a
681 554 842 610 Patre
873 550 1036 607 habet
1063 563 1209 606 esse.

469 714 536 767 Et
558 720 668 780 post
688 725 840 778 pauca
856 711 922 763 de
943 713 1051 776 ipso
1068 710 1198 762 Filio
1220 710 1342 761 dicit
1373 724 1383 759 :

477 907 532 962 5.
583 903 716 962 Cum
759 904 833 960 sit
873 901 1134 974 splendor
1181 899 1317 956 lucis
1361 906 1619 963 mternre,
1671 907 1896 967 prorsus
1953 900 2008 948 et

404 999 522 1070 ipse
590 1010 827 1054 :eternus
897 1005 1003 1052 est.
1059 993 1206 1050 Luce
1259 992 1404 1046 enim
1459 1005 1676 1061 semper
1741 986 2009 1044 existente

403 1091 752 1150 manifestum
785 1102 863 1146 est
899 1099 956 1146 et
985 1087 1331 1158 splendorem
1366 1099 1586 1150 semper
1615 1081 1908 1138 exsistere:
1943 1092 2010 1133 eo

403 1188 606 1259 quippe
656 1185 750 1241 lux
790 1198 914 1240 esse
972 1181 1322 1252 intelligitur,
1379 1175 1522 1248 quod
1569 1173 1885 1244 splendeat,
1947 1185 2012 1225 ac

403 1281 522 1336 ﬁeri
565 1281 748 1350 nequit
797 1279 979 1332 ntqu
1048 1291 1152 1330 non
1199 1274 1396 1328 luceat.
1451 1270 1684 1324 Rursum
1743 1265 1890 1322 enim
1941 1264 2009 1318 ad

402 1375 648 1440 exempla
677 1371 980 1426 veniamus.
1018 1368 1073 1424 Si
1104 1366 1188 1421 sol
1215 1375 1321 1431 est,
1355 1373 1442 1420 est
1469 1377 1684 1433 quoque
1716 1356 1974 1429 Splendor
1995 1401 2012 1420 ,

402 1478 480 1522 est
515 1476 570 1522 et
595 1465 743 1521 dies:
798 1464 991 1518 horum
1021 1461 1065 1516 si
1097 1459 1232 1514 nihil
1263 1467 1367 1522 est,
1401 1455 1632 1510 multum
1659 1452 1814 1507 abeSt
1846 1457 1906 1504 ut
1931 1449 2015 1504 sol

405 1560 568 1616 adsit.
603 1558 754 1628 Quod
783 1557 829 1612 si
859 1557 938 1611 sol
981 1569 1218 1611 aeternus
1271 1560 1437 1618 esset,
1472 1549 1591 1605 dies
1618 1561 1835 1618 quoque
1863 1559 2020 1599 nnm-

398 1670 560 1726 quam
591 1653 866 1707 dvﬁccret.
902 1649 1057 1705 Nunc
1088 1658 1267 1702 autem
1299 1644 1318 1719 (
1344 1659 1519 1715 nt-que
1551 1642 1696 1698 enim
1727 1640 1800 1694 ita
1827 1653 1887 1693 se
1929 1651 2019 1692 res

2125 541 2322 618 Πατρός
2351 538 2469 612 ἔχει
2497 540 2556 596 τό
2579 534 2728 594 εἶναι.

2196 710 2272 749 Καὶ
2291 711 2371 760 μετ’
2393 710 2499 761 ὀλίγα
2521 697 2710 762 (pergit
2730 697 2900 750 dicere
2919 697 3232 761 Athanasius)
3256 710 3365 750 πάλιν
3400 712 3483 765 mp
3511 714 3578 752 τοῦ
3613 713 3732 754 αὺτοῦ

2136 809 2240 846 φησιν

2182 892 2237 946 5.
2276 890 2619 967 ’Δπαύγασμα
2638 891 2692 950 δὲ
2725 892 2791 948 ὢν
2812 897 2974 968 φωτός
3003 893 3190 958 ἀϊδίου,
3215 897 3423 958 πάντως
3451 900 3542 952 καί
3569 898 3735 960 αύτός

2113 984 2281 1050 ἀίδιός
2327 989 2486 1042 ἐστιν.
2539 983 2684 1048 ὄντος
2705 991 2806 1066 γὰρ
2853 989 2932 1043 ἀεὶ
2972 994 3067 1045 τοῦ
3109 991 3294 1063 φωτός.
3321 987 3466 1050 δῆλον
3496 993 3564 1053 ὡς
3591 989 3736 1048 ἔστιν

2113 1082 2282 1138 ἀεὶτὸ
2313 1083 2666 1155 ἀπαύγασμα.
2707 1083 2875 1156 τούτῳ
2918 1084 3038 1160 γὰρ,
3091 1086 3176 1138 καί
3207 1080 3284 1139 ὅτι
3331 1090 3434 1156 φῶς
3481 1086 3615 1145 ἐστι,
3658 1093 3738 1158 τῷ

2114 1177 2456 1248 καταυγάζειν
2485 1183 2696 1240 νοεῖται,
2729 1179 2815 1230 καί
2845 1185 2948 1250 φῶς
2975 1179 3033 1232 ού
3061 1175 3277 1234 δύναται
3302 1184 3370 1250 μή
3408 1183 3622 1252 φωτίζον
3656 1175 3732 1234 εἷ-

2118 1291 2220 1324 ναι.
2255 1269 2404 1323 πάλιν
2437 1270 2538 1346 γάρ
2567 1267 2790 1342 ὓθωμεν
2815 1271 2902 1325 ἐπὶ
2941 1272 3007 1326 τὰ
3044 1268 3464 1346 παραδείγματα.
3506 1274 3550 1326 εί
3593 1270 3738 1328 ἔστιν

2120 1363 2278 1424 ἥλιος.
2309 1360 2450 1418 ἔστιν
2477 1365 2644 1435 ἡμέρα
2667 1377 2681 1392 ⁸
2718 1367 2761 1418 si
2786 1366 3032 1420 τοιούτων
3063 1363 3218 1437 μηδὲν
3244 1367 3372 1423 ἔστι,
3408 1366 3538 1421 πολύ
3569 1388 3626 1438 γε
3659 1365 3745 1424 δεῖ

2121 1460 2208 1512 καὶ
2233 1466 2474 1529 παρεῖναι
2512 1459 2668 1517 ἥλιον.
2700 1461 2743 1513 εί
2784 1461 2874 1531 μὲν
2901 1455 2986 1513 οὖν
3015 1459 3178 1522 ἀΐδιος
3209 1459 3234 1516 ό
3267 1462 3423 1524 ἥλιος.
3460 1459 3739 1526 ἄπαυστος

2124 1543 2183 1603 ἀν
2210 1546 2269 1608 ἦν
2298 1552 2384 1603 καὶ
2419 1552 2450 1608 ἡ
2479 1551 2646 1625 ἡμέρα
2697 1556 2787 1604 νῦν
2816 1549 2871 1606 δὲ
2896 1591 2910 1615 ,
2941 1553 3000 1605 ού
3029 1554 3129 1626 γὰρ
3159 1550 3299 1607 ἔστιν
3321 1594 3333 1610 .
3364 1555 3650 1630 ἀρξαμένου
3679 1577 3736 1612 τε

2121 1641 2334 1718 ἤρξατο,
2389 1647 2476 1698 καὶ
2499 1645 2792 1717 παυομένου
2831 1644 3135 1700 παύεται.ό
3177 1643 3230 1700 δέ
3258 1667 3314 1718 γε
3359 1648 3485 1708 Θεὸς
3536 1649 3740 1703 αἰώνιόν

399 1743 600 1812 habet)
635 1745 755 1799 dies
783 1743 900 1798 Sole
931 1741 1220 1810 incipiente
1249 1718 1434 1807 ineipit
1454 1777 1468 1798 ,
1499 1750 1562 1790 ac
1608 1734 1890 1788 desinente
1917 1729 2016 1784 de-

2129 1737 2236 1792 i0'1't
2266 1743 2392 1808 φῶς,
2423 1733 2541 1792 οὔτε
2573 1738 2874 1812 ἀρξάμενον,
2901 1734 3018 1792 οῦτι
3045 1737 3190 1802 λὴξόν
3221 1758 3366 1792 ποτε.
3399 1738 3581 1791 οὐκοῦν
3609 1739 3741 1791 αἰὼ-

400 1840 551 1894 sinit.
597 1837 738 1892 Deus
779 1845 959 1890 autem
1002 1843 1207 1890 aeterna
1238 1833 1327 1886 lux
1357 1839 1463 1890 est,
1495 1844 1614 1890 quae
1645 1842 1820 1898 neque
1847 1824 2019 1880 incre-

396 1933 504 2005 pit,
568 1946 741 2002 neque
805 1929 1023 1985 deﬁciet
1087 1940 1344 1998 unquam.
1422 1922 1525 1993 Ipsi
1579 1937 1710 1990 ergo
1762 1918 2024 1990 praelucet

400 2037 466 2080 ac
490 2023 777 2080 coexsistit
805 2030 1042 2078 aeternus
1070 2018 1354 2090 Splendor,
1383 2017 1472 2086 qui
1503 2014 1621 2068 sine
1651 2010 1807 2066 initio
1850 2009 2021 2065 ex~is—

400 2125 524 2173 tens
567 2126 621 2172 et
669 2130 887 2184 semper
937 2113 1170 2185 genitus,
1221 2120 1349 2165 ante
1395 2123 1517 2163 eum
1564 2106 1785 2168 emicat,
1818 2104 2023 2174 quique

399 2223 488 2271 est
513 2229 575 2270 ea
605 2211 866 2283 sapientia
893 2253 908 2278 ,
939 2225 1060 2281 qua:
1088 2208 1258 2271 dicit,
1294 2205 1404 2277 Ego
1425 2220 1566 2258 erant
1593 2219 1694 2274 qua
1721 2199 1974 2271 gaudebat
2004 2213 2024 2252 .°

404 2315 454 2362 et
492 2305 782 2360 delectabar
809 2303 1039 2375 quotidie
1082 2311 1201 2356 ante
1239 2298 1426 2370 {aciem
1451 2298 1563 2369 ejus
1609 2294 1752 2350 omni
1809 2303 2034 2364 tempore

403 2395 592 2469 (Prov.
621 2414 736 2466 vin,
763 2398 879 2467 30).

463 2531 528 2584 Et
545 2533 690 2599 paulo
711 2539 821 2598 post
843 2543 1127 2582 sermonem
1149 2530 1215 2580 de
1242 2531 1424 2580 eodem
1446 2531 1520 2579 sic
1553 2529 1874 2591 prosequitur
1904 2541 1916 2576 ;

473 2667 530 2722 4.
560 2666 696 2721 Cum
728 2680 860 2737 ergo
891 2675 1130 2720 :eternus
1153 2663 1224 2718 sit
1253 2663 1434 2728 Pater,
1468 2669 1704 2716 aeternus
1730 2668 1813 2716 est
1837 2670 1891 2715 et
1916 2658 2012 2716 Fi-

417 2759 564 2827 lius,
613 2762 794 2814 lumen
829 2758 896 2813 de
917 2756 1142 2812 lumine.
1188 2754 1290 2811 Ubi
1342 2753 1487 2809 enim
1539 2761 1624 2808 est
1669 2753 1902 2823 genitor,
1935 2759 2021 2807 est.

413 2862 471 2909 et
517 2852 714 2922 proles.
750 2851 807 2908 Si
850 2860 1030 2907 autem
1085 2850 1271 2921 proles
1324 2864 1432 2904 non
1475 2857 1592 2914 est,
1645 2845 1919 2918 quomodo
1968 2853 2026 2903 et

411 2945 571 3016 cujus
613 2955 795 3016 potest
835 2959 959 3000 esse
1010 2943 1266 3015 genitor?
1312 2942 1473 3012 Atqui
1529 2940 1690 2996 ambo
1747 2949 1915 3006 sunt,
1971 2948 2027 2995 et

414 3055 636 3108 semper
661 3047 809 3095 sunt.
845 3039 979 3094 Cum
1013 3037 1177 3108 igitur
1207 3038 1346 3093 Deus
1385 3035 1457 3091 sit
1501 3036 1591 3090 lux
1615 3077 1630 3100 ,
1664 3034 1913 3090 Christus
1940 3041 2027 3089 est

408 3137 691 3204 Splendor.
736 3134 871 3192 Cum
923 3144 1104 3191 autem
1152 3135 1387 3206 Spiritus
1427 3133 1536 3198 sit,
1567 3130 1797 3202 Spiritus
1839 3129 2022 3196 enim,

407 3231 624 3304 inquit,
675 3240 750 3285 est
780 3230 917 3284 Deus
960 3228 1139 3302 (Joan.
1171 3244 1225 3283 tv
1251 3269 1264 3292 ,
1314 3225 1446 3296 2t);
1489 3233 1857 3296 congruenter
1906 3237 2026 3277 rur-

353 3330 362 3339 '
405 3339 526 3379 sum
561 3321 816 3378 Christus
842 3336 1012 3393 vapor
1047 3319 1246 3375 dicitur
1275 3337 1288 3373 :
1329 3317 1421 3372 Est
1455 3318 1587 3372 enim
1610 3357 1624 3385 ,
1675 3314 1882 3387 inquit,
1930 3329 2024 3368 va-

394 3432 492 3487 por
519 3414 716 3468 uirtutis
742 3413 841 3468 Dei
875 3413 893 3484 (
912 3412 1069 3484 Sap.,
1100 3427 1201 3479 vn,
1233 3411 1304 3468 25
1326 3412 1367 3481 ).

458 3572 773 3635 Rursumque
796 3571 915 3621 dicit
939 3587 950 3620 :

486 3703 542 3761 5.
576 3701 736 3757 Solus
768 3709 948 3755 autem
981 3697 1150 3754 Filius
1195 3713 1415 3769 semper
1461 3697 1797 3752 coexsistens
1832 3694 2017 3759 Patri,

410 3805 466 3853 et
493 3795 687 3866 plenus
719 3810 786 3850 eo
829 3794 920 3864 qui
977 3802 1099 3858 est,
1143 3791 1259 3861 ipse
1309 3791 1469 3845 etiam
1513 3798 1631 3856 est,
1663 3803 1785 3846 cum
1839 3787 1911 3842 sit
1954 3801 2022 3842 ex

414 3890 571 3949 Patre
601 3889 704 3964 (ex
733 3888 924 3945 Athan.
951 3929 964 3956 ,
995 3886 1119 3941 ibid.
1143 3928 1158 3954 ,
1205 3903 1258 3940 η.
1295 3885 1409 3957 17).

2126 1853 2225 1886 νιον
2256 1831 2548 1906 πρόκειται,
2577 1834 2663 1885 καί
2693 1831 2930 1886 σύνεστιν
2967 1831 3108 1903 αύτῷ
3137 1831 3196 1884 τό
3219 1831 3547 1902 ἀπαύγασμα
3577 1825 3740 1903 ἄναρ-

2127 1948 2227 2000 χον
2260 1929 2346 1982 χαί
2393 1927 2634 2002 ἀειγενές.
2681 1926 3078 1998 προφαινόμενον
3118 1925 3300 1985 αὐτοῦ.
3347 1920 3472 1995 ὅπερ
3517 1920 3656 1978 ἐστίν
3706 1927 3740 1983 ἡ

2123 2021 2347 2097 λέγουσα
2373 2025 2547 2096 σοφία,
2578 2019 2704 2094 Ἐγώ
2747 2019 2881 2094 ἤμην
2975 2020 3300 2098 προσ-ἔχαιρε
3322 2035 3335 2049 ’
3385 2017 3495 2073 καθ’
3542 2020 3740 2094 ἡμέραν

2127 2111 2183 2169 δὲ
2213 2115 2550 2190 εὐφραινόμην
2581 2115 2631 2169 ἐν
2662 2116 2929 2191 προσώπῳ
2957 2115 3117 2170 αὐτοῦ
3142 2114 3193 2168 ἐν
3220 2116 3374 2172 παντὶ
3407 2120 3590 2188 καιρῷ.

2201 2539 2275 2579 Καὶ
2286 2530 2391 2581 αὖθις
2409 2532 2532 2583 ιπάγιι
2555 2533 2634 2582 μα’
2653 2531 2758 2583 ὀλίγα
2776 2518 2956 2583 (inquit
2968 2515 3386 2582 AlhaDDSiUS),:spi
3402 2533 3467 2568 τοῦ
3487 2529 3599 2570 cini.
3613 2531 3745 2583 λέγω-ι’

2133 2659 2146 2687 ί
2206 2659 2258 2712 4.
2301 2655 2482 2717 νοντος
2531 2649 2618 2708 οῦν
2665 2654 2870 2707 αἰωνίου
2916 2656 3009 2706 τοῦ
3057 2654 3286 2726 Πατρός.
3332 2650 3588 2714 αἰὼνιοςό
3623 2653 3744 2716 Υἱός

2128 2757 2262 2819 ἐστι,
2293 2761 2396 2827 φῶς
2425 2753 2479 2806 ἐκ
2509 2749 2672 2823 φωτὸς
2702 2747 2768 2801 ὤν
2794 2766 2807 2778 ·
2833 2741 2976 2807 ὄντος
3001 2749 3102 2820 γὰρ
3130 2746 3337 2820 γονέως,
3367 2743 3483 2801 ἔστι
3512 2747 3597 2800 καὶ
3622 2748 3742 2802 τέκ-

2127 2865 2229 2903 νον’
2266 2848 2308 2901 εί
2335 2844 2388 2900 δὲ
2417 2848 2487 2917 μὴ
2518 2844 2684 2899 τέκνον
2712 2838 2808 2899 εἴη.
2839 2848 2950 2902 πῶς
2980 2843 3068 2893 καί
3087 2842 3221 2900 τίνος
3250 2834 3376 2893 εἶναι
3403 2835 3620 2894 δύναται
3649 2861 3743 2911 γο-

2129 2945 2280 3004 νεύς;
2309 2939 2416 2995 ἀλλ’
2445 2941 2572 2993 εἰσὶν
2601 2933 2773 3010 ἄμφω,
2797 2938 2884 2990 καί
2909 2936 3034 2988 εἰσὶν
3065 2936 3162 2988 ἀεί.

2192 3042 2284 3086 Εἶτα
2305 3045 2414 3084 πάλιν
2437 3043 2658 3095 προστίθησι
2679 3045 2798 3079 ταῦτα
2821 3027 3142 3090 (Athanasius
3165 3026 3252 3093 ait)
3284 3043 3296 3076 Σ

2197 3120 2366 3179 eme;
2393 3118 2485 3190 μὲν
2515 3109 2606 3169 οῦν
2634 3109 2779 3176 ὄντος
2803 3118 2897 3168 τοῦ
2919 3118 3068 3168 Θεοῦ.
3103 3111 3129 3167 ό
3153 3114 3376 3186 Χριστός
3407 3115 3546 3168 ἐστιν
3569 3111 3746 3168 ἀπαύο

2127 3234 2325 3289 γασμα-
2347 3210 2641 3281 πνεύματος
2669 3204 2724 3261 δὲ
2754 3201 2917 3266 ὄντος
2947 3210 3172 3278 Πνεῦμα,
3197 3207 3320 3280 γὰρ.
3349 3209 3521 3280 φησὶν,
3545 3203 3743 3268 όΘεός’

2129 3305 2388 3377 ἀναλόγως
2415 3300 2564 3357 πάλιν
2607 3297 2633 3352 ό
2671 3299 2895 3371 Χριστός
2936 3297 3096 3368 ἀτμὸς
3133 3297 3353 3370 λέγεταιο
3379 3296 3580 3370 ’,ἀπ-μεὶς,
3612 3298 3738 3370 γάρ,

2132 3404 2302 3477 φησὶν,
2333 3399 2447 3454 ἐστι
2475 3403 2569 3456 τῆς
2597 3397 2692 3450 τοῦ
2721 3397 2852 3448 Θεοῦ
2881 3389 3171 3463 δυνάμεως.

2195 3573 2272 3614 ιω
2295 3573 2333 3610 ιι
2351 3573 2418 3608 τοῦ
2441 3565 2608 3618 amt?»
2632 3551 2810 3615 (inquit
2833 3548 3149 3613 Athanasius)
3169 3561 3276 3600 πάλιν
3296 3564 3381 3613 φησι

2197 3689 2253 3742 5.
2294 3689 2453 3748 Μόνος
2479 3683 2532 3740 δὲ
2566 3681 2592 3738 ό
2620 3682 2734 3743 Υίός
2761 3681 2841 3735 ἀεὶ
2871 3682 3036 3734 συνὼν
3057 3685 3130 3752 τῷ
3151 3681 3333 3752 Πατρί,
3365 3680 3566 3735 καὶτοῦ
3588 3676 3738 3740 ὄντος

2127 3782 2499 3858 πληρούμενος.
2545 3777 2631 3830 καί
2658 3773 2810 3834 αὐτὸς
2843 3769 3012 3836 ἔστιν,
3044 3768 3110 3824 ὧν
3155 3773 3209 3825 ἐκ
3239 3777 3333 3827 τοῦ
3363 3771 3581 3843 Πατρός.
3613 3769 3743 3826 Ha'c

2127 3880 2359 3930 excutata
2391 3875 2516 3924 sont
2556 3866 2704 3920 εει-1ο
2723 3867 2979 3917 continua
3020 3876 3049 3914 a
3088 3859 3151 3916 S.
3187 3861 3467 3915 Athanasio
3514 3863 3568 3915 in
3609 3859 3744 3930 Epi-

2128 3963 2262 4020 ποια
2292 3961 2356 4017 de
2384 3958 2650 4018 Sententia
2676 3954 2936 4027 Dionysii,
2971 3969 3119 4009 num.
3153 3953 3240 4021 15,
3269 3969 3320 4024 p.
3352 3953 3480 4022 255,
3514 3952 3598 4008 ed.
3631 3951 3741 4010 Bc.

2129 4059 2382 4115 nedictin.

1719 4195 1794 4246 Ex
1815 4194 1990 4247 eodem
2021 4193 2148 4247 libro
2173 4195 2329 4258 primo
2353 4190 2446 4255 (ι).

411 4307 416 4312 ’
485 4307 538 4362 6.
597 4304 865 4362 Caeterum
915 4306 1003 4360 ubi
1049 4319 1138 4361 res
1187 4304 1356 4360 factas
1401 4311 1458 4358 et
1502 4301 1718 4372 Opiﬁcia
1768 4300 2016 4372 quaedam

2195 4300 2245 4353 6.
2292 4299 2417 4357 Πλὴν
2464 4299 2562 4370 ἐγὼ
2611 4296 2797 4370 γενητά
2840 4317 2955 4350 τινα
3003 4300 3168 4371 φήσας
3211 4301 3449 4363 νοεῖσθαι,
3493 4306 3595 4354 τῶν
3637 4303 3734 4371 μὲν

417 4395 812 4455 consideranda
865 4397 972 4451 dixi
1001 4439 1016 4463 ,
1070 4394 1383 4463 huiusmodi
1432 4409 1612 4448 rerum
1648 4393 1793 4447 velut
1845 4397 2023 4447 minus

417 4489 744 4546 idoncarnm
782 4489 982 4544 cursim
1031 4486 1230 4557 protuli
1280 4485 1564 4554 exempla,
1597 4484 1810 4553 QtldlldO
1853 4483 1968 4539 dixi
2006 4501 2020 4540 :

415 4582 604 4651 Neque
638 4581 815 4650 planta
847 4580 897 4635 id
929 4578 1181 4650 estquod
1215 4577 1484 4648 agricnla,
1521 4592 1693 4647 neque
1719 4575 1918 4643 scapha
1968 4575 2022 4631 id

409 4675 555 4750 quod
587 4676 800 4729 navium
829 4674 980 4728 faber
1011 4677 1101 4739 (ea:
1145 4670 1338 4725 Athan.
1365 4712 1380 4736 ,
1416 4669 1544 4723 ibid.
1571 4710 1586 4734 ,
1636 4687 1690 4723 τι.
1737 4668 1862 4734 18).
1917 4669 2020 4725 De-

408 4771 538 4826 inde
592 4769 850 4838 congruis
910 4775 959 4820 el
1016 4774 1222 4819 natura:
1277 4764 1354 4819 rei
1431 4761 2021 4818 accommodatioribus

413 4865 588 4936 magis
638 4878 756 4917 sum
806 4862 1154 4925 immoralus,
1209 4873 1274 4914 ac
1329 4857 1574 4928 pluribus
1625 4855 1858 4928 explicui
1900 4872 2022 4927 qua:

409 4957 622 5015 veriora
677 4964 873 5024 erant,
910 4953 1074 5010 variis
1117 4949 1439 5024 excogitatis
1473 4950 1846 5022 argumentis,
1899 4965 2021 5021 qua:

2126 4393 2369 4446 τοιούτων
2397 4392 2464 4450 ὡς
2504 4389 2852 4465 ἀχρειοτέρων
2881 4388 2930 4452 ἐξ
2960 4388 3238 4466 ἐπιδρομῆς
3279 4385 3421 4445 εἶπον
3449 4389 3732 4468 παραδείγ-

2127 4507 2268 4556 ματα
2290 4499 2303 4513 ⁸
2333 4485 2443 4538 ἐπεὶ
2473 4487 2599 4554 μήτε
2621 4485 2679 4538 τό
2701 4487 2855 4554 φυτὸν
2883 4483 2999 4558 ἔφην
3027 4482 3305 4556 (adderem
3334 4487 3392 4539 τό
3420 4485 3548 4542 αὐτὸ
3579 4481 3735 4558 εἶναι)

2104 4584 2200 4650 ,τῷ
2227 4583 2456 4650 γεωργῷ,
2489 4579 2615 4650 μήτε
2667 4583 2741 4649 τῷ
2783 4586 3029 4651 ναυπηγῷ
3075 4579 3135 4632 τό
3187 4579 3400 4652 σκάφος.
3449 4573 3574 4634 Εἶτα
3625 4589 3739 4644 τοῖς

2126 4671 2406 4744 ἱκνουμένοι
2462 4674 2548 4726 καὶ
2600 4674 3039 4746 προσφυεστέροις
3094 4669 3422 4747 ἐνδιέτριψα·
3458 4675 3544 4727 καί
3584 4674 3738 4730 πλέον

2126 4763 2371 4831 διεξῆλθον
2400 4769 2518 4838 περί
2546 4774 2646 4822 τῶν
2677 4767 3042 4840 ἀληθεστέρων,
3078 4767 3283 4823 ποικίλα
3307 4770 3734 4844 προσεπεξευρών

2119 4864 2389 4931 τεκμήρια,
2420 4859 2552 4937 ἅπερ
2584 4863 2670 4913 καί
2715 4881 2798 4914 σοι
2829 4857 2892 4914 δι’
2925 4856 3075 4922 alia;
3105 4860 3375 4922 ἐπιστολῆς
3403 4860 3607 4938 ἔγραψα
3633 4879 3646 4893 ’
3679 4868 3733 4920 ἐν

2119 4947 2192 5013 οἷς
2220 4951 2422 5026 ἧλιγξα,
2457 4947 2592 5007 καὶὸ
2623 4953 2968 5028 προφέρουσιν
3000 4949 3228 5028 ἔγκλημα
3249 4952 3362 5010 κατ’
3389 4955 3515 5028 ἐμοῦ
3535 4953 3732 5028 ψεῦδος

1823 5085 2317 5146 COMMENTARII.

482 5235 562 5303 (l)
599 5233 866 5302 Quorsum
896 5228 1184 5303 Dionysius
1207 5227 1517 5303 sequentia
1549 5227 1601 5284 in
1646 5227 1881 5284 medium
1925 5238 2008 5303 at:

415 5301 971 5373 tul'erit,’t\thanasius
999 5301 1068 5353 ita
1099 5301 1379 5373 declar_at:
1405 5301 1738 5355 Accusatores
1758 5318 1900 5366 suos,
1917 5301 2008 5370 qui

412 5395 529 5431 eum
575 5369 946 5430 nientiebantur
992 5373 1220 5438 dixisse,
1258 5369 1453 5424 Filium
1494 5389 1651 5425 unum
1691 5388 1865 5426 eorum
1900 5387 2009 5427 esse

407 5464 523 5519 quae
551 5451 689 5520 facta
733 5456 900 5520 sunt,_
919 5453 965 5498 et
1001 5459 1324 5520 nequaquam
1355 5459 1464 5496 esse
1495 5442 1643 5520 Patri
1667 5443 2006 5520 consubstan-

407 5514 610 5582 tialem,
663 5521 844 5573 iterum
885 5518 937 5570 in
1002 5515 1131 5568 libro
1184 5515 1348 5583 primo
1411 5516 1640 5585 coarguit
1697 5514 1777 5568 his
1823 5515 2006 5569 verbis.

411 5589 566 5646 Unde
614 5591 779 5660 liquet
823 5603 886 5644 ea
929 5589 980 5642 in
1023 5588 1306 5660 superiore
1349 5585 1583 5660 Dionysii
1641 5587 1848 5660 romani
1892 5586 2008 5660 epi-

415 5663 553 5714 stola
582 5656 856 5714 confutata
888 5675 1010 5714 CSse
1031 5701 1046 5726 ,
1077 5673 1198 5727 qua:
1238 5657 1605 5710 Alexandrino
1649 5657 1858 5724 objecta
1891 5656 2004 5711 [nec

410 5749 470 5785 ra
483 5744 557 5784 nt.
590 5730 627 5786 li
660 5735 801 5785 enim
825 5773 840 5795 ,
873 5731 957 5798 qui
991 5729 1268 5784 Dominum
1306 5732 1496 5797 factum
1523 5744 1652 5793 esse,
1688 5729 1820 5782 sicut
1847 5745 2003 5784 unum

406 5819 611 5856 eornm-
644 5818 758 5868 qua:
811 5812 949 5870 {acta
987 5813 1136 5865 sunt,
1193 5799 1519 5866 existimant,
1569 5801 1621 5855 in
1673 5800 1800 5868 illa,
1842 5818 1896 5855 η.
1927 5800 1998 5869 2,

402 5870 758 5931 refelluntur.
789 5872 924 5930 lltud
970 5887 1188 5945 quoque
1240 5870 1570 5942 notandum,
1620 5887 1741 5930 eam
1796 5871 1998 5943 ﬁdem,

2109 5243 2212 5312 qua
2244 5228 2476 5312 Patrem
2527 5238 2580 5285 et
2621 5229 2819 5312 filium
2865 5233 3022 5312 unius
3073 5232 3422 5312 substantiaf,
3463 5251 3558 5293 seu
3600 5255 3729 5295 con-

2110 5301 2472 5382 substantiales
2507 5302 2823 5382 credimus,_
2862 5304 3104 5360 ﬁdelium
3137 5309 3331 5363 animis
3379 5301 3450 5363 ita
3497 5325 3725 5381 semper

2114 5372 2279 5455 fuisse
2305 5372 2542 5455 insitam,
2572 5383 2626 5427 ut
2656 5389 2777 5455 cum
2811 5376 2913 5432 hoc
2944 5392 3144 5455 negare
3164 5388 3451 5455 putaretur
3476 5372 3685 5438 Alexim
3706 5413 3724 5426 ο

2113 5442 2305 5497 drinus
2332 5445 2588 5526 antistes,
2616 5449 2798 5526 statim
2841 5464 2895 5526 a_
2922 5442 3206 5526 catholicis
3252 5450 3382 5505 viris
3425 5453 3490 5505 ad
3539 5469 3730 5511 roma-

2113 5529 2240 5568 num
2291 5515 2598 5584 pontiﬁcem
2659 5518 2818 5574 fuerit
2863 5519 3106 5584 delatus,
3158 5536 3258 5576 nec
3307 5522 3396 5579 ille
3446 5523 3736 5584 distulerit.

2113 5599 2236 5640 sese
2278 5588 2347 5640 ab
2393 5587 2696 5658 liujusmodi
2747 5591 3008 5656 opinione
3055 5591 3450 5650 alieniSsimnm
3493 5595 3736 5653 demon-

2112 5668 2306 5713 Strare.
2337 5658 2445 5714 Nec
2473 5661 2604 5716 illud
2633 5665 2838 5739 minari
2859 5664 3243 5739 observatione
3273 5665 3493 5736 dignum
3516 5708 3532 5735 ,
3578 5672 3733 5739 quod
3799 5703 3810 5712 ι

2112 5745 2218 5813 non
2249 5740 2452 5786 tantum
2484 5749 2596 5813 rem
2627 5737 2789 5813 verbo
2818 5735 3091 5813 όμοούσιον
3117 5735 3511 5813 significatam,
3545 5735 3639 5795 sed
3667 5753 3732 5799 et

2113 5805 2401 5878 ipsnnunet
2426 5805 2649 5878 verbum
2681 5805 2863 5878 aliquo
2894 5809 3054 5864 niodo
3085 5805 3235 5878 rejici
3277 5808 3464 5866 ﬁdeles
3494 5820 3570 5864 tot
3595 5823 3730 5870 ante

2107 5874 2375 5932 nicmnum
2421 5877 2702 5932 concilium
2733 5874 2889 5934 annis
2942 5874 3159 5950 indigne
3212 5878 3457 5938 tulerint.
3512 5881 3720 5943 Covsr.
