3994 6318
217 322 394 405 ἰνδ

1224 347 1316 406 AD
1353 345 1733 408 DiONYSlUM
1773 345 2112 411 ROMANUM
2151 353 2608 419 FRAGMENTA.

3497 371 3606 429 126

277 460 462 517 virtus
513 470 571 519 et
613 461 832 530 vitium,
904 461 1140 522 iactares
1179 473 1580 538 nuncupantur,
1628 465 1890 540 quemad-

2008 475 2084 530 τοῦ
2109 485 2324 537 ποιῆσαι
2348 481 2534 556 κρίσιν,
2561 483 2769 544 ἐποίησε
2796 483 2850 543 δὲ
2875 487 3109 562 ἀνομίαν.
3134 487 3404 562 (Adducta
3425 487 3543 547 haec
3570 504 3603 549 a
3660 483 3671 492 ’

282 555 511 612 modum
539 551 677 612 dixit
726 553 907 648 Dens:
943 557 1225 629 Ezpectavi
1267 567 1326 615 ut
1361 565 1553 634 faceret
1587 561 1846 634 judicium
1871 606 1886 633 ,

281 651 411 723 fecit
434 659 606 707 autem
633 652 952 722 iniquitatem
983 651 1135 728 (lea.
1160 699 1175 722 ,
1205 653 1261 723 5,
1306 651 1386 727 7).

1996 567 2058 624 S.
2090 567 2395 641 Athanasio,
2431 574 2522 631 ubi
2546 593 2730 649 supra,
2762 596 2816 636 η.
2847 598 2942 650 xx,
2979 599 3030 654 p.
3057 584 3216 656 257.)

281 745 440 798 Addit
460 747 774 810 Athanasius,
803 762 852 801 η.
877 747 957 809 2!,
980 748 1286 815 Dionysium,
1320 750 1461 814 Quod
1486 751 1642 803 Deum
1668 749 1851 803 Christi
1866 753 2098 818 factorem
2120 752 2346 818 dixisset,
2370 757 2879 827 reprehendentibus,
2895 764 3095 816 diversa
3116 779 3358 835 responsa
3379 767 3599 830 dedisse,

1539 837 1723 886 auibus
1739 848 1796 885 se
1823 843 2080 886 numeret.
2107 836 2298 886 dicens.

1539 837 1723 899 quibus
1739 848 1796 885 se
1823 843 2080 900 purgaret,
2107 837 2298 888 dicens.

363 945 447 1001 ll.
493 944 680 1017 Neque
713 946 792 1001 sic
835 945 1340 1018 reprehendendum
1373 960 1494 1003 esse
1525 947 1627 1003 hoc
1649 947 1886 1013 dictum;

280 1052 350 1094 se
399 1038 542 1093 enim
590 1037 812 1094 factoris
863 1039 1082 1095 nomine
1120 1055 1276 1095 usum
1327 1054 1449 1096 esse
1489 1039 1620 1095 dicit
1669 1041 1888 1110 propter

279 1145 510 1186 carnem
548 1146 709 1202 quam
769 1131 994 1200 verbum
1073 1144 1476 1202 assumpsrrat,
1534 1149 1656 1203 qua)
1708 1133 1889 1202 utique

277 1223 432 1280 facta
460 1233 564 1280 est.
597 1225 753 1294 Quod
796 1225 842 1282 si
869 1227 992 1298 quis
1024 1226 1154 1282 illud
1187 1227 1255 1282 de
1277 1225 1457 1284 Verbo
1488 1225 1689 1283 dictum
1727 1225 1890 1283 fuisse

277 1322 616 1390 suspicetur,
674 1330 729 1377 et
789 1319 844 1377 id
892 1335 1107 1394 quoque
1148 1333 1355 1380 remota
1406 1324 1752 1379 contentione
1795 1338 1890 1378 au-

285 1413 546 1469 diendum
594 1423 730 1469 erat.
797 1414 948 1470 Sicut
1017 1416 1164 1471 enim
1211 1414 1448 1471 Verbum
1516 1431 1628 1472 rem
1691 1413 1886 1471 iactam

284 1521 411 1562 esse
458 1522 566 1561 non
598 1508 804 1572 sentio;
859 1507 930 1563 ita
961 1524 1062 1565 nec
1099 1510 1265 1564 Deum
1309 1508 1608 1578 factorem,
1655 1509 1750 1566 sed
1798 1526 1890 1580 pa-

283 1608 425 1656 trem
454 1599 575 1670 ejus
607 1600 750 1656 dico.
808 1601 915 1658 Sed
969 1611 1022 1658 et
1064 1604 1108 1659 si
1153 1603 1370 1675 quando
1414 1603 1482 1660 de
1528 1605 1664 1660 Filio
1709 1605 1887 1662 disse-

280 1708 450 1759 rens,
497 1693 673 1749 obiter
723 1694 888 1749 Deum
943 1694 1203 1752 factorem
1245 1698 1451 1765 dixero,
1509 1712 1682 1768 neque
1712 1695 1892 1754 defen-

2063 950 2150 1004 Η-
2192 949 2316 1010 Μηδ’
2344 948 2505 1016 οὕτως
2536 956 2838 1030 ἐπιλήψιμον
2865 953 2992 1013 εἶναι
3014 959 3098 1015 τὸν
3124 958 3270 1030 λόγον
3300 976 3314 991 ⁸
3347 962 3600 1037 εἰρηκέναι

1989 1045 2090 1121 γὰρ
2127 1050 2338 1105 ποιητήν
2387 1069 2506 1118 φησι
2560 1045 2646 1102 διὰ
2681 1055 2770 1108 τὴν
2799 1052 2992 1126 σάρκα,
3029 1052 3086 1111 ἣν
3120 1053 3352 1116 ἀνέλαϐε,
3388 1057 3598 1127 γενητὴν

1991 1131 2154 1193 οὖσαν
2183 1143 2360 1202 αὐτὴν,
2393 1140 2419 1196 6
2443 1144 2606 1216 Λόγος
2658 1146 2715 1198 Εἰ
2741 1142 2794 1200 δέ
2819 1149 3044 1222 καὶπερὶ
3067 1153 3157 1202 τοῦ
3189 1148 3338 1222 λόγου
3371 1170 3450 1210 τις
3475 1152 3599 1204 ὐπο-

1989 1239 2166 1293 νοήσοι
2202 1239 2358 1292 τοῦτο
2393 1235 2651 1309 λελέχθαι,
2684 1239 2771 1293 καί
2810 1237 2974 1302 οὕτως
3007 1237 3227 1317 ἔπρεπεν
3272 1243 3462 1304 αὐτοὺς
3489 1245 3599 1318 ἀφι-

1990 1324 2221 1392 λονείκως
2259 1329 2501 1386 ἀκοῦσαι.
2532 1335 2600 1395 ὡς
2634 1332 2734 1408 γὰρ
2763 1333 2820 1385 οῦ
2866 1334 3060 1405 ποίημα
3101 1341 3264 1408 φρονῶ
3299 1333 3384 1390 τὸν
3412 1335 3592 1410 Λόγον,

1992 1425 2079 1477 καί
2117 1425 2176 1478 οὐ
2203 1431 2435 1492 ποιητὴν,
2468 1425 2590 1481 ἀλλὰ
2621 1428 2826 1502 πατέρα
2866 1428 2948 1482 τόν
2993 1429 3114 1483 Θεόν
3145 1431 3303 1485 αὐτοῦ
3334 1430 3462 1503 λέγω
3511 1433 3598 1485 καί

1993 1512 2085 1589 κᾷν
2121 1520 2174 1582 ἐξ
2212 1517 2492 1594 ἐπιδρομῆς
2531 1517 2658 1574 εἴπω
2708 1527 2920 1579 ποιητήν
2968 1523 3054 1576 τόν
3099 1521 3221 1576 Θεὸν
3267 1517 3598 1595 διηγούμενος

1994 1614 2112 1686 περὶ
2136 1616 2228 1666 τοῦ
2259 1611 2377 1666 Υίοῦ
2396 1652 2410 1674 ,
2443 1612 2566 1666 ἀλλὰ
2601 1615 2688 1666 καί
2715 1612 2878 1674 οὕτως
2905 1613 3320 1686 ἀπολογήσασθαι
3359 1613 3594 1670 δυνατόν.

1994 1709 2211 1768 ποιητὰς
2235 1709 2336 1783 γὰρ
2360 1714 2460 1762 τῶν
2486 1704 2625 1762 ἰδίων
2645 1707 2802 1781 λόγων
2831 1707 3066 1766 Ἐλλήνων
3092 1710 3181 1780 μὲν
3207 1709 3252 1762 οἱ
3279 1712 3424 1782 σοφοί
3450 1731 3594 1782 φασι,

278 1785 443 1843 sione
478 1797 662 1843 careat
702 1787 818 1843 bac
847 1783 1067 1846 locutio.
1114 1787 1246 1846 Nam
1277 1791 1549 1862 sapientes
1574 1791 1714 1862 apud
1739 1789 1884 1848 Gre:-

2008 1804 2162 1856 ιαίτοι
2205 1802 2436 1877 πατέρας
2477 1801 2696 1862 ἑαυτοὺς
2735 1796 2884 1862 ὄντας
2921 1805 3021 1856 τῶν
3061 1799 3198 1855 ἰδίων
3241 1800 3422 1875 λόγων.
3462 1803 3492 1860 ἡ
3543 1800 3597 1856 δὲ

282 1894 381 1936 cos
411 1879 670 1937 librorum
698 1897 918 1939 suorum
944 1884 1177 1940 factores
1197 1899 1258 1943 se
1296 1895 1644 1956 nuncupant,
1676 1887 1888 1942 tametsi

285 1969 450 2026 iidem
518 1972 783 2029 librorum
832 1987 1056 2032 suorum
1115 1988 1296 2049 patres
1359 1987 1507 2033 sunt.
1559 1978 1748 2034 Divina
1801 1995 1892 2034 au-

283 2073 394 2119 tem
421 2064 700 2137 Scriptura
737 2063 982 2126 motuum’
1009 2070 1100 2142 qui
1140 2087 1207 2128 ex
1237 2070 1402 2128 corde
1449 2067 1755 2142 prodeunt,
1788 2086 1890 2128 nos

285 2155 520 2214 factores
572 2169 758 2230 vocat,
813 2177 937 2219 cum
991 2179 1091 2220 nos
1147 2163 1383 2222 factores
1427 2166 1561 2239 legis
1600 2178 1655 2223 et
1697 2165 1888 2239 judicii

285 2260 340 2306 et
382 2251 609 2322 juSIitias
652 2253 800 2311 dicit.

1990 1897 2097 1949 θεία
2137 1901 2308 1972 Γραφή
2353 1899 2438 1951 καὶ
2485 1904 2584 1950 τῶν
2634 1896 2734 1950 ἀπὸ
2785 1893 3000 1968 καρδίας
3050 1897 3335 1968 κινημάτων
3380 1899 3598 1957 ποιητὰς

1993 1987 2127 2059 ἡμᾶς
2153 1984 2459 2063 διαγορεύει,
2492 1991 2711 2051 ποιητὰς
2739 1988 2896 2060 νόμου
2926 1990 3012 2044 καί
3044 1991 3264 2066 κρίσεως
3285 1989 3373 2042 καί
3404 1983 3596 2044 δικαιο-

1993 2082 2151 2141 σύνης
2174 2078 2415 2156 λέγουσα.
3033 2089 3040 2098 ⁸

1540 2381 1616 2434 Ex
1643 2383 1820 2433 eodem
1846 2381 1974 2433 libro
1995 2381 2231 2432 secundo.

359 2483 452 2541 12.
489 2484 558 2541 In
602 2482 858 2559 principio
903 2495 1014 2544 erat
1071 2485 1291 2546 Verbum
1326 2485 1405 2566 (6)
1435 2507 1450 2548 :
1479 2489 1574 2547 sed
1617 2505 1723 2547 non
1771 2499 1891 2547 erat

285 2577 527 2637 Verbum
553 2577 698 2654 quod
730 2578 959 2639 Verbum
993 2585 1304 2657 produxerit
1337 2587 1425 2660 (ea:
1465 2587 1657 2642 Athan.
1678 2629 1694 2655 ,
1731 2585 1888 2652 ibid,

287 2691 345 2730 τι.
393 2672 498 2747 25)
548 2693 563 2731 :
599 2669 824 2732 Verbum
865 2680 1008 2735 enim
1036 2687 1146 2735 erat
1176 2680 1318 2752 apud
1359 2677 1526 2736 Deum
1569 2678 1786 2753 (Joan.,
1817 2677 1892 2750 1).

289 2765 554 2822 Dominus
603 2763 864 2842 sapientia
920 2779 1002 2827 est
1044 2786 1059 2826 :
1105 2785 1212 2827 non
1262 2778 1381 2828 erat
1432 2771 1590 2843 igitur
1633 2771 1896 2842 sapientia

289 2857 384 2930 qui
435 2856 756 2929 sapientiam
810 2861 1096 2934 produxit;
1146 2862 1259 2938 Ego
1311 2865 1455 2921 enim
1483 2881 1652 2931 eram,
1687 2864 1894 2935 inquit,

290 2967 396 3023 qua
425 2953 772 3010 delectabatur
811 2953 995 3030 (Prov.
1026 2973 1150 3026 Vili,
1192 3000 1208 3026 ,
1240 2957 1366 3031 ‘50).
1398 2956 1613 3014 Veritas
1633 2967 1716 3015 est
1739 2956 1895 3014 Chri-

292 3053 412 3102 stus
445 3064 460 3103 :
489 3040 803 3104 Benedictus
831 3059 1034 3121 autem,
1069 3051 1146 3108 ait
1179 3047 1323 3108 Deus
1354 3049 1616 3108 veritatis.

2064 2483 2152 2544 12.
2192 2486 2268 2543 Ἐν
2298 2487 2443 2564 ἀρχῇ
2473 2483 2530 2546 ἧν
2559 2483 2763 2558 όΛόγος
2787 2499 2802 2516 ⁸
2837 2481 2941 2538 ἀλλ’
2971 2483 3060 2536 οὐκ
3087 2477 3145 2541 ἦν
3170 2478 3316 2554 λόγος
3342 2475 3368 2535 6
3394 2478 3480 2536 τόν
3503 2476 3604 2535 Λό-

1991 2605 2078 2660 γον
2105 2581 2382 2660 προέμενος
2400 2598 2413 2611 ·
2435 2575 2546 2644 Ἦν,
2572 2579 2694 2654 γὰρ,
2731 2575 2938 2650 όΛὸγος
2979 2576 3110 2651 πρὸς
3137 2573 3222 2629 τόν
3252 2571 3374 2628 Θεόν
3406 2587 3421 2602 '
3453 2575 3607 2647 σοφία

1994 2680 2260 2753 γεγένηται
2287 2675 2312 2731 6
2340 2676 2542 2752 Κύριος-⁸
2575 2675 2666 2728 οῦκ
2693 2667 2750 2732 ἧν
2775 2662 2861 2726 οὖν
2889 2671 3042 2743 σοφία
3071 2666 3096 2724 6
3124 2672 3216 2727 τήν
3240 2668 3418 2739 σοφίαν
3447 2667 3601 2726 ἀνείς·

1996 2771 2140 2846 Ἐγὼ,
2171 2772 2294 2847 γὰρ,
2334 2769 2485 2842 ἥμην.
2520 2770 2686 2841 φησὶν,
2724 2759 3154 2842 ᾖπροσέχαιρεν.
3187 2761 3386 2820 ἀλήθειὰ
3412 2761 3551 2814 ἐστιν
3578 2757 3605 2814 6

1998 2863 2223 2944 Χριστός
2249 2879 2262 2894 ⁸
2313 2860 2592 2934 Εῦλόγητος
2633 2855 2708 2921 δὲ,
2760 2853 2989 2932 φησιν,ὁ
3036 2853 3158 2915 Θεὸς
3209 2860 3301 2914 τῆς
3354 2850 3601 2912 ἀληθείας.

2003 2956 2246 3029 (Profert
2281 2954 2398 3010 haec
2423 2953 2486 3010 S.
2530 2949 2871 3018 Athanasius,
2915 2947 3006 3004 ubi
3038 2961 3200 3018 supra
3222 2987 3237 3013 ,
3267 2961 3322 3001 n.
3373 2958 3463 3001 xx:
3487 2986 3501 3014 ,
3550 2959 3604 3016 p.

2002 3049 2157 3122 260.)

1678 3187 1932 3241 Eri-tertio
1957 3187 2103 3241 libro.

365 3315 457 3373 iii.
505 3315 631 3374 Vita
675 3329 746 3372 ex
801 3317 909 3372 vita
956 3316 1136 3388 genita
1186 3324 1307 3385 est,
1359 3316 1814 3389 quemadmodum
1853 3321 1958 3388 ec

293 3408 451 3466 fonte
498 3408 700 3466 ﬂumen
743 3411 1045 3480 emanavit,
1101 3419 1156 3468 et
1213 3426 1280 3468 ex
1339 3412 1638 3468 inextincto
1695 3411 1899 3469 lumine

305 3503 652 3575 splendidum
692 3503 876 3562 iumen
906 3519 1196 3562 accensum
1227 3507 1312 3562 est
1336 3505 1436 3579 (ea:
1459 3505 1654 3563 Athan.
1679 3545 1697 3574 ,
1726 3504 1853 3562 ibid.
1885 3547 1900 3574 ,

300 3613 358 3653 π.
414 3597 539 3670 ιε).

2065 3316 2154 3373 ιδ.
2198 3321 2309 3376 Zur)
2343 3317 2400 3372 ἑκ
2441 3321 2574 3382 ζωῆς
2603 3317 2831 3390 ἂγεννήθη
2855 3327 2867 3344 ⁸
2894 3317 2983 3370 καί
3028 3315 3209 3391 ὥσπερ
3237 3312 3474 3383 ποταμός
3505 3311 3606 3367 ἀπὸ

2008 3419 2176 3484 πηγῆς
2202 3408 2418 3488 ἴρῤευσε
2439 3424 2454 3439 ⁶
2485 3413 2573 3465 καί
2601 3411 2702 3465 ἀπὸ
2727 3409 2994 3465 ἀσϐίστου
3018 3408 3252 3483 λαμπρὸν
3275 3414 3377 3480 φῶς
3401 3407 3605 3478 ἀνήφθη.

2088 3503 2468 3578 (Adducuutur
2504 3503 2620 3559 huic
2646 3520 2675 3558 a
2707 3503 2768 3560 S.
2800 3505 3083 3560 Athanasio
3106 3500 3210 3572 Ep.
3254 3501 3318 3557 de
3344 3499 3610 3560 Sententia

2020 3597 2278 3672 Dionysii,
2312 3615 2366 3656 n.
2399 3613 2554 3656 xvm.
2583 3614 2635 3671 p.
2669 3598 2824 3670 εδδ.)

1673 3763 1748 3816 Ex
1766 3763 1890 3814 libro
1911 3766 2104 3828 quarto.

371 3873 464 3930 Η.
497 3871 648 3930 Sicut
695 3881 851 3929 mena
896 3879 1079 3928 nostra
1117 3880 1326 3930 eructat
1365 3887 1395 3928 a
1445 3873 1620 3942 seipsa
1670 3872 1898 3928 verbum

300 3969 612 4042 (Albanam,
650 3969 778 4024 ibid.
799 4009 814 4037 ,
859 3985 913 4023 n.
941 3967 1045 4040 2'5)
1069 4011 1084 4036 ,
1133 3979 1188 4024 ut
1221 3969 1292 4023 ait
1322 3967 1590 4039 Propheta
1626 3984 1639 4020 :
1672 3965 1898 4020 Eructa-

293 4065 370 4118 vit
424 4079 511 4118 cer
564 4078 733 4117 meum
783 4064 993 4117 verbum
1032 4063 1217 4116 bonum
1271 4060 1425 4135 (Psal
1464 4075 1623 4127 xuv,
1651 4057 1720 4131 Ξ)
1746 4099 1761 4127 ,
1791 4067 1899 4114 est-

295 4172 404 4227 que
432 4168 722 4226 utrumque
748 4154 978 4210 alterum
1027 4155 1098 4210 ab
1140 4153 1354 4222 altero,
1413 4153 1688 4225 proprium
1729 4159 1785 4207 et
1830 4150 1900 4208 ab

296 4249 473 4306 altero
509 4250 854 4306 disctinctum
902 4249 1154 4305 obtinens
1187 4249 1363 4304 locum
1387 4288 1402 4313 ,
1432 4261 1555 4304 cum
1599 4247 1732 4303 illud
1782 4247 1901 4318 qui-

295 4343 421 4400 dem
466 4344 519 4400 in
566 4343 766 4409 corde,
819 4343 960 4399 istud
1009 4359 1138 4399 vero
1180 4345 1234 4399 in
1288 4344 1465 4414 lingua
1512 4352 1567 4398 et
1615 4356 1710 4398 ore
1745 4356 1897 4397 com-

297 4449 546 4495 moretur
591 4448 647 4494 et
689 4447 970 4494 moveatur
1020 4455 1035 4492 :
1077 4446 1477 4508 neque_tamc-n
1521 4435 1663 4491 inter
1708 4448 1768 4492 se
1813 4431 1898 4490 di-

296 4543 482 4601 stant,
531 4542 706 4589 autse
735 4533 970 4589 invicem
1012 4532 1330 4603 privamur;
1383 4546 1558 4603 neque.
1601 4546 1754 4587 mens
1781 4530 1898 4587 sine

297 4627 468 4684 verbo
513 4636 634 4691 est,
682 4640 856 4698 neque
901 4625 1124 4680 verbum
1175 4624 1294 4681 sine
1336 4633 1518 4680 mente
1551 4641 1564 4678 :
1597 4623 1690 4679 sed
1745 4637 1900 4679 mens

299 4721 525 4779 verbum
578 4718 708 4777 facit
746 4727 801 4775 et
851 4717 904 4775 in
932 4719 1049 4790 ipso
1097 4726 1358 4790 apparet,
1389 4731 1452 4773 ac
1482 4715 1705 4772 verbum
1746 4716 1900 4773 exhi-

298 4815 392 4873 bet
436 4822 679 4871 mentem
725 4813 778 4869 in
827 4825 931 4884 qua
983 4811 1180 4868 factum
1223 4821 1326 4868 est.
1376 4809 1440 4867 Et
1493 4827 1648 4867 mens
1673 4810 1892 4883 quidem

301 4918 386 4966 est
440 4909 593 4980 quasi
642 4907 867 4963 verbum
924 4907 1260 4973 immanens,
1302 4905 1526 4962 verbum
1577 4921 1707 4961 vero
1747 4920 1900 4962 mens

301 5001 614 5074 prosiliens.
671 4998 824 5056 Mens
879 4999 932 5055 in
982 4998 1206 5055 verbum
1254 4999 1490 5054 transit:
1527 4997 1752 5053 verbum
1803 5011 1900 5053 au-

305 5101 410 5151 tem
455 5102 694 5150 mentem
744 5093 798 5148 in
834 5091 1251 5148 circumstantes
1299 5091 1575 5147 auditores
1624 5078 1902 5147 transmit-

305 5186 634 5258 titzsicque
693 5201 849 5242 mens
891 5200 989 5256 per
1044 5185 1269 5241 verbum
1327 5186 1379 5240 in
1432 5184 1736 5241 auditorum
1783 5185 1901 5240 ani-

305 5279 406 5334 mis
448 5278 682 5347 insidet,
731 5279 893 5334 simul
933 5280 1176 5348 ingressa
1228 5293 1350 5335 cum
1397 5279 1586 5334 verbo.
1631 5280 1710 5335 Ac
1749 5295 1902 5337 mens

305 5373 521 5444 quidem
572 5380 655 5431 est
684 5371 837 5445 quasi
868 5381 1020 5445 pater
1069 5371 1222 5429 verbi
1298 5372 1352 5428 in
1401 5372 1580 5445 seipsa
1630 5373 1901 5442 existens;

1926 4495 1976 4558 D

2074 3873 2162 3928 Η.
2195 3867 2281 3934 Ὠς
2307 3873 2407 3949 γὰρ
2439 3870 2466 3928 6
2491 3873 2735 3950 ἡμέτερος
2761 3876 2880 3933 νοῦς
2905 3872 3168 3949 ίρεῦγεται
3195 3871 3286 3944 μίν
3316 3873 3398 3946 ἀφ’
3423 3872 3608 3928 ἑαυτοῦ

2003 3966 2272 4038 τὸνλόγον,
2304 3968 2372 4028 ὡς
2418 3961 2556 4021 εἶπεν
2601 3965 2626 4022 6
2665 3970 2946 4042 προφήτης.
2974 3964 3300 4042 Ἐξηρεύξατο
3344 3968 3374 4024 ἡ
3423 3965 3611 4044 καρδία

2005 4083 2103 4134 μου
2133 4062 2277 4135 λόγον
2301 4062 2502 4135 ἀγαθόν’
2528 4065 2614 4116 καί
2641 4059 2755 4116 ἔστι
2782 4063 2871 4132 μὲν
2900 4061 3140 4137 ἑκάτερος
3166 4061 3338 4136 ἕτερος
3368 4063 3607 4139 θατέρου,

2001 4153 2127 4210 ἴδιον
2157 4159 2355 4210 καὶτοῦ
2386 4156 2561 4210 λοιποῦ
2587 4157 2974 4232 κεχωρισμένον
3005 4156 3229 4226 εἰληχὼς
3254 4155 3431 4219 τόπον,
3464 4155 3489 4210 6
3519 4159 3610 4228 μὲν

2004 4251 2053 4304 ἐν
2083 4258 2145 4326 τῇ
2172 4247 2378 4325 καρδίᾳ,
2412 4248 2438 4303 6
2469 4246 2524 4302 δὲ
2565 4250 2650 4302 ἐπὶ
2694 4257 2785 4309 τῆς
2827 4249 3056 4321 γλώττης
3088 4252 3174 4302 καί
3215 4254 3304 4302 τοῦ
3352 4249 3611 4321 στόματος

2004 4342 2150 4395 οἰκῶν
2176 4363 2232 4396 τε
2259 4345 2345 4395 καί
2374 4343 2683 4414 κινούμενος*
2719 4343 2776 4395 οὐ
2827 4346 2923 4413 μὴν
2970 4339 3299 4399 διεστήκασιν
3317 4383 3330 4404 ,
3355 4339 3472 4395 οὐδὲ
3517 4364 3614 4397 κα-

2003 4435 2170 4500 θάπαξ
2199 4434 2415 4492 ἀλλήλων
2445 4435 2733 4510 στέρονται,
2769 4430 2884 4488 οὐδέ
2933 4435 3072 4488 ἐστιν
3114 4431 3229 4487 οὔτε
3274 4432 3299 4487 6
3342 4440 3460 4494 νοῦς
3494 4430 3613 4487 ἅλο-

2003 4550 2113 4601 γος.
2145 4525 2262 4584 οὔτε
2293 4525 2444 4590 ἄνους
2470 4527 2495 4584 ό
2524 4529 2689 4604 λόγος·
2725 4527 2830 4584 ἀλλ’
2858 4525 2940 4602 ὅγε
2978 4535 3095 4589 νοῦς
3118 4537 3254 4584 ποιεῖ
3279 4529 3362 4583 τὸν
3389 4529 3533 4602 λόγον
3561 4532 3611 4583 ἐν

2004 4624 2146 4697 αὐτῷ
2180 4624 2366 4694 φανεὶς,
2386 4625 2467 4676 καί
2487 4621 2512 4677 6
2533 4621 2674 4694 λόγος
2693 4620 2916 4678 δείκνυσι
2931 4623 3014 4676 τὸν
3034 4627 3170 4679 νοῦν.
3189 4623 3237 4675 ἐν
3252 4623 3392 4694 αὐτῷ
3405 4622 3612 4695 γενόμεσ-

2002 4737 2106 4777 νος.
2136 4719 2224 4770 καὶ
2252 4715 2277 4772 6
2307 4717 2398 4790 μὲν
2420 4721 2536 4776 νοῦς
2561 4717 2699 4771 ἐστιν
2738 4711 2839 4770 οἷον
2867 4712 3012 4789 λόγος
3043 4716 3344 4790 ἐγκείμενος·
3380 4714 3406 4769 6
3437 4713 3490 4770 δὲ
3527 4713 3611 4770 λό-

2003 4831 2092 4884 γος
2120 4816 2236 4871 νοῦς
2265 4808 2542 4887 προπηδῶν
2567 4827 2580 4841 ⁸
2614 4812 2701 4866 καὶ
2751 4813 3056 4882 μεθίσταται
3083 4812 3173 4882 μέν
3220 4808 3246 4865 6
3282 4815 3399 4872 νοῦς
3431 4810 3500 4872 εἰς
3526 4811 3611 4866 τὸν

2003 4904 2218 4980 λόγον,ό
2259 4903 2312 4960 δᾶ
2358 4905 2503 4979 λόγος
2531 4905 2616 4962 τὸν
2641 4911 2756 4961 νοῦν
2785 4907 2856 4966 εἰς
2894 4909 3015 4967 τοὺς
3052 4908 3311 4982 ἀκροατὰς
3355 4905 3609 4979 ἕγκυκλεῖ,

2006 5002 2091 5053 καί
2119 4997 2283 5059 οὕτως
2309 4997 2334 5054 ό
2361 5005 2479 5060 νοῦς
2504 4996 2588 5054 διὰ
2615 5004 2708 5053 τοῦ
2732 4998 2884 5073 λόγου
2914 5005 3027 5060 ταῖς
3053 5006 3153 5053 τῶν
3183 4997 3469 5053 ἀκουόντων
3510 4996 3611 5068 ψυ-

2006 5097 2133 5164 χαῖς
2177 5088 2478 5168 ἐνιδρύεται.
2533 5094 2806 5149 συνεισιὼν
2852 5099 2924 5166 τῷ
2971 5090 3134 5166 λόγῳ·
3163 5093 3248 5146 καὶ
3294 5089 3432 5146 ἔστιν
3464 5088 3489 5143 6
3520 5091 3611 5161 μὲν

2006 5181 2106 5242 οἷον
2131 5191 2304 5262 πατὴρ
2330 5185 2356 5241 6
2381 5193 2497 5248 νοῦς
2517 5193 2606 5242 τοῦ
2637 5175 2811 5262 λόγου,
2842 5184 2908 5240 ὢν
2937 5187 3007 5259 ἐφ’
3038 5187 3222 5242 ἑαυτοῦ
3248 5199 3262 5214 ⁸
3293 5185 3318 5239 6
3355 5183 3407 5238 δὲ
3456 5184 3610 5238 καθά·

2006 5297 2104 5357 περ
2143 5281 2252 5342 υίὸς
2293 5279 2318 5335 6
2360 5281 2507 5355 λόγος
2556 5287 2646 5336 τοῦ
2675 5287 2794 5346 νοῦ,
2825 5282 2928 5358 πρὸ
2975 5282 3160 5335 ἐκείνου
3208 5279 3297 5351 μὲν
3336 5275 3608 5343 ἀδύνατον,

2007 5373 2111 5430 ἀλλ’
2137 5372 2251 5430 οὐδὲ
2284 5370 2461 5441 ἔξωθέν
2485 5375 2655 5445 ποθεν,
2682 5377 2775 5434 σὺν
2802 5375 2972 5448 ἐκείνῳ
2997 5372 3278 5451 γενόμενος,
3305 5370 3610 5447 βλαστῆσαι·

1708 5488 2211 5548 COMMENTARII.

376 5609 454 5683 (i)
507 5609 782 5665 Librorum
833 5625 1068 5683 suorum
1100 5618 1270 5683 patres
1311 5617 1451 5662 sunt.
1505 5607 1583 5663 Ea
1633 5616 1816 5683 mente
1867 5623 1897 5666 a

309 5680 588 5739 Clemente
645 5681 938 5738 Alexandr.
1005 5682 1154 5735 initio
1213 5681 1546 5734 Stromatum
1617 5680 1744 5734 dicti
1775 5689 1900 5738 sunt

308 5754 418 5809 libri
431 5755 622 5828 animi;
642 5753 786 5828 liberi
827 5752 1010 5828 ψυχῆς
1027 5751 1220 5826 ἔγγονοι
1251 5753 1296 5828 ei
1315 5749 1728 5828 λόγοι-βιιιιίηάθ
1747 5767 1898 5820 νει-ο,

314 5842 367 5882 ιι.
414 5827 496 5908 ’14
518 5867 532 5892 ,
568 5823 856 5908 Dionysius
883 5823 1110 5908 itiipSl‘itl-i
1143 5825 1349 5907 planius
1373 5823 1627 5908 explicat.

404 5895 470 5952 In
503 5895 758 5968 principio
780 5937 798 5966 ,
834 5907 958 5973 -etc.
992 5896 1374 5975 _Atbanasius,
1421 5905 1717 5973 postquam
1744 5895 1908 5954 verba

2006 5611 2289 5682 sequentia
2355 5611 2576 5680 retulit,
2625 5611 2692 5668 iis
2752 5610 3048 5669 Sabeiiium
3109 5608 3268 5665 simul
3319 5615 3372 5664 et
3419 5607 3608 5682 Arium

2008 5681 2279 5754 proﬂigari
2333 5685 2620 5748 observat,
2672 5685 2893 5755 ipseque
2923 5683 3117 5738 iisdem
3159 5682 3374 5750 subjicit
3419 5681 3612 5755 expia-

2009 5751 2324 5827 iiatiouem,
2356 5771 2515 5828 quam
2547 5751 2885 5815 consuluisse
2928 5769 3112 5827 operae
3152 5755 3381 5883 planiqu
3426 5751 3606 5809 fuerit.

3239 5840 3500 5884 euersas.
