3994 6318
419 333 523 391 1ὶῖ

416 561 595 619 neque
648 558 805 602 extra
850 548 1020 618 ipsam
1070 547 1269 604 factum
1314 565 1435 607 esse
1483 560 1694 623 potest,
1751 551 1844 607 sed
1891 568 2014 607 cum

415 639 533 710 ipsa
585 638 799 707 existit,
856 656 883 693 a
925 656 1029 713 qua
1077 657 1301 712 germen
1353 652 1407 700 et
1449 646 1711 714 originem
1759 647 2009 718 sumpsit.

420 731 613 787 eodem
660 747 875 803 quoque
921 733 1085 789 modo
1112 735 1274 791 Pater
1325 738 1594 794 maximus
1620 752 1673 794 et
1703 755 1857 796 mens
1900 741 2019 796 uni-

415 821 642 879 versalis
681 834 805 880 ante
856 828 1034 880 omnia
1088 826 1283 883 Filium
1329 829 1490 886 habet
1543 831 1777 889 Verbqu
1809 849 1873 892 ac
1902 849 2019 892 sero

415 931 634 975 monetn
686 918 771 975 sui
824 919 994 993 ipsius
1047 920 1399 997 interpretem
1450 935 1505 983 ct
1552 928 1825 1004 angelum.

1239 335 2051 399 DIONYSIIALEXANDRINI
2093 340 2401 400 EPISCOPI
2443 342 2889 404 FRAGMENTA.

322 506 337 517 ,
411 449 637 506 verbum
666 458 845 507 autem
885 450 1031 509 velut
1083 452 1222 511 illius
1266 456 1501 524 mentis,
1553 472 1622 513 ne
1668 465 1794 515 ante
1839 456 2010 530 ipsam

2116 457 2170 515 δέ
2215 458 2304 516 ἀπ’
2335 462 2513 517 αὐτοῦ.
2545 463 2709 527 οὕτως
2738 465 2765 521 ὁ
2795 472 2965 545 Πατήρ
3012 466 3038 524 ὃ
3086 470 3329 544 μέγιστος
3371 473 3457 526 καὶ
3504 475 3717 531 καθόλου

2114 559 2232 614 νοῦς
2258 562 2458 630 πρῶτον
2493 556 2577 611 τόν
2604 557 2714 612 Υἱόν
2741 559 2903 632 Λόγον
2930 560 3150 638 ἑρμηνέα
3175 566 3264 617 καὶ
3291 559 3498 636 ἄγγελον
3524 565 3717 623 ἑαυτοῦ

3607 352 3717 410 128

2118 647 2253 721 ἔχει.
2291 647 2670 720 (Addueuutur
2708 651 2825 709 haec
2861 669 2891 711 a
2938 654 3002 712 S.
3033 655 3342 727 Athanasio,
3390 658 3479 715 ubi
3530 673 3717 733 supra,

2120 758 2175 799 tt.
2210 744 2302 812 25,
2337 758 2392 814 p.
2420 741 2577 817 259.)

1687 1089 1825 1143 Circa
1849 1093 2066 1147 medium
2088 1101 2257 1161 operis
2281 1104 2318 1150 ‘.

489 1211 577 1267 15.
605 1210 661 1267 Si
690 1227 759 1269 eo
785 1215 929 1287 quod
956 1224 1065 1271 tres
1091 1217 1199 1274 sint
1222 1218 1783 1292 hypostases,divisas
1804 1224 2007 1294 dicant,

415 1313 527 1363 tres
556 1319 716 1376 sunt,
745 1311 958 1367 etiamsi
1016 1313 1216 1382 nolint;
1266 1325 1358 1371 aut
1404 1316 1640 1372 divinam
1691 1319 2008 1377 Trinitatem

415 1414 639 1471 prorsus
668 1419 699 1458 e
727 1404 907 1461 medio
948 1405 1162 1463 tollant.
1218 1411 1236 1480 (
1262 1407 1345 1465 Ea:
1372 1408 1600 1480 Basilio,
1631 1410 1720 1468 lib.
1766 1413 1831 1469 de
1863 1413 2007 1486 Spir.

381 1504 618 1565 .sancto,
664 1513 713 1555 ε.
757 1498 888 1575 29).

2193 1232 2280 1286 15.
2320 1235 2377 1288 Εἰ
2404 1242 2477 1310 τῷ
2500 1243 2637 1311 τρεῖς
2676 1232 2803 1291 εἶναι
2837 1238 2932 1298 τὰς
2966 1236 3311 1299 ὑποστάσεις.
3339 1240 3725 1315 μεμερισμένας

2118 1321 2244 1381 εἶναι
2275 1325 2499 1400 λέγουσι.
2527 1335 2665 1404 τρεῖς
2709 1330 2811 1385 εἰσι
2835 1371 2849 1388 .
2883 1325 2975 1402 κᾷν
3017 1335 3086 1403 μή
3124 1331 3351 1398 θέλωσιν,
3382 1330 3413 1392 ἦ
3454 1335 3545 1394 τήν
3584 1333 3725 1388 θείαν

2113 1431 2322 1481 ΤΡΙΑΔΑ
2344 1423 2602 1489 παντελῶς
2626 1424 2959 1485 ἀπλέτωσαν.

1918 1655 1988 1706 Ac
2013 1667 2232 1707 rursum:

480 1798 557 1839 ιιιι
580 1799 689 1839 πάλιν
715 1788 896 1855 (inquit
916 1792 975 1843 S.
1006 1790 1225 1848 Basilius
1250 1796 1348 1861 Μ.)
1375 1810 1387 1846 :

492 1964 734 2022 Θειοτάτη
745 1965 868 2047 γὰρ,
885 1963 970 2024 διὰ
980 1974 1155 2040 τοῦτο,
1173 1973 1306 2047 μετὰ
1320 1976 1409 2035 τήν
1418 1972 1643 2045 Μονάδα,
1666 1982 1751 2036 καὶ
1761 1976 1816 2033 Ἦ
1825 1988 2009 2041 ΤΡΙΔΣ.

2186 1804 2387 1861 Extant
2422 1804 2538 1861 haec
2558 1805 2700 1877 apud
2742 1804 2782 1861 8
2793 1846 2806 1859 .
2843 1802 3097 1861 Basiliam
3123 1803 3377 1877 Magnum
3413 1805 3478 1861 de
3517 1804 3726 1880 Spiritu

2042 1874 2093 1934 Β
2120 1897 2338 1967 Sancto,
2365 1913 2485 1970 cap.
2519 1874 2724 1970 penult.
2750 1913 2803 1970 p.
2837 1898 2928 1954 61.

2174 1993 2419 2065 “Propter
2461 1991 2564 2047 ltoc
2603 1992 2787 2059 enim,
2839 1999 2964 2064 post
3017 1990 3319 2060 unitatem,
3355 1998 3439 2049 est
3478 1996 3536 2048 et
3580 1989 3727 2049 diri-

2115 2087 2340 2145 nissima
2390 2085 2643 2143 Trinitas.

1743 2252 1967 2305 Clausula
1991 2256 2139 2306 totius
2154 2256 2339 2319 operls.

490 2380 579 2439 16.
612 2378 707 2437 llis
728 2381 979 2439 omnibus
1005 2393 1363 2455 congruenter
1382 2394 1437 2442 et
1460 2400 1561 2443 nos
1580 2428 1599 2456 ,
1651 2388 1813 2445 etiam
1843 2388 2014 2446 forma

412 2474 705 2546 regulaque
725 2491 753 2529 a
776 2477 1082 2532 senioribus
1103 2478 1193 2549 qui
1215 2491 1344 2536 ante
1367 2495 1467 2536 nos
1486 2484 1739 2538 vixerunt
1758 2495 2007 2556 accepta,

410 2567 666 2624 concordi
709 2582 833 2624 cum
882 2569 990 2625 illis
1032 2585 1168 2628 voce
1210 2583 1265 2628 et
1308 2583 1603 2645 grattarum
1647 2579 1916 2634 actionem
1958 2590 2014 2637 et

411 2678 556 2720 nunc
603 2664 765 2720 etiam
814 2666 1099 2736 epistolam
1147 2682 1310 2740 quam
1363 2670 1651 2726 scribimus
1702 2673 1856 2728 vobis
1909 2672 2010 2727 ab-

409 2756 686 2813 solvemus
715 2776 730 2814 :
757 2757 867 2814 Deo
894 2766 1071 2815 autem
1105 2759 1248 2815 Patri
1294 2771 1347 2816 et
1386 2759 1526 2817 Filio
1559 2763 1785 2819 Domino
1826 2775 2011 2819 nostro

408 2849 535 2908 Jesu
584 2850 802 2909 Christo
856 2867 977 2909 cum
1026 2861 1212 2910 Sancto
1259 2853 1463 2925 Spiritu
1510 2857 1682 2929 gloria
1734 2868 1790 2917 et
1831 2857 2007 2931 impe-

409 2943 548 3004 rium
576 2945 630 3006 in
656 2949 852 3007 saecula
879 2946 1226 3006 steculorum.
1260 2950 1452 3009 Amen.

2152 2392 2156 2399 ’
2190 2390 2279 2446 16.
2320 2391 2531 2449 Τούτοις
2560 2392 2723 2445 πᾶσιν
2751 2389 3030 2451 ἀκολούθως
3056 2391 3144 2444 καὶ
3168 2389 3333 2462 ἡμεῖς.
3361 2393 3449 2447 καὶ
3486 2388 3547 2451 δὴ
3577 2392 3731 2469 παρὰ

2119 2492 2216 2541 τῶν
2259 2485 2361 2561 πρὸ
2392 2486 2529 2556 ἡμῶν
2553 2483 2923 2560 πρεσϐυτέρων
2948 2484 3111 2539 τιύπον
3148 2486 3233 2537 καὶ
3274 2484 3460 2540 κανόνα
3480 2486 3728 2562 παρειλη-

2116 2578 2280 2649 φότες.
2316 2576 2586 2650 ὁμοφώνως
2616 2597 2671 2630 τε
2704 2576 2879 2637 αὐτοῖς
2907 2582 3510 2654 προσευχαριστοῦντες,
3544 2582 3631 2633 καὶ
3659 2577 3726 2639 δή

2114 2673 2202 2724 καὶ
2241 2675 2329 2724 νῦν
2376 2670 2494 2742 ύμῖν
2526 2668 2925 2732 ἐπιστέλλοντες.
2957 2670 3381 2741 καταπαύσομεν·
3424 2678 3497 2744 τῷ
3526 2668 3581 2727 δὲ
3610 2680 3729 2746 Θιῷ

2114 2769 2276 2841 Πατρί
2303 2806 2313 2822 .
2340 2767 2427 2818 καὶ
2450 2764 2551 2836 Υἰῷ
2576 2770 2649 2837 τῷ
2678 2766 2845 2840 Κυρίῳ
2876 2764 3015 2835 ἡμῶν
3057 2761 3220 2821 Ἰησοῦ
3251 2771 3459 2841 Χριστῷ
3478 2808 3489 2819 .
3521 2767 3618 2820 σύν
3646 2774 3726 2840 τῷ

2110 2857 2237 2931 ἁγίῳ
2288 2858 2560 2928 Πνεύματι.
2606 2853 2730 2922 δόξα
2774 2858 2863 2911 καὶ
2900 2857 3088 2931 κράτος
3134 2858 3204 2917 εὶς
3244 2861 3365 2916 τοῦς
3406 2858 3590 2918 αἰῶνας
3614 2865 3722 2913 τῶν

2109 2949 2319 3005 αἰώνων.
2344 2946 2516 3020 Ἀμήν.
2548 2944 2810 3020 (\dduxit
2832 2945 2949 3001 hinc
2978 2945 3039 3001 S.
3073 2944 3301 3001 Basilius
3326 2945 3400 3000 Μ.
3431 2946 3483 3001 itt
3508 2946 3623 3000 Lib.
3656 2948 3727 3003 de

2115 3038 2315 3113 Spiritu
2346 3039 2559 3109 Sancto,
2584 3055 2703 3111 cap.
2734 3039 2941 3112 penult.
2972 3053 3025 3110 p.
3057 3038 3146 3107 60,
3184 3038 3271 3097 ed.
3304 3038 3665 3127 Benedictio.)

1481 3207 1562 3259 De
1583 3220 1744 3272 opere
1768 3210 1880 3273 ipso
1904 3205 2014 3258 haec
2042 3202 2215 3257 retulit
2237 3202 2291 3256 S.
2316 3202 2628 3256 Athanasius.

466 3341 556 3398 17.
589 3340 843 3411 Qtteritur
866 3340 1061 3398 deinde
1098 3338 1454 3416 (Dionysius),
1487 3339 1629 3411 quod
1656 3350 2004 3397 accusatores
2031 3341 2077 3404 C

402 3435 697 3492 sententias
717 3449 843 3490 suas
867 3450 971 3490 non
1001 3435 1236 3507 integras
1262 3434 1522 3499 referant,
1556 3434 1649 3489 sed
1691 3443 1965 3489 truncatas
1982 3480 1998 3505 ,

399 3537 455 3585 et
478 3528 620 3597 quod
649 3543 754 3585 non
787 3530 923 3585 bona
952 3530 1309 3594 conscientia,
1356 3528 1453 3586 sed
1478 3531 1615 3584 mala
1650 3544 1745 3599 pro
1779 3528 2001 3587 libidine

400 3621 722 3696 loquantur;
746 3638 883 3695 quos
907 3623 1111 3679 similes
1133 3624 1206 3678 ait
1232 3623 1372 3678 beati
1394 3624 1620 3690 apostoli
1646 3623 1998 3694 rpistolarum

398 3716 895 3773 calumniatoribus.
949 3716 1110 3773 Certe
1149 3717 1375 3789 singulis
1406 3726 1780 3772 accusatorum
1820 3718 1999 3773 verbis

396 3825 687 3867 occurrens
715 3854 731 3878 ,
774 3811 1024 3866 omnibus
1070 3824 1257 3865 eorum
1307 3809 1638 3881 argumentis
1669 3810 1994 3865 solutionem

396 3902 645 3969 adhibet;
697 3918 928 3972 cumque
979 3902 1275 3959 Sabellium
1318 3902 1585 3972 prioribus
1623 3902 1732 3957 illis
1777 3903 1995 3973 scriptis

395 3995 707 4069 planissime
733 3995 1054 4063 ccut'ntarit,
1105 3997 1188 4053 bis
1221 3997 1612 4069 posterioribus
1642 3994 1803 4055 tidem
1837 4012 1990 4055 suam

395 4090 618 4146 omnino
645 4088 785 4160 piam
815 4088 1074 4146 declarat.

2184 3336 2275 3392 17.
2316 3339 2547 3393 Δὶτιᾶται
2564 3334 2901 3407 (Dionysius)
2925 3338 3048 3398 τοὺς
3070 3336 3409 3398 κατειπόντας
3436 3336 3617 3400 αὐτοῦ.
3644 3339 3719 3399 ὡς·

2107 3436 2177 3504 μὴ
2207 3430 2507 3507 ὁλοκλήρους
2544 3430 2803 3505 λέγοντας.
2846 3429 2973 3484 ἀλλὰ
2999 3429 3405 3506 περικόπτοντας
3432 3430 3590 3485 αὐτοῦ
3616 3433 3720 3491 τὰς

2103 3527 2279 3592 λέξεις,
2311 3529 2400 3580 καὶ
2425 3528 2494 3586 ὡς
2525 3529 2594 3599 μή
2622 3525 2747 3600 καλῇ
2776 3521 3085 3585 συνειδήσει.
3113 3523 3238 3579 ἀλλά
3256 3528 3475 3601 πονηρᾷ.
3501 3524 3719 3579 λαλοῦν-

2105 3641 2200 3681 τας
2234 3621 2303 3680 ὡς
2332 3618 2551 3673 θέλουσι.
2586 3620 2805 3678 τούτους
2841 3638 2896 3672 τε
2931 3619 3134 3677 τούτοις
3162 3617 3425 3681 ἀπεικάζει
3468 3624 3574 3677 τοῖς
3616 3621 3719 3679 τὰς

2103 3720 2194 3768 τοῦ
2243 3713 2497 3789 μακαρίου
2527 3709 2835 3766 Ἀποστόλου
2882 3707 3238 3764 διαϐάλλουσιν
3265 3708 3713 3769 Ἐπιστολάς......

2104 3807 2276 3880 ἀμέλει
2317 3808 2405 3860 καὶ
2443 3804 2571 3881 πρὸς
2600 3803 2818 3858 ἕκαστον
2863 3810 2961 3857 τῶν
2995 3802 3097 3857 ύπό
3120 3808 3220 3856 τῶν
3246 3801 3544 3877 κατηγόρων
3575 3802 3716 3877 εἰρη-

2100 3901 2260 3972 μένων
2295 3898 2532 3952 ὰπαντῶν
2553 3936 2567 3960 ,
2594 3897 2765 3952 πάντα
2790 3898 2856 3951 τὰ
2883 3894 3009 3972 παρ’
3038 3896 3207 3950 αὐτῶν
3235 3895 3589 3972 προφερόμινα
3632 3897 3717 3950 θε-

2100 3994 2345 4071 ραπεύει·
2388 3993 2475 4046 καὶ
2521 3990 2779 4048 Σαϐἕλλιον
2827 3991 2917 4061 μὲν
2960 3992 3011 4044 ἐν
3052 3987 3440 4057 ἐκείνοις(ερίΙ.
3475 3987 3525 4042 itt
3560 3978 3715 4054 prius

2100 4084 2342 4158 Scriptis)
2373 4087 2671 4161 ἀνατρέπει,
2704 4086 2755 4140 ἓν
2802 4084 3004 4143 τούτοις
3047 4079 3101 4137 δὲ
3148 4079 3403 4137 δείκνυσιν
3442 4080 3712 4157 ὁλόκληρον

2098 4179 2288 4235 ἑαυτοῦ
2338 4183 2427 4238 τήν
2457 4179 2649 4237 εὐσεϐῆ
2699 4180 2897 4233 πίστιν.
2949 4174 3051 4248 (De
3092 4174 3365 4231 Sententia
3411 4171 3705 4243 Dionysii,

2090 4286 2241 4326 num.
2268 4286 2377 4338 xw,
2411 4285 2464 4340 p.
2490 4266 2645 4339 εδδ.)

1799 4426 2293 4486 COMMENTARII.

468 4576 486 4597 '
519 4572 749 4647 Basilius
840 4575 941 4629 tria
1014 4574 1313 4647 fragmenta
1389 4575 1773 4647 subsequentia
1830 4574 2222 4634 nobisDtiam
2248 4587 2343 4629 seu
2385 4574 2678 4631 essentiam
2734 4582 2789 4629 et
2836 4576 3008 4629 usiam
3063 4573 3348 4647 intelligit,
3398 4587 3570 4647 eaque
3623 4588 3708 4629 ra-

391 4645 724 4718 asscrvavit,
754 4659 817 4700 ac
860 4645 1192 4716 postremum
1222 4648 1439 4718 quidem
1490 4645 1664 4716 primo
1704 4647 1825 4701 Inoo
1868 4662 1991 4715 pru-

391 4714 578 4788 [ereus
601 4757 615 4771 .
656 4714 956 4787 pragutnnut
1003 4719 1115 4788 ipsa
1158 4737 1187 4773 a
1219 4714 1277 4775 se
1304 4714 1549 4775 exhiberi
1580 4719 1761 4776 verba.
1792 4714 1990 4787 quibus

391 4786 675 4859 Dionysius
723 4786 1176 4844 Alexamlrinusiu
1234 4791 1455 4845 sectutda
1517 4791 1583 4843 ad
1636 4786 1987 4856 cognominem

390 4860 606 4929 epistola
645 4875 949 4949 sermonem,
981 4867 1101 4949 περὶ
1138 4861 1779 4949 ἴλεγχονγᾳίἀπολογίας,
1816 4861 1983 4949 ῥέξω,

388 4945 485 4986 seu
520 4946 681 5006 ‘Opus
731 4933 801 5006 de.
825 4950 931 4999 qun
978 4932 1191 5006 agimus
1235 4932 1470 4990 Edistilvit
1498 4945 1552 4987 et
1580 4932 1794 5006 cIKtISIt.
1845 4932 1982 4991 Tum

389 5002 533 5073 quod
581 5018 679 5074 nos
727 5004 955 5069 primum
1011 5002 1290 5073 innuimus,
1321 5007 1445 5061 huic
1483 5004 1807 5074 subjiciens.
1852 5006 1984 5063 illud

390 5076 523 5147 citat.
565 5076 615 5129 in
672 5073 814 5147 hunc
843 5077 1060 5132 modum
1091 5093 1110 5131 .'
1142 5076 1290 5131 Idem
1315 5089 1362 5131 et
1384 5080 1521 5131 circa
1556 5073 1777 5130 medium
1803 5078 1983 5147 scripti

390 5144 613 5220 loquitur
637 5146 880 5220 adversus
917 5147 1260 5205 Sabe/(ianos.
1306 5147 1461 5204 Unde
1500 5149 1674 5216 palam
1718 5158 1801 5203 est
1846 5144 1981 5220 opus

389 5214 555 5281 illud,
606 5218 748 5290 quod
797 5217 1127 5274 Athanasius
1175 5220 1225 5273 in
1273 5214 1510 5290 quatuor
1544 5221 1711 5274 lihr0s
1741 5214 1978 5276 dtvis'um

389 5297 539 5361 notat
559 5330 574 5352 ,
602 5304 631 5342 a
679 5288 882 5345 Basilo
914 5293 966 5344 in
994 5302 1223 5361 quatuor
1268 5288 1523 5359 epistulas
1551 5291 1769 5346 tniuime
1813 5289 1980 5348 fuisse

387 5358 735 5432 dtstinrtunt;
780 5358 1023 5432 alioquin
1068 5364 1113 5418 is
1157 5358 1348 5417 ductor
1393 5363 1557 5417 totius
1616 5365 1797 5431 oneris
1833 5365 1976 5417 clau-

387 5429 558 5504 sulam
587 5448 650 5487 ea:
677 5445 887 5503 quarta,
907 5429 1024 5488 tuon
1054 5452 1118 5490 ex
1157 5435 1382 5488 secunda
1420 5437 1634 5504 epistola
1658 5429 1976 5491 laudasset.

386 5497 522 5579 [usq
553 5497 1065 5579 etiatt't‘subjectutu
1128 5507 1365 5579 Dionysii
1422 5497 1791 5579 testimonium
1838 5507 1977 5561 circa

385 5572 610 5646 medium
646 5576 822 5644 scripti
873 5577 1060 5633 haberi
1106 5572 1383 5646 iudicans,
1439 5590 1607 5632 totum
1666 5577 1796 5632 illud
1842 5591 1977 5644 Opus

384 5643 532 5697 velut
579 5643 755 5700 unum
786 5651 1043 5720 scriptum
1067 5693 1081 5715 ,
1116 5643 1669 5717 uuamve’epismlam
1694 5692 1708 5711 ,
1759 5643 1976 5703 ttondi-

384 5727 571 5782 versa?
622 5730 843 5775 censere
871 5736 932 5776 se
962 5724 1265 5777 Conﬁrmat.
1316 5720 1495 5776 Pluris
1539 5722 1759 5775 interi-st
1786 5721 1973 5774 obser-

384 5784 862 5865 vare_di_scrituen,
894 5808 1001 5862 quo
1024 5794 1268 5865 Dionysii
1298 5793 1408 5847 duo
1451 5793 1591 5865 idem
1630 5793 1973 5853 ἀποστάσεως

382 5856 704 5917 vocabulum
731 5856 1151 5934 usurpattt.Nant
1167 5856 1449 5922 Romanus
1464 5864 1566 5921 hac
1578 5878 1712 5922 voce
1731 5866 1973 5921 substan-

2097 4650 2245 4701 tiutte
2310 4657 2411 4701 tres
2485 4648 2787 4718 ltypostases
2865 4648 2915 4701 in
2976 4647 3086 4702 Deo
3140 4646 3429 4701 admittere
3468 4645 3703 4718 refugit.

2096 4718 2465 4773 Alexandrino
2513 4734 2639 4773 \crn
2676 4719 2807 4773 nihil
2860 4720 3005 4781 aliud
3059 4718 3384 4788 [typostasis,
3426 4717 3526 4771 nisi
3554 4717 3705 4787 quod

2095 4789 2298 4845 Latinis
2328 4805 2559 4860 persona:
2583 4805 2780 4846 netuen
2802 4832 2816 4855 ,
2850 4800 3023 4845 sonat.
3060 4788 3325 4857 Quocirca
3365 4797 3416 4844 et
3457 4799 3555 4842 (res
3608 4790 3707 4859 Ity-

2093 4872 2321 4931 postnses
2389 4865 2655 4916 catholico
2714 4862 2988 4930 urmdicat.
3049 4861 3176 4915 [duo
3232 4861 3379 4915 enim
3443 4860 3705 4931 Dionysio

2092 4934 2316 5001 altisque
2356 4934 2445 5001 qui
2488 4932 2785 4988 Sabulliuut
2827 4933 3254 5003 impugnabant,
3290 4931 3704 4987 null-sufﬁcere

2091 5004 2376 5059 videbatur
2421 5006 2581 5058 trium
2646 5020 3002 5073 personarum
3060 5004 3417 5073 prmdicatin,
3467 5005 3592 5073 quia
3647 5014 3704 5057 et

2090 5076 2359 5132 Subellius
2416 5086 2526 5131 tres
2588 5076 2639 5128 iu
2699 5075 2807 5131 Deo
2865 5092 3164 5144 persttnas,
3218 5076 3408 5146 Quales
3460 5090 3603 5146 uutts
3646 5085 3703 5129 et

2088 5146 2229 5201 idem
2282 5152 2445 5200 homo
2497 5146 2548 5200 in
2608 5146 2818 5201 theatro
2870 5144 3249 5219 ri-presetttarn
3288 5155 3499 5219 potest,
3555 5144 3701 5219 ultro

2086 5219 2465 5273 conﬁtebatur.
2493 5218 2828 5285 Quamquam
2858 5217 3085 5273 llaSilitts
3105 5217 3459 5273 Caesariensis
3484 5233 3572 5283 ep.
3600 5217 3696 5283 41,

2087 5290 2157 5343 ad
2197 5289 2482 5344 Maximum
2530 5289 2925 5357 philosophum.
2970 5289 3032 5344 Di
3055 5305 3285 5361 ntystutu
3319 5289 3609 5361 aliquando
3643 5291 3697 5344 in

2087 5361 2198 5438 [leo
2244 5377 2349 5438 ttou
2381 5362 2555 5438 Solum
2583 5361 2857 5438 ἑτερότητα
2884 5359 3373 5438 ἀποστάσεως.-εο(1
3417 5372 3471 5413 et
3516 5362 3701 5438 ούσίας

2085 5430 2326 5509 διαφορὰν
2350 5430 2888 5509 ctt_ltslitttiss'c._tlettt
2923 5433 3165 5505 ὁμούσιον
3196 5433 3370 5509 primo
3397 5436 3691 5509 respuisse,

2085 5520 2149 5557 ac
2174 5503 2521 5573 iulsltlttttlllltl
2554 5504 2604 5557 itt
2630 5507 2874 5574 analogia
2908 5503 2972 5556 ad
3000 5508 3379 5574 cognominem
3408 5504 3574 5556 missa
3593 5503 3699 5555 ad-

2089 5576 2304 5631 misiae
2330 5575 2539 5631 scribit.
2580 5574 2693 5643 Quo
2724 5580 2919 5646 factum
2942 5585 3048 5639 est,
3098 5576 3300 5640 innuit,
3343 5583 3399 5626 ut
3428 5575 3603 5646 uarius
3631 5574 3700 5627 sit

2083 5647 2425 5716 deprehensus
2439 5658 2484 5701 et
2504 5644 2797 5701 inconstans
2814 5648 2866 5701 in
2883 5646 3343 5715 conscriptionibus
3354 5645 3481 5699 suis.
3494 5644 3699 5716 Verum

2080 5714 2237 5773 aliter
2263 5733 2385 5774 eum
2407 5760 2421 5785 ,
2454 5721 2497 5772 si
2529 5720 2806 5774 Athanasii
2840 5714 3128 5787 epi~tolam
3152 5718 3221 5772 de
3257 5716 3525 5771 sententia
3568 5714 3694 5769 Dio-

2080 5792 2219 5863 nysii
2254 5801 2386 5847 tunc
2412 5793 2671 5862 legisset,
2701 5790 3009 5848 locuturum
3032 5788 3202 5848 fuisse
3227 5789 3492 5919 Βὲἓυιιῑιις
3511 5795 3685 5855 putat.

3341 5874 3565 5918 usum.

3341 5874 3565 5918 USTANT.
