3994 6318
240 289 327 348 H9
685 287 1054 351 CONCILIUM
1088 287 1434 351 ROMANUM
1477 285 1543 344 IN
1583 284 1812 345 CAUSA
1854 284 2144 345 DIONYSII
2185 286 2662 346 ALEXANDRINI
2701 285 3039 348 ι-ιΑΒιτυΜ.

787 433 1121 490 EPISTULA
1165 433 1254 489 IV.

301 566 380 624 Ab
406 567 645 623 Eusebio
674 569 764 624 lib.
792 586 868 626 vu
897 570 1032 626 "ist.
1056 615 1070 635 ,
1094 588 1213 643 cap.
1247 573 1280 629 9
1303 584 1636 630 memoratur
1667 575 1824 645 Epis-

249 661 335 716 loltt
361 660 601 734 Dionysii
627 663 979 734 Alexandrini
1009 666 1075 719 ad
1099 667 1409 739 Dionysium
1439 669 1736 722 Rtnnanum
1763 669 1830 725 de

254 755 470 810 aniauo
498 775 509 808 :
541 773 644 812 nec
673 757 741 814 de
770 757 996 828 epistola
1033 763 1134 815 ista
1163 763 1453 832 quidquam
1486 763 1706 818 aliunde
1731 779 1828 818 no-

249 853 420 906 vimus.
445 850 620 906 Porro
643 851 915 907 Luciantts
945 853 1057 919 ille,
1087 855 1155 910 de
1202 872 1338 924 qtto,
1365 871 1459 912 seu
1485 857 1637 926 cujus
1659 856 1830 926 gratia

251 949 423 1011 scripta
479 953 637 1010 erat,
696 944 934 999 creditur
985 946 1240 1017 Cypriani
1299 962 1620 1011 successor,
1675 948 1830 1016 cujus

251 1038 451 1110 Optatos
521 1039 616 1093 lib.
667 1055 686 1094 ι
741 1041 987 1094 meminit
1035 1040 1118 1095 his
1166 1041 1382 1096 verbis:
1421 1061 1438 1094 ι
1477 1042 1610 1096 Erat
1659 1042 1830 1097 altare

249 1130 349 1187 loco
386 1145 514 1194 suo.
565 1130 620 1185 in
662 1148 770 1201 quo
818 1132 1025 1203 pacilici
1077 1134 1318 1203 episcopi
1372 1145 1518 1190 retro
1569 1137 1830 1203 temporis

250 1225 577 1291 obtulerunt,
646 1225 948 1298 Cyprianus
969 1269 985 1294 ,
1012 1227 1284 1284 Luciamts
1305 1240 1359 1284 et
1380 1231 1579 1285 cmteri.
1615 1250 1632 1282 ›
1679 1231 1829 1286 ldeo-

249 1330 338 1388 que
365 1318 620 1386 scriptam
647 1335 752 1374 ntm
781 1320 1058 1375 immerito
1089 1322 1362 1376 existimat
1383 1325 1464 1376 vir
1485 1323 1748 1386 eruditus,
1773 1331 1830 1376 ut

248 1412 369 1468 inter
399 1411 659 1480 Stephani
712 1413 1075 1486 Cyprianique
1103 1431 1451 1472 successores
1498 1433 1596 1486 pax
1628 1417 1827 1470 illibata

248 1517 553 1563 servaretur.
602 1507 1068 1575 Quemadmodum
1118 1510 1261 1563 enim
1307 1519 1463 1564 antea
1511 1509 1669 1564 simul
1709 1524 1829 1562 sus-

248 1600 409 1657 citavit
457 1601 600 1658 Deus
641 1611 698 1658 et
739 1601 1047 1670 Victorem,
1091 1610 1150 1657 ut
1204 1605 1348 1658 circa
1405 1605 1548 1659 diem
1607 1602 1828 1659 Pascha:

247 1697 577 1766 apostolicam
636 1703 878 1752 tueretur
919 1696 1304 1761 traditionem,
1347 1703 1402 1753 et
1434 1696 1696 1753 lreumnm
1723 1741 1738 1764 ,
1771 1708 1829 1753 ttt

245 1803 410 1862 pacem
442 1791 582 1846 inter
629 1789 962 1846 dissidentes
1006 1791 1264 1846 ecclesias
1309 1805 1698 1860 componeret;
1749 1792 1822 1845 ita

3425 290 3531 350 130

1932 405 2345 460 Cmsariemium
2380 406 2747 476 captivitatem
2787 407 3082 478 contigisse
3109 403 3416 478 conjectura
3449 418 3534 466 est

1853 510 1904 571 Α
1935 509 2050 569 post
2103 514 2298 554 annum
2345 498 2486 566 9.60,
2532 515 2636 568 quo
2684 499 2997 554 Valerianus
3040 516 3067 553 a
3111 500 3289 556 Persis
3326 501 3534 560 deletus

1933 607 2228 665 captusque
2257 605 2356 648 est.
2412 594 2621 647 Exinde
2664 594 2808 649 enim
2861 595 3211 651 barbarormn
3261 596 3531 653 incursio-

1935 689 2092 744 nibus
2144 689 2332 743 vicimc
2373 688 2738 742 Romanorum
2792 690 3083 759 provincia:
3124 699 3306 760 patere
3353 705 3534 760 coepe-

1933 790 2076 836 runt.
2133 779 2460 834 Nominatim
2504 795 2633 835 vero
2689 779 2954 852 Scythas,
2997 780 3100 835 hoc
3146 791 3230 836 est
3267 779 3529 850 Gotthos,

1932 874 2073 930 circa
2132 890 2330 928 annum
2387 873 2531 938 264,
2580 874 2632 928 itt
2663 873 3017 944 Cappadocitc
3044 875 3290 930 civitates
3335 889 3529 930 exc-ur.

1933 969 2102 1029 risse,
2163 967 2392 1035 indeque
2445 968 2628 1036 plures
2692 968 2935 1036 captivos
3005 983 3187 1024 secum
3241 967 3532 1026 abduxisse

1933 1058 2325 1131 Philosmrgtus
2371 1058 2466 1114 ltb.
2500 1075 2538 1113 tt
2564 1101 2578 1127 ,
2627 1073 2750 1129 cap.
2783 1061 2816 1116 5
2841 1103 2855 1127 ,
2913 1058 3096 1116 tradit.

2691 1154 2779 1209 Vl.

2006 1251 2158 1320 Apud
2191 1250 2480 1306 Eusebium
2512 1250 2606 1305 lib.
2637 1265 2741 1318 vn,
2787 1265 2907 1320 cap.
2954 1251 3054 1320 30,
3099 1251 3309 1307 concilii
3343 1251 3531 1309 Antio-

1932 1345 2086 1399 chcni
2121 1345 2315 1414 legitur
2365 1344 2592 1414 episttth
2633 1361 2651 1393 ι
2692 1344 2952 1415 Dionysio
2983 1343 3262 1416 (romano)
3295 1343 3530 1398 Maximo

1932 1437 2052 1508 (qui
2096 1438 2350 1508 D.ouysio
2391 1435 2756 1492 Alexandrino
2797 1438 3170 1508 successerat)
3198 1448 3252 1492 et
3280 1436 3532 1491 oumibus

1933 1531 2254 1600 ubicumque
2303 1530 2352 1584 itt
2419 1530 2552 1585 orbe
2616 1541 2883 1585 terrarum
2947 1530 3172 1600 Collegis
3215 1530 3528 1600 cpiscopis,

1930 1624 2305 1694 presbyteris,
2357 1623 2638 1691 diaconis,
2697 1635 2754 1679 et
2816 1625 3084 1690 universte
3128 1623 3389 1678 Ecclesiae
3438 1638 3530 1678 ca-

1932 1714 2149 1769 tholicae
2199 1733 2216 1766 ›
2275 1715 2567 1786 inscripta,
2627 1733 2730 1787 qua
2773 1716 2975 1772 Paulus
3021 1717 3422 1772 Satnosatensis
3465 1716 3533 1773 ab

1931 1809 2246 1878 cpiscOpatu
2274 1809 2566 1878 depulsus,
2593 1818 2650 1863 et
2697 1810 2748 1863 in
2779 1811 2899 1878 ejus
2945 1810 3118 1866 locum
3158 1811 3399 1865 Domnus
3420 1807 3533 1864 suf-

245 1894 420 1940 etnon
481 1885 601 1940 sine
647 1885 739 1941 Dei
802 1895 932 1940 nutu
980 1884 1174 1940 eodem
1219 1894 1459 1954 tempore
1516 1883 1826 1954 Stephanus

1933 1901 2101 1956 fectus
2125 1905 2484 1956 renuntiatur.
2525 1902 2672 1957 Pene
2697 1902 2913 1972 quidem
2959 1913 3068 1957 tota
3100 1902 3432 1958 describitur
3461 1899 3530 1956 ab

243 1993 456 2034 romanae
506 1977 765 2033 Ecclesiae
810 1987 864 2034 et
922 1976 1212 2049 Dionysius
1264 1977 1632 2032 alexandrina:
1683 1993 1822 2047 prte-

243 2069 472 2137 fuerunt;
520 2071 618 2126 sed
663 2080 720 2126 ιιι
749 2071 840 2126 ille
870 2071 1066 2126 divinae
1111 2072 1253 2126 circa
1286 2071 1610 2141 baptismum
1659 2073 1826 2128 tradi-

244 2164 380 2220 tionis
409 2163 609 2220 vindex
629 2206 646 2233 ,
675 2164 764 2222 hic
796 2169 943 2236 pacis
976 2167 1360 2223 ecclesiastica:
1403 2181 1686 2239 sequester
1731 2183 1824 2225 es-

242 2269 326 2314 set.
371 2260 506 2328 Quae
556 2269 736 2315 autem
783 2261 850 2317 de
901 2260 1001 2316 hac
1051 2263 1277 2332 epismla
1321 2263 1718 2333 conjiciuntur.
1767 2274 1826 2320 ut

245 2353 296 2406 ad
346 2353 501 2409 initia
552 2354 897 2426 pontiﬁcatus
941 2357 1182 2429 Dionysii
1229 2357 1462 2415 Romani
1516 2361 1820 2430 referatur,

239 2451 510 2519 postulant.

983 2549 1048 2606 ν.

295 2640 530 2714 Dionysii
561 2642 787 2699 Romani
817 2644 1056 2716 episcopi
1089 2643 1156 2700 ad
1184 2645 1573 2703 Carsariensem
1611 2647 1663 2703 in
1689 2648 1823 2718 Cap-

239 2736 435 2803 padocia
464 2737 767 2793 Ecclesiam
797 2738 1140 2794 desideratur
1167 2741 1395 2811 epistola
1421 2783 1435 2807 ,
1479 2758 1638 2812 quam
1671 2742 1821 2796 Basi-

237 2830 317 2884 lius
339 2833 588 2902 ejusdem
620 2835 853 2889 civitatis
875 2836 1163 2904 episcopus
1193 2835 1457 2890 Caesareae
1484 2846 1817 2892 asservatatn

234 2935 368 2996 atque
394 2929 517 2998 ipsa
564 2928 830 2999 majorum
881 2929 1140 2984 memoria
1178 2930 1450 2985 celebrem
1483 2945 1607 2986 esse
1652 2940 1817 2985 testa-

237 3026 307 3074 tur
332 3020 506 3084 (Basil
551 3064 567 3088 ,
597 3039 680 3093 ep.
713 3022 857 3087 220,
900 3033 945 3076 et
977 3022 1191 3079 Damna.
1213 3066 1228 3088 ,
1270 3041 1351 3096 ep.
1379 3024 1416 3078 2
1439 3067 1454 3091 ,
1488 3042 1541 3079 η.
1578 3026 1658 3093 3).
1691 3025 1816 3082 Dto-

233 3126 392 3182 llyStuS
440 3101 568 3170 Cum
623 3115 725 3170 hac
774 3116 1026 3184 epistola,
1084 3135 1184 3187 qua
1227 3116 1592 3173 Czesarienses
1617 3132 1814 3173 conso-

233 3203 415 3259 labatur
446 3207 720 3272 alﬂictos,
757 3208 963 3278 legatos
991 3209 1239 3264 mittebat
1273 3211 1365 3280 qui
1398 3211 1591 3266 l‘ratres
1619 3227 1814 3267 eorum

1931 1993 2200 2060 Eusebio;
2248 1995 2342 2050 sed
2382 2009 2505 2049 cum
2557 2004 2755 2065 praeter
2797 1995 3209 2066 inscriptionem
3253 1995 3387 2051 nihil
3428 1994 3530 2050 ha-

1927 2089 2054 2146 beat
2090 2090 2326 2160 speciale
2347 2131 2362 2157 ,
2395 2089 2540 2161 quod
2570 2099 2663 2145 aut
2699 2089 2766 2144 ad
2799 2090 3151 2162 Dionysium,
3183 2097 3276 2144 aut
3317 2089 3382 2145 ad
3410 2088 3528 2159 ejus

1930 2182 2114 2238 sedem
2165 2185 2421 2246 attineat,
2456 2197 2576 2237 eam
2617 2181 2854 2238 indicare
2887 2184 3019 2237 satis
3056 2180 3338 2237 habemus.
3381 2177 3529 2236 Cott-

1928 2275 2111 2332 cilium
2157 2284 2340 2330 autem
2367 2274 2762 2330 Antiocltenum
2785 2317 2801 2342 ,
2852 2273 2996 2330 unde
3026 2275 3223 2345 scripta
3267 2282 3388 2342 est,
3423 2273 3531 2329 Eu-

1931 2369 2146 2432 sebius,
2179 2369 2275 2424 lib.
2328 2385 2399 2435 tt,
2458 2384 2508 2424 c.
2564 2369 2668 2434 819,
2721 2367 3054 2424 celebratum
3105 2366 3281 2422 dicit:
3326 2378 3532 2436 tempo-

1930 2462 2080 2517 ribus
2102 2462 2380 2518 Aureliaui
2406 2462 2752 2533 imperatoris
2781 2481 2800 2514 ι
2835 2481 2847 2516 :
2871 2462 2959 2533 qui
2989 2461 3207 2532 quidem
3234 2475 3378 2515 anno
3400 2459 3528 2528 270,

1930 2557 2073 2613 circa
2124 2572 2366 2614 mensem
2411 2558 2635 2628 aprilem
2689 2556 2916 2612 Claudio
2963 2555 3004 2610 ll
3053 2555 3333 2612 successit.
3380 2553 3531 2612 Unde

1928 2668 2033 2707 non
2086 2651 2245 2721 longe
2297 2660 2425 2706 ante
2497 2649 2738 2721 Dionysii
2811 2651 2982 2704 uestri
3033 2649 3271 2715 obitum,
3315 2657 3408 2702 aut
3462 2661 3530 2702 eo

1928 2747 2091 2802 etiam
2148 2754 2392 2810 mortuo,
2439 2745 2534 2801 sed
2585 2760 2707 2800 cum
2756 2745 2947 2799 mortis
2989 2743 3106 2812 ejus
3136 2742 3378 2797 nuntium
3420 2741 3532 2795 Att-

1929 2837 2182 2893 tiochiatn
2236 2837 2475 2893 nondum
2518 2836 2887 2908 pervenisset,
2920 2834 3229 2905 conscripta
3266 2833 3524 2890 creditur.

2672 2930 2783 2985 VII.

2001 3027 2257 3101 Dionysio
2294 3042 2446 3101 papa:
2484 3025 2722 3082 Isidorus
2769 3024 3037 3082 Mercator
3080 3023 3216 3081 duas
3244 3022 3528 3094 supposuit

1926 3121 2212 3192 epistolas,
2259 3137 2420 3177 unam
2459 3121 2527 3176 ad
2573 3119 2847 3177 Urbanum
2893 3119 3254 3191 przefecmm,
3296 3117 3527 3172 alteram

1924 3216 1989 3270 ad
2020 3217 2277 3270 Severum
2306 3217 2618 3288 episcopum
2638 3258 2653 3285 ,
2686 3230 2786 3272 suo
2827 3215 2950 3271 loco
2974 3230 3094 3271 cum
3129 3213 3356 3285 reliquis
3382 3213 3526 3283 ejus-

231 3308 254 3348 a
295 3299 606 3369 Captivitale
663 3300 976 3372 redemptos
1041 3302 1358 3358 liberarent.
1419 3304 1572 3360 l-lanc
1633 3317 1815 3362 autem
1843 3325 1887 3388 ρ
1923 3310 2044 3366 dem
2086 3310 2297 3382 opiﬁcis
2342 3310 2602 3366 edendas.

357 3492 888 3506 =7w_
901 3495 1584 3506 Ἢ

357 3492 1630 3506 ___.__.__________.._______.__
2129 3501 2176 3510 ..-
2477 3503 2624 3513 κ...

234 3487 3520 3566 W

609 3708 662 3751 σι
733 3653 1866 3808 CONCILIUM
1952 3661 2989 3816 ROMANUM

690 3959 756 4016 IN
793 3959 1343 4069 CAUSAQIONYSII
1383 3962 1880 4032 ALEXANDRINI,
1925 3965 2012 4022 DE
2055 3966 2605 4030 SABELLIANISMO
2645 3970 3003 4030 ACCUSATI.

1079 4164 1312 4206 HABITUII
1342 4163 1479 4206 mmo
1502 4164 1726 4216 CCLXIII,
1755 4164 2000 4208 Teneone
2043 4168 2270 4210 mosvsn
2308 4170 2453 4211 PAPA-l
2479 4157 2577 4229 (l).

1567 4312 2207 4366 -οὒλθεώειῶβ-ΒΦΦᾶ-ο-

278 4455 560 4515 Concilium
592 4468 880 4511 romanum.
907 4453 1021 4510 Hoc
1047 4451 1334 4509 concilium
1367 4463 1588 4510 auctore
1618 4454 1816 4526 Diony-
1843 4455 1895 4515 D
1924 4470 2049 4510 num
2076 4455 2141 4511 ad
2165 4453 2452 4512 concilium
2476 4456 2606 4512 citat
2634 4453 2831 4527 etquid
2872 4455 2940 4512 de
2973 4462 3158 4512 natura
3188 4472 3253 4514 ac
3285 4457 3521 4516 ineffabil

218 4551 286 4607 sio
309 4570 438 4624 papa
490 4552 825 4608 celebratum
872 4559 954 4603 est
1002 4535 1206 4614 llomze,
1257 4564 1397 4603 anno
1447 4550 1653 4603 Domini
1706 4551 1815 4608 265

218 4643 338 4700 hanc
361 4649 432 4701 oh
490 4661 710 4702 causam
745 4663 758 4698 :
790 4659 912 4700 cum
957 4643 1286 4710 Sabelliaua,
1327 4644 1566 4710 Innresis,
1595 4655 1814 4700 auctore

215 4740 430 4801 Sabellin
463 4745 661 4800 oborta
693 4759 755 4799 ac
795 4750 1120 4812 propagata,
1153 4741 1555 4812 gloriosissitttm
1598 4751 1650 4796 et
1680 4742 1813 4795 atlo-

215 4838 375 4893 rantla:
421 4837 679 4893 Triuitali
727 4850 1084 4907 persmiarum
1127 4823 1525 4888 distinctionem
1555 4833 1809 4901 auferret,

218 4924 487 5002 Diettysitts
511 4928 908 4986 Alexandrinus
932 4929 1010 4981 sui
1039 4926 1200 4982 officii
1219 4941 1338 4980 esse
1362 4937 1508 4980 ratus
1540 4926 1810 4982 hominem

214 5017 460 5094 Libycum
495 5022 599 5076 sibi
634 5021 904 5076 subditum
937 5020 1206 5083 refelli-re,
1241 5019 1290 5073 in
1323 5035 1458 5079 eum,
1488 5019 1812 5075 lucubratio-

213 5129 297 5169 nes
325 5118 591 5188 quasdam
646 5117 902 5185 scripsit,
937 5116 1128 5186 quibus
1158 5115 1376 5170 sinistro
1395 5112 1596 5182 judicio
1621 5114 1814 5169 Penta-

213 5212 601 5282 politanornm,
654 5230 758 5268 non
803 5228 1151 5283 personarum
1206 5221 1447 5277 tantum,
1501 5212 1594 5266 sed
1649 5213 1810 5267 etiam

213 5315 400 5360 natura:
427 5307 630 5362 divina!
659 5305 1056 5361 distinctionem
1077 5321 1140 5360 ac
1161 5304 1525 5360 diversitatem
1545 5313 1804 5361 tueretur.

212 5395 594 5468 Pentapolitani
628 5401 788 5470 igitur
825 5398 1074 5454 eumdem
1121 5397 1430 5469 Dionysium
1490 5397 1808 5452 Alexandri-

211 5504 344 5553 num.
383 5495 543 5562 quasi
595 5495 661 5548 de
713 5493 814 5548 ﬁde
841 5503 896 5547 et
945 5492 1205 5546 Trinitate
1229 5508 1332 5544 non
1368 5505 1512 5545 rente
1561 5497 1804 5559 sentiret,

212 5588 337 5654 apud
382 5589 701 5659 Dionysium
754 5587 1058 5658 pontilit-em
1102 5595 1376 5641 accusant.
1421 5586 1664 5654 Pontifex
1711 5587 1811 5642 hoc

215 5680 582 5753 cpiscnporttm
610 5692 878 5738 conventu
908 5681 1130 5748 indicto,
1153 5679 1463 5750 Dionysium
1490 5679 1809 5737 Alexandri-

277 5794 353 5866 (t)
383 5795 597 5854 Dubius
628 5805 712 5854 est
735 5811 926 5854 annus.

1919 4548 2327 4620 glot-iosissimze
2378 4549 2658 4604 Trinitatis
2713 4550 3010 4604 substantia
3069 4560 3303 4612 sentiat.
3359 4569 3520 4609 unam

1920 4644 2256 4708 eamdemve.
2283 4660 2352 4699 an
2379 4660 2505 4699 vero
2537 4627 2805 4699 diversam
2840 4645 2894 4698 in
2927 4645 3098 4700 tribus
3123 4646 3367 4716 personis
3392 4645 3521 4702 sub-

1920 4739 2196 4794 sistenletu
2224 4738 2459 4792 divinam
2492 4749 2735 4793 naturam
2767 4753 2889 4794 e~se
2915 4739 3122 4807 credat,
3165 4746 3367 4809 scripto
3400 4755 3522 4810 pro-

1919 4832 2059 4887 ﬁteri
2108 4832 2344 4886 mandat.
2399 4831 2698 4901 Episcopus
2749 4829 3145 4886 Alexandrinus
3189 4834 3522 4890 calumniosc

1918 4933 2199 4980 accusatus
2220 4966 2235 4992 ,
2268 4924 2533 4993 poutilicis
2557 4924 2778 4978 deet-elo
2809 4934 2979 4994 paret,
3009 4925 3289 4995 epistolam
3324 4923 3518 4980 mentis

1918 5035 2029 5074 sua:
2083 5018 2336 5083 indicem,
2371 5025 2426 5072 et
2455 5017 2698 5072 criminis
2743 5017 2938 5086 objecti
2993 5019 3368 5089 purgatriectn,
3398 5031 3519 5087 quae

1917 5121 2064 5166 extat
2084 5114 2220 5181 apud
2243 5111 2528 5165 Baronium
2551 5113 2651 5166 hoe
2677 5126 2842 5177 anno,
2869 5127 3018 5165 num.
3044 5111 3135 5178 54,
3155 5126 3274 5166 cum
3291 5121 3520 5180 quatuor

1917 5205 2265 5277 apulogelicis
2295 5205 2443 5260 li’tris
2469 5222 2566 5276 pro
2586 5206 2668 5261 sui
2701 5205 3016 5261 defensione
3043 5204 3363 5272 conscriptis
3391 5217 3518 5271 pro-

1920 5299 2127 5368 pedivm
2160 5297 2470 5361 all'erendis,
2505 5299 2687 5354 mittit.
2729 5299 2932 5364 Quibus
2962 5297 3188 5362 habitis,
3222 5311 3344 5350 cum
3377 5295 3518 5351 Pen-

1918 5393 2333 5464 tapolitauorum
2373 5395 2762 5458 accusantium,
2792 5402 2844 5449 et
2877 5391 3113 5464 Dionysii
3143 5405 3262 5446 sese
3287 5404 3520 5461 purgan-

1920 5489 1986 5541 tis
2041 5503 2199 5542 causa
2247 5487 2334 5540 diu
2380 5489 2718 5559 multumque
2768 5488 3008 5541 discussa
3052 5485 3262 5552 fuisset,
3315 5483 3517 5554 prmvio

1918 5593 2130 5636 maturo
2157 5579 2386 5635 eonsilio
2405 5622 2421 5647 ,
2455 5581 2742 5649 Dionysius
2767 5578 3164 5635 Alexandrinus
3191 5578 3478 5646 episcopus
3498 5617 3514 5645 ,

1916 5676 2157 5731 omnium
2203 5677 2602 5746 episc0porttm,
2661 5673 2749 5746 qtti
2805 5673 2930 5730 huic
2975 5672 3206 5729 concilio
3258 5669 3519 5727 interfue-

1918 5780 2065 5839 tum,
2100 5774 2366 5828 sententia
2394 5784 2459 5827 ac
2493 5768 2700 5840 judicio
2729 5768 2796 5826 ab
2828 5775 3210 5826 accusatorum
3240 5763 3515 5826 calunmia
