3994 6318
419 251 511 312 151
1055 247 1426 311 CONCILIUM
1465 250 1810 318 ROMANUM
1849 253 1918 315 IN
1955 259 2184 322 CAUSA
2229 259 2523 324 DIONYSII
2559 266 3058 340 ALEXANDRINI.
3625 277 3733 340 ιω

415 376 552 426 teste
577 366 888 434 Athanasio,
931 365 984 422 in
1027 367 1121 423 illo
1149 370 1538 426 commentario
1568 387 1726 443 quem
1773 373 1840 431 de
1887 392 2010 432 scn-
2038 383 2088 441 Α
2116 379 2260 436 Intus
2290 395 2372 439 est
2412 385 2572 457 (Vide
2623 388 2852 462 Barou.,
2895 408 3043 452 anno
3070 393 3212 464 265,
3244 411 3396 458 num.
3423 396 3494 456 30
3515 438 3532 468 ,
3560 413 3735 472 usque

415 460 581 518 tentia
610 459 850 534 Dionysii
882 458 1138 517 adversus
1179 461 1408 518 Arianos
1436 466 1792 536 conscripsit,
1833 467 1993 528 abso-
2094 475 2161 531 ad
2193 475 2311 547 50).
2351 469 2364 476 ’
2465 477 2468 480 ’

1082 636 1977 730 ALEXANDRIN/E
2055 648 2492 742 SYNODI
2547 659 3070 751 DIONYSII

1654 825 1747 884 EX
1788 826 2083 888 LIBELLO
2121 833 2476 898 SYNODICO.

491 963 738 1038 Synodus
763 962 946 1020 divina
973 970 1030 1018 et
1052 969 1237 1018 sancta
1261 963 1605 1035 particularis
1629 1007 1646 1032 ,
1676 965 2021 1024 Alexandriae

2199 979 2408 1044 Σύνοδος
2446 985 2555 1042 θεία
2583 989 2668 1044 καὶ
2712 988 2824 1069 ἱερά
2862 997 3066 1069 μερική,
3108 996 3159 1052 ἐν
3188 993 3531 1078 Ἀλεξανδρείᾳ
3575 1019 3740 1060 euecto

421 1060 649 1115 collecta
681 1074 711 1112 a
761 1057 1073 1114 confessorc
1124 1057 1400 1130 Dionysio,
1456 1058 1697 1131 ejusdem
1752 1062 2026 1133 archiepi-

2754 1057 2766 1069 υ
2862 1057 2872 1066 υ
2929 1057 2938 1069 I
3052 1057 3065 1061 ’
3301 1057 3318 1064 '
3416 1057 3425 1076 Ι
3506 1059 3519 1078 ο
3584 1057 3595 1060 ⁷
3684 1057 3694 1058 7

2137 1072 2409 1149 ipoweeio-a
2458 1079 2561 1136 ὑπό
2605 1091 2696 1139 τοῦ
2737 1086 3046 1162 ὁμολογῆται)
3096 1095 3384 1154 Διονυσίου.
3410 1102 3501 1152 τοῦ
3540 1098 3747 1163 ταύτης

423 1169 618 1224 scopo:
645 1170 763 1224 qum.
786 1152 1080 1210 Sabellium
1101 1150 1398 1208 divinitatis
1430 1151 1705 1208 inimicum
1732 1155 2024 1214 abdiCavit.

493 1248 745 1321 Synodus
793 1248 973 1303 divina
1027 1257 1082 1303 et
1129 1255 1310 1302 sancta
1367 1246 1708 1318 provincialis
1737 1290 1752 1314 ,
1799 1250 2026 1308 collecta

423 1343 768 1400 Alexandriae
811 1343 880 1398 ab
906 1343 1096 1398 eodem
1130 1343 1430 1415 Dionysio:
1463 1359 1584 1414 quas
1634 1344 1940 1413 damnavit,
1973 1355 2028 1402 et

426 1448 546 1509 post
575 1447 805 1494 mortem
836 1435 1104 1492 abdicavit
1136 1435 1492 1507 Nepotianum
1514 1439 1827 1509 episcopum
1856 1438 2029 1514 IEgyo

425 1529 502 1600 pli
528 1539 583 1586 et
609 1529 926 1586 Corinthum
961 1546 974 1582 :
1005 1539 1279 1600 tamquam
1310 1543 1705 1596 asseverantes,
1739 1547 1914 1602 eoque
1941 1547 2029 1588 er-

427 1624 537 1678 rori
570 1624 832 1694 plurimos
872 1623 1008 1680 alios
1035 1623 1372 1681 involventes
1393 1666 1408 1691 ,
1440 1624 1493 1679 in
1526 1634 1739 1681 terrena
1776 1625 2023 1686 Hierusa~
2057 1611 2104 1672 Β

427 1716 532 1772 lem
583 1715 782 1773 Christi
815 1732 936 1774 esse
982 1733 1206 1788 regnum
1232 1757 1250 1785 ,
1289 1728 1345 1776 et
1374 1717 1732 1774 millenariom
1763 1734 2027 1776 utiliorum

427 1811 686 1869 docentes
715 1830 730 1867 :
759 1822 814 1868 et
834 1821 1093 1884 praeterea
1120 1813 1280 1868 boum
1304 1814 1568 1868 sacriﬁcia
1606 1821 1662 1870 et
1684 1815 1863 1871 ovium
1886 1829 2032 1873 mac—

429 1907 659 1964 tationes
683 1916 953 1978 tamquam
981 1906 1252 1974 legitimas
1278 1908 1578 1980 exigentes.

2129 1166 2407 1248 ἁρκερέως,
2442 1175 2821 1257 ἀποκηρνξασα
2848 1182 2933 1237 τὸν
2961 1184 3228 1243 Σαϐελλίον
3254 1189 3340 1245 τὸν
3366 1190 3605 1250 ἀντίθεον.

2202 1263 2412 1328 Σύνοδος
2467 1270 2576 1326 θεία
2628 1278 2716 1329 καὶ
2772 1275 2885 1355 ἱερά
2930 1285 3151 1346 rentur},
3205 1286 3628 1361 συναθροίοθησα
3688 1285 3744 1345 ἓν

2133 1351 2496 1436 Ἀλεξανδρεία,
2528 1363 2631 1418 ὑπὸ
2660 1373 2750 1422 τοῦ
2796 1375 3152 1451 προειρη)ἐνου
3197 1379 3485 1445 Διονυσίου.
3525 1400 3748 1438 κατασι-

2135 1447 2347 1505 κὰσασα
2399 1458 2485 1509 καὶ
2531 1457 2908 1535 ἀποκήρνξασα
2949 1468 3082 1538 μετά
3126 1469 3339 1526 θάνατον
3366 1512 3380 1533 ,
3435 1472 3750 1532 Nino-navi»

2135 1541 2414 1600 ἐπίσκοπον
2452 1548 2734 1622 Αἰγύπτου.
2761 1554 2831 1610 τὰ
2858 1559 3091 1633 Κήρινθον
3117 1575 3131 1590 ⁶
3164 1564 3232 1624 ὡς
3257 1559 3751 1642 διαϐεϐαιουμένους

2132 1635 2199 1688 τὰ
2247 1635 2485 1707 πλιῖαδα,
2518 1641 2904 1733 ἐξαπατῶντας.
2948 1650 2999 1704 ἐν
3051 1660 3115 1724 τῇ
3161 1654 3367 1732 irrepsit,»
3409 1635 3752 1733 ’lspouvo'otlript

2131 1731 2226 1779 τοῦ
2252 1735 2479 1804 Χριστοῦ
2520 1728 2647 1790 εἶναι
2682 1742 2771 1797 τήν
2811 1739 3097 1812 βασιλείαν,
3143 1749 3231 1801 καὶ
3258 1728 3364 1808 *τήν
3415 1728 3754 1828 χίλιετηρίδοι

2131 1814 2532 1892 δογματίζοντας
2559 1845 2570 1856 ’
2599 1828 2731 1908 πρὸς
2759 1832 2963 1895 τούτοις
3009 1833 3299 1906 βουδνσίας
3342 1814 3460 1902 καί-
3475 1814 3753 1932 united”:

2131 1915 2248 1988 γίας
2276 1919 2697 1990 νομοθετοῦντας.

1068 2045 1403 2108 EPISTULA
1430 2047 1455 2108 Ι
1479 2048 1556 2120 (1)
1599 2047 1888 2108 DIONYSII
1926 2047 2129 2107 PAPE
2169 2052 2264 2112 ΔΙ)
2300 2053 2632 2116 URBANUM
2675 2059 3134 2125 PREFECTUM.

435 2159 690 2220 Hortatur
737 2179 850 2219 eum
876 2162 1088 2235 diligere
1118 2173 1164 2220 et
1209 2164 1452 2232 scrutari,
1500 2175 1555 2220 ut
1582 2165 1960 2224 rationabiliter
1983 2175 2032 2226 et

498 2258 749 2329 sapienter
796 2256 1040 2328 disponat
1091 2266 1137 2316 et
1163 2258 1366 2330 judicet
1408 2276 1471 2316 ea
1498 2275 1613 2330 quae
1655 2260 1736 2319 illi
1763 2260 2035 2320 commisso

501 2361 639 2408 sunt.

535 2481 817 2559 Dionysius
857 2486 1125 2558 episcopus
1155 2483 1366 2544 Urbano
1402 2488 1642 2561 prtefecto
1688 2490 1924 2546 salutem.

499 2642 777 2701 Summum
808 2644 1009 2701 bonum
1039 2654 1126 2702 est
1151 2661 1336 2706 amaro
1384 2657 1630 2704 amantes
1656 2664 1750 2714 se;
1784 2657 1841 2705 ct
1867 2663 2035 2705 econ-

430 2747 509 2794 tra
537 2781 551 2804 ,
585 2737 737 2809 pejus
764 2739 963 2794 malum
994 2755 1100 2796 non
1132 2749 1246 2807 est,
1269 2757 1431 2812 quam
1458 2752 1518 2798 ut
1545 2743 1691 2799 cives
1712 2743 1921 2800 civibus
1952 2744 2038 2799 in-

429 2833 661 2888 videant.
695 2833 906 2889 Gratias
934 2834 1200 2906 siqnidem
1229 2838 1438 2907 agimus
1462 2848 1566 2893 tute
1589 2838 1867 2900 charitati.
1887 2836 2032 2908 quod

431 2925 614 2980 lideles
641 2926 812 2980 Sancti
843 2926 983 2981 Petri
1031 2927 1170 2984 bene
1209 2930 1445 2998 suscipis
1487 2939 1541 2985 et
1581 2931 1825 3002 adjuvas.
1883 2929 2033 2986 Unde

2127 2171 2434 2240 justificabit
2463 2190 2571 2241 cor,
2595 2177 2973 2247 iucunditatem
2997 2191 3151 2250 atque
3186 2185 3434 2258 gaudium
3457 2185 3617 2245 dabit.
3643 2187 3711 2245 τε

2137 2264 2291 2317 menti
2339 2262 2506 2321 Deum
2541 2269 2666 2324 bene
2709 2273 2806 2326 erit
2842 2283 2888 2329 et
2928 2276 2981 2331 in
3018 2277 3194 2334 diebus
3224 2282 3681 2339 consummationis
3712 2279 3744 2322 ει

2143 2355 2284 2413 illius
2337 2359 2681 2419 benedicatur.
2743 2365 3021 2426 Plenitudo
3078 2374 3345 2444 sapientia:
3403 2387 3507 2444 est,
3575 2377 3755 2436 timere

2140 2449 2326 2516 Deum,
2355 2463 2403 2506 et
2428 2454 2692 2525 plenitudo
2736 2474 2768 2512 a
2792 2462 3040 2531 fructibus
3063 2464 3226 2521 illius.
3257 2465 3458 2523 Corona
3482 2470 3758 2538 sapientia

2140 2544 2291 2600 timor
2320 2543 2552 2615 Domini,
2575 2550 2777 2617 replens
2800 2571 2976 2624 pacem
3005 2567 3051 2612 et
3071 2559 3253 2614 salutis
3279 2561 3508 2631 fructum
3537 2580 3552 2617 :
3583 2573 3634 2620 et
3671 2564 3754 2620 vi-

2141 2638 2216 2692 dit
2243 2647 2288 2693 et
2313 2640 2652 2698 dinumeraoit
2677 2661 2810 2702 eam.
2851 2647 3082 2720 Utraque
3115 2661 3288 2708 autem
3313 2665 3434 2710 sunt
3458 2656 3596 2711 dona
3623 2655 3746 2727 Dei,

2137 2733 2347 2788 scientia
2367 2745 2416 2791 et
2444 2736 2752 2794 intellectus.
2801 2740 3070 2812 Sapientia
3108 2749 3477 2818 compartietur
3513 2751 3751 2821 pruden-

2138 2825 2224 2881 tia:
2254 2836 2300 2891 θ.
2334 2837 2379 2883 et
2407 2829 2626 2901 gloriam
2651 2835 2926 2890 tenentium
2971 2854 3027 2893 se
3070 2841 3284 2895 exultat.
3332 2841 3508 2898 Radix
3534 2845 3754 2915 sapien-

2138 2919 2222 2976 tiae
2244 2929 2339 2987 est,
2385 2923 2562 2979 timere
2587 2923 2753 2982 Deum
2782 2943 2801 2981 :
2831 2930 2962 2983 rami
3005 2933 3140 2986 enim
3192 2933 3335 2989 illius
3384 2938 3622 3008 longmi.
3676 2935 3754 2994 Its

1647 2985 1666 3002 .
1789 2985 1797 2986 κ
1899 2985 1935 2986 η
2017 2985 2020 2986 ν
2326 2985 2332 2987 ν
3111 2985 3135 2986 η
3385 2985 3621 3008 ""a""'
3676 2985 3754 2994 —--

428 3019 568 3074 scias
598 3026 650 3073 ιο
679 3035 708 3074 ο
758 3019 914 3075 nobis
956 3020 1261 3091 ηοςιι-ίςηυθ
1299 2985 1446 3095 diligi
1468 3065 1484 3089 ν
1515 3034 1570 3080 οι
1601 3026 1675 3080 ωε
1707 3036 2033 3098 tuo"..qu
2058 2985 2103 3049 Ο
2137 3013 2388 3071 thesauris
2429 3018 2714 3088 sapientia,
2747 3022 3032 3081 intellectus
3067 3036 3115 3082 et
3153 3029 3378 3086 scientia
3403 3031 3757 3104 religiositas;

431 3127 537 3166 non
568 3111 835 3168 modicam
861 3127 1045 3169 curam
1070 3112 1294 3171 habere.
1317 3115 1658 3187 Quapropter
1681 3127 1826 3174 tuam
1858 3120 2034 3178 horta-

430 3220 550 3260 mur
577 3205 940 3271 dilectioncm,
975 3217 1032 3264 ut
1063 3207 1261 3264 bonum
1292 3211 1434 3280 quod
1460 3211 1668 3282 cepisti
1687 3211 1792 3286 (2),
1817 3227 2033 3284 semper

431 3297 657 3368 implere
693 3313 800 3353 non
830 3298 1236 3367 dilferas,.quia
1286 3317 1391 3359 non
1418 3303 1662 3360 laudatur
1693 3305 1904 3362 initium
1934 3305 2032 3362 sed

432 3390 572 3445 linis.
603 3389 929 3460 Sapientiam
954 3393 1115 3448 etiam
1157 3404 1208 3449 te
1237 3393 1516 3451 hortamur
1543 3397 1767 3468 diligere
1797 3408 1853 3454 et
1878 3414 2033 3454 scru-

431 3483 531 3538 tari
561 3492 619 3540 ut
641 3485 1035 3542 rationabiliter
1063 3495 1119 3543 et
1148 3490 1424 3558 sapienter
1449 3489 1706 3561 disponas
1732 3502 1789 3548 et
1823 3492 2032 3564 iudices

430 3587 490 3626 ca
541 3588 662 3642 qua:
715 3574 806 3628 tibi
854 3576 1142 3631 commissa
1185 3585 1312 3631 sunt
1359 3578 1574 3637 dicente
1645 3581 1872 3637 Domino
1931 3599 2030 3654 per

428 3663 743 3733 proiihetam
771 3685 784 3720 :
815 3665 1130 3736 Erudimini,
1163 3671 1252 3740 qui
1273 3670 1521 3741 iudicatis
1539 3675 1920 3746 terromU’sel.
1945 3677 2027 3754 tt).

427 3755 572 3812 Time
606 3775 723 3830 ergo
753 3758 938 3825 Deum,
963 3770 1010 3815 et
1035 3763 1280 3817 mandata
1321 3766 1432 3833 ejus
1458 3781 1603 3821 serua
1627 3766 1880 3836 (Eccles.,
1907 3767 2027 3841 sil).

427 3849 494 3905 Et
523 3850 680 3922 dilige
706 3868 820 3907 eum
846 3854 963 3908 totis
996 3855 1268 3911 visceribus
1287 3898 1300 3924 ,
1330 3868 1377 3912 et
1406 3859 1696 3928 proximum
1728 3873 1872 3917 tuum
1900 3864 2032 3919 sicut

429 3945 646 4016 teipsum
687 3945 905 4018 (Mam,
955 3950 1071 4021 xu).
1111 3947 1256 4008 Deus
1299 3951 1581 4012 altissimus
1610 3959 1798 4017 creavit
1827 3961 2034 4031 sapien-

429 4038 552 4091 tiam
592 4039 645 4092 in
691 4037 892 4109 Spiritu
919 4052 1096 4096 sancto
1144 4042 1396 4113 (Eccles.,
1422 4045 1487 4119 ι),
1520 4059 1567 4104 et
1597 4052 1720 4104 vidit
1746 4094 1761 4118 ,
1810 4063 1856 4108 et
1886 4054 2034 4110 dinu-

428 4131 658 4192 meraoit.
690 4139 736 4184 et
776 4149 980 4190 mensus
1018 4145 1110 4189 est.
1150 4135 1212 4190 Et
1258 4136 1442 4206 effudit
1473 4141 1618 4198 illam
1667 4161 1826 4213 super
1859 4148 2033 4204 omnia

428 4238 583 4290 opera
632 4241 761 4291 sua,
814 4235 861 4280 et
915 4243 1066 4296 super
1097 4244 1297 4283 onmem
1328 4247 1557 4296 carnem,
1605 4243 1632 4271 ιι
1663 4235 1838 4292 datum
1882 4256 2033 4295 suum

428 4315 642 4383 prtebuit
721 4318 868 4371 illam
944 4320 1272 4392 diligentibus
1344 4341 1398 4379 se
1455 4327 1607 4381 timor
1664 4325 2035 4405 Domini'glo-

2135 3107 2387 3162 execratio
2406 3119 2573 3164 autem
2605 3115 2950 3183 peccatoribus
2969 3159 2984 3183 ,
3012 3118 3284 3188 sapientia.
3321 3117 3501 3177 Timor
3538 3121 3756 3179 Domini

2135 3201 2334 3270 repellit
2355 3215 2614 3273 peccatum
2645 3223 2665 3262 :
2689 3225 2810 3264 nam
2845 3213 2935 3283 qui
2971 3212 3082 3269 sine
3107 3215 3288 3270 timore
3311 3227 3403 3280 est,
3428 3233 3532 3273 non
3561 3218 3756 3289 poterit

2127 3291 2427 3366 justi/icari.
2457 3299 2742 3359 Iracundia
2762 3307 2898 3361 enim
2931 3309 3270 3366 animositatis
3295 3311 3456 3378 illius,
3488 3312 3756 3368 subsiet-sio

2135 3388 2275 3444 illius
2300 3401 2392 3446 est.
2429 3392 2598 3465 Usque
2642 3397 2695 3451 in
2739 3407 2937 3471 tempus
2959 3404 3220 3460 sustinebit
3249 3408 3467 3475 patiens,
3492 3416 3540 3462 et
3570 3418 3754 3478 postea

2134 3484 2354 3540 redditio
2391 3488 2753 3560 iucunditatis.
2805 3491 2986 3550 Bonus
3027 3511 3203 3552 sensus
3232 3514 3390 3573 usque
3433 3499 3502 3554 ad
3547 3509 3754 3573 tempus

2136 3579 2405 3636 abscondet
2449 3583 2601 3639 verba
2629 3587 2802 3658 illius,
2855 3600 2902 3644 et
2949 3589 3085 3646 labia
3130 3594 3406 3648 multorum
3436 3594 3754 3652 enarrabunt

2133 3683 2338 3730 tensum
2365 3673 2526 3730 illius.
2558 3674 2627 3736 In
2654 3678 2908 3738 thesauris
2933 3685 3222 3754 sapientiw,
3253 3686 3563 3757 significatio
3590 3687 3755 3742 disci-

2136 3763 2294 3834 plinae
2324 3784 2336 3820 :
2369 3771 2622 3825 execratio
2651 3783 2819 3828 autem
2866 3777 3140 3845 peccaturi,
3188 3779 3388 3834 cultura
3438 3779 3557 3835 Dei.
3611 3779 3748 3850 Fili,

2136 3860 2500 3929 concupiscens
2548 3865 2874 3937 sapientiam,
2921 3885 3164 3926 conserva
3202 3874 3483 3946 justitiam,
3512 3884 3560 3929 et
3605 3873 3753 3930 Deus

2133 3952 2375 4017 praebebit
2399 3955 2544 4011 illam
2575 3959 2688 4027 tibi,
2717 3961 2974 4032 sapientia
3003 3965 3142 4019 enim
3166 3976 3216 4020 et
3250 3967 3549 4034 disciplina,
3593 3967 3752 4022 timor

2134 4042 2348 4102 Domini
2371 4064 2391 4104 :
2416 4059 2460 4104 et
2485 4051 2625 4123 quod
2652 4052 3022 4123 beneplacitnm
3052 4068 3124 4112 est
3150 4058 3250 4126 illi,
3283 4059 3412 4129 ﬁdes
3438 4070 3486 4114 et
3505 4075 3752 4116 mansue-

2134 4139 2280 4205 tudo,
2305 4152 2353 4198 et
2395 4144 2623 4215 implebit
2663 4148 2935 4204 thesauros
2963 4151 3094 4219 ejus.
3145 4150 3435 4209 Contumaa:
3457 4171 3559 4209 non
3578 4154 3673 4220 sis,
3697 4161 3752 4209 et

2134 4231 2448 4290 incredibilis
2465 4237 2635 4292 timori
2665 4237 2904 4305 Domini,
2928 4253 2974 4296 et
3002 4259 3066 4297 ne
3086 4247 3362 4302 accesseris
3390 4247 3460 4300 ad
3499 4263 3614 4301 eunt
3644 4245 3751 4301 du-

2137 4324 2260 4390 plici
2287 4328 2457 4380 corde.
2493 4327 2577 4384 Ne
2601 4332 2759 4400 fueris
2782 4333 3050 4404 hypocrita
3079 4336 3130 4390 in
3152 4348 3425 4409 conspectu
3457 4337 3746 4409 hominum,

426 4408 600 4476 riatio,
653 4419 699 4464 et
750 4411 962 4479 ltetitia,
991 4424 1038 4466 et
1090 4431 1280 4470 corona
1309 4420 1656 4476 exultationis.
1692 4421 1870 4480 Timor
1913 4424 2028 4484 Do-

2137 4426 2180 4474 et
2211 4435 2311 4474 non
2341 4392 2703 4481 scandalizeris
2747 4392 2895 4484 labiis
2919 4431 3037 4485 tuis.
3065 4392 3290 4487 Attende.
3305 4433 3360 4486 in
3387 4392 3513 4496 illis,
3538 4447 3601 4486 ne
3631 4392 3749 4502 for:

427 4499 554 4552 mini
604 4499 868 4556 delectabit
917 4520 1027 4568 cor,
1052 4515 1098 4559 et
1143 4505 1282 4560 dabit
1315 4509 1544 4568 ltetitiam
1592 4522 1639 4566 et
1683 4515 1928 4584 gaudium
1975 4518 2032 4574 in

430 4591 747 4663 longitudine
775 4594 993 4664 dierum,
1021 4599 1214 4651 timenti
1233 4596 1398 4653 Deum
1421 4601 1546 4656 bene
1567 4605 1661 4660 erit
1689 4605 1741 4659 in
1767 4611 2028 4678 extremis,

427 4693 474 4737 et
501 4685 552 4738 in
579 4685 663 4739 die
691 4685 1031 4757 defunctionis
1057 4705 1163 4743 suae
1191 4689 1531 4748 benedicatur.
1562 4692 1779 4752 Dilectio
1806 4697 1902 4754 Dei
1930 4701 2027 4756 ho-

428 4776 671 4832 norabilis
720 4781 994 4851 sapientia.
1031 4781 1228 4850 Quibus
1268 4795 1436 4841 autem
1478 4792 1776 4861 apparuerit
1817 4794 1869 4848 in
1918 4795 2030 4854 visu

428 4870 648 4942 diligunt
670 4873 836 4927 eumb
862 4875 915 4928 in
960 4875 1173 4946 visione,
1218 4888 1264 4932 et
1300 4879 1353 4933 in
1401 4882 1660 4954 agnitione
1715 4888 2031 4959 magnalium

425 4978 652 5019 suorum.
687 4963 901 5020 Initium
921 4969 1186 5038 sapientia
1212 4971 1364 5027 timor
1391 4971 1622 5031 Domini.
1653 4976 1722 5032 Et
1757 4995 1874 5035 cum
1889 4982 2025 5052 fide-

427 5052 559 5109 libus
604 5056 658 5109 in
698 5059 852 5113 vulva
895 5070 1191 5116 concreatus
1227 5072 1323 5129 est,
1351 5076 1398 5119 et
1438 5083 1555 5122 cum
1610 5068 1778 5128 electis
1825 5074 2028 5143 feminis

425 5147 681 5217 graditur,
735 5159 780 5205 et
826 5167 942 5205 cum
977 5151 1134 5223 justis
1173 5155 1409 5224 ﬁdelibus
1441 5171 1462 5199 ο
1506 5163 1818 5234 agnoscitur.
1855 5165 2028 5226 Timor

425 5239 635 5298 Domini
663 5244 889 5302 scientite
925 5245 1254 5318 religiositas.
1287 5250 1618 5325 Religiositas
1672 5259 1948 5330 custodiet,
1981 5270 2029 5318 et

497 5380 578 5456 (t)
604 5382 732 5446 Haec
759 5393 815 5442 et
836 5398 1070 5458 sequens
1097 5385 1298 5458 pariter
1323 5393 1599 5452 νοθεύεται.

1643 5577 2030 5646 LECTIONES

484 5677 1039 5798 ἓὲἒὲηῗιαὸεῖωιιάιιω
1059 5679 1229 5740 datum
1250 5695 1395 5744 suum
1411 5695 1464 5745 et
1486 5693 1697 5761 praebet,
1719 5697 1863 5752 Labb.

486 5808 510 5840 ο
535 5781 1011 5874 ῑιῖἑῖἰεὲἴῒᾱοιωιιε,
1036 5798 1184 5868 Labb.

2137 4525 2184 4572 te
2212 4516 2389 4586 cadas,
2433 4530 2478 4574 et
2525 4539 2688 4592 ponas
2716 4524 3018 4582 scandalum
3058 4528 3247 4584 animat
3287 4537 3413 4594 tua,
3444 4538 3490 4582 et
3510 4526 3747 4583 adducas

2134 4609 2577 4670 inhonorationem
2600 4615 2689 4670 tibi
2709 4658 2724 4684 ,
2753 4626 2802 4672 et
2828 4620 3007 4674 revelat
3047 4618 3190 4676 Deus
3217 4622 3463 4678 absconsa
3487 4630 3596 4678 tua.
3635 4620 3752 4679 Pro

2133 4699 2258 4768 tide,
2288 4702 2470 4771 frater,
2500 4707 2802 4779 etjustitia,
2834 4726 2898 4766 ac
2924 4727 3021 4784 pro
3049 4713 3224 4769 salute
3253 4714 3461 4770 animae
3492 4724 3596 4774 tua:
3620 4727 3750 4772 θοι·-

2132 4801 2183 4848 ta
2213 4809 2451 4866 semper,
2482 4808 2537 4861 et
2565 4813 2662 4872 pro
2686 4802 2954 4875 adjutorio
2991 4804 3236 4876 fratrum,
3269 4808 3499 4865 viriliter
3524 4821 3644 4879 age,
3671 4815 3734 4866 ut

2133 4902 2164 4942 a
2208 4888 2436 4948 Domino
2491 4897 2723 4966 recipias
2774 4901 3289 4958 remunerationem.
3329 4901 3601 4974 Scriptum
3658 4908 3749 4958 est

2135 4983 2313 5038 enim:
2341 4981 2471 5056 Fili,
2495 5002 2740 5044 conserua
2767 5000 2986 5063 tempus,
3014 5002 3060 5048 et
3085 4993 3252 5050 devita
3277 5011 3312 5048 a
3331 4994 3467 5050 malo
3489 4991 3744 5068 (Eccles.,

2131 5078 2233 5149 ιν).
2267 5075 2374 5134 Pro
2402 5081 2578 5136 anima
2605 5092 2696 5139 tua
2726 5100 2828 5140 non
2856 5086 3190 5159 confundat-is
3214 5087 3381 5142 dicere
3418 5102 3611 5145 uerum.
3644 5083 3746 5144 Est

2134 5172 2268 5228 enim
2293 5175 2525 5246 confusio
2551 5176 2806 5234 adducens
2827 5190 3112 5250 peccatum,
3141 5189 3187 5236 et
3209 5187 3280 5242 est
3307 5178 3543 5250 confusio
3565 5177 3742 5233 addu-

2134 5280 2250 5321 cens
2274 5266 2491 5337 gloriam
2519 5279 2567 5326 et
2607 5273 2847 5344 gratiam.
2879 5272 2964 5331 Ne
3011 5274 3235 5348 accipias
3278 5274 3463 5348 facient
3492 5274 3743 5332 adversus

2219 5406 2298 5490 (β)
2325 5408 2481 5490 Idem
2500 5422 2582 5468 est
2608 5414 2852 5487 epistola:
2883 5428 3068 5478 textus
3095 5435 3218 5478 cum
3255 5421 3312 5478 Ξ.
3343 5419 3539 5480 Felicis
3563 5434 3633 5490 tv,
3667 5416 3745 5478 si-

2142 5479 2338 5537 militer
2361 5479 2683 5546 adulterata.

2088 5587 2505 5658 VARIANTPIS.

2192 5710 2222 5781 ἐξ
2239 5711 2610 5781 consolationis,
2635 5687 2783 5773 Ldbb.

2196 5776 2523 5858 ξεὲφξςημλξιξ
2565 5776 2618 5836 et
2639 5784 2966 5851 ⁵ἱιιιοιιεοιιιιιι
2992 5789 3274 5856 prudentie
3308 5790 3553 5858 sapientis
3599 5805 3738 5848 com.

2117 5843 2373 5904 partietur,
2399 5843 2543 5895 Labb.
