3994 6318
229 301 339 360 155

897 303 1262 373 CONCILIUM
1304 314 1642 378 ROMANUM
1683 319 1750 377 IN
1788 321 2012 384 CAUSA
2059 319 2358 386 DIONYSII
2400 329 2890 394 ALEXANDRINL

3441 345 3542 406 134

227 420 416 487 [aciem
457 430 618 488 tuam,
661 442 751 480 nec
801 429 1042 488 adversus
1069 436 1293 491 animam
1323 448 1459 494 luam
1490 443 1828 500 mendacium.
1860 448 1908 508 Α
1938 447 2066 501 sicut
2097 449 2174 504 leo
2206 451 2257 504 iu
2287 453 2437 507 domo
2463 465 2569 522 tua,
2600 468 2822 514 evertens
2844 459 3140 518 domesticos
3160 472 3272 519 tuos
3296 474 3342 519 et
3363 482 3544 536 oppri-

240 514 356 536 A'--.
389 532 468 536 4--.
490 535 494 536 ν
547 535 552 536 ,
623 522 632 536 ρ
825 523 836 534 ο
1159 531 1168 536 -

229 514 358 568 Non
386 522 661 574 reverearis
689 523 974 589 proximum
999 531 1200 583 tuumiu
1224 548 1344 586 casu
1373 544 1480 602 tuo,
1505 552 1594 588 nec
1621 537 1836 592 retineas

226 608 438 664 verbum
486 611 541 665 in
587 623 812 682 tempore
839 618 1041 673 salutis.
1077 620 1197 677 Non
1225 626 1507 682 abscondas
1533 630 1838 701 sapientiam

226 713 373 757 tuam
403 705 458 759 in
494 705 676 762 decore
713 693 844 782 ejus.
893 711 961 766 In
1015 714 1189 787 lingua
1243 720 1378 774 enim
1424 723 1715 792 agnoscitur
1762 743 1840 780 sa-

225 797 447 867 pientia,
479 811 527 853 et
556 819 753 869 sensus,
785 815 830 859 et
859 809 1068 864 scientia
1089 853 1103 876 ,
1134 820 1180 865 et
1222 813 1455 870 doctrina
1493 817 1546 872 in
1577 818 1737 874 verbis
1759 837 1841 875 ve—

225 891 399 946 ritatis
427 900 476 958 ι,
506 903 552 947 et
581 897 872 964 ﬁrmentum
917 901 970 955 in
998 905 1229 975 aperibus
1255 908 1488 970 iustitiat.
1546 909 1667 966 Non
1713 930 1839 968 cou-

226 983 459 1040 tmdicas
485 989 684 1044 veritati
713 993 820 1046 ullo
842 996 1009 1065 modo,
1028 1008 1073 1052 et
1100 999 1164 1056 de
1194 1004 1458 1059 mendacio
1484 1007 1838 1063 incruditionis

227 1087 335 1131 tua:
366 1081 703 1149 confundere.
732 1084 854 1141 Non
874 1093 1206 1164 confundaris
1237 1097 1468 1167 conﬁteri
1497 1110 1702 1169 peccata
1733 1111 1841 1170 tua,

227 1181 276 1226 et
301 1189 370 1227 ne
394 1173 640 1246 subjicias
687 1189 734 1234 te
777 1182 971 1236 homini
1025 1203 1118 1253 pro
1165 1200 1390 1259 peccato.
1446 1190 1570 1246 Noli
1617 1195 1848 1250 resistere

226 1278 414 1321 contra
445 1273 631 1339 faciem
658 1277 873 1343 potentis
891 1319 905 1343 ,
950 1295 1040 1334 nec
1066 1285 1260 1338 coneris
1288 1296 1466 1340 contra
1502 1287 1655 1342 ictum
1680 1291 1844 1360 ﬂuvii.

229 1359 344 1415 Pro
361 1364 572 1433 justitia
599 1369 873 1438 agonizare
898 1389 990 1442 pro
1012 1375 1288 1431 unintatua
1314 1392 1360 1433 et
1381 1383 1618 1453 usquead
1640 1393 1850 1438 mortem

229 1466 371 1509 certa
403 1474 497 1527 pro
528 1460 766 1527 justitia,
796 1472 844 1516 et
873 1463 1012 1519 Deus
1055 1471 1363 1541 expugnabit
1409 1489 1500 1543 pro
1537 1485 1583 1527 te
1623 1475 1853 1532 inimicos

229 1556 369 1612 tuos,
401 1559 448 1603 et
474 1567 557 1604 eos
579 1563 764 1608 evertet
812 1557 1041 1614 viriliter.
1080 1559 1207 1615 Noli
1233 1565 1419 1620 citatus
1463 1582 1569 1622 esse
1593 1568 1645 1622 in
1674 1569 1853 1640 lingua

232 1650 342 1709 tua,
375 1654 422 1697 et
452 1644 670 1714 inutilis,
702 1659 748 1703 et
778 1653 1017 1708 remissus
1060 1654 1113 1708 iu
1143 1659 1382 1726 operibus
1429 1661 1550 1716 tuis.
1594 1661 1722 1716 Noli
1747 1679 1854 1720 esse

1942 561 2078 598 meus
2125 545 2374 617 subjectos
2417 550 2528 606 tibi.
2575 551 2697 607 Non
2741 556 2805 608 sit
2855 569 3086 625 porrecta
3129 575 3310 613 manus
3352 573 3438 614 tua
3479 561 3546 615 ad

1941 639 2313 710 accipiendum,
2343 653 2386 696 et
2407 646 2476 697 ad
2493 645 2720 700 dandunt
2742 648 2973 703 collecta.
3001 651 3090 704 His
3118 650 3284 709 fultus
3310 654 3550 723 Scriptu-

1943 737 2122 786 rartlm
2151 736 2584 802 auctoritatibus,
2612 756 2826 810 semper
2854 741 2922 796 ita
2945 754 3142 810 rectus,
3166 755 3220 800 et
3242 761 3269 799 a
3298 745 3379 800 via
3405 747 3550 802 veri-

1946 830 2068 881 tatis
2097 843 2163 882 ne
2193 831 2476 897 averteris,
2504 842 2558 886 tit
2584 837 2808 903 gratiam
2840 837 2930 891 Dei
2952 853 3165 908 semper
3196 841 3465 911 acquiras,
3496 849 3552 896 et

1948 918 2208 978 bonorum
2239 923 2512 980 hominum
2541 929 2770 983 amicitia
2803 947 3014 1000 semper
3042 930 3266 988 fruaris:
3294 943 3551 1006 tantoque

1951 1021 2035 1067 tua
2067 1014 2271 1070 [icilius
2298 1018 2364 1072 ab
2391 1035 2574 1075 amore
2602 1021 2758 1090 hujus
2786 1025 2966 1078 saeculi
2997 1041 3149 1079 mens
3179 1036 3356 1089 exeat,
3381 1044 3552 1097 quan-

1951 1114 2004 1162 to
2035 1109 2411 1178 ctimpellitur,
2445 1112 2571 1168 dum
2602 1126 2842 1171 vocatur.
2876 1117 3008 1172 Nam
3040 1135 3136 1175 vos
3175 1132 3228 1175 et
3261 1134 3553 1190 pratsentes

1953 1199 2134 1255 videre
2161 1203 2426 1273 cupimus,
2461 1217 2516 1261 et
2563 1208 2878 1266 absentibus
2928 1213 3180 1283 colloqui,
3230 1216 3418 1271 saltem
3461 1232 3556 1287 per

1954 1293 2254 1361 epistolam,
2277 1295 2666 1354 desideramus.
2696 1300 2848 1357 Unde
2875 1312 3146 1372 optamus‘,
3171 1315 3229 1360 ut
3252 1321 3345 1360 vos
3371 1307 3557 1363 beatus

1957 1385 2146 1442 Petrus
2185 1391 2549 1459 apostolorum
2586 1395 2838 1465 princeps
2869 1397 2933 1451 ad
2977 1415 3070 1452 sua
3120 1398 3300 1454 limina
3333 1398 3559 1457 feliciter

1960 1481 2234 1549 perducat,
2269 1494 2534 1553 quatenus
2584 1489 2633 1540 in
2686 1491 3072 1560 omnipotentis
3100 1491 3308 1560 gratia,
3360 1494 3560 1564 perfrui

1961 1583 2137 1629 vestra
2170 1577 2450 1644 praiseutia
2481 1594 2806 1636 mereamur.
2845 1582 2974 1637 Data
3003 1600 3053 1638 tv
3086 1600 3254 1639 nonas
3287 1585 3557 1655 februarii,

1958 1667 2248 1724 Aureliano
2279 1679 2333 1726 et
2362 1671 2528 1727 Basso
2561 1673 2687 1729 viris
2713 1675 3027 1733 clarissimis
3048 1677 3359 1734 consulibus
3385 1677 3486 1751 (1).

936 1793 1270 1854 EI'ISTOLA
1311 1797 1354 1853 Il
1397 1799 1688 1858 DIONYSII
1729 1802 1933 1860 ΡΑΡᾸΞ
1975 1806 2066 1860 AD
2105 1806 2430 1866 SEVERO.“
2475 1809 2875 1870 EPISCOPUM.

234 1899 316 1956 De
364 1899 610 1959 Ecelesiis
656 1907 1013 1979 parochianis,
1061 1921 1115 1965 ut
1156 1914 1360 1986 singula
1405 1914 1623 1986 singulis
1663 1917 1849 1972 dentur
1877 1923 1924 1983 B
1952 1921 2128 1988 cium,
2186 1938 2308 1978 cum
2358 1923 2521 1982 fuerit
2573 1941 2711 1984 unus
2744 1927 2813 1983 ad
2838 1944 2996 1999 quem
3026 1930 3196 2001 possit
3232 1929 3562 1992 recurrere“

315 1998 658 2068 presbyteris.
687 2011 732 2055 et
762 2012 814 2056 ut
839 2005 1024 2061 nullus
1065 2004 1279 2062 alterius
1314 2010 1573 2080 parce/tia:
1618 2012 1856 2069 terminos

314 2091 402 2145 vel
425 2093 508 2157 ius
532 2093 761 2148 invadat.

388 2205 672 2282 Dionysius
699 2212 965 2284 episcopus
997 2214 1165 2272 Seven
1191 2219 1442 2291 episcopo
1471 2221 1710 2276 salutem.

319 2319 458 2376 Olim
490 2331 547 2377 et
571 2324 639 2378 ab
668 2324 823 2380 initio
865 2325 951 2400 (S.
983 2327 1088 2383 Leo
1109 2371 1122 2394 ,
1160 2348 1243 2399 ep.
1274 2331 1368 2403 24)
1415 2342 1614 2388 tantam
1667 2349 1854 2405 perce-

239 2414 427 2484 pimus
452 2430 481 2469 a
511 2415 671 2472 beato
703 2416 863 2475 Petro
897 2423 1268 2491 apostolorum
1299 2425 1543 2496 principe
1571 2427 1852 2495 ﬁduciam,

241 2515 305 2561 ut
334 2505 635 2564 habeamus
660 2514 1036 2572 auctaritateut
1069 2517 1359 2576 universali
1387 2519 1642 2576 Ecclesia:
1661 2563 1676 2586 ,
1705 2522 1859 2576 anxi-

239 2601 414 2658 liante
444 2605 704 2674 Domino,
747 2610 1034 2666 subvenire
1065 2629 1076 2666 :
1106 2622 1162 2668 et
1186 2614 1447 2685 quidquid
1491 2617 1742 2670 nocivum
1774 2626 1860 2672 est

247 2699 580 2754 auctoritate
607 2703 900 2770 apostolica
931 2707 1203 2775 corrigere
1233 2717 1285 2761 et
1312 2707 1624 2763 emendare.
1653 2709 1731 2762 Ad
1758 2709 1859 2764 hoc

251 2789 399 2844 enim
444 2789 743 2861 divinazﬁ)
788 2796 1206 2866 dispensationis
1260 2801 1502 2870 provisio
1547 2801 1747 2871 gradus
1804 2812 1860 2858 et

243 2882 498 2942 diversos
545 2888 823 2944 constituit
866 2891 1085 2946 ordines
1128 2907 1248 2948 esse
1289 2894 1602 2962 distinctus,
1645 2905 1701 2950 ut
1731 2894 1858 2952 dum

245 2985 614 3042 reverentiam
654 2985 892 3039 minores
939 2983 1238 3054 potioribus
1279 2985 1626 3051 exhiberem,
1663 2997 1716 3040 et
1760 3001 1859 3056 po-

246 3081 425 3135 tiores
458 3080 753 3134 minoribus
784 3078 1128 3133 dilecnonem
1157 3078 1562 3148 impenderent,
1593 3095 1695 3134 una
1726 3095 1860 3135 cou-

244 3171 457 3228 cordia:
491 3171 645 3227 ﬁer-et
684 3187 747 3226 ex
795 3169 1106 3226 diversitate
1156 3171 1450 3234 contextio,
1484 3181 1538 3226 et
1570 3181 1715 3233 recte
1741 3171 1862 3227 ofﬁ—

247 3264 465 3319 ciorum
493 3273 845 3333 generaretur
874 3263 1265 3317 administratio
1289 3263 1644 3333 singulorum.
1679 3262 1862 3334 Neque

1958 2015 2300 2085 pra'positus.

2032 2127 2106 2183 De
2155 2127 2413 2186 Ecclesiis
2457 2146 2586 2204 ergo
2631 2134 2974 2204 parochianis
3028 2148 3074 2204 ε,
3112 2139 3252 2197 unde
3302 2140 3562 2212 apostoli-

1958 2233 2076 2274 cam
2109 2220 2292 2276 sedem
2340 2225 2625 2279 Consulere
2670 2226 2904 2296 voluisti,
2942 2230 3172 2299 qualiter
3220 2234 3328 2287 sint
3375 2244 3562 2288 custo-

1959 2312 2168 2368 diendae
2187 2313 2370 2387 ρει-(5)
2389 2316 2791 2374 Cordubensem
2812 2323 3083 2392 provincia
3097 2340 3168 2388 iu,
3183 2341 3245 2380 ac
3259 2324 3564 2386 dividenda:

1961 2404 2359 2474 sacerdotibus,
2383 2409 2514 2462 nihil
2547 2419 2650 2467 tute
2677 2410 2925 2467 charitati
2957 2415 3148 2471 melius
3177 2417 3330 2476 nobis
3352 2417 3567 2473 videtur

1969 2499 2260 2569 intimare,
2301 2518 2462 2573 quam
2507 2515 2562 2560 ut
2606 2507 2886 2577 sequaris,
2919 2511 3060 2579 quod
3101 2525 3200 2566 nos
3243 2513 3295 2566 in
3342 2527 3564 2568 romana

1966 2591 2216 2649 Ecclesia
2261 2610 2432 2664 nuper
2472 2599 2646 2668 egisse
2695 2601 3060 2670 cognoscitur.
3116 2603 3388 2660 Ecclesias
3436 2620 3566 2660 vero

1962 2685 2197 2756 singulas
2215 2688 2437 2758 singulis
2455 2693 2782 2764 presbyteris
2797 2694 3060 2758 dedimus,
3083 2697 3364 2766 parochias
3381 2708 3431 2754 et
3449 2715 3563 2755 ca:-

1967 2784 2189 2838 meteria
2231 2785 2309 2839 eis
2346 2785 2627 2842 divisimus
2657 2789 2754 2857 (tl),
2784 2801 2838 2844 et
2866 2792 3255 2862 unicuiqttejus
3288 2795 3564 2866 proprium

1971 2873 2172 2928 habere
2194 2879 2497 2944 statuimus,
2531 2881 2602 2932 ita
2635 2881 2902 2949 videlicet,
2926 2892 2982 2936 ut
3011 2883 3195 2940 nullus
3223 2887 3444 2946 alterius
3468 2902 3565 2958 pa-

1966 2970 2165 3026 I'OChiIB
2200 2985 2403 3038 terras,
2437 2977 2727 3043 terminos,
2759 2989 2850 3032 aut
2889 2980 2977 3050 jus
3012 2981 3256 3049 invadat,
3290 2983 3384 3040 sed
3426 3002 3566 3042 unus

1965 3068 2190 3138 quisque
2217 3071 2329 3125 suis
2353 3073 2595 3126 terminis
2619 3073 2704 3146 (S.
2733 3073 2834 3129 Leo
2858 3092 2894 3142 I,
2919 3093 3004 3148 ep.
3029 3078 3124 3149 89)
3147 3081 3218 3135 sit
3254 3092 3562 3152 contentus,

1965 3170 2020 3215 et
2053 3162 2231 3217 taliter
2268 3167 2554 3224 ecclesiam
2587 3180 2640 3224 et
2671 3168 2882 3238 plebem
2925 3170 3016 3226 tibi
3059 3173 3405 3230 conmissum
3438 3193 3564 3232 cus-

1970 3253 2138 3308 todiat
2163 3297 2177 3320 ,
2209 3267 2267 3310 ut
2292 3269 2417 3314 ante
2459 3259 2698 3315 tribunal
2740 3263 2930 3318 aeterni
2952 3265 3183 3334 iudicis,
3217 3284 3281 3322 ex
3315 3271 3565 3327 omnibus

251 3359 403 3413 enim
440 3355 759 3412 universitas
787 3355 887 3412 alia
935 3364 1143 3426 poterat
1169 3357 1380 3412 ratione
1408 3355 1724 3420 subsistere,
1757 3355 1857 3412 nisi

1967 3346 2064 3404 sibi
2094 3351 2396 3406 commissis
2421 3353 2682 3410 rationein
2709 3355 2918 3424 reddat,
2944 3366 3000 3412 et
3025 3374 3130 3412 non
3155 3360 3440 3431 judicium.
3469 3362 3566 3418 sed

254 3449 572 3520 huiusmodi
613 3465 835 3519 magnus
886 3465 1004 3505 eam
1046 3448 1366 3503 dinei-sntiat
1415 3447 1550 3503 ordo
1595 3459 1858 3504 servaret.

253 3545 399 3614 Quia
440 3560 566 3598 vero
591 3553 834 3599 creatura
874 3543 924 3597 iu
957 3559 1058 3597 una
1087 3543 1382 3614 eademque
1423 3543 1732 3614 :equalitate
1761 3559 1859 3612 gu-

255 3637 488 3693 bernari
519 3638 603 3693 vel
627 3639 804 3693 vivere
828 3653 932 3693 non
965 3648 1170 3709 potest,
1200 3639 1501 3693 cmiestium
1549 3639 1860 3692 militiarnm

259 3733 551 3802 exemplar
591 3748 689 3787 nos
738 3733 954 3788 instruit
987 3751 997 3785 τ
1032 3735 1157 3801 quia
1185 3733 1312 3786 dum
1355 3733 1462 3787 sint
1503 3732 1710 3803 angeli,
1755 3733 1865 3786 sint

260 3825 612 3894 archangeli,
647 3827 812 3897 liquet
840 3827 961 3897 quia
996 3843 1101 3881 non
1130 3827 1363 3898 aequales
1391 3836 1535 3895 sunt,
1556 3828 1649 3882 sed
1685 3828 1734 3880 in
1766 3844 1863 3896 po-

264 3927 467 3974 testate
493 3917 768 3983 ctordine,
795 3920 933 3974 sicut
958 3918 1118 3986 nosti,
1143 3919 1321 3974 diliert
1344 3920 1479 3974 alter
1501 3919 1567 3972 ab
1588 3919 1780 3972 altero.
1808 3918 1865 3973 Si

262 4027 402 4082 ergo
422 4012 562 4067 inter
586 4027 700 4075 eos,
723 4013 812 4083 qui
836 4013 950 4066 sine
969 4021 1189 4080 peccato
1215 4021 1359 4077 sunt,
1383 4010 1482 4065 ista
1505 4021 1716 4066 constat
1745 4026 1866 4068 esse

263 4107 582 4171 distinctio,
638 4105 757 4176 quis
802 4103 1080 4160 hominum
1120 4104 1319 4160 abnuat
1364 4103 1488 4158 huic
1535 4118 1595 4158 se
1637 4103 1866 4158 libenter

264 4197 612 4267 dispositioni
637 4197 992 4251 submittere?
1020 4197 1154 4252 Hinc
1179 4196 1380 4251 etenim
1411 4211 1509 4266 pax
1541 4204 1596 4249 et
1625 4195 1865 4251 cltaritas

262 4303 453 4348 mutua
483 4307 542 4346 se
570 4291 688 4346 vice
732 4291 1185 4362 complectuntur,
1218 4300 1268 4344 et
1316 4299 1496 4346 manet
1541 4291 1692 4344 lirma
1736 4305 1867 4344 (Oll-

262 4386 469 4443 cordiae
500 4389 550 4440 in
573 4385 775 4440 alterna
799 4394 856 4440 et
881 4385 988 4442 Deo
1014 4385 1204 4454 placita
1227 4383 1514 4439 dilectione
1542 4384 1827 4441 sinceritas
1851 4400 1866 4438 :

261 4482 390 4552 quia
431 4479 854 4551 unumquodque
900 4488 1025 4534 tunc
1068 4478 1352 4534 salubriter
1398 4478 1702 4548 completur
1746 4475 1868 4532 om-

334 4613 1227 4690 (1)Anu7271.AtsiseribasFusco
1241 4625 1293 4690 et
1308 4616 1473 4690 Basso
1484 4615 1586 4670 erit
1603 4614 1861 4690 ann.?.58.

337 4687 418 4760 (2)
450 4693 511 4746 ὃ.
540 4689 730 4759 Grcg.,
759 4704 846 4758 ep.
879 4687 970 4752 5‘2,
1003 4687 1143 4754 Lctv,
1167 4688 1483 4758 quibusdam
1509 4688 1703 4742 leviter
1732 4690 1871 4741 dun-

267 4757 804 4842 [aialcumtﬁltial-if;
889 4831 920 4842 ,,
1022 4832 1068 4842 ..
1189 4757 1244 4842 ⁷,.
1279 4830 1310 4842 .ν
1351 4840 1359 4842 μ
1628 4830 1683 4842 ...
1831 4829 1862 4842 ..

337 4835 416 4906 (3)
440 4833 692 4888 Corduba
722 4830 1592 4916 liispali'subjeeta-htittempore
1627 4830 1865 4916 Dionysii

268 4903 416 4976 parte
441 4920 588 4960 anno
611 4921 739 4960 vero
767 4903 869 4959 cie.
895 4905 1016 4972 730,
1053 4905 1152 4960 sub
1177 4903 1373 4958 Mauris
1395 4914 1553 4972 caput
1581 4915 1694 4957 erat
1719 4904 1866 4974 regni

271 4977 582 5056 hispanici.‘
645 5049 656 5056 .
918 5048 930 5056 ,
1048 5048 1058 5056 ,
1176 5049 1187 5056 ,
1302 5047 1331 5056 ,.
1507 5046 1518 5056 .
1579 5055 1582 5056 ,
1651 5046 1664 5056 .

340 4999 716 5127 ‘(ﬁnifclilesias
742 5064 856 5101 vero
885 5048 1116 5127 singulas
1142 5047 1356 5127 singulis
1384 5046 1688 5127 presbyteris
1718 5045 1866 5127 dedio

274 5118 677 5194 mus,pnrocliitis
695 5131 741 5173 et
755 5122 1034 5174 ccemeteria
1049 5122 1118 5174 eis
1134 5119 1416 5194 divisimus.
1429 5118 1442 5170 l
1454 5119 1499 5170 la
1511 5134 1574 5194 ne
1591 5137 1649 5185 pa
1658 5119 1870 5194 rochia-

275 5189 819 5248 rum'distinuioaem
863 5210 967 5246 non
1005 5195 1290 5272 [)l‘lllltilltna
1325 5189 1608 5261 Dionysio,
1656 5189 1756 5272 sed
1802 5189 1869 5243 ab

278 5265 521 5321 Evarislo
568 5264 764 5320 factam
802 5279 943 5325 essn,
965 5273 1111 5343 patet
1139 5280 1202 5318 ex
1230 5263 1292 5343 iis
1312 5260 1870 5343 qtaesupra-diuinam

277 5338 328 5391 in
348 5342 484 5392 uotis
505 5338 572 5392 ad
595 5340 756 5390 vitam
780 5331 1020 5414 ejusdem
1044 5336 1288 5414 Evam-ti.
1307 5334 1488 5414 verbis
1511 5350 1523 5414 _:
1547 5331 1654 5414 ic
1673 5333 1865 5414 titulos.

279 5407 470 5464 Verum
499 5426 622 5466 cum
656 5410 710 5461 iit
743 5408 1116 5488 persecutione.
1141 5406 1410 5488 Valeriani
1436 5405 1647 5474 publico
1668 5404 1868 5488 edicto2

280 5479 348 5538 de
371 5498 474 5555 quo
494 5496 656 5552 supra
678 5480 730 5535 in
747 5477 891 5536 notis
910 5480 974 5535 ad
997 5480 1156 5535 vitam
1172 5477 1304 5536 Sixti
1325 5480 1552 5550 egimus,
1572 5477 1871 5548 presbyteri

1965 3439 2188 3508 gloriam
2221 3457 2317 3510 pro
2346 3442 2459 3497 sols
2487 3445 2695 3500 actibus
2724 3446 2974 3518 accipiat.
3009 3448 3162 3505 Hanc
3192 3468 3406 3524 quoque
3435 3470 3565 3509 nor-

1969 3550 2145 3603 mam,
2187 3537 2466 3594 carissime
2487 3582 2502 3605 ,
2538 3549 2588 3595 te
2628 3551 2681 3596 et
2722 3559 2912 3600 omnes
2939 3547 3223 3616 episcOpos
3255 3551 3405 3619 sequi
3436 3564 3568 3605 con-

1970 3629 2150 3682 venit:
2187 3641 2239 3683 et
2266 3631 2408 3700 quod
2443 3632 2537 3687 tibi
2570 3633 2844 3697 scribitur.
2867 3638 3118 3692 omnibus
3139 3640 3568 3713 quibuscumque

1970 3722 2240 3790 potueris,
2273 3735 2457 3780 notum
2500 3726 2663 3780 facias
2685 3770 2698 3793 ,
2736 3736 2792 3782 ut
2819 3745 2925 3783 non
2963 3732 3247 3800 specialis,
3277 3734 3372 3789 sed
3403 3749 3568 3804 gene-

1971 3815 2096 3870 ralis
2127 3816 2217 3869 lini.
2243 3816 2341 3871 ista
2375 3820 2684 3889 praeceptio.
2705 3820 2940 3877 Crimina
2970 3839 3119 3894 vero,
3151 3843 3270 3896 qua:
3292 3829 3562 3900 episcopis

1971 3910 2266 3982 impingere
2293 3911 2445 3978 dicis,
2482 3929 2577 3983 per
2602 3914 2736 3968 alios
2768 3931 2876 3972 nou
2905 3917 3056 3974 sinas
3084 3920 3193 3975 ullo
3222 3937 3310 3978 mo
3333 3927 3380 3976 to
3411 3923 3527 3982 fieri
3550 3965 3568 3990 ,

1972 4005 2072 4058 nisi
2104 4021 2200 4074 per
2227 4004 2370 4074 ipsas
2400 4003 2489 4074 qui
2530 4005 2754 4062 crimina
2796 4008 3082 4065 intendunt
3113 4031 3128 4068 :
3159 4014 3206 4068 si
3251 4023 3428 4074 tamen
3464 4017 3568 4090 ipsi

1973 4095 2115 4165 digni
2159 4106 2213 4150 et
2246 4097 2754 4166 irreprebensibiles
2781 4105 3161 4174 apparuerint,
3205 4117 3260 4162 et
3301 4107 3434 4163 actis
3475 4109 3572 4164 ilo-

1972 4188 2178 4244 cneriut
2203 4188 2424 4258 publicis
2453 4190 2599 4244 omni
2616 4191 2694 4262 (5)
2707 4207 2765 4246 se
2785 4209 2969 4249 carere
2995 4197 3299 4268 suspicione
3317 4213 3371 4254 et
3395 4199 3572 4256 inimio

1971 4283 2116 4350 cilia,
2149 4293 2201 4338 et
2233 4285 2756 4356 irreprehensibilem
2803 4288 2959 4345 iidem
3001 4296 3572 4369 conversationemque

1971 4375 2189 4431 ducere.
2237 4376 2448 4433 Nemini
2496 4381 2638 4434 enim
2671 4380 2738 4436 de
2780 4398 2838 4437 se
2886 4383 3168 4454 confesso,
3204 4388 3350 4443 credi
3397 4400 3576 4462 potest

1973 4490 2134 4545 super
2170 4473 2373 4529 crimen
2405 4474 2662 4541 alienum,
2701 4477 2953 4547 quoniam
2995 4479 3114 4550 ejus
3163 4483 3445 4554 omnisque
3493 4486 3572 4542 rei

1971 4612 2039 4667 ab
2058 4611 2314 4667 Ecclesiis
2338 4611 2708 4682 reelgarentur
2727 4659 2741 4681 ,
2767 4626 2821 4670 et
2849 4616 3265 4676 Christianorum
3292 4622 3345 4678 lit
3368 4639 3574 4682 οωηῑοο

1973 4688 2120 4738 teriis
2147 4695 2443 4738 eouvetttus
2488 4694 2815 4751 vetarentur,
2857 4691 3266 4757 parochiarum.
3303 4695 3575 4753 Ecclesia-

1971 4773 2113 4822 rum,
2168 4766 2226 4838 et
2281 4758 2715 4840 casuneteriorum
2754 4760 3008 4840 f-onittsio
3063 4765 3202 4840 sine
3233 4767 3404 4840 dubio
3447 4786 3576 4840 pace

1973 4827 2229 4882 Ecclesiae
2253 4873 2266 4890 ,
2301 4842 2556 4882 concessa
2590 4831 2822 4884 vicissim
2867 4833 3031 4888 libera
3066 4837 3318 4893 facultate
3344 4827 3575 4898 adt-undi

1971 4900 2315 4979 catnteteria,
2368 4899 2651 4982 Dioiiysius
2703 4919 2956 4982 romanus
3008 4909 3245 4975 pontifex
3291 4914 3577 4982 parochias

1974 4972 2304 5052 presbyteris
2353 4987 2450 5052 ρι-ι·
2505 4972 2722 5049 exilium
2773 4977 2854 5030 vel
2912 4972 3230 5050 Ittai-tyrium
3281 4972 3574 5052 spoliatas,

1972 5044 2104 5097 alias
2134 5044 2258 5120 aliis
2281 5044 2594 5120 assignavit.
2628 5056 2871 5116 tempore
2901 5044 3292 5120 persi-cntiouis
3313 5044 3573 5112 confusas

1973 5114 2166 5190 iterum
2210 5113 2424 5190 divisit,
2467 5130 2530 5169 ac
2558 5131 2653 5182 pro
2684 5113 3190 5190 ratioite'distribuit
3213 5168 3227 5190 ,
3261 5128 3577 5183 cthetel'ia

1975 5185 2232 5254 singulis,
2281 5186 2590 5268 quatiente
2619 5204 2742 5268 eum
2797 5185 3296 5268 iecerautiquidam
3345 5211 3578 5268 anteque

1973 5273 2241 5342 cessores,
2265 5259 2496 5342 vicissim
2519 5264 2853 5342 (lillSigllaVii
2877 5265 3023 5336 (vide
3041 5259 3261 5333 Rarum,
3277 5284 3420 5326 anno
3446 5259 3578 5342 270,

1975 5346 2124 5384 num.
2157 5330 2268 5397 17).
2298 5329 2496 5384 SEVER.
2530 5329 2734 5389 Bruttis.

2047 5400 2335 5492 (Siti-one.
2369 5403 2537 5472 Arel.,
2569 5410 2618 5472 1,
2650 5423 2702 5463 c.
2746 5407 2834 5478 i5,
2869 5409 2958 5480 15,
2995 5426 3049 5484 q.
3086 5412 3136 5472 3.
3177 5409 3390 5472 Nemini
3437 5431 3578 5492 prae-

1973 5481 2239 5544 terquem.

1496 5612 1882 5672 LECTIONES
1943 5610 2354 5672 VARIANTES.

349 5767 376 5799 ⁸
399 5765 562 5818 Verbo
578 5765 788 5825 sensati,
816 5759 957 5816 Labb.

341 5829 369 5874 ι
398 5828 630 5885 Recurari
653 5826 770 5880 ω.

1896 5755 1952 5820 Ῑ)
2046 5759 2070 5790 ο
2108 5755 2476 5811 Parochialibus
2497 5757 2613 5814 Lab.
