3994 6318
226 291 316 352 157

1220 291 1308 349 DE
1332 290 1390 348 S.
1432 287 1678 349 FELICE
1708 288 1995 348 ROMANO
2035 288 2418 349 PONTIFICE.
2514 288 2525 295 ’

3294 290 3307 300 ’
3385 296 3488 353 158

220 421 461 485 acceptum
481 408 649 467 refert
670 408 796 466 liber
816 408 1160 479 Pontiﬁcalia.
1187 409 1322 467 Cum
1341 425 1513 466 annos
1539 411 1778 481 quinque
1803 415 1857 471 Α
1887 408 2046 480 eique
2072 409 2436 464 Bucherianus
2457 406 2795 479 Catalogus.’
2797 407 2934 467 alter
2958 409 3155 483 reginae
3172 410 3491 479 Succorum,

219 506 461 564 catholica:
490 504 749 560 Ecclesia:
782 503 1103 575 praefuisset,
1158 514 1361 575 martyr
1400 503 1636 559 decessit
1679 521 1781 559 stu-

219 603 368 657 viente
391 614 524 654 nona
551 597 812 653 adversus
839 597 1167 653 christianos
1192 597 1589 667 pcrsecutione,
1620 612 1778 668 quam

218 691 434 750 Aurelius
457 705 599 745 anno
625 687 734 744 272
758 704 986 745 exorsus
1008 689 1185 745 fuerat
1211 689 1316 760 (l).

275 784 412 839 Felix
437 783 640 854 quando
669 792 718 837 et
744 782 988 854 quamdiu
1009 782 1233 838 sederit?
1260 814 1331 823 —
1358 782 1590 839 Felicem
1620 784 1779 855 quin-

216 892 301 950 que
326 877 467 932 annis
506 874 805 931 Ecclesium
833 876 1162 947 gubernasse
1193 874 1460 932 Eusebius
1489 876 1652 932 tradit
1678 877 1779 948 (2),

215 1038 407 1094 lantium
433 1042 742 1090 sanctorum
787 1034 1136 1104 reliquiarum
1179 1040 1611 1105 contemptorem
1658 1034 1776 1089 ait:

218 1129 234 1159 ι
260 1108 379 1164 Male
400 1106 518 1161 facit
543 1121 676 1177 ergo
701 1121 958 1161 romanus
981 1107 1295 1177 episcopus,
1318 1106 1408 1176 qui
1439 1120 1600 1176 super
1630 1121 1779 1160 mor-

214 1193 392 1236 tuomm
423 1178 698 1233 hominum
727 1177 871 1232 Petri
919 1187 975 1232 et
1021 1177 1173 1232 Pauli
1202 1177 1498 1234 secundum
1529 1193 1628 1232 nos
1656 1192 1779 1232 ossa

214 1249 499 1317 veneranda,
550 1250 846 1304 secundum
894 1258 947 1305 te
998 1249 1158 1303 vilem
1208 1249 1587 1317 pulvisculttm.
1620 1248 1780 1303 oﬂ‘ert

216 1325 407 1379 Domino
434 1321 716 1385 sacrificia,
750 1330 805 1375 et
834 1321 1068 1374 tumulos
1096 1335 1283 1376 eorum
1316 1319 1513 1374 Christi
1544 1319 1777 1374 arbitra-

215 1406 285 1449 tur
315 1393 524 1448 altaria?
558 1412 579 1444 ι
631 1392 855 1447 Faciunt
882 1407 1096 1463 quoque
1148 1408 1267 1446 eam
1302 1392 1353 1444 in
1385 1406 1498 1446 rem
1527 1401 1775 1446 accurata

217 1468 289 1522 illa
310 1478 581 1537 martyrum
625 1473 969 1537 monumenta
998 1462 1064 1518 ad
1096 1464 1265 1518 instar
1293 1462 1478 1537 sacelli
1498 1534 1506 1537 _
1524 1465 1778 1537 alt_aris_ve

219 1533 441 1606 exposita,
471 1552 592 1606 qua!
617 1539 667 1588 in
701 1535 866 1589 Bonna
897 1537 1247 1590 subterranea
1278 1533 1532 1606 describit
1579 1533 1776 1606 Paulus

216 1604 562 1677 Aringbius,ac
585 1607 860 1667 Boldetns.
893 1606 961 1660 de
985 1606 1347 1669 Cmmeterils,
1374 1604 1463 1677 lib.
1500 1621 1540 1670 ι,
1569 1620 1687 1677 cap.
1714 1605 1765 1661 8.

214 1676 522 1735 -Vetustum
572 1689 752 1733 autem
801 1679 947 1733 illum
996 1694 1226 1742 morem,
1285 1676 1480 1731 nedum
1532 1676 1770 1731 fidelimn

212 1753 381 1822 pietati,
403 1751 499 1807 sed
525 1751 688 1806 etiam
720 1751 987 1822 nascentis
1015 1750 1271 1806 Ecclesia:
1296 1749 1582 1820 angustiis,
1615 1757 1773 1819 atque

1884 518 1984 558 nec
2021 519 2125 558 non
2163 502 2517 569 Fossatensis,
2562 521 2626 561 ac
2654 504 2788 561 liber
2813 505 3141 562 Pontilicalis
3178 510 3488 575 concinunt,

1883 603 2147 665 quatenus
2158 611 2279 650 eum
2297 595 2623 666 temporibus
2643 596 2881 652 «Claudii
2897 608 2947 653 et
2965 597 3239 654 Aureliani
3255 616 3283 653 a
3304 615 3497 657 CUIISU'

1882 687 1994 743 latu
2007 684 2213 743 Claudii
2228 698 2279 743 et
2293 688 2506 744 Paterni
2523 706 2691 760 usque
2709 691 2761 745 in
2776 692 3118 747 consulatum
3140 694 3412 749 Aureliani
3446 694 3491 749 ll

1883 780 2260 851 ctCapitolini,
2282 800 2301 833 ι
2327 780 2428 836 hoc
2441 792 2525 838 est
2542 783 2607 837 ab
2626 798 2769 837 anno
2794 784 2903 839 269
2931 782 2998 839 ad
3024 784 3153 847 274,
3182 786 3491 855 pontilicem

1883 871 2050 928 fuisse
2084 874 2301 928 docent.
2329 874 2404 929 Ex
2439 873 2543 929 hoc
2573 891 2843 931 consensu
2875 876 3095 932 minimc
3112 877 3492 949 ambigendum

1886 966 2122 1031 videtur,
2167 968 2293 1039 quin
2328 968 2444 1039 ipso
2475 985 2617 1025 anno
2646 986 2755 1040 quo
2784 971 2966 1025 vivere
2993 970 3152 1025 desiit
3186 971 3491 1043 Dionysius,

1884 1060 2256 1132 adeoqnepost
2272 1061 2340 1116 26
2353 1063 2654 1118 decembris
2670 1063 2814 1119 diem
2844 1063 2967 1118 anni
2992 1063 3118 1127 269,
3141 1064 3290 1120 Felix
3314 1067 3490 1121 cidem

1881 1146 2222 1209 successerit.
2243 1157 2308 1210 At
2321 1170 2429 1225 quo
2443 1156 2529 1211 die
2544 1156 2622 1211 vel
2642 1172 2827 1212 mense
2841 1156 2979 1211 idem
2997 1172 3131 1228 papa
3149 1158 3362 1224 obierit,
3379 1174 3483 1213 non

1882 1245 1955 1299 ita
1983 1244 2139 1301 facile
2165 1255 2251 1300 est
2270 1248 2581 1302 earumdem
2611 1248 2857 1303 codicum
2885 1250 3205 1304 auctoritate
3232 1248 3474 1306 delinire.

1878 1338 1933 1393 Si
1968 1338 2113 1394 enim
2147 1339 2538 1395 Buclierianum
2574 1342 2920 1397 consulamus
2966 1345 3265 1411 catalogum
3292 1386 3307 1410 ,
3333 1343 3489 1398 annis

1879 1436 2115 1506 quinque
2144 1436 2419 1491 mensibus
2468 1437 2714 1493 undecim
2767 1437 2958 1493 diebus
3013 1437 3194 1506 viginti
3255 1438 3491 1509 quinque

1879 1529 2255 1586 Pontificatum
2308 1532 2476 1601 gessit
2530 1549 2544 1587 :
2601 1533 2844 1603 adeoque
2888 1548 2991 1586 non
3038 1532 3103 1585 ad
3149 1532 3486 1587 consulatum

1877 1623 2151 1678 Aureliani
2195 1623 2236 1679 ll
2261 1633 2313 1679 et
2345 1623 2627 1693 Capitolini
2653 1636 2880 1689 tantum,
2929 1626 3022 1680 sed
3063 1625 3127 1680 ad
3149 1625 3485 1679 Consulatum

1874 1715 2148 1771 Aureliani
2183 1716 2251 1772 Ill
2296 1727 2351 1771 et
2380 1717 2696 1784 Marcellini,
2745 1718 2849 1773 hoc
2890 1718 3070 1774 estad
3126 1735 3324 1773 annum
3376 1718 3486 1775 275

213 1802 1308 1894 {ﬁscina}.iniiiénipouiiiiseligi-nunt,
1332 1802 1767 1894 eftipritiriuniilli
1802 1802 1849 1862 Β
1881 1808 2129 1864 Pontifex
2160 1810 2321 1864 fuisse
2349 1811 2609 1866 dicendus
2624 1823 2788 1866 esset.
2824 1812 2879 1866 In
2910 1813 3097 1867 codice
3120 1813 3320 1884 regina“:
3346 1813 3485 1868 Suc-

215 1890 426 1966 pr0timis
455 1893 673 1966 saculis
701 1893 1018 1956 obtinuisse,
1070 1890 1442 1947 demonstrant
1491 1890 1597 1966 PP.
1649 1907 1769 1966 ser:

218 1962 360 2022 ιιιοιιι·ς
403 1966 572 2037 habiti
601 1963 671 2019 ad
703 1976 996 2037 martyrum
1043 1979 1263 2037 mensas
1275 1980 1302 2037 _:
1331 1978 1466 2033 quos
1500 1962 1773 2037 inter!“

221 2038 443 2109 Augustini
465 2036 536 2091 de
562 2037 820 2109 Diversis,
836 2032 1126 2105 inscriptus
1147 2037 1213 2088 ad
1237 2032 1474 2109 Mensam
1496 2034 1771 2103 Cypriani,

222 2105 377 2177 iu'quo
431 2112 549 2163 haec
603 2108 907 2163 habentur:
948 2124 966 2158 t
1007 2110 1157 2162 Sicut
1206 2105 1396 2168 nostis.
1450 2109 1771 2177 quicumque

230 2178 545 2251 Carthaginem
579 2180 770 2245 nostis,
812 2180 873 2251 in
903 2179 1092 2234 eodem
1115 2181 1265 2251 loco.
1300 2178 1386 2251 ubi
1421 2187 1642 2247 propter
1663 2193 1771 2251 ino-

234 2248 511 2307 tnenllhristi
540 2252 760 2320 sanguis
804 2248 951 2305 fusus
978 2261 1063 2306 est
1101 2250 1389 2320 Cypriani,
1441 2263 1627 2304 mensa
1662 2248 1771 2303 Deo

231 2332 467 2379 constructa
498 2334 604 2378 est.
652 2322 853 2377 Tamen
897 2337 1080 2376 mensa
1125 2321 1324 2377 dicitur
1351 2321 1629 2392 Cypriani.
1663 2335 1771 2373 non

225 2398 310 2463 quia
346 2394 537 2450 ibidem
593 2403 976 2466 estumquam
1026 2394 1327 2466 Cyprianus
1375 2393 1647 2466 epulatus,
1678 2392 1774 2446 sed

220 2466 306 2534 quia
327 2467 387 2520 ibi
414 2479 501 2521 est
533 2463 874 2528 immolatus;
909 2474 963 2519 ct
991 2463 1114 2534 quia
1149 2466 1262 2531 ipse
1285 2463 1651 2517 immolatione
1679 2477 1774 2517 sua

214 2537 375 2601 pararit
402 2539 546 2592 hanc
578 2551 840 2599 mensam,
871 2553 977 2590 non
1007 2538 1060 2590 in
1089 2551 1194 2607 qua
1216 2545 1420 2605 pascat,
1445 2535 1563 2607 sive
1589 2547 1779 2604 pasca—

214 2610 386 2680 tur,sed
413 2611 466 2663 in
495 2624 601 2680 qua
626 2608 950 2663 sacriﬁcium
981 2606 1115 2667 Deo.
1126 2609 1279 2680 coiret
1307 2608 1422 2675 ipse
1443 2606 1655 2680 oblatus
1671 2614 1776 2672 est,

209 2679 440 2736 olieratur.
471 2700 489 2733 ι
513 2676 641 2735 ἰΙιιο
671 2680 993 2750 spectant
1022 2679 1229 2734 Paulini
1253 2693 1442 2733 versus
1462 2676 1640 2731 Natal.
1675 2693 1729 2732 rx
1759 2695 1771 2731 :

279 2772 503 2834 Spectaut
523 2771 591 2822 de
606 2772 810 2835 superis
831 2770 1004 2821 altaria
1022 2777 1122 2821 tota
1145 2770 1400 2828 fenestris,

284 2832 376 2897 Sub
388 2836 561 2897 quibus
584 2832 718 2884 intus
736 2835 919 2897 habent
943 2841 1221 2883 sanctorum
1240 2844 1441 2897 corpora
1461 2832 1634 2881 sedem
1658 2846 1668 2879 :

284 2894 493 2960 5amun
514 2906 566 2960 et
579 2896 838 2960 apostolici
860 2897 1061 2960 cineres
1081 2894 1365 2960 subiciente
1388 2906 1557 2944 mensa

280 2957 507 3022 Deposui.
528 2957 759 3022 placitum
778 2958 968 3009 Cbristo
990 2958 1225 3022 spirantis
1245 2957 1447 3022 odorem

279 3019 490 3072 Pulveris
511 3019 644 3071 inter
665 3028 830 3071 sancta
852 3022 977 3070 sacri
998 3020 1229 3069 libamina
1249 3019 1475 3070 reddunt.

202 3106 491 3164 Prudentius
514 3108 667 3173 item,
692 3106 896 3179 hymno
920 3121 996 3171 χι,
1020 3110 1140 3181 περὶ
1162 3115 1304 3177 Στεφ.
1332 3123 1349 3158 :

276 3204 464 3255 Talibus
481 3203 735 3316 Hippolyti
755 3215 934 3264 corpus
949 3202 1202 3254 mandatur
1225 3201 1430 3264 opertis,

326 3267 532 3316 Propter
626 3267 882 3316 ianuosita
905 3273 984 3315 est
999 3278 1082 3313 ara
1104 3264 1261 3313 dicata
1288 3263 1417 3313 Deo.

326 3267 532 3331 Propter
553 3263 641 3316 ubi
658 3263 886 3331 apposita
905 3273 984 3315 est
999 3278 1082 3313 ara
1104 3263 1266 3331 dicata
1288 3263 1417 3313 Deo.

275 3328 351 3379 Illa
375 3326 677 3382 sacramenti
692 3326 925 3379 donatrix
953 3340 1139 3385 mensa,
1165 3326 1440 3388 eademque
1468 3332 1471 3335 ’

326 3392 504 3445 Custos
523 3391 617 3440 lida
647 3391 722 3441 sui
744 3390 967 3454 martyris
990 3390 1228 3454 apposita,

272 3456 430 3505 Servat
454 3456 518 3504 ad
543 3455 722 3504 teter-ni
745 3449 893 3515 Speui
911 3449 1118 3515 vindicis
1134 3463 1244 3500 ossa
1269 3449 1520 3515 sepulcro,

322 3517 486 3569 Pascit
508 3518 630 3567 item
650 3516 835 3566 sanctis
857 3514 1141 3579 Tybricolas
1162 3514 1240 3576 dar
1258 3514 1387 3563 ibus.

202 3597 261 3654 Ex
290 3613 493 3657 vetusta
525 3600 627 3656 hac
655 3598 1048 3656 consuetudine
1075 3599 1264 3652 altaria
1295 3613 1456 3668 supra
1489 3598 1778 3653 memorias

200 3685 456 3743 martyrum
513 3670 867 3727 construendi
921 3670 1083 3725 condi
1140 3683 1321 3724 sacras
1368 3669 1778 3743 reliquiassnb

201 3740 354 3799 iisdem
378 3744 647 3801 altaribus
677 3744 745 3798 ab
773 3744 1030 3811 episcopo
1056 3751 1411 3797 consecrante
1437 3740 1780 3796 animadver-

202 3823 293 3869 tunt
315 3819 595 3885 pnecitato
614 3831 734 3884 cap.
762 3813 851 3870 l9.
872 3810 1270 3885 eruditissimus
1291 3812 1582 3885 cardin_alis
1603 3810 1775 3875 Bana.

201 3895 240 3939 et
259 3883 325 3940 ad»
339 3888 579 3944 Felicem
605 3886 646 3951 Ι,
673 3883 990 3940 Emrnannel
1014 3900 1044 3939 a
1068 3883 1427 3949 Sehelstrate,
1455 3883 1777 3940 Franciscus

200 3953 376 4027 Pagius,
407 3969 468 4015 et
499 3959 766 4013 Antonius
793 3956 1086 4013 Sandinus.

255 4025 321 4100 (ἐ)
346 4031 562 4087 Nonam
610 4030 797 4085 dicunt
828 4027 1094 4100 Eusebius
1122 4034 1177 4100 et
1204 4025 1565 4100 Hieronymus
1594 4040 1777 4100 perse-

200 4096 429 4159 cutionem
455 4104 518 4157 in
545 4100 841 4161 Chronico.
868 4106 994 4155 item
1017 4098 1264 4166 Orosius,
1300 4098 1392 4153 lib.
1413 4096 1509 4161 vn,
1540 4112 1659 4168 cap.
1681 4096 1772 4152 25.

200 4172 412 4239 Quidam,
437 4185 506 4228 ut
529 4174 768 4242 estapud
800 4171 1110 4236 Baronium,
1130 4170 1196 4225 ad
1214 4186 1340 4225 ann.
1366 4169 1493 4235 275,
1525 4168 1630 4241 δι,
1654 4184 1774 4224 eam

198 4256 295 4301 ﬁse
317 4247 573 4309 credunt,
622 4260 781 4313 quam
809 4244 866 4299 S.
896 4242 1027 4308 Leo,
1063 4242 1241 4298 Serm.
1273 4243 1363 4309 7t,
1395 4256 1514 4313 cap.
1546 4242 1600 4302 ϐ,
1650 4242 1778 4296 facit

199 4325 409 4372 ouavam
468 4325 532 4371 et
572 4316 842 4371 celebrem
900 4324 1122 4385 propter
1171 4315 1441 4369 innumera
1491 4323 1774 4384 martyrum

199 4387 346 4444 ρήιιίιι.
376 4387 719 4446 Lactantius.
751 4388 814 4441 de
839 4385 1092 4441 Mortibus
1120 4398 1656 4456 persecutorum,cap.
1681 4400 1772 4438 vr:

202 4458 578 4525 «Aurelianus,
610 4477 629 4510 ι
681 4458 777 4526 ait,
830 4477 848 4509 ι
887 4459 977 4527 qui
1024 4465 1172 4512 esset
1209 4466 1398 4512 natura
1441 4470 1672 4512 vesanus
1721 4464 1775 4510 et

198 4542 427 4602 preceps,
455 4533 712 4604 quamvis
731 4530 1097 4604 captivitatem
1125 4528 1389 4604 Valeriani
1414 4528 1768 4604 meminisset,

196 4598 587 4659 tamen—oblitus
608 4598 832 4657 sceleris
854 4602 972 4668 ejus
996 4609 1051 4655 et
1074 4616 1270 4669 ponite,
1301 4601 1434 4654 iram
1465 4598 1559 4653 Dei
1582 4599 1747 4654 crude

196 4670 313 4729 libus
336 4675 501 4731 factis
533 4674 825 4731 lacessivit.
850 4692 869 4725 ι
890 4671 933 4728 Ν
958 4687 1007 4727 ιιι
1035 4674 1285 4727 intentata
1315 4672 1476 4741 igitur
1494 4672 1772 4725 dumtaxat

194 4747 475 4814 persecutio
526 4747 594 4800 ab
633 4745 949 4810 Aureliano,
982 4753 1039 4798 ut
1065 4743 1236 4798 visum
1264 4742 1562 4801 Dodwello.
1595 4742 1690 4797 sed
1719 4749 1775 4814 et

198 4811 455 4873 tractationi
489 4818 757 4881 mandata,
786 4817 859 4871 uti
883 4816 1139 4885 loquitur,
1164 4824 1219 4869 et
1252 4814 1435 4885 probat
1467 4814 1680 4885 Pagius‘
1705 4811 1771 4867 ad

197 4900 302 4960 ann.
327 4888 454 4956 272,
494 4887 608 4960 ἐξ).
643 4888 768 4943 Ideo
815 4882 990 4960 autem
1025 4882 1312 4960 Eusebius,
1360 4886 1452 4941 lib.
1508 4900 1598 4939 vnt
1636 4882 1770 4938 Hist.

196 4959 321 5032 εδει,
348 4977 471 5032 cap.
500 4957 567 5025 '4,
599 4961 785 5015 scribit
808 4958 1078 5032 dialmlurn
1102 4957 1263 5032 veluti
1302 4960 1767 5032 somno__sopiiutn

196 5026 430 5088 ἴωθείίή
449 5046 640 5104 pacem
659 5030 1135 5104 nonperturbasse
1154 5028 1222 5084 ab
1246 5029 1390 5104 Decii
1419 5038 1474 5084 et
1503 5026 1768 5104 Valeriani

199 5098 517 5173 {corporibus
532 5118 700 5171 usque
717 5098 1208 5164 adDiocletianum,
1230 5119 1249 5153 ι
1263 5102 1406 5168 quia,
1434 5118 1452 5151 ι
1473 5108 1527 5173 ut
1540 5098 1612 5152 ait
1631 5098 1768 5173 idem

197 5170 387 5247 Pagius,
417 5175 448 5247 ᾗ
481 5190 544 5239 ιι,
580 5170 939 5243 {persecutio
967 5173 1032 5228 ab
1066 5173 1354 5247 Aureliano
1383 5171 1613 5247 exciiata
1646 5170 1767 5247 bre-_

199 5240 395 5300 vissirna
418 5240 553 5311 fuit,
585 5240 706 5301 cum
736 5255 954 5301 econtra
987 5255 1093 5299 tam
1124 5243 1288 5310 Decii,
1316 5258 1474 5315 quam
1502 5240 1771 5315 valeriani

203 5318 591 5384 persecutiones
616 5319 884 5373 diuturna:
929 5316 1140 5371 fuerant
1168 5332 1181 5368 :
1215 5315 1285 5370 ob
1314 5311 1473 5384 quam
1500 5311 1660 5367 etiam
1691 5329 1774 5367 ra—

204 5387 384 5444 tionem
410 5388 725 5447 Numeriani
756 5398 810 5443 et
838 5387 1139 5443 Maximiani
1171 5385 1416 5442 Herculei
1444 5385 1771 5440 mentionem

202 5472 295 5533 non
314 5459 465 5525 facit,
489 5461 578 5533 qui
603 5470 779 5515 tamen
796 5471 922 5533 ante
944 5460 1381 5533 persecuiionem
1396 5455 1775 5512 Diocletianum

205 5527 806 5593 Ecclesiam'vexarunt,
836 5531 912 5585 uti
942 5527 1005 5586 ex
1037 5529 1321 5584 annalibus
1351 5530 1537 5598 liquet.
1579 5545 1597 5579 ι

267 5603 343 5674 t2)
374 5605 603 5668 Euseb.,
638 5602 777 5660 Hist.
800 5602 923 5674 ccci.
951 5602 1045 5657 lib.
1074 5603 1316 5674 vri,cap.
1347 5600 1451 5656 52:
1482 5598 1624 5667 «Qua
1647 5605 1784 5674 tem-

205 5671 399 5742 pestate
447 5691 572 5731 cum
603 5674 758 5731 Felix
789 5673 1029 5742 quinque
1074 5672 1228 5728 annis
1275 5686 1553 5727 romanam
1595 5671 1787 5740 guber-

207 5755 380 5802 nasset
408 5747 733 5812 Ecclesiam,
765 5746 1130 5815 Eutychianus
1150 5745 1203 5798 in
1230 5744 1348 5815 ejus
1376 5743 1549 5799 locum
1577 5755 1787 5798 succes-

208 5817 290 5873 sit.
325 5837 343 5872 ι
376 5819 513 5891 Pag.
541 5817 650 5875 230
671 5818 802 5874 edit.
856 5817 1228 5874 Taurinensis.
1300 5874 1303 5877 ,

648 5912 929 5977 Panos.
976 5911 1054 5974 V.

1874 1916 2092 1967 corum,
2127 1901 2437 1957 Fossatcnsi
2470 1920 2532 1958 ac
2560 1904 2698 1958 libro
2728 1903 3025 1959 Pontilicali
3074 1909 3229 1960 annis
3255 1913 3488 1976 quatuor

1875 1994 2151 2049 mensibus
2184 1994 2356 2049 tribus
2386 1994 2579 2050 diebus
2610 1997 2795 2066 viginti
2850 1998 3085 2068 quinque
3134 1998 3361 2065 sedisse,
3420 2015 3485 2055 ac

1869 2106 1929 2145 ιιι
1960 2089 2215 2145 kalendas
2235 2090 2373 2160 junii
2405 2092 2457 2144 in
2487 2093 2801 2145 (mureti-rio
2826 2107 2925 2145 suo
2957 2093 3042 2146 via
3069 2093 3281 2147 Aurelia
3305 2094 3484 2162 sepul-

1887 2194 1970 2235 tus
2016 2196 2135 2236 esse
2165 2181 2438 2236 scribitur.
2475 2182 2781 2237 Etiamnum
2812 2185 2863 2237 in
2898 2183 3160 2249 Ecclesia,
3190 2185 3483 2241 secundum

1882 2276 2258 2348 Martyrologia
2311 2276 2489 2342 Dedte,
2537 2277 2740 2331 Adonis
2761 2320 2774 2341 ,
2809 2276 3039 2333 Usuardi
3069 2293 3131 2333 ac
3162 2278 3483 2342 Itoni-anum,

1880 2369 1937 2424 S.
1970 2367 2163 2423 Felicis
2190 2368 2347 2437 Papte
2377 2380 2433 2423 et
2459 2368 2711 2440 Martyris
2754 2369 2947 2425 festum
2980 2387 3037 2425 ιιι
3066 2368 3325 2426 kalendas
3348 2371 3487 2441 junii

1877 2462 2200 2517 celebratur.
2230 2462 2286 2516 ln
2308 2462 2649 2536 Bucherianp
2675 2475 2853 2519 autem
2882 2464 3245 2534 Depositionis
3275 2467 3488 2536 episco-

1881 2570 2073 2626 porum
2103 2571 2447 2609 romanorum
2479 2530 2715 2610 indic‘ulo
2745 2554 2844 2628 (αἱ),
2869 2567 3086 2611 notatur
3117 2557 3286 2626 ipsius
3313 2557 3483 2627 depo-

1880 2640 2005 2695 sitio
2034 2639 2193 2694 tertio
2220 2638 2481 2695 kalendas
2525 2640 2755 2710 januarii
2790 2644 2839 2695 in
2884 2641 3113 2696 Callisti.
3166 2641 3296 2709 Quae
3326 2642 3486 2697 lectio

1879 2734 1947 2788 ad
1978 2735 2313 2804 superiorem
2356 2734 2598 2789 reviicari
2644 2717 2926 2788 commode
2981 2745 3182 2804 posset,
3232 2750 3354 2790 cum
3385 2735 3487 2789 hoc

1877 2826 2114 2881 librariis
2145 2825 2299 2882 facile
2327 2828 2557 2892 accidat,
2605 2836 2661 2880 ut
2706 2843 2758 2881 ιιι
2806 2825 3064 2881 kalendas
3102 2827 3357 2895 januarii,
3389 2843 3487 2897 pro

1878 2934 1939 2972 ιιι
1983 2916 2243 2973 kalendas
2284 2920 2419 2989 junii
2472 2919 2729 2974 scribant.
2765 2919 2871 2975 Sed
2903 2936 3007 2975 non
3056 2920 3183 2975 item
3236 2921 3487 2992 snperior

1880 3011 2130 3081 componi
2175 3026 2296 3065 cum
2346 3012 2640 3082 praemissis
2700 3021 2917 3083 potest;
2972 3029 3093 3068 cum
3140 3014 3209 3067 ab
3254 3021 3486 3069 exeunte

1790 3150 1795 3155 .
1883 3117 2074 3158 mense
2119 3102 2417 3167 decembri,
2471 3119 2576 3175 quo
2606 3102 2839 3159 Felicem
2867 3104 3171 3160 ordinatum
3201 3122 3322 3162 esse
3351 3122 3489 3163 con-

1881 3194 2104 3267 statuad
2134 3194 2205 3249 29
2234 3194 2377 3251 diem
2408 3195 2556 3261 maii,
2588 3210 2802 3252 menses
2829 3197 3109 3252 dumtaxat
3133 3199 3365 3269 quinque
3391 3214 3486 3254 so-

1883 3288 1975 3343 lidi
2031 3287 2444 3359 interjiciantur.
2487 3291 2752 3345 Antonius
2782 3290 2974 3362 Pagius
3002 3292 3053 3345 in
3085 3291 3480 3348 Bneberianum

1881 3380 2182 3453 catalogum
2213 3382 2496 3452 irrepsisse
2524 3391 2671 3453 putat
2700 3383 2850 3438 annis
2872 3399 2918 3450 ν,
2966 3398 3065 3453 pro
3109 3385 3258 3439 annis
3299 3401 3371 3449 iv,
3396 3394 3482 3439 at-
3544 3432 3549 3437 .

1880 3488 1985 3544 que
2036 3476 2138 3530 hoc
2184 3485 2365 3530 errato
2408 3490 2475 3531 ex
2516 3476 2637 3530 aliis
2662 3476 2811 3531 libris
2838 3486 3103 3543 corr‘ecto,
3140 3479 3481 3534 retineudmn

1879 3583 2003 3624 esse
2027 3569 2182 3624 annis
2211 3585 2283 3632 tv,
2335 3570 2611 3625 mensibus
2641 3586 2716 3637 χι,
2750 3570 2939 3626 diebus
2970 3587 3099 3626 xxv.
3151 3561 3237 3625 Et
3263 3588 3327 3627 ex
3378 3571 3483 3628 hoc

1879 3660 2122 3731 catalogo
2136 3662 2213 3715 sic
2231 3662 2517 3716 emendato
2542 3663 2813 3731 corrigere
2841 3663 3073 3717 vicissim
3101 3663 3228 3719 licet
3253 3674 3483 3719 caeteros

1878 3752 2069 3815 libros,
2119 3769 2240 3807 cum
2269 3754 2584 3825 antiquariis
2610 3755 2922 3810 inusitatum
2954 3773 3058 3810 non
3088 3757 3158 3812 sit
3206 3774 3261 3820 ιι,
3294 3773 3391 3828 pro
3420 3773 3479 3824 ιι,

1876 3846 2120 3918 adeoque
2150 3862 2205 3901 ιιι
2239 3846 2514 3903 mensibus
2544 3861 2640 3918 pro
2668 3864 2718 3901 ιιι
2751 3850 3026 3904 mensibus
3061 3851 3301 3922 pingere.
3331 3852 3479 3918 Qua-

1878 3950 2100 4012 proltter
2122 3940 2365 3995 laudatus
2394 3941 2584 4011 Pagius
2608 3940 2689 4014 (2)
2710 3941 2944 3998 Felicem
2970 3942 3061 4000 die
3082 3944 3153 4000 28
3175 3945 3480 4001 decembris

1879 4036 2004 4089 anni
2023 4034 2131 4092 269
2146 4035 2474 4100 ordinatum,
2506 4045 2558 4090 et
2588 4036 2675 4090 die
2703 4036 2775 4091 22
2802 4039 3001 4093 mensis
3022 4039 3325 4095 decembris
3353 4039 3481 4094 anni

1875 4128 1984 4185 274
2035 4129 2141 4184 vita
2191 4130 2426 4185 functum
2472 4139 2676 4185 censet.
2728 4132 2795 4186 Et
2823 4132 2872 4187 ei
2918 4132 3131 4203 quidem
3161 4134 3483 4206 suffragatur

1876 4223 2247 4279 Bucherianus
2295 4224 2651 4293 depositionis
2704 4241 3046 4282 romanorum
3100 4231 3477 4299 episcoriorum

1874 4316 2167 4385 Indiculus,
2200 4317 2244 4371 si
2273 4333 2330 4373 ιιι
2358 4315 2619 4373 kalendas
2643 4319 2874 4388 januarii
2906 4338 3002 4392 pro
3028 4338 3080 4377 xt
3111 4321 3371 4380 kalendas
3398 4326 3479 4396 ja-

1876 4410 2071 4476 nuarii,
2102 4410 2274 4481 lapsu,
2310 4420 2367 4465 ut
2396 4410 2650 4479 diximus,
2680 4411 2912 4469 librariis
2942 4414 3214 4485 familiari,
3271 4419 3322 4472 in
3351 4434 3475 4474 eum

1875 4505 2163 4575 irrepsisse
2193 4506 2502 4578 largiamur.
2540 4507 2805 4564 Pratterea
2839 4508 3070 4565 Felicem
3102 4511 3168 4566 ad
3199 4512 3326 4568 anni
3366 4513 3476 4570 274

1877 4615 2119 4656 mensem
2150 4600 2492 4656 decembrem
2521 4601 2743 4671 vixisse,
2793 4607 3092 4662 successori
3118 4607 3233 4679 ejus
3263 4617 3480 4682 tempus

1874 4694 2204 4765 assignatum
2236 4695 2543 4764 persuadet.

1945 4787 2088 4843 Num
2115 4789 2175 4847 S.
2210 4788 2363 4844 Felix
2388 4799 2679 4861 martyr.—
2707 4790 2850 4848 ldem
2871 4807 3003 4865 papa
3034 4797 3289 4868 martyris
3316 4797 3472 4854 titulo

1874 4882 1944 4938 ab
1972 4882 2233 4952 ephesina
2264 4882 2494 4956 synodo,
2527 4881 2732 4955 Cyrillo
2763 4886 2989 4957 aliisque
3017 4890 3328 4948 decoratur.
3363 4892 3473 4950 Nec

1873 4976 2054 5032 obstat
2095 4974 2235 5046 quod
2274 4975 2414 5042 apud
2445 4975 2767 5031 Bucherium
2812 4980 2862 5033 in
2901 4981 3140 5038 lndiculo
3182 4985 3345 5041 citato
3376 4988 3477 5042 sub

1873 5069 2029 5124 titulo
2063 5066 2411 5139 Depositionis
2437 5066 2815 5140 EpiscOpormn
2845 5087 3192 5144 recensetur;
3225 5094 3345 5133 cum
3373 5079 3477 5134 sub

1872 5160 2061 5217 eodem
2093 5159 2250 5215 titulo
2273 5161 2515 5232 legamus
2540 5174 2594 5217 et
2617 5163 2866 5226 Lucium.
2903 5181 3063 5238 quem
3095 5173 3352 5242 martyrio
3380 5187 3475 5228 co-

1872 5262 2124 5307 ronatum
2156 5252 2319 5307 fuisse
2347 5251 2604 5324 Cypriani
2637 5256 2947 5312 testimonio
2978 5260 3330 5317 indubitatum
3370 5273 3476 5320 est.

1873 5344 2125 5402 Profecto
2150 5344 2206 5401 S.
2234 5343 2433 5401 Felicis
2458 5346 2794 5419 martyrium,
2812 5360 3071 5419 prmtcrea
3094 5353 3318 5424 catalogi
3346 5370 3479 5425 pra:-

1876 5436 2230 5498 stantissimi.
2292 5436 2427 5492 liber
2477 5438 2835 5507 Pontilicalis,
2890 5443 3227 5512 Romanum,
3274 5449 3485 5521 aliaque

1883 5529 2269 5602 martyrologia
2319 5538 2607 5586 testantur.
2653 5532 2818 5589 Recte
2862 5533 3065 5590 idcirco
3110 5538 3489 5613 sapienterque

1969 5667 2048 5741 (l)
2081 5646 2236 5739 Apud
2265 5669 2616 5728 Schelestrat.
2652 5681 2706 5726 et
2732 5671 2986 5728 Brucber.
3018 5674 3071 5729 in
3106 5674 3349 5735 Doctrina
3369 5690 3494 5737 tem-

1897 5758 2105 5814 porum,
2129 5757 2250 5813 pag.
2271 5741 2398 5814 269.

1979 5812 2059 5887 (2)
2090 5812 2218 5886 Pag.
2244 5856 2258 5882 ,
2288 5813 2416 5871 Crit.
2452 5816 2517 5872 ad
2548 5833 2674 5871 ann.
2705 5816 2831 5881 274,
2864 5831 2918 5869 ιι.
2952 5815 3006 5872 2.

3190 5915 3229 5981 5
