3994 6318
523 314 629 377 H9

1558 304 1648 374 DE
1686 311 1745 376 S.
1786 308 2034 374 FELICE
2067 303 2356 370 ROMANO
2391 307 2775 371 PONTIFICE.
2806 308 2849 315 Ἠ

3682 330 3772 391 140

516 434 766 507 Papirius
794 435 866 491 ita
894 426 1129 492 Felicem
1178 424 1511 505 alloquitur:
1566 453 1585 486 ι
1619 433 1715 489 Vir
1770 431 1916 487 fuisti
1973 429 2078 485 ﬁde
2102 471 2117 496 ,
2148 426 2196 489 A
2225 423 2405 494 fuerit,
2441 437 2498 482 ut
2534 426 2789 497 quaelibet
2815 441 2939 497 res,
2967 432 3087 500 qua:
3130 428 3198 487 de
3224 430 3445 491 diversis
3471 438 3695 496 ecclesiis
3717 445 3775 498 ad

518 528 655 597 vita,
678 527 904 583 scientia
934 527 1111 582 clarus
1133 568 1147 592 ,
1179 536 1235 581 et
1271 527 1529 597 martyrio
1557 523 1835 580 subeundo
1862 522 2085 578 idoneus
2104 563 2118 586 ,

518 632 579 677 ut
602 614 830 677 eventus
854 616 1059 676 docuit.
1091 616 1149 674 1d
1185 621 1328 673 enim
1371 617 1471 673 sub
1501 617 1792 673 Aureliano
1812 658 1827 685 ,
1856 614 1999 688 quod
2026 631 2122 670 ne-

519 712 630 781 gari
657 726 761 765 non
795 717 993 779 potest,
1024 723 1237 776 severo,
1262 709 1585 775 truculento,
1631 718 1793 779 utque
1820 704 1988 762 Flavii
2008 704 2117 762 Vo-

517 804 651 877 pisci
682 803 850 860 verbo
877 814 1019 869 utar,
1050 803 1398 875 sanguinario
1442 802 1716 874 principe,
1751 814 1805 859 et
1836 800 2120 857 christiani

519 898 755 953 nominis
775 897 1128 953 acerbissimo
1151 896 1305 953 hoste
1335 913 1429 967 pro
1451 896 1668 952 Christo
1685 895 2121 952 constantissime

519 989 755 1056 subiisti,
783 999 841 1046 ut
869 988 1100 1045 decebat
1128 990 1428 1045 Constantii
1456 988 1651 1057 ﬁlium,
1680 982 1784 1045 hoc
1811 989 1953 1045 enim
1984 982 2121 1059 patri

511 1095 605 1140 tuo
623 1100 817 1163 nomen
840 1094 979 1140 erat.
1002 1082 1189 1156 Itaque
1212 1083 1609 1157 nonjmmerito
1622 1081 1860 1157 Cyrillus
1883 1082 2119 1138 Alexan-

514 1172 726 1245 drinus,
755 1186 811 1233 et
833 1175 1152 1233 Vincentius
1178 1175 1481 1234 Lirinensis
1501 1219 1515 1244 ,
1558 1176 1650 1249 qui
1691 1176 1791 1232 sub
1827 1174 2120 1232 Caelestino

524 1274 700 1344 primo
728 1272 957 1338 vixere,
986 1282 1039 1328 te
1081 1282 1325 1329 sanctum
1372 1281 1664 1345 martyrem
1706 1271 2002 1343 appellant.
2052 1270 2122 1326 Et

523 1366 663 1422 alius
694 1362 786 1422 ille
834 1367 1120 1437 episcopus
1147 1377 1199 1423 te
1241 1367 1572 1439 producebat
1600 1376 1811 1433 testem,
1842 1364 2121 1421 Romana:-

518 1472 623 1530 que
654 1458 909 1513 Ecclesiae
946 1454 1224 1514 doctorem
1265 1457 1575 1531 appellabat
1599 1458 1817 1514 dicens:
1850 1456 2122 1513 Sententia

438 1588 441 1589 ν
526 1538 717 1606 Felicis
745 1550 1056 1606 sanctissimi
1084 1553 1313 1623 episcopi
1342 1562 1388 1606 et
1435 1553 1674 1623 martyris
1702 1551 1903 1606 romani
1927 1551 1990 1604 de
2022 1546 2119 1603 In-

525 1645 822 1699 carnatione
871 1644 1020 1700 Verbi
1047 1654 1093 1699 et
1126 1641 1279 1699 Fide.
1321 1663 1341 1697 »
1386 1642 1567 1699 lnnnit
1612 1644 1696 1701 his
1732 1643 1912 1700 verbis
1944 1642 2119 1714 Papy-

523 1738 636 1794 rius
680 1737 737 1795 S.
785 1738 984 1794 Felicis
1030 1739 1313 1811 epistolam
1355 1739 1422 1794 ad
1471 1736 1757 1794 Maximum
1808 1740 2119 1807 episcopum

2224 518 2370 587 ipsos
2401 521 2804 587 referebantur,
2836 534 2956 577 cum
2989 522 3211 595 synodis
3238 530 3707 599 communicarent,
3732 546 3777 590 et

2224 612 2421 668 exinde
2458 630 2717 684 responsa
2768 614 2873 671 illis
2914 616 3124 686 darent,
3165 634 3391 692 cumque
3420 640 3613 679 morem
3643 643 3777 682 eum-

2225 705 2347 760 dem
2378 705 2695 763 decessores
2746 708 2889 763 illius
2934 725 3031 781 per
3062 709 3210 782 plura
3250 712 3439 769 Saecula
3477 718 3661 773 imitari
3688 736 3778 776 non

2223 794 2562 867 destiterint;
2596 800 2717 869 quis
2761 801 2937 870 ipsum
2986 819 3099 860 rem
3142 802 3441 875 neglexisse
3479 807 3777 879 crediderit,

2224 904 2379 959 quam
2409 892 2749 962 imperatoris
2776 895 2976 951 ethnici
3000 894 3259 966 judicium
3292 900 3385 953 toti
3414 899 3656 957 Ecclesiae
3682 912 3773 959 tam

2223 983 2354 1039 utile
2375 1025 2391 1051 ,
2423 984 2850 1056 nominatimque
2879 1003 3117 1046 romana:
3145 1001 3252 1045 tam
3278 991 3563 1062 gloriosum
3591 994 3784 1052 deside-

2223 1076 2414 1130 rabat?
2438 1075 2589 1132 Tunc
2619 1090 2919 1148 opportuna
2948 1079 3116 1136 Felici
3146 1081 3268 1136 data
3298 1094 3381 1139 est
3406 1087 3611 1141 occasio
3634 1128 3650 1153 ,
3693 1102 3782 1157 qua

2223 1167 2420 1223 Christi
2467 1182 2835 1241 propugnaret
2877 1173 3138 1229 Deitatcm
3166 1190 3228 1230 ac
3269 1176 3518 1233 refutaret
3549 1178 3781 1245 Paulum,

2224 1264 2315 1333 qui
2344 1266 2580 1319 Artemze
2607 1281 2870 1322 revocans
2900 1266 3233 1339 impietatem
3265 1268 3391 1338 Deo,
3426 1283 3481 1327 ut
3505 1273 3785 1330 antiocheni

2222 1367 2405 1426 patres
2453 1358 2782 1428 loquuntur,
2833 1361 3024 1415 bellum
3067 1363 3341 1431 indicebat,
3396 1352 3785 1439 ἁντιτασσόμένον

2224 1453 2380 1506 αὐτὸν
2401 1461 2474 1527 τῷ
2491 1461 2600 1529 Θεῷ
2623 1469 2636 1520 ;
2661 1456 2784 1523 quia
2800 1453 3036 1511 divinam
3060 1455 3279 1513 Christo
3307 1470 3545 1515 naturam
3566 1461 3785 1533 negabat.

2224 1542 2493 1615 Quidquid
2521 1563 2585 1601 ea
2607 1547 2897 1605 occasione
2918 1548 3103 1606 aliisve
3132 1552 3349 1624 scripsit
3373 1552 3536 1619 Felix,
3559 1556 3624 1610 ita
3648 1555 3788 1611 inter-

2222 1640 2315 1707 iit,
2356 1652 2415 1694 ut
2458 1642 2549 1697 vix
2588 1643 2861 1699 modicum
2894 1644 3251 1717 fragmentum
3283 1649 3499 1705 nomine
3535 1650 3691 1717 ipsius
3716 1651 3787 1704 in-

2224 1736 2481 1805 scriptum
2505 1737 2573 1793 ad
2598 1751 2697 1792 nos
2720 1740 3047 1808 pervenerit.
3079 1740 3229 1797 llunc
3251 1752 3427 1799 tamen
3451 1744 3654 1813 scriptis
3671 1744 3788 1800 cele-

525 1831 958 1889 Alexandriuum
1003 1842 1192 1888 contra
1220 1831 1470 1888 hmresim
1514 1831 1738 1888 Sabellii
1765 1841 1817 1887 et
1845 1829 1997 1886 Pauli
2022 1828 2119 1887 Sa-
2148 1828 2195 1891 Β
2225 1826 2372 1881 brem
2422 1829 2727 1895 exstitisse,
2774 1831 2875 1888 hoc
2911 1849 3016 1887 non
3056 1832 3160 1888 levi
3202 1846 3514 1907 argumento
3542 1846 3641 1903 est,
3668 1836 3788 1907 quod

522 1926 809 1981 mosateni.

594 2017 763 2073 Felici
792 2019 996 2076 reddita
1018 1998 1254 2091 Epistola
1284 2022 1544 2094 encyclica
1581 2023 1691 2094 ejus
1712 2021 1963 2075 decessori
1997 2018 2120 2073 Dio—

502 2113 667 2184 ,nysio
694 2111 757 2167 ab
783 2115 1090 2170 antiochena
1130 2115 1327 2187 synodo
1381 2117 1650 2185 inscripta.
1674 2145 1744 2156 -—
1771 2113 2117 2183 Compertum

522 2199 607 2261 cst
637 2221 705 2261 ex
737 2206 973 2264 Eusebio
1000 2206 1103 2281 (1),
1136 2209 1452 2263 nominatim
1483 2209 1739 2281 Dionysio
1764 2224 1999 2264 romana:
2024 2224 2120 2263 ur-

524 2296 609 2352 bis
635 2299 894 2369 episcopo
936 2300 1249 2369 inscriptam
1286 2317 1407 2357 esse
1432 2302 1761 2372 encyclicam
1813 2300 2121 2357 antiocheni

522 2389 736 2445 concilii
760 2382 1065 2463 epistolam,
1088 2409 1190 2463 qua
1217 2392 1285 2449 de
1316 2393 1484 2449 Paulo
1507 2394 1873 2450 Samosatensi
1902 2395 1972 2449 ob
2000 2410 2121 2464 per—

520 2494 736 2536 versam
767 2482 1068 2539 doctrinam
1096 2500 1158 2541 ac
1181 2500 1373 2554 pravos
1396 2501 1575 2541 mores
1591 2502 1621 2540 a
1643 2486 1774 2541 scde
1795 2487 2121 2543 antiochena

526 2573 764 2643 dejecto,
820 2585 877 2630 et
910 2576 1137 2631 Domino
1168 2577 1220 2632 in
1254 2579 1375 2648 ejus
1401 2579 1574 2635 locum
1607 2579 1831 2635 suti'ecto
1859 2581 2120 2636 admone-

520 2675 690 2721 retur.
728 2685 746 2718 t
780 2665 935 2734 Quod
974 2667 1212 2738 quidem,
1248 2690 1267 2722 ι
1296 2670 1469 2741 inquit
1507 2672 1758 2743 Synodus
1788 2670 1888 2744 (2),
1920 2673 2121 2729 idcirco

521 2758 677 2813 vobis
703 2758 1072 2830 signiﬁcamus
1094 2805 1107 2826 ,
1143 2771 1201 2816 ut
1240 2764 1307 2818 ad
1349 2763 1814 2837 eum,(Domnum)
1845 2764 2118 2836 scribatis,

518 2862 574 2909 et
598 2852 668 2908 ab
694 2868 760 2909 eo
783 2856 1296 2912 communicatorias
1319 2858 1527 2914 litteras
1545 2859 1843 2929 accipiatis.
1860 2856 1967 2915 ‘Hic
1992 2875 2122 2916 vero

519 2945 767 3017 (Paulus)
801 2946 868 3002 ad
905 2949 1180 3003 Artemam
1225 2950 1461 3013 scribat,
1502 2960 1558 3005 et
1597 2950 1672 3018 ii,
1719 2950 1810 3020 qui
1841 2951 2120 3006 Artemam

518 3049 818 3106 sectantur,
861 3055 983 3094 cum
1029 3040 1123 3096 illo
1150 3044 1572 3098 communicent.
1630 3041 1758 3099 Haec
1780 3053 1963 3099 autem
1990 3044 2109 3114 epi-

519 3129 657 3185 stola
686 3146 808 3186 cum
839 3131 1124 3205 Dionysio,
1159 3144 1333 3190 morte
1365 3136 1764 3218 interveniente
1786 3178 1801 3204 ,
1836 3135 1975 3191 tradi
2013 3152 2118 3191 non

2224 1934 2347 1974 cum
2376 1920 2802 1991 Apollinaristm,
2838 1936 2895 1980 ut
2924 1938 3228 1983 commenta
3250 1943 3344 1983 sua
3371 1930 3669 1984 auctoritate
3694 1928 3789 1984 ido-

2224 2027 2327 2068 nea
2362 2014 2497 2068 tueri
2530 2014 2846 2071 viderentur
2866 2060 2880 2084 ,
2928 2020 3073 2073 varia
3104 2034 3269 2089 opera
3304 2036 3407 2076 non
3439 2022 3671 2077 obscuris
3691 2021 3788 2091 qui-

2223 2105 2472 2171 busdam,
2500 2108 2598 2162 sed
2623 2109 3006 2179 insignioribus
3032 2112 3290 2168 Ecclesiae
3322 2114 3657 2185 scriptoribus
3679 2129 3786 2184 sup-

2224 2212 2426 2266 ponere
2441 2199 2752 2270 studerent;
2782 2204 2938 2274 hujus
2959 2207 3120 2261 etiam
3148 2206 3310 2277 Papa:
3333 2210 3546 2264 nomine
3567 2206 3786 2263 nonnulla

2224 2288 2324 2343 sibi
2352 2292 2709 2363 confingenda
2735 2296 3027 2352 duxerunt.
3066 2298 3256 2370 Neque
3285 2301 3445 2356 etiam
3470 2302 3787 2372 neglexerunt

2224 2383 2466 2451 epltesini
2490 2390 2671 2455 patres
2692 2388 2936 2459 ejusdem
2965 2394 3285 2448 auctoritate
3308 2395 3466 2450 ﬁdem
3491 2397 3641 2453 tueri.
3670 2396 3786 2451 Sane

2223 2476 2366 2531 inter
2394 2476 2613 2533 Patrum
2647 2483 2955 2538 testimonia
2986 2484 3347 2557 fragmentum
3376 2489 3589 2545 laudant
3617 2486 3787 2561 (l),l"e'

2224 2570 2335 2623 licia
2361 2574 2671 2628 sanctissimi
2704 2574 2950 2647 Episcopi
2978 2577 3179 2645 Rome,
3213 2590 3262 2635 et
3288 2581 3531 2654 Martyris
3556 2582 3620 2636 ad
3641 2581 3782 2636 Hami-

2224 2678 2367 2716 mttat
2414 2661 2735 2735 EpiscOpum
2781 2678 2828 2722 et
2859 2669 3065 2725 Clerum
3108 2671 3536 2742 Alexandrinum,
3583 2672 3700 2745 quod
3738 2678 3781 2726 Cl

2223 2753 2464 2826 Cyrillus
2516 2758 2865 2830 ApolOgetico
2894 2762 3160 2820 adversus
3190 2764 3495 2824 Orientales
3530 2768 3591 2821 ad
3614 2763 3775 2822 Anath.

2226 2846 2312 2900 Vl.
2346 2848 2606 2918 inseruit,
2659 2862 2714 2907 ct
2758 2852 2955 2911 Marius
3000 2854 3266 2914 Mercator
3310 2859 3388 2932 (Ξ)
3430 2861 3678 2926 latinitate
3710 2854 3787 2913 do-

2224 2944 2391 2998 navit.

2297 3034 2548 3108 Ejusdem
2593 3042 2865 3112 fragmenti
2907 3045 3171 3099 sinceritas
3217 3048 3521 3103 adstruitur.
3558 3045 3662 3101 Non
3712 3042 3794 3099 de—

2223 3140 2348 3182 sunt
2379 3140 2557 3187 tamen
2588 3135 2679 3219 qui
2703 3136 3058 3206 fragmentum
3091 3141 3191 3195 hoc
3217 3141 3388 3197 Felici
3414 3150 3589 3197 nestro
3611 3135 3792 3207 abjudi-

518 3225 820 3294 potuisset,
873 3226 1066 3280 saltem
1125 3228 1430 3283 successori
1475 3228 1613 3298 ejus,
1664 3226 2120 3299 quemadmodum
2149 3227 2194 3291 ί]
2226 3232 2436 3291 cantes,
2477 3225 2607 3280 illud
2655 3228 2841 3290 Felici,
2873 3233 3019 3301 quia
3052 3233 3375 3290 ConStantio
3402 3238 3710 3307 imperatore
3748 3229 3793 3283 in

519 3316 770 3383 subinde,
784 3318 999 3388 quoties
1021 3318 1253 3389 idipsum
1281 3321 1529 3392 contigit,
1545 3336 1762 3391 semper
1783 3309 1980 3376 factum
1997 3336 2121 3377 esse

520 3417 752 3475 constat,
784 3409 995 3465 reddita
1028 3422 1130 3466 est.

594 3501 859 3556 Aureliani
890 3500 1227 3575 Imperatoris
1245 3506 1503 3577 judicium
1530 3505 1776 3560 Romana:
1799 3508 1906 3560 sedi
1930 3508 2120 3575 glorio—

517 3614 728 3652 sum.-—-—
756 3598 976 3654 Interim
1002 3598 1217 3663 Paulus,
1246 3602 1460 3655 tametsi
1486 3601 1686 3656 celebri
1716 3601 1854 3656 adeo
1875 3604 2084 3673 synodo
2105 3645 2119 3668 ,

522 3707 683 3761 quam
734 3692 1004 3764 octoginta
1061 3694 1333 3763 episcopis
1380 3695 1690 3749 constitisse
1730 3695 1967 3750 Hilarius
2015 3706 2125 3750 tra.

522 3774 600 3841 dit
628 3785 731 3858 (5),
774 3786 1198 3853 condemnatus,
1233 3801 1263 3840 e
1289 3786 1452 3841 domo
1482 3787 1848 3842 antiochensis
1877 3788 2124 3843 ecclesiae

523 3880 802 3949 recedere,
837 3896 1065 3952 eamque
1094 3881 1303 3936 Domno
1332 3880 1632 3936 concedere
1662 3880 1751 3935 diu
1779 3881 2121 3937 detrectavit.
2153 3888 2159 3893 '

523 3975 810 4043 Quocirca,
848 3994 865 4027 ι
894 3974 1269 4046 interpellatus
1297 3975 1592 4045 imperator
1637 3975 1994 4044 Aurelianus,
2022 3974 2129 4031 Eu-

522 4070 657 4126 sebii
688 4069 958 4125 sententia
994 4068 1075 4143 (4)
1105 4069 1207 4124 hoc
1238 4069 1511 4139 negotium
1533 4069 1837 4124 rectissime
1867 4068 2129 4137 dijudica-

524 4162 624 4229 vit,
650 4161 717 4217 iis
745 4161 966 4217 domum
997 4160 1132 4217 tradi
1163 4160 1488 4232 praecipiens
1517 4161 1713 4232 quibus
1758 4159 1920 4214 italici
1950 4159 2128 4215 chris-

529 4255 686 4309 tiana:
713 4255 992 4326 religionis
1011 4256 1284 4312 antistites
1311 4266 1365 4311 et
1394 4272 1652 4312 romanus
1679 4257 1966 4327 episcopus
1990 4255 2127 4310 scri-

529 4349 739 4406 berent.
771 4350 882 4405 llac
922 4356 1111 4405 autem
1145 4352 1197 4404 in
1228 4366 1390 4406 causa
1424 4334 1760 4422 interpellari
1807 4348 1990 4418 nequit
2020 4350 2131 4403 Au-

530 4441 769 4496 relianus
791 4485 805 4509 ,
835 4440 938 4497 nisi
980 4450 1261 4512 postquam
1287 4442 1354 4509 is,
1388 4440 1625 4497 Zenobia
1650 4440 1887 4496 Orientis
1913 4440 2131 4495 domina

533 4544 590 4591 et
628 4526 776 4590 Pauli
806 4544 1026 4604 patrona
1056 4534 1287 4601 devicta,
1326 4535 1669 4590 Antiochiam
1700 4535 1905 4604 recepit
1935 4554 1947 4589 :
1989 4534 2130 4605 quod

2225 3314 2427 3371 Liberii
2453 3318 2630 3373 locum
2659 3320 2980 3395 subrogatus
2999 3337 3103 3390 est,
3126 3326 3472 3384 tribuendum
3499 3334 3686 3398 putent.
3711 3321 3793 3377 Ve-

2224 3424 2341 3463 rum
2366 3411 2498 3465 levis
2517 3423 2600 3467 est
2616 3415 2837 3470 omnino
2857 3419 3016 3483 ratio,
3042 3430 3160 3488 qua)
3181 3435 3278 3475 eos
3302 3423 3354 3475 in
3381 3400 3673 3490 hujusmodi
3696 3413 3792 3485 opi-

2226 3506 2443 3560 nionem
2467 3507 2711 3563 adduxit.
2729 3508 2842 3565 Hoc
2864 3513 3062 3582 quippe
3078 3530 3185 3568 uno
3213 3514 3461 3571 nituntur
3483 3517 3789 3585 argumento.

2225 3598 2367 3671 quod
2402 3600 2758 3673 fragmentum
2801 3607 2945 3663 istud
2986 3609 3037 3662 in
3069 3608 3335 3679 ephesino
3375 3610 3629 3675 concilio,
3672 3613 3722 3659 ut
3752 3607 3797 3655 et

2227 3696 2371 3764 apud
2396 3697 2655 3769 Cyrillum
2683 3700 2809 3755 Julii
2840 3718 2993 3773 papae
3022 3706 3338 3760 testimonio
3364 3712 3723 3777 postponatur.
3751 3695 3797 3752 Si

2228 3784 2406 3843 anteiit
2437 3790 2642 3846 valeret
2662 3792 2764 3847 ista
2796 3794 2955 3858 ratio,
2986 3794 3128 3851 Julio
3159 3812 3221 3852 ac
3248 3797 3434 3854 Felice
3460 3794 3707 3853 dicendus
3728 3803 3799 3846 es-

2230 3893 2311 3937 set
2338 3884 2606 3953 posterior
2656 3885 2994 3958 Cyprianus;
3044 3890 3312 3958 siquidem
3366 3893 3411 3946 is
3457 3899 3575 3961 post
3604 3887 3716 3942 illos
3754 3883 3797 3937 in

2232 3975 2490 4044 praedicto
2530 3979 2764 4034 concilio
2805 3981 3033 4047 eitatur;
3063 3993 3118 4037 et
3145 4000 3361 4039 rursum
3390 3983 3573 4040 Felice
3599 3996 3657 4036 ac
3683 3975 3800 4035 Iulio

2231 4068 2504 4137 antiquior
2557 4071 2865 4127 censendus
2912 4077 3052 4128 foret
3081 4076 3292 4130 Atticus
3335 4077 3633 4147 Episcopus
3668 4072 3722 4126 C.
3749 4068 3800 4122 P-

2230 4159 2432 4230 (ισῑρρο
2457 4162 2546 4228 (ιιιί
2575 4163 2779 4218 eisdem
2808 4167 2861 4219 in
2885 4165 3102 4221 laudato
3124 4166 3314 4238 Cyrilli
3346 4169 3691 4241 praeponitur.
3715 4154 3804 4218 Sed

2232 4246 2553 4307 Vincentids
2596 4252 2900 4311 Lirinensis
2930 4257 3036 4329 (5),
3082 4269 3135 4313 et
3171 4256 3436 4330 Hypatius
3474 4257 3803 4329 Ephesiorum

2235 4345 2521 4414 episcopus
2570 4347 2622 4400 in
2664 4348 2956 4406 collatione
3011 4360 3135 4406 cum
3187 4355 3497 4425 acephalis,
3527 4353 3613 4409 ubi
3641 4349 3805 4407 eadem

2237 4442 2543 4494 testimonia
2578 4456 3007 4502 commemorant
3027 4490 3040 4512 ,
3073 4447 3309 4504 Felicem
3338 4451 3518 4517 Julio,
3550 4458 3695 4521 prout
3714 4443 3808 4502 exi-

2237 4532 2314 4603 git
2344 4541 2644 4605 temporum
2673 4539 2825 4605 ordo,
2864 4551 3203 4613 praeponunt.
3242 4543 3513 4601 Prmterea
3546 4557 3695 4599 nemo
3718 4549 3809 4592 non

535 4624 751 4699 quidem
783 4625 883 4683 sub
909 4627 1111 4683 exitum
1158 4624 1283 4682 anni
1327 4618 1435 4681 972
1472 4626 1763 4698 contigisse
1802 4627 1999 4683 eruditi
2028 4645 2125 4685 no~
2157 4629 2210 4691 D
2238 4628 2383 4685 videt
2431 4631 2707 4702 indignum
2747 4646 2968 4706 prorsus
3013 4638 3183 4695 fuisse
3218 4649 3367 4696 tanta
3399 4641 3648 4714 Synodo,
3678 4645 3733 4691 ut
3752 4630 3807 4686 ad

542 4732 678 4779 tant.

614 4812 745 4873 Tam
776 4816 990 4872 celebre
1026 4814 1286 4885 judicium
1326 4816 1741 4898 postulabat,put
1781 4814 1931 4872 Felix
1979 4832 2134 4887 quam

546 4912 776 4983 primum
807 4924 930 4965 cum
961 4909 1171 4963 caeteris
1190 4907 1356 4963 Italia:
1382 4909 1653 4981 episcOpis
1672 4911 1984 4966 conveniret
2010 4928 2025 4978 ;
2052 4911 2135 4965 in-

547 5005 718 5075 deque
740 5019 860 5058 cum
890 5002 955 5057 iis
984 5000 1049 5057 ad
1080 5003 1344 5058 Domuum
1373 5004 1666 5068 scriberet,
1696 5018 1818 5061 sese
1844 5013 2014 5060 ratam
2045 5004 2141 5060 ba—

546 5099 677 5155 bere
700 5097 841 5152 illius
870 5096 1265 5152 ordinationem
1292 5137 1308 5163 ,
1341 5104 1397 5151 et
1437 5095 1588 5150 Pauli
1630 5097 2138 5156 condemnationem

545 5194 887 5251 confirmare.
936 5191 1046 5247 Nec
1075 5190 1217 5246 ullus
1247 5190 1457 5246 videtur
1494 5190 1769 5246 dubitandi
1804 5193 1975 5262 locus,
2008 5196 2136 5266 quin

548 5281 702 5346 Felix
730 5287 805 5351 id,
833 5285 976 5356 quod
1008 5284 1247 5339 muneris
1274 5283 1354 5338 sui
1384 5290 1534 5350 erat,
1580 5298 1647 5339 eo
1676 5286 1729 5339 in
1761 5286 1977 5357 negotio
2000 5303 2138 5357 pra:-

550 5383 767 5441 stiterit.
783 5380 921 5437 Cum
942 5380 1085 5435 enim
1112 5375 1489 5433 decessoribus
1510 5376 1626 5446 ejus
1655 5377 1704 5433 id
1729 5380 1895 5435 moris
1924 5395 2138 5452 semper

650 5522 703 5599 ξ)
744 5518 970 5599 Euseb?
1006 5515 1139 5599 Hist.
1171 5515 1374 5599 Ieccles,
1396 5514 1487 5599 lib.
1520 5528 1624 5599 vn,
1650 5528 1767 5599 cap:

650 5526 703 5599 t)
744 5526 970 5581 Euseb,
1006 5526 1139 5571 Hist.
1172 5526 1365 5597 eccles.
1398 5526 1487 5568 nu.
1520 5528 1624 5580 vn,
1650 5528 1767 5583 cap.
1798 5526 1851 5569 5.
1951 5589 1961 5599 _

624 5526 883 5666 éiLApud
913 5589 1137 5653 Euseb,
1171 5587 1288 5641 loco
1311 5597 1498 5666 citat,
1530 5596 1580 5639 et
1624 5587 1763 5655 apud
1796 5586 1985 5655 Mansn,
2017 5588 2139 5645 Col-

541 5655 664 5720 leci.
688 5655 919 5728 Const,
951 5672 1079 5717 tom.
1119 5679 1154 5726 ι,
1186 5672 1303 5728 pag.
1335 5655 1494 5715 “00.

616 5735 692 5802 (5)
722 5734 969 5797 Hilarius,
998 5732 1114 5787 libr.
1148 5737 1208 5785 de
1238 5729 1485 5801 Synodis,
1514 5746 1567 5785 η.
1597 5729 1688 5785 86.

620 5803 698 5880 (ὦ)
722 5803 940 5870 Euseb,
966 5804 1083 5859 loco
1107 5803 1289 5859 citato.

2240 4716 2617 4779 stabiliendum
2651 4726 2810 4782 fidem
2833 4772 2848 4795 ,
2886 4731 3118 4786 hominis
3158 4733 3226 4789 ab
3255 4735 3579 4790 Arianorum
3607 4730 3837 4788 factione’

2242 4812 2295 4868 in
2338 4817 2585 4873 catholici
2625 4821 2879 4876 antistitis
2907 4810 3084 4878 locum
3122 4826 3313 4881 intrusi
3364 4827 3678 4883 auctoritate
3712 4831 3809 4875 ute-

2243 4916 2410 4961 retur.
2435 4906 2619 4979 Neque
2639 4928 2768 4967 vero
2798 4917 3105 4971 sanctissimi
3132 4920 3361 4991 episcopi
3403 4920 3583 4977 Roma:
3613 4928 3657 4974 et
3682 4913 3810 4971 Mar-

2244 5000 2371 5069 tgris
2394 4999 2599 5069 litulus,
2651 5020 2759 5076 quo
2785 5006 3015 5065 Felicem
3043 5010 3277 5083 Cyrillus
3304 5023 3360 5068 et
3385 5014 3629 5084 ephesini
3656 5016 3812 5082 patres

2244 5108 2529 5164 exornant,
2562 5100 2613 5155 in
2640 5102 2909 5160 hominem
2939 5104 3246 5175 hujusmodi
3276 5112 3553 5167 convenit.
3587 5109 3697 5180 Ipsa
3733 5103 3812 5158 de-

2245 5189 2405 5259 nique
2428 5192 2728 5262 inscriptio,
2753 5211 2871 5266 qua:
2893 5196 3107 5255 Maximi
3128 5202 3478 5257 Alexandrini
3506 5202 3692 5257 nomen
3720 5207 3814 5266 ιιι·τὲ

2245 5295 2304 5334 se
2330 5282 2449 5347 fert,
2483 5284 2730 5341 dubitare
2757 5304 2857 5344 nos
2901 5306 3009 5345 non
3037 5294 3183 5361 sinit,
3218 5296 3347 5365 quin
3374 5296 3672 5351 subnexum
3696 5287 3813 5356 ἠδε-

2244 5388 2482 5432 mentum
2511 5381 2741 5452 Cyrillus
2785 5396 2837 5439 et
2865 5382 3121 5456 ephesina
3165 5390 3405 5463 synodus
3430 5392 3573 5446 velut
3597 5376 3812 5443 Felicisl

2246 5473 2605 5530 testimonium
2639 5477 2924 5538 laudarint.
2958 5485 3168 5555 Quippe
3212 5489 3485 5560 encyclica
3518 5483 3700 5561 synodi
3727 5493 3811 5535 an-

2243 5563 2506 5621 tiochente
2527 5570 2773 5639 epistola,
2805 5574 3057 5646 Dionysio
3084 5577 3329 5635 Romano
3352 5582 3588 5637 simulet
3611 5574 3814 5635 Maximo

2315 5674 2394 5819 ἑὲ)
2420 5680 2625 5784 Concil.
2657 5676 2880 5759 Ephes.,
2907 5700 3012 5746 act.
3044 5709 3081 5753 ι.
3110 5706 3226 5766 pag.
3261 5693 3387 5751 512.

2378 5752 2393 5819 )
2430 5751 2556 5808 Mar.
2591 5754 2837 5819 Mercat..
2870 5778 2990 5819 past.
3022 5762 3124 5819 178
3151 5776 3205 5819 et
3228 5763 3354 5819 240.

2336 5749 2393 5894 ‘2;
2430 5751 2556 5835 Mar.
2591 5749 2837 5841 Mercat_.,
2867 5749 2990 5831 pag.
3022 5749 3124 5819 Πέ
3151 5749 3205 5820 εἷ
3228 5749 3354 5833 ἩΟ,
3379 5749 3519 5835 edit.
3555 5762 3726 5823 BaluZ-

2336 5825 2369 5879 5
2420 5823 2664 5884 Vinceut.
2696 5828 2890 5894 L1rtn.,
2917 5831 3251 5894 Commonit..
3274 5852 3394 5894 can.
3424 5828 3512 5894 49.

2312 5823 2390 5894 (5)
2420 5823 2664 5884 Vincent.
2696 5823 2890 5901 Lirim,
2917 5823 3251 5907 Cbmmonit.,
3424 5828 3512 5895 49»
