3994 6318
267 350 355 414 iit

1282 364 1373 423 DE
1411 367 1471 426 S.
1511 364 1756 426 FELICE
1785 356 2071 426 ROMANO
2096 366 2479 432 PONTIFICE.

3429 385 3536 445 “2

266 458 616 527 Alexandrino
680 469 939 542 inseripta
963 516 978 543 ,
1040 473 1183 532 hunc
1250 474 1534 536 Maximum
1602 480 1836 554 Dionysii
1866 481 1914 540 Α
1942 498 2060 538 rum
2106 484 2473 557 Alexandriae,
2504 487 2629 547 Julii
2655 494 2895 566 episc0pi
2935 494 3142 565 Romae,
3174 499 3445 558 Ambrosii
3484 511 3540 558 ct

265 563 599 619 Alexandrini
666 580 1037 623 successorem
1095 569 1260 627 Felici
1324 584 1511 630 nostro
1575 575 1834 646 aequalem

264 657 432 725 fuisse,
461 660 610 714 c‘erto
640 676 740 716 nos
767 659 945 717 docet.

329 740 538 807 Adversa
566 753 833 826 Lequienii
863 754 1035 830 opinio
1065 758 1374 815 dituitur.—
1393 760 1590 818 Verum
1622 762 1725 818 alia
1750 777 1836 817 ra-

261 847 395 904 tione
419 832 635 904 Michael
663 838 901 925 Lequien
933 850 1104 908 doctis
1131 853 1182 909 in
1212 848 1600 911 Damascenum
1629 857 1833 913 tlisser-
1862 882 1867 887 τ

264 938 533 995 tationibus
558 926 691 995 nihil
721 930 831 1012 jam
857 946 1143 1012 Superesse
1168 956 1374 1018 censet,
1404 965 1499 1004 cur
1525 947 1665 1004 idem
1695 950 1832 1022 frag-

257 1034 483 1088 mentum
528 1040 635 1088 non
682 1030 889 1090 tantum
916 1034 1081 1093 Felici
1119 1040 1308 1093 nostro
1344 1034 1629 1112 abrogare,
1663 1040 1757 1097 sed
1782 1050 1835 1096 et

254 1125 510 1182 haereticis
548 1122 861 1185 adscribere
902 1116 1229 1187 dubitemus.
1287 1130 1391 1189 Ubi
1445 1134 1588 1189 enim
1651 1134 1831 1206 plures

255 1220 494 1294 epistolas
532 1210 659 1278 Julii
700 1223 859 1295 Papa:
915 1227 1135 1283 nomine
1164 1227 1233 1282 ab
1269 1228 1654 1296 apollin‘aristis
1697 1245 1827 1285 con-

255 1312 397 1369 detas
419 1306 532 1369 esse
554 1314 823 1385 probavit,
853 1313 1069 1374 tandem
1096 1312 1276 1374 subdit
1301 1314 1404 1392 (1),
1429 1314 1678 1393 epistola,
1711 1336 1830 1393 qum

255 1402 348 1460 sub
378 1402 564 1462 Felicis
594 1400 821 1464 Romani
851 1412 1068 1468 nomine
1092 1411 1385 1480 ferebatur,
1410 1431 1565 1469 unam
1590 1424 1829 1471 naturam

257 1508 477 1553 assertum
504 1498 672 1556 fuisse
701 1496 966 1558 testantur
992 1501 1253 1576 Hypatius
1296 1515 1350 1563 et
1379 1504 1694 1575 Liberatus;
1728 1524 1831 1566 nec

258 1592 460 1664 proinde
486 1588 768 1651 dubitandi
800 1596 951 1655 locus
976 1594 1241 1670 superest,
1271 1602 1396 1673 quin
1429 1618 1494 1659 ex
1526 1603 1739 1672 eodem,
1766 1620 1829 1660 ac

255 1694 479 1755 cetera},
526 1704 662 1761 quas
708 1693 1023 1756 memoravi.
1069 1692 1216 1751 fonte
1243 1696 1524 1768 prodierit.
1561 1692 1618 1754 Si
1649 1708 1826 1754 tamen

252 1778 322 1835 vir
346 1780 582 1836 eruditus
618 1780 852 1841 laudatis
891 1784 918 1839 a'
950 1788 1010 1842 s'e
1042 1774 1255 1860 ilypatii
1292 1804 1353 1844 ac
1384 1776 1622 1846 Liberali
1648 1792 1827 1848 verbis

1939 574 2156 644 Basilii,
2194 578 2470 650 Gregorii,
2516 592 2569 638 et
2614 585 2833 642 alterius
2888 588 3130 662 Gregorii
3174 593 3534 664 Amphilochii

1942 666 2121 736 iconii,
2157 680 2208 726 et
2247 671 2409 728 Attici
2439 675 3029 750 ConstantinOpolitani,
3060 685 3263 740 nullum
3294 689 3532 743 testimo—

1936 763 2084 818 nium
2132 780 2318 821 corum
2367 768 2436 824 de
2484 786 2587 826 una
2647 780 2837 828 natura
2883 779 3120 846 protulit.
3162 799 3180 831 ι
3233 780 3509 853 Suhjiciun

1936 860 2211 930 acephali:
2250 880 2268 913 ι
2303 863 2437 931 Quid
2468 880 2568 935 ego
2612 868 2989 938 suspicamini,
3020 875 3140 940 quia
3182 891 3281 929 nos
3307 892 3400 930 eas
3433 879 3532 932 fal—

1936 955 2198 1012 savimus‘?
2236 976 2254 1008 ›
2293 956 2560 1028 Epistolas
2576 962 2797 1029 scilicet,
2823 981 2953 1035 quas
2975 966 3167 1022 Felicis
3193 969 3531 1042 aliorumque

1936 1050 2153 1104 nomine
2200 1051 2560 1121 proferebant.
2602 1052 2803 1121 Quibus
2845 1058 3103 1130 Hypatius
3150 1061 3407 1118 satisfacit
3448 1061 3531 1120 his

1935 1138 2146 1197 verbis:
2184 1162 2203 1195 ‹
2239 1142 2347 1199 Vos
2379 1162 2481 1202 non
2510 1149 2846 1217 suspicamur
2866 1195 2881 1219 ,
2913 1152 3006 1207 sed
3034 1154 3281 1224 antiquos
3307 1156 3529 1212 haereti-

1934 1246 2029 1287 cos
2057 1234 2466 1303 apollinaristas.
2496 1257 2515 1291 ›
2539 1237 2673 1294 Tum
2694 1240 2884 1297 iisdem
2911 1243 3178 1300 luereticis
3208 1247 3533 1305 instantibus

1934 1338 1998 1378 ac
2024 1323 2359 1391 dicentibus,
2398 1347 2416 1380 ‹
2451 1329 2744 1387 Possumus
2770 1335 3080 1405 ostendere,
3114 1340 3235 1409 quia
3265 1342 3326 1396 Β.
3356 1342 3532 1413 Cyril—

1924 1416 2018 1499 ius
2048 1433 2174 1474 usus
2199 1422 2281 1474 est
2304 1421 2420 1477 istis
2449 1423 2768 1481 testimoniis
2793 1427 2846 1482 in
2871 1429 3016 1486 libris
3043 1431 3306 1491 adversus
3342 1435 3535 1491 Diodo-

1933 1524 2052 1563 rum
2101 1518 2156 1565 et
2207 1511 2587 1585 Theodorum;
2633 1538 2653 1569 ›
2708 1522 3007 1590 respondet
3056 1524 3198 1581 idem
3232 1528 3529 1600 Hypatius:

1938 1617 1958 1650 ‹
1993 1598 2150 1656 Modo
2180 1606 2411 1663 maxime
2438 1616 2491 1663 et
2515 1608 2637 1664 illos
2657 1612 2916 1670 adversus
2949 1616 3239 1674 Diodorum
3273 1598 3328 1676 et
3355 1614 3535 1679 Theo-

1932 1694 2122 1750 dorum
2151 1695 2316 1755 libros
2337 1702 2616 1774 ambiguos
2643 1702 2835 1773 facitis,
2864 1717 3135 1780 tamquam
3162 1714 3316 1769 fictos
3340 1714 3533 1772 adver-

1932 1802 2025 1843 sus
2055 1801 2295 1855 mortuos
2335 1794 2577 1863 prolatos
2605 1797 2873 1868 dicentes,
2908 1802 2998 1872 qui
3030 1820 3135 1858 non
3168 1816 3417 1875 poterant
3449 1825 3537 1865 re-

253 1884 378 1930 stare
404 1875 672 1944 voluerit,
702 1864 803 1947 ipsi
835 1881 1219 1951 testimonium,
1253 1881 1322 1937 ab
1353 1885 1618 1954 ephesino
1644 1884 1826 1941 conci-
1855 1888 1903 1950 Β
1932 1880 2121 1938 fellere
2168 1883 2479 1942 falsitatem.
2516 1889 2572 1945 Si
2603 1890 2744 1946 enim
2775 1893 3039 1951 adversus
3070 1911 3311 1957 mortuos
3342 1903 3540 1972 prolati

254 1966 316 2023 lio
339 1985 397 2025 ac
419 1968 629 2040 Cyrillo
657 1970 946 2040 prolatum,
972 1978 1069 2044 pro
1095 1975 1329 2046 genuino
1354 1966 1550 2032 Felicis
1580 1977 1708 2033 fietu
1733 1978 1827 2033 ad-

257 2061 550 2117 mittendum
604 2063 727 2119 erit.
771 2064 838 2120 Et
867 2065 935 2120 ad
969 2063 1254 2139 Hypatium
1284 2064 1499 2140 quidem
1531 2070 1672 2141 quod
1700 2072 1826 2125 atti-

264 2148 349 2219 net,
386 2151 586 2225 duplex
635 2144 918 2228 distinguit
964 2142 1160 2212 Felicis
1214 2160 1618 2225 testimonium,
1662 2179 1826 2218 unum

269 2245 485 2315 prolatum
516 2260 547 2300 a
574 2236 779 2319 Cyrillo
819 2249 871 2302 in
900 2248 1158 2320 epheslna
1189 2250 1398 2323 synodo
1430 2260 1482 2307 et
1505 2244 1656 2320 alibi,
1690 2250 1825 2310 alte-

264 2352 352 2393 rum
371 2354 500 2395 vero
546 2336 617 2395 ab
646 2340 919 2414 acephalis
950 2340 1244 2414 inscriptis
1272 2342 1563 2415 haereticis,
1595 2356 1685 2403 aut
1718 2348 1827 2404 hae-

254 2422 511 2488 retitorum
564 2434 726 2504 opera
775 2437 1043 2508 corruptis
1071 2434 1345 2494 laudatum
1376 2444 1389 2493 :'
1425 2441 1534 2495 tum
1569 2439 1672 2496 hoc
1702 2456 1827 2512 pos-

251 2524 453 2585 tremtittt
473 2522 709 2596 rejicere
736 2526 1024 2584 contentus
1046 2536 1102 2585 tit
1126 2524 1391 2603 spur-ium,
1426 2534 1658 2604 priinuni
1683 2536 1827 2592 ultro

245 2635 297 2677 ac
323 2612 551 2680 libenter
602 2626 661 2681 ut
711 2628 1001 2698 genuinum
1040 2618 1307 2701 agnOScit.
1348 2628 1523 2688 Verba
1564 2628 1710 2688 illius
1733 2650 1828 2689 ex-

244 2714 551 2786 pendamus.

313 2794 517 2882 Hypatii
567 2804 915 2883 Ephesiorum
960 2811 1207 2887 Episcopi
1236 2825 1283 2872 et
1326 2804 1554 2874 Liberali
1607 2810 1827 2875 Diaconi

253 2899 406 2957 Verba
435 2902 497 2958 de
528 2902 705 2960 eodem
731 2906 1021 2978 fragmento
1064 2925 1307 2979 expensa.
1338 2942 1411 2952 —
1438 2912 1696 2981 Aeephali
1732 2926 1828 2968 seu

241 2988 505 3053 Severian’i
534 2998 589 3053 in
633 2988 959 3069 collatione,
991 3004 1109 3074 quae
1149 2990 1439 3060 Justiniani
1488 3006 1829 3076 imperatoris

236 3089 378 3177 jtbSti
527 3092 678 3167 regia
727 3095 1045 3177 urbeauno'
1100 3088 1206 3157 533
1250 3099 1429 3157 habita
1464 3110 1575 3169 est,
1609 3108 1827 3187 sanctos

237 3167 673 3243 chalcedbneh‘sis
705 3174 921 3245 concilii
952 3200 1133 3261 patres
1168 3192 1611 3265 tranSgressionis
1639 3178 1827 3264 postue.

1930 1983 2097 2039 sunt,
2134 1976 2303 2032 multo
2350 1980 2519 2048 magis
2564 1982 2824 2039 adversus
2872 1984 3263 2048 Nestoriumet
3310 2009 3404 2049 eos
3447 1995 3540 2066 qui

1930 2076 2117 2121 contra
2146 2069 2379 2137 capitula
2423 2071 2539 2141 ejus
2570 2075 2926 2150 scripserunt,
2959 2082 3203 2151 proferre
3233 2084 3418 2141 habuit
3446 2104 3542 2143 ea-

1930 2159 2051 2215 dem
2110 2162 2436 2219 testitnonia.
2488 2167 2597 2223 Sed
2652 2186 2794 2227 nunc
2862 2174 3074 2232 videtur
3133 2178 3254 2249 quia
3295 2178 3539 2237 hterelici

1932 2252 2189 2309 falsantes
2217 2255 2543 2314 addiderunt
2572 2276 2658 2318 ea.
2692 2270 2713 2316 ἡ

2003 2343 2287 2402 Liberatus
2318 2365 2446 2405 vero
2490 2352 2724 2420 primum
2759 2354 2898 2415 hanc
2925 2364 3045 2416 eum
3074 2364 3348 2436 acephalis
3376 2369 3540 2425 colla-

1931 2437 2134 2494 tiu‘nem
2161 2455 2284 2511 cap.
2314 2443 2368 2498 9.
2402 2450 2688 2516 memorat,
2718 2464 2781 2504 ac
2807 2450 3000 2509 deinde
3026 2456 3250 2528 \cap.'iO
3279 2462 3540 2531 perstrin-

1929 2546 2084 2602 gens,
2135 2538 2255 2601 qum
2306 2536 2550 2605 proxime
2600 2555 2669 2594 ex
2721 2540 2810 2597 illa
2868 2542 3286 2618 descripsimus,
3321 2553 3538 2609 subdit:

1937 2643 1956 2676 ε
1994 2625 2230 2697 Cyrillus
2253 2638 2487 2698 quatuor
2514 2629 2679 2688 libros
2707 2635 2943 2706 scripsit,
2979 2648 3088 2695 tres
3130 2640 3386 2699 adversus
3416 2645 3542 2701 Dio-

1930 2716 2121 2771 dorum
2148 2726 2203 2773 et
2242 2716 2589 2777 Theodorum
2614 2769 2628 2790 ,
2660 2727 2812 2794 quasi
2840 2741 3025 2785 essent
3074 2732 3376 2790 Ncstoriani
3414 2737 3540 2809 dog-

1929 2808 2090 2863 matis
2128 2819 2378 2866 auctores
2404 2854 2417 2876 ,
2459 2823 2513 2868 et
2538 2815 2699 2869 alium
2733 2817 2799 2873 de
2830 2819 3203 2881 incarnatione
3234 2827 3452 2897 librum,
3483 2808 3541 2888 in

1931 2900 2124 2970 quibus
2172 2904 2520 2961 continentur
2565 2910 2912 2981 antiquorum
2967 2928 3177 2985 patrum
3223 2934 3475 2994 corrupta
3511 2945 3532 2980 ι

1933 2991 2028 3063 (ita
2057 3002 2211 3049 vetns
2241 2996 2413 3051 codex
2440 3000 2795 3067 corheiensis,
2829 3005 2915 3060 ubi
2946 3007 2999 3062 in
3028 3011 3253 3080 vulgatis
3279 2991 3541 3074 mendose

1930 3084 2267 3161 incorrupta)
2303 3107 2322 3141 ‹
2358 3086 2682 3159 testimonia,
2714 3095 2767 3149 id
2798 3104 2880 3152 est
2906 3097 3102 3156 Felit'is
3129 3084 3310 3175 Papae,
3346 3108 3538 3184 Diony-

1931 3179 1999 3234 sii
2050 3182 2389 3252 Areopagitae
2428 3185 2832 3243 Corinthiorum
2878 3191 3149 3264 episcopi,
3204 3205 3259 3253 et
3287 3179 3535 3275 Gregorii

238 3274 357 3344 lant,
409 3280 431 3331 ἃ
470 3270 595 3351 quia
652 3279 732 3355 (2)
783 3268 942 3339 beato
982 3274 1182 3357 Cyrillo
1226 3292 1279 3342 et
1331 3286 1487 3343 beato
1531 3280 1828 3343 Athanasio

1935 3273 2193 3330 mirabilis
2220 3280 2617 3355 θαυματούρογου
2650 3285 3032 3353 cognominati.
3058 3288 3262 3347 Contra
3293 3268 3429 3364 quos
3450 3313 3538 3353 ca-

236 3362 615 3429 Alexandriuaa
644 3374 885 3431 civitatis
930 3366 1233 3451 Episcopis,
1264 3372 1445 3436 Felice
1473 3380 1632 3436 etiam
1661 3391 1714 3437 et
1736 3380 1829 3437 Ju-

235 3459 297 3517 lio
321 3456 584 3520 Romam
612 3456 897 3536 Ecclesia},
945 3470 1210 3544 Gregorio
1250 3472 1379 3545 quin
1409 3476 1569 3529 etiam
1603 3474 1826 3555 mit-abi;

234 3549 399 3611 biliuth
451 3557 689 3628 factore;
722 3568 778 3615 et
810 3554 1064 3633 Dionysio
1108 3565 1429 3637 Areopagita
1474 3582 1635 3622 unam
1667 3547 1826 3623 natu:

231 3652 331 3703 ranl
375 3648 478 3706 Dei
518 3649 684 3707 Verbi
719 3651 1140 3712 decernentibus
1190 3662 1311 3727 post
1350 3652 1642 3716 unitlonem
1669 3704 1684 3727 ,
1728 3659 1827 3715 hos

232 3744 404 3800 omnes
423 3747 759 3817 transgressi
786 3748 885 3816 illi,
909 3754 1034 3821 p‘ost
1055 3752 1349 3808 tinitionem
1367 3763 1829 3823 praesumpserunt

231 3832 348 3892 duas
369 3832 596 3893 natam
615 3838 927 3909 praedicare.
964 3850 983 3895 ὁ
1005 3838 1208 3910 Quibus
1225 3836 1790 3919 respondetliypatius
1810 3863 1824 3899 :

236 3926 332 3985 «in
361 3926 575 3986 tantum
614 3930 765 3988 falsae
805 3940 933 3990 sunt
973 3922 1229 4007 Epistolm
1270 3928 1383 3993 sive
1423 3938 1827 3996 testificationes

228 4020 339 4093 illas,
368 4040 511 4098 quas
535 4026 741 4095 dicitis;
774 4038 835 4084 ut
872 4044 1050 4101 neque
1079 4032 1241 4086 unam
1271 4034 1337 4086 ex
1366 4031 1474 4087 illis
1500 4023 1692 4089 beatus
1722 4026 1827 4105 Cy-

230 4114 365 4174 rillus
390 4118 637 4176 voluerit
680 4120 993 4192 recordari,
1036 4139 1138 4180 nec
1166 4124 1221 4179 in
1246 4123 1540 4209 Lpistolis,
1580 4140 1722 4209 quas
1760 4125 1828 4181 ad

229 4207 526 4268 Nestorium
550 4213 782 4283 scripsit,
805 4215 965 4269 autin
989 4216 1074 4271 his
1097 4215 1177 4289 (5)
1204 4207 1337 4287 quas
1360 4220 1547 4273 contra
1571 4208 1826 4301 blasphea

230 4303 349 4383 mias
360 4308 490 4377 ejus
509 4307 730 4377 protulit
748 4309 1156 4365 testificationes
1170 4311 1224 4366 in
1243 4319 1427 4367 sancta
1442 4311 1648 4383 synodo
1661 4312 1827 4382 ephe-

228 4382 349 4469 sini,
380 4386 607 4473 quando
638 4390 869 4458 maxime
895 4388 1080 4458 debuit
1109 4401 1352 4472 prOfei'l‘é
1373 4414 1486 4473 eas,
1514 4403 1608 4459 sed
1643 4396 1741 4460 nec
1772 4402 1825 4459 in

229 4479 558 4561 dpoéitidhe
595 4479 881 4549 ditbdecitti
911 4484 1268 4565 capitulorum
1291 4493 1550 4552 adversus
1575 4489 1826 4552 Theodo-

229 4590 388 4638 retum
416 4592 478 4639 et
520 4584 864 4640 Andream...
898 4586 993 4642 sed
1036 4594 1137 4642 nec
1167 4586 1427 4643 adversus
1453 4589 1712 4644 orientale
1742 4587 1824 4662 (4)

1935 3369 2118 3424 tholici
2152 3370 2388 3426 veritatis
2433 3372 2747 3431 defensores
2793 3377 2869 3432 sic
2917 3382 3191 3452 acephalis
3231 3390 3533 3459 responde-

1931 3471 2090 3528 runt,
2122 3463 2240 3518 illos
2269 3463 2437 3519 libros
2467 3482 2728 3523 non'esse
2757 3469 2973 3541 Cyrilli,
3007 3477 3259 3545 quoniam
3294 3482 3539 3539 testimo~

1932 3552 2054 3621 niis,
2084 3570 2203 3625 quae
2222 3557 2275 3611 in
2296 3557 2376 3612 eis
2397 3568 2586 3615 contra
2633 3570 2878 3619 mortuos
2899 3568 3142 3637 posuisse
3166 3568 3380 3642 dicitur,
3405 3591 3538 3632 con-

1933 3655 2013 3701 tra
2066 3647 2333 3704 viventem
2389 3650 2694 3707 Nestorium
2748 3671 2854 3711 non
2905 3669 2989 3714 est
3049 3677 3196 3731 usus,
3258 3682 3433 3736 neque
3476 3669 3536 3726 in

1932 3744 2200 3814 aliquibus
2228 3747 2501 3816 Epistolis.
2536 3749 2690 3807 Unde
2718 3751 3039 3811 dicuntillos
3066 3756 3229 3816 libros
3274 3778 3375 3819 nec
3419 3764 3535 3821 dic-

1932 3845 2076 3892 tasse
2105 3837 2385 3910 Cyrillum,
2427 3857 2527 3897 nec
2553 3843 2843 3900 edidisse:
2882 3847 3013 3902 Cum
3038 3850 3199 3921 igitur
3222 3851 3533 3914 Liberatum

1932 3943 1995 3983 ex
2028 3928 2241 4001 Hypatii
2271 3934 2540 3986 sententia
2565 3936 2711 4006 loqui
2734 3937 3077 3995 manifestum
3107 3940 3195 4013 sit,
3228 3961 3392 4001 unum
3409 3964 3536 4004 cen-

1931 4022 2038 4077 seri
2069 4023 2231 4080 debet
2254 4025 2531 4096 utriusque
2565 4027 2951 4086 teatimonium.
2984 4031 3065 4087 Ex
3095 4050 3202 4104 quo
3228 4037 3531 4109 coniicitur,

1930 4114 2093 4169 unius
2132 4114 2481 4188 ejusdemque
2517 4118 2714 4174 Felicis
2758 4124 2975 4178 nomine
3017 4139 3140 4181 cum
3180 4130 3420 4198 geminas
3467 4146 3532 4189 ac

1930 4209 2171 4266 sinceras
2190 4253 2203 4276 ,
2241 4210 2351 4266 tum
2384 4204 2547 4268 falsas
2574 4224 2667 4269 aut
2704 4216 3034 4276 adulteratas
3062 4222 3361 4296 divulgatas
3389 4229 3532 4286 litte-

1931 4318 2055 4357 ras:
2087 4300 2141 4358 et
2169 4304 2429 4374 genuinas
2459 4305 2673 4376 quidem
2713 4310 2765 4363 in
2797 4311 3057 4380 ephesino
3086 4318 3333 4385 concilio,
3368 4320 3530 4379 falsas

1932 4404 2111 4451 autem
2155 4410 2249 4452 seu
2275 4389 2558 4469 corruptas
2588 4402 2655 4455 ab
2686 4403 2955 4473 acephalis
2986 4406 3148 4465 fuisse
3176 4410 3437 4470 laudatas.

2008 4489 2134 4545 Utut
2162 4493 2215 4546 in
2242 4493 2455 4548 dubium
2498 4497 2724 4550 revocari
2765 4501 2924 4568 possit
2973 4503 3085 4566 eius
3108 4504 3395 4577 integritas.
3431 4508 3531 4566 Ca-

1932 4585 2122 4639 tholica
2147 4597 2313 4641 tamen
2333 4598 2406 4641 est
2437 4590 2705 4646 sententia.
2741 4591 2919 4648 Omnis
2944 4610 3059 4651 vero
3073 4599 3322 4657 dubitatio
3350 4621 3414 4659 ea:
3434 4621 3522 4660 υε-

228 4674 534 4734 conditum.
576 4694 597 4731 ι
631 4674 769 4734 Tum
823 4680 1255 4737 testimoniorum
1283 4695 1313 4735 a
1342 4680 1543 4753 Cyrillo
1569 4682 1826 4751 ephesiua
1855 4691 1906 4752 ι)
1935 4689 2092 4733 terum
2140 4682 2446 4735 auctoritate
2489 4684 2711 4751 sublata.
2738 4716 2812 4727 —
2839 4688 2967 4744 inde
2999 4700 3177 4748 tamen
3207 4699 3411 4754 moveri
3437 4715 3528 4758 me

226 4766 275 4824 in
300 4762 517 4844 synodo
547 4770 900 4843 prolaturum,
933 4775 1360 4846 nominatimque
1388 4771 1579 4831 Felicis
1604 4777 1827 4832 sinceria

229 4860 381 4921 tatem
426 4873 652 4935 tuetur,
699 4877 861 4940 atque
900 4867 984 4923 his
1012 4862 1237 4940 opponit
1278 4870 1332 4924 in
1371 4869 1514 4924 hunc
1564 4870 1823 4925 modum:

236 4953 365 5013 «Sed
390 4968 447 5015 et
480 4950 587 5014 hoe
612 4958 863 5023 dicimus,
888 4961 1013 5031 quia
1041 4960 1326 5017 duodecim
1342 4958 1700 5032 gloriosornm
1732 4966 1827 5033 pa-

230 5055 361 5105 trum
407 5040 723 5107 testimonia
770 5050 1034 5108 adversus
1083 5050 1315 5110 Nestorii
1364 5046 1725 5123 blasphemias
1774 5056 1828 5110 in

230 5134 437 5213 Epheso
467 5134 530 5200 Β.
557 5143 793 5218 Cyrillus
817 5139 1131 5216 proferens,
1158 5140 1213 5203 id
1242 5148 1326 5203 eat
1350 5144 1684 5205 sanctiPetri
1711 5148 1831 5220 epi-

230 5237 367 5307 scopi
393 5225 741 5295 alexandrini
769 5247 826 5295 et
845 5238 1135 5313 martyris,
1169 5242 1342 5297 sancti
1368 5241 1564 5299 Felicis
1590 5243 1830 5313 episcopi

231 5332 430 5386 romani
473 5341 529 5388 et
555 5334 830 5406 martyris,
859 5334 1115 5407 Cypriani
1144 5336 1381 5407 episcopi
1402 5338 1829 5408 cat-tliagiuensis

231 5429 282 5476 et
319 5426 577 5498 martyris
601 5469 617 5494 ,
648 5426 710 5481 Β.
743 5425 1022 5483 Athanasii
1050 5436 1105 5483 et
1133 5428 1193 5485 Β.
1226 5427 1511 5501 Theophili
1552 5430 1828 5501 episcopo-

325 5542 376 5621 !)
408 5542 706 5621 _Le_Quien_,
739 5546 1020 5621 Dissertat.
1051 5547 1363 5615 Damasen.,
1397 5566 1455 5610 ιι.
1493 5550 1520 5621 §
1552 5566 1645 5605 vn.

320 5615 604 5695 2)_Lgbh_.,
647 5617 876 5695 (Ignea,
922 5628 1051 5674 tom.
1100 5636 1187 5681 IV,
1238 5637 1355 5691 pag.
1391 5615 1565 5695 ﬁlii},
1599 5632 1653 5676 et
1685 5624 1827 5695 apud

234 5680 660 5761 ManfiLCotleCt.
692 5680 919 5756 Concit.,
951 5699 1084 5746 tom.
1114 5680 1382 5761 vut,'pa'g.
1412 5693 1537 5749 820.

276 5753 384 5837 "(3)
418 5757 498 5814 Ita
526 5759 783 5833 intellige,
829 5753 983 5834 quasi
1029 5779 1157 5819 mox
1195 5753 1463 5836 legeretur
1516 5766 1828 5836 testiﬁcatio-

238 5826 399 5976 .m'if).
420 5899 532 5959 Hoc
558 5913 639 5961 est
662 5903 717 5966 in
738 5905 1068 5985 Apotogetioo
1090 5906 1353 5969 adversus
1377 5908 1696 5969 Orientales.

1931 4772 2124 4840 fateor,
2158 4789 2225 4843 ne
2252 4774 2451 4831 Felicis
2477 4780 2759 4848 epistolam
2789 4784 2949 4839 etiam
2980 4786 3030 4842 in
3058 4791 3318 4860 ephesino
3344 4799 3529 4854 conci-

1930 4866 2026 4932 lio,
2054 4868 2651 4941 etaCyrillolaudatam
2673 4878 3073 4945 proindnbitata
3100 4884 3351 4952 habeam.
3379 4893 3524 4963 quod

1930 4958 2164 5032 Cyrillus
2186 4962 2238 5017 in
2268 4966 2492 5034 epistola
2526 4968 2591 5023 ad
2621 4969 2943 5029 Successum
2984 4985 3041 5031 et
3060 4980 3184 5035 alibi
3212 4999 3368 5043 unum
3389 4958 3528 5042 uerbi

1932 5066 2170 5111 naturam
2199 5058 2522 5115 ineat-natam
2560 5065 2893 5131 profiteatur.
2925 5069 3110 5141 Neque
3136 5075 3277 5130 enim
3300 5079 3524 5149 aliunde

1888 5203 1893 5208 ,
1934 5147 2000 5201 ad
2042 5147 2347 5219 huiusmodi
2394 5152 2780 5223 professionem
2836 5160 3097 5220 adductus
3136 5147 3366 5235 videtur,
3419 5173 3525 5229 nisi

1931 5241 2072 5309 quod
2099 5243 2320 5313 scripta,
2336 5260 2457 5314 quae
2477 5248 2862 5317 apollinaristze
2876 5255 3144 5314 clarorum
3165 5261 3401 5319 virorum
3421 5282 3521 5322 nou

1931 5332 2165 5387 minibus
2195 5336 2567 5394 confinxerant
2597 5384 2610 5403 .
2641 5358 2825 5399 eorum
2858 5347 3188 5406 existimavit
3215 5368 3335 5410 esse
3379 5373 3520 5429 quoa

1930 5438 2050 5477 rum
2103 5427 2320 5481 nomina
2368 5443 2479 5497 prae
2501 5445 2558 5485 se
2600 5432 2818 5491 ferrent.
2856 5437 2989 5493 Hinc
3038 5450 3093 5495 et
3141 5427 3429 5505 Flavianus
3464 5451 3523 5509 in

1931 5517 2294 5587 confessione,
2325 5538 2487 5593 quam
2518 5525 2585 5579 ad
2616 5526 2975 5586 Theodosium
3004 5536 3381 5606 imperatorem
3412 5546 3519 5602 mi-

1929 5613 1999 5667 sit
2030 5631 2043 5668 :
2083 5633 2100 5665 ι
2133 5613 2308 5670 Unum
2349 5618 2587 5687 quidem,
2618 5622 2788 5691 inquit
2820 5624 2917 5698 (l),
2943 5630 3091 5685 verbi
3125 5635 3214 5689 Dei
3248 5650 3515 5713 naturam,

1926 5702 2261 5761 incarnatam
2293 5718 2469 5765 tamen
2507 5722 2561 5766 et
2593 5713 2991 5774 inhumanatam
3015 5765 3030 5790 ,
3077 5725 3255 5785 dicere
3286 5749 3391 5790 non
3420 5702 3517 5794 ne:

1926 5813 2136 5870 gamus,
2169 5819 2234 5857 eo
2261 5804 2404 5874 quod
2430 5821 2502 5860 ex
2527 5807 2783 5863 ambabus
2812 5827 2950 5870 unus
2969 5827 3132 5890 atque
3152 5822 3294 5881 idem
3320 5830 3390 5885 sit
3413 5832 3517 5888 Do-

1999 5912 2079 5986 (1)
2102 5912 2321 5974 Calced.
2344 5916 2577 5990 Concil.,
2605 5929 2744 5992 part.
2778 5939 2896 5999 cap.
2926 5944 2978 5999 γ,
3005 5939 3059 5989 et
3084 5933 3296 5997 liberat.
3316 5945 3515 6014 capit.
