3994 6318
386 375 389 378 ι
433 299 554 393 μετ

1768 295 1825 354 S.
1871 291 2135 352 FELICIS
2174 289 2376 350 ΡᾹΡίΕ

3619 287 3728 346 Hi

431 387 610 488 minus
644 425 828 476 noster
847 415 1002 473 Iesus
1033 413 1295 472 Christus.
1335 431 1355 465 ι
1393 412 1526 470 Utut
1549 387 1665 481 est,
1696 411 1741 468 si
1784 411 2020 468 hmretici
2049 409 2103 469 A
2130 410 2300 465 tnenis
2317 408 2428 463 suis
2450 420 2572 477 cap.
2593 405 2696 480 μ,
2731 411 2959 461 tom.tu.
2989 400 3341 461 Biblimhecte
3361 410 3600 462 veterum
3625 404 3728 460 Pa-

432 521 517 569 est
545 512 896 582 fragmenttnn
929 507 1058 563 illud
1089 505 1280 562 Felicis
1307 509 1524 564 nomine
1550 507 1884 576 inscriptum,
1906 506 2022 576 ejus

431 616 536 673 est,
568 608 796 678 quicum
826 603 1122 660 catholicus
1143 601 1310 658 videri
1344 602 1576 667 aﬂ‘ectet,
1604 617 1729 656 suas
1749 601 1817 655 ab
1840 599 2024 655 οιυιΙιοι

429 702 569 756 doxa
601 700 704 755 (ide
733 713 893 754 voces
918 705 1214 752 mutuatur.
1247 695 1380 750 Illud
1411 706 1560 750 certe
1607 711 1727 750 cum
1787 692 2022 766 Cyl-illus

428 805 485 850 et
533 791 787 864 ephesina
833 780 1072 863 synodus
1129 787 1468 844 sanctissimo
1523 801 1656 858 papa
1705 796 1757 841 ct
1785 795 2022 856 martyre

427 885 606 942 Felice
654 900 761 939 non
801 881 1383 955 indignumjudicariut
1409 923 1424 947 ,
1466 891 1627 950 atque
1674 888 1732 934 ut
1775 878 2017 949 ejusdem

426 979 623 1044 deinde
648 978 846 1034 Marius
871 976 1171 1043 Mercator,
1207 975 1520 1030 Vincentius
1552 973 1851 1029 Lirinensis
1876 1015 1890 1037 ,
1921 973 2017 1026 lli-

422 1075 600 1144 patius
646 1064 1000 1144 Ephesiorum
1048 1073 1355 1142 episcopus,
1407 1068 1607 1137 aliique
1645 1067 1896 1123 catholici
1922 1067 2019 1122 ad-

421 1166 703 1230 miserint,
740 1165 992 1236 quamdiu
1021 1163 1167 1220 aliud
1198 1179 1302 1217 non
1329 1160 1619 1224 constabit,
1647 1159 1892 1229 religioni
1921 1174 2016 1214 no-

421 1259 507 1315 bis
544 1267 628 1315 est
670 1259 797 1314 hinc
841 1259 968 1312 illud
1008 1257 1348 1313 submovere.
1383 1253 1528 1310 Sane
1559 1263 1616 1308 nt
1653 1254 2013 1308 orthodoxam

421 1354 649 1426 quisque
696 1352 938 1423 proferre
971 1359 1085 1406 tuto
1114 1350 1312 1416 valeat,
1345 1347 1488 1420 quod
1520 1357 1664 1402 tanta
1695 1346 2016 1402 auctoritate

419 1449 659 1508 fulcitur.

512 1542 650 1607 Quin
679 1551 724 1596 et
749 1556 813 1595 ea:
834 1539 1011 1594 eodem
1041 1541 1328 1611 fragmento
1342 1535 1657 1607 Apollinaris
1681 1533 1885 1588 Itwresis
1904 1549 2020 1604 pro-

414 1635 644 1706 ﬂigatur.
677 1631 1091 1702 —-Apollinaris
1122 1631 1344 1684 hmresis
1367 1672 1382 1696 ,
1415 1645 1533 1700 qua:
1559 1643 1756 1698 corpus
1779 1626 2016 1680 hominis

411 1728 592 1781 anima
631 1725 723 1780 vel
765 1732 946 1778 mente
987 1723 1300 1778 destitutum
1326 1721 1571 1790 adeoque
1609 1719 1883 1774 hominem
1913 1719 2011 1772 im-

410 1819 710 1891 perfectum
737 1816 1017 1900 a'CllriSIO
1046 1825 1380 1886 assumptum
1426 1815 1670 1880 volebat,
1724 1815 2010 1885 postremis

410 1910 571 1980 hujus
592 1910 770 1965 verbis
803 1909 1136 1980 proﬂigator.
1166 1908 1432 1982 Quocirca
1464 1907 1546 1961 vel
1569 1905 1694 1960 hinc
1724 1906 1961 1976 suspicio
1990 1949 2004 1973 ,

408 2019 481 2060 ne
511 2002 650 2057 forte
678 2001 806 2056 illud
832 1999 1218 2071 apollinarista:
1248 1989 1762 2070 alicujusopilicium
1789 1999 1878 2066 sit,
1895 2016 2010 2054 om.

408 2095 540 2150 nino
588 2103 994 2159 removeretur,
1039 2095 1084 2149 si
1132 2093 1509 2149 hiereticorutn
1544 2095 1757 2148 illorum
1779 2107 1925 2149 artes
1944 2111 2008 2150 ac

404 2187 625 2244 fraudes
653 2188 904 2243 laterent.
935 2187 1040 2243 Sed
1070 2199 1127 2242 ut
1151 2187 1386 2255 prudens
1419 2187 1730 2244 observavit
1757 2188 2005 2243 laudatus

404 2281 632 2338 Michael
663 2280 1006 2352 Lequicnius,
1033 2290 1087 2336 et
1111 2281 1447 2352 Epiphanius
1477 2279 1555 2353 (l)
1578 2283 1852 2337 memorim
1882 2298 2006 2352 pro-

401 2374 580 2439 didit,
630 2375 926 2442 przedieare
972 2388 1080 2429 non
1129 2373 1396 2428 dubitavit
1447 2371 1639 2427 Vitalis
1688 2373 2004 2443 Apollinarii

402 2467 720 2538 discipulus,
749 2469 952 2522 omnino
977 2469 1232 2538 perfectus
1264 2469 1414 2520 homo
1441 2466 1678 2520 Christus
1707 2467 1872 2519 extitit
1891 2507 1906 2532 ,
1941 2482 2005 2520 ac

403 2565 754 2620 nihilominus
803 2572 1041 2618 mentem
1069 2578 1098 2615 a
1135 2562 1352 2616 Christo
1379 2571 1681 2631 susceptam
1712 2575 1832 2615 esse
1861 2559 2003 2616 haud

403 2669 718 2716 cunctanter
745 2661 972 2730 negavit.
999 2656 1292 2728 Quodquo
1335 2668 1491 2726 pacto
1530 2668 1882 2728 componeret
1912 2673 2001 2712 ro-

406 2765 580 2826 gatus,
640 2753 923 2824 respondit
971 2772 984 2808 :
1029 2772 1049 2806 ε
1081 2751 1322 2808 Eatenus
1377 2751 1672 2821 perfectum
1728 2752 2002 2808 hominem

403 2849 573 2906 fuisse
599 2847 849 2913 dicimus,
875 2848 918 2901 si
944 2846 1286 2902 divinitatem
1316 2847 1393 2902 illi
1425 2848 1544 2903 loco
1572 2849 1769 2904 mentis
1793 2849 2000 2905 adscri-

401 2945 616 3000 bamus.
647 2953 703 2998 et
724 2959 945 2999 carnem
967 2953 1130 3013 atque
1150 2946 1385 2999 animam
1417 2945 1774 3016 adjungamus
1812 2951 1908 3013 sic,
1948 2959 2007 3002 ut

402 3036 679 3108 perfectus
699 3035 863 3091 homo
882 3052 947 3091 ex
971 3051 1155 3104 carne,
1181 3038 1358 3092 anima
1387 3053 1442 3093 et
1467 3039 1770 3103 divluitate,
1796 3053 1918 3110 quze
1935 3042 2004 3094 sit

2127 513 2266 557 trtnn
2297 501 2542 557 inseruit.

2197 596 2334 653 Tres
2363 596 2537 651 adhuc
2564 595 2728 652 Felici
2755 595 2774 652 Ι
2797 595 3137 668 assignantur
3163 596 3461 667 epistolm‘a
3495 597 3728 668 pseudo-

2125 691 2350 747 lsidoro.
2405 691 2582 747 Prima
2637 691 2704 745 ad
2733 690 3022 746 Paternum
3055 691 3368 764 episcopum
3418 708 3517 748 sex
3549 693 3726 764 capita

2125 784 2406 840 continet:
2444 785 2504 839 1⁰
2536 784 2688 853 Quod
2735 783 2974 840 fautores
3005 785 3344 841 inimicorum
3385 788 3454 842 ab
3495 802 3726 842 accusa-

2130 879 2274 932 tione
2299 878 2598 949 episcopali
2630 878 3071 934 submoveantur.
3105 878 3168 933 2°
3199 877 3278 934 Ne
3307 880 3539 950 majores
3560 897 3589 936 a
3620 882 3729 936 mi-

2122 985 2312 1025 norum
2336 971 2769 1028 accusationilms
2799 972 3144 1043 itnpetantur.
3178 975 3241 1029 5°
3286 972 3364 1030 Ne
3395 975 3446 1028 in
3479 990 3536 1030 re
3562 974 3730 1030 dubia

2123 1080 2227 1118 non
2240 1064 2663 1134 judiceturcerta
2678 1065 2966 1121 sententia.
2985 1065 3123 1122 ἄοοῑ
3139 1065 3321 1122 clerici
3342 1083 3466 1122 suas
3483 1069 3731 1124 actiones

2121 1169 2432 1214 exerceant.
2497 1160 2561 1215 5°
2624 1159 2908 1228 Quomodo
2973 1160 3229 1229 primates
3285 1160 3338 1215 in
3412 1172 3726 1217 accusatum

2121 1252 2436 1325 episcopum
2463 1269 2522 1309 se
2542 1269 2731 1325 gerere
2758 1254 3012 1310 debeant.
3035 1252 3096 1307 6°
3119 1251 3338 1310 Jndices
3367 1253 3625 1310 Ecclesiae
3657 1269 3731 1309 ne

2120 1345 2344 1402 absente
2375 1363 2462 1414 eo,
2491 1351 2647 1417 cujus
2697 1362 2858 1402 causa
2889 1347 3199 1411 ventilatur,
3245 1348 3566 1402 sententiam
3600 1362 3730 1417 pro-

2044 1451 2064 1472 ο
2123 1438 2314 1493 ierant.
2347 1438 2477 1493 Data
2520 1447 2605 1494 est
2633 1438 2791 1494 nonis
2815 1437 2954 1508 junii
2991 1436 3218 1493 Claudio
3245 1446 3302 1492 et
3325 1439 3618 1493 Aureliano
3646 1438 3731 1493 vi-

2119 1531 2194 1586 ris
2228 1533 2436 1588 clariss.
2476 1547 2618 1588 coss.
2647 1563 2718 1573 —
2740 1532 2987 1590 Secunda
3017 1532 3268 1602 epistola,
3301 1531 3371 1588 de
3402 1531 3728 1588 auctoritate

2118 1627 2263 1682 sedis
2289 1629 2626 1698 apostolicae,
2659 1639 2714 1684 et
2750 1629 2819 1684 de
2846 1629 3114 1701 episcopis
3143 1631 3427 1691 accusatis,
3454 1629 3726 1685 universis

2121 1739 2215 1793 per
2244 1723 2444 1778 Gallias
2470 1723 2740 1794 episcopis
2761 1723 3071 1780 c0nstitutis
3102 1725 3262 1778 missa
3289 1733 3394 1779 est.
3424 1724 3553 1778 Data
3583 1733 3664 1778 est
3689 1737 3726 1776 v

2115 1816 2235 1872 idus
2282 1817 2509 1887 Augusti
2553 1815 2777 1872 Claudio
2823 1825 2876 1872 et
2914 1816 3149 1873 Paterno
3177 1817 3310 1872 viris
3333 1818 3544 1873 clariss.
3573 1831 3722 1873 coss.

2113 1908 2296 1965 Tertia
2329 1910 2562 1980 denique
2599 1910 2822 1979 epistola
2841 1910 2905 1964 ad
2937 1909 3234 1981 Beniguum
3266 1910 3579 1980 episcopum
3609 1910 3724 1964 duo

2113 2003 2509 2074 complectitur.
2547 2004 2772 2058 Damnat
2812 2016 2866 2058 et
2907 2020 3038 2071 eos,
3084 2005 3174 2074 qui
3209 2005 3376 2060 tilium
3401 2021 3506 2061 non
3535 2004 3725 2061 videre

2112 2096 2326 2152 Patrem
2348 2098 2705 2165 contendunt,
2732 2106 2787 2153 et
2813 2099 2932 2152 illos
2954 2099 3042 2168 qui
3073 2098 3346 2153 afﬁrmant
3378 2098 3572 2154 Filium
3593 2113 3722 2154 esse

2112 2191 2269 2246 Patre
2297 2193 2558 2248 minorem
2585 2210 2598 2246 :
2635 2193 2764 2246 Data
2797 2192 2952 2247 nonis
2976 2191 3256 2250 Februarii
3284 2194 3511 2250 Claudio
3533 2204 3590 2250 et
3617 2193 3722 2248 Pa-

2111 2295 2266 2339 terno
2294 2285 2427 2340 viris
2469 2285 2681 2342 clariss.
2732 2300 2875 2341 coss.
2925 2289 2994 2340 At
3029 2286 3225 2341 frustra
3256 2287 3544 2342 subdolum
3595 2295 3717 2343 rete

2108 2393 2264 2433 suum
2292 2378 2532 2436 larvatus
2561 2380 2651 2436 ille
2677 2379 2831 2436 Felix
2860 2379 3032 2436 tendit
3074 2379 3320 2437 eruditis.
3354 2381 3553 2437 Primae
3581 2381 3718 2454 Epi-

2107 2473 2262 2527 stolze
2285 2472 2567 2528 falsissima
2591 2483 2673 2528 θηι
2699 2475 3042 2544 subscriptio.
3075 2475 3309 2532 Sedente
3336 2475 3512 2532 Felice
3531 2477 3718 2532 nullus

2107 2561 2312 2619 Claudii
2353 2575 2407 2620 et
2448 2566 2722 2621 Aureliani
2756 2567 3086 2622 consulatus.
3134 2566 3345 2622 Initintn
3373 2566 3476 2623 hoc
3503 2570 3713 2640 episto-

2109 2657 2196 2719 lae.
2244 2656 2477 2727 gaudere
2531 2673 2618 2713 me
2665 2658 2951 2727 pluritntnn
2977 2669 3032 2714 et
3056 2657 3300 2715 exultare
3348 2659 3400 2713 in
3433 2658 3660 2715 Domino
3689 2703 3706 2728 ,

2109 2752 2381 2823 verbaque
2411 2754 2688 2824 sequentia
2713 2752 2849 2808 bene
2880 2752 3042 2807 multa
3070 2762 3256 2809 extant
3285 2751 3483 2809 Leonis
3510 2757 3564 2809 in
3590 2754 3706 2826 epi-
3769 2816 3775 2820 _

2107 2829 2243 2903 stola
2269 2864 2417 2903 xxxi.
2452 2847 2700 2904 Secunda
2745 2848 3068 2918 subscriptio
3098 2858 3455 2905 veteratorem
3507 2850 3713 2920 prodit.

2110 2940 2229 2994 Vita
2255 2942 2305 2994 in
2333 2942 2588 3014 Dionysio
2615 2941 2926 2996 morabatur
2958 2941 3136 2996 idibus
3165 2943 3373 3012 augusti
3401 2941 3627 2997 Claudio
3654 2951 3716 2999 et

2107 3034 2340 3090 Paterno
2365 3049 2488 3089 coss
2536 3035 2637 3104 Qui
2666 3034 2820 3090 Felix
2848 3050 2980 3107 ergo
3009 3050 3076 3092 eo
3107 3045 3376 3108 tempore,
3410 3035 3711 3094 Galliarum
3729 3020 3742 3030 “

406 3131 606 3185 mentis
659 3131 828 3184 instar
852 3173 865 3196 ,
902 3130 1122 3185 existat.
1165 3149 1185 3182 ι
1217 3130 1416 3186 Verum
1445 3132 1704 3188 mentitur
1749 3134 2001 3204 iniquitas
2027 3111 2074 3176 Ο
2107 3127 2376 3198 episcopis
2399 3168 2414 3191 .
2459 3127 2785 3210 decretalqent
2822 3131 3038 3186 mittere
3073 3145 3224 3185 suam
3256 3131 3714 3202 potuit?lnitium

401 3224 528 3280 sibi.
552 3223 723 3291 Quem
759 3224 904 3278 enim
934 3225 1130 3297 potiori
1159 3224 1393 3281 hominis
1431 3239 1583 3298 parte
1608 3229 1851 3284 caruisse
1876 3244 2004 3285 cen-

402 3327 488 3372 set
507 3356 522 3383 ,
571 3316 844 3371 hominem
873 3318 1167 3387 perlectum
1193 3333 1297 3372 non
1329 3319 1429 3374 nisi
1459 3335 1551 3389 per
1585 3319 2000 3376 ludiﬁcationem

403 3409 660 3478 appellat.
697 3407 971 3464 Hactenus
997 3408 1337 3466 Coutantius.

474 3501 628 3558 Utiitt
657 3502 868 3559 ereteris
896 3513 1136 3559 veterum
1167 3520 1510 3560 romanorum
1543 3507 1855 3576 pontiﬁcum
1891 3509 2003 3573 epi-

396 3599 553 3656 stolis
572 3598 795 3654 edendis
825 3599 1168 3653 Coutantiutn
1199 3609 1416 3654 secutus
1443 3610 1526 3655 est
1554 3601 1896 3668 Gallandius;
1931 3603 2000 3658 ita

399 3693 560 3765 hujus
585 3693 784 3762 pariter
816 3690 1100 3762 l'ragmenti
1133 3690 1390 3747 Fcliciani
1435 3692 1731 3749 editionem
1769 3694 2002 3749 adorna-

400 3786 481 3840 vit
525 3785 592 3840 ad
633 3785 912 3855 exemplar
957 3784 1375 3840 Coutantianum
1404 3801 1419 3849 ;
1453 3785 1696 3856 ejusdem
1729 3786 1999 3843 (Ioutantii

395 3877 659 3948 judicium
691 3877 759 3933 de
785 3878 890 3933 hoc
919 3877 1244 3949 fragmento,
1278 3887 1441 3950 atque
1469 3880 1731 3936 vindicias
1751 3881 2001 3952 prolego-

476 3972 558 4043 (t)
583 3971 876 4043 Epiphan.,
911 3971 1116 4027 Haeres.
1151 3987 1255 4026 Lxx
1269 3987 1362 4035 vn,
1387 3971 1523 4042 §2‘5.

2102 3237 2317 3292 quoque
2337 3222 2595 3278 decretali
2625 3221 2912 3279 temeravit
2937 3223 3048 3279 Leo
3065 3224 3292 3293 epistola
3328 3241 3493 3280 xxxu.
3530 3224 3715 3280 Bono-

2104 3331 2223 3371 rum
2263 3331 2487 3380 oncrum
2519 3327 2573 3372 et
2604 3317 2990 3388 spiritualium,
3021 3326 3130 3372 etc.
3163 3315 3274 3373 Nec
3303 3333 3411 3372 uno
3435 3321 3538 3373 hoc
3562 3315 3719 3373 furto

2104 3423 2392 3484 contentus
2421 3410 2669 3467 subditus
2701 3411 2790 3467 ille
2817 3411 2968 3479 Felix
2993 3453 3008 3478 ,
3062 3428 3128 3468 ex
3159 3411 3302 3468 Petri
3330 3413 3571 3482 episcopi
3607 3410 3718 3466 Ra-

2105 3507 2354 3560 vennatis
2411 3505 2475 3560 ad
2504 3505 2803 3576 Entychem
2837 3506 3210 3576 presbyterum
3240 3505 3479 3574 Epistula
3539 3504 3717 3560 verba

2105 3601 2424 3670 desumpsit.
2476 3599 2802 3669 Inspiciatur
2852 3598 3168 3654 Bibliotheca
3213 3615 3400 3671 magna
3447 3597 3661 3652 Patrum
3691 3639 3715 3663 ,

2106 3703 2214 3748 tom
2238 3709 2334 3759 vn,
2374 3707 2426 3762 p.
2460 3691 2588 3758 979,
2635 3703 2688 3748 et
2719 3684 2912 3756 Mansi,
2941 3691 3113 3762 Ampl.
3148 3691 3346 3745 collect.
3396 3689 3718 3758 concilium,

2102 3794 2238 3842 tom.
2261 3801 2300 3849 ι,
2333 3800 2452 3856 pag.
2484 3784 2870 3840 “03—1114.
2917 3783 3027 3840 Has
3044 3783 3287 3840 Felicis]
3331 3784 3587 3856 epistolas
3611 3782 3722 3838 fal-

2101 3882 2278 3937 sitatis
2304 3879 2582 3936 convictas
2606 3878 2828 3935 exhibet
2849 3879 3014 3935 etiam
3047 3877 3358 3934 Blondellus
3390 3878 3442 3932 in
3465 3876 3723 3934 Pseudo-

2101 3977 2329 4044 lsidoro,
2351 3992 2473 4050 pag.
2499 3976 2607 4032 555
2636 3987 2692 4032 et
2717 3990 2834 4047 seq.

1396 4161 2718 4309 FRAGMENTUM

403 4351 439 4398 ιτα
478 4341 670 4399 Felicis
699 4342 1020 4398 sanctissimi
1045 4341 1281 4412 episcopi
1324 4340 1507 4395 Romae
1551 4349 1605 4394 et
1632 4340 1884 4410 martyris
1936 4355 2002 4393 ex

404 4438 629 4509 cpistola
660 4435 727 4490 ad
756 4435 1045 4490 Maximum
1076 4436 1385 4504 episcopum
1416 4442 1469 4487 et
1496 4431 1701 4486 clerum
1758 4431 2001 4486 Alexan-

407 4531 646 4587 drinutu.

377 4698 381 4705 .
477 4648 555 4704 De
594 4645 751 4702 Verbi
783 4653 962 4701 autem
992 4643 1356 4698 incarnatione
1383 4651 1437 4697 et
1492 4642 1615 4708 lide,
1647 4641 1918 4698 credimus
1947 4641 1998 4696 in

2105 4343 2309 4402 Φήλικος
2327 4381 2344 4406 ,
2369 4347 2460 4396 τοῦ
2491 4339 2780 4414 ἁγιωτάτου
2811 4343 3097 4398 ἐπισκόπου
3120 4339 3310 4414 Ῥώμης·
3331 4343 3417 4396 καὶ
3438 4339 3723 4420 μάρτυρος

2179 4438 2233 4489 ἐκ
2277 4445 2371 4497 τῆς
2397 4437 2529 4512 πρὸς
2554 4436 2798 4507 Μάξιμον.
2832 4436 2919 4491 τὸν
2949 4437 3231 4492 ἐπίσκοπον
3269 4439 3356 4492 καὶ
3399 4438 3486 4493 τὸν
3523 4436 3720 4509 κλῆρον

2178 4527 2545 4605 Ἀλεξανδρείας
2571 4530 2866 4592 ἐπιστολῆς.

2179 4647 2296 4719 Περί
2321 4642 2375 4698 δὲ
2403 4655 2494 4706 τῆς
2521 4649 2836 4723 capitolia-sco;
2862 4653 2955 4703 τοῦ
2983 4648 3150 4721 Λόγου
3208 4650 3296 4703 καὶ
3319 4656 3414 4708 τῆς
3451 4647 3715 4715 πίστεως,

401 4739 688 4794 Dominum
719 4747 958 4792 nostrum
991 4736 1173 4792 Jesum
1200 4735 1472 4792 Christum
1513 4753 1575 4792 cx
1601 4736 1806 4807 virgine
1836 4735 2000 4790 Maria

2116 4738 2416 4808 πιστεύομεν
2443 4741 2514 4798 εἰς
2542 4741 2629 4814 τὸν
2667 4742 2846 4816 Κύριον
2871 4743 3012 4813 ἡμῶν
3050 4740 3241 4801 Ἰησοῦν
3260 4742 3504 4817 Χριστὸν,
3529 4742 3620 4798 τὸν
3650 4745 3720 4798 ἐκ

400 4841 606 4898 natum,
632 4830 771 4902 quod
790 4832 904 4900 ipse
920 4843 1002 4886 est
1024 4831 1383 4900 sempiternus
1403 4829 1495 4883 Dei
1513 4829 1650 4885 lilius
1663 4839 1718 4884 et
1736 4829 1994 4894 Verbum,

395 4942 507 4982 non
534 4937 712 4981 autem
731 4923 936 4978 homoa
959 4924 1068 4978 Deo
1093 4933 1418 4993 assumptus,
1453 4932 1509 4976 ut
1536 4922 1674 4977 alius
1701 4921 1770 4976 sit
1795 4919 1997 4974 abillo.

395 5021 583 5092 Neque
603 5019 743 5075 enim
764 5017 1035 5073 hominem
1057 5019 1346 5086 assumpsit
1369 5016 1461 5070 Dei
1484 5015 1668 5082 Filius,
1690 5024 1748 5070 ut
1767 5014 1904 5068 alios
1927 5013 1998 5070 ab

395 5129 464 5172 eo
514 5105 765 5170 exsistat‘:
797 5109 892 5166 sed
950 5125 1072 5164 cum
1115 5109 1383 5175 perfectus
1437 5109 1575 5163 Deus
1622 5117 1786 5170 esset,
1823 5105 1997 5162 factus

395 5220 480 5268 eet
506 5209 668 5267 simul
715 5217 770 5266 et
815 5206 979 5264 homo
1027 5204 1327 5277 perfectus,
1381 5220 1445 5260 ex
1493 5204 1698 5276 virgine
1746 5204 1994 5260 incarna-

402 5313 507 5362 tus.

2103 4843 2194 4895 τῆς
2219 4835 2471 4910 παρθένον
2510 4837 2709 4911 Μαρίας
2754 4837 3042 4908 γενηθέντα,
3072 4833 3151 4892 ὅτι
3191 4835 3345 4897 αὐτὸς
3384 4837 3525 4892 ἐστιν
3553 4834 3580 4890 ὁ
3611 4843 3716 4893 τοῦ

2103 4932 2230 4981 Θεοῦ
2260 4923 2422 4986 ἀΐδιος
2451 4927 2564 4987 Υἱὸς
2589 4930 2676 4981 καὶ
2702 4927 2893 5001 Λόγος,
2922 4931 3010 4982 καὶ
3035 4929 3126 4982 οὐκ
3153 4923 3416 5004 ἅνθρωπος
3443 4929 3546 4983 ὑπὸ
3569 4935 3714 4983 Θεοῦ

2101 5019 2412 5092 ἀναληφθεὶς.
2442 5019 2506 5074 ἶν’
2530 5021 2702 5096 ἔτερος
2787 5021 2913 5097 παρ’
2934 5023 3138 5076 ἐκεῖνον.
3173 5020 3290 5077 οὐδὲ
3313 5025 3415 5098 γὰρ
3436 5018 3715 5099 ἄνθρακι-ον

2101 5114 2338 5169 ἀνέλαϐεν
2367 5113 2392 5167 ὁ
2421 5118 2514 5168 τοῦ
2534 5119 2661 5167 Θεοῦ
2685 5113 2916 5174 Υἱὸς-,ἶνα
2999 5115 3174 5192 ἕτερος
3193 5114 3320 5191 παρ’
3349 5115 3523 5170 αὐτόν’
3548 5113 3712 5180 ἀλλὰ,

2098 5209 2223 5267 Θεὸς
2251 5206 2316 5262 ὢν
2344 5207 2550 5271 τέλειος,
2577 5206 2775 5279 ’γέγονεν
2803 5205 2914 5279 ἅμα
2938 5211 3026 5264 καὶ
3050 5209 3236 5270 τέλειος
3256 5204 3543 5284 ἄνθρωπος,
3567 5227 3722 5281 σαρ-

2109 5301 2285 5362 κωθείς
2309 5300 2364 5354 ἐκ
2392 5299 2664 5375 παρθένου’
