3994 6318
277 333 368 394 “5

1393 335 1754 397 EPISTULA}
1788 338 1874 397 DU
1883 337 2016 396 ΒΙᾹ)
2054 338 2413 409 QUATUOR.

789 528 885 685 8.
996 529 1448 710 EELICIS
1555 533 1819 688 PAPI

1983 535 2034 690 Ι
2139 537 2284 726 E'l‘
2401 539 2995 695 MARTYRIS

3442 339 3542 398 HG
3650 358 3668 375 ο

821 788 897 836 ra
1021 741 1623 832 EPISTOLZE
1683 752 2070 837 DUBI/E
2128 753 2748 864 QUATUOR.

842 931 1174 989 EPISTOLA
1214 934 1253 987 Ι.

678 1042 748 1084 ΔΙ)
787 1041 1069 1082 PATERNO!
1107 1041 1421 1083 EPISCOPUM.

273 1145 341 1202 De
356 1142 556 1216 judiciis
585 1154 635 1198 et
670 1141 1085 1197 accusationibus
1109 1151 1154 1197 et
1181 1141 1560 1214 defensionibus
1581 1163 1841 1204 sacrarunt

926 1238 1180 1294 ordinum.

269 1358 305 1416 l.
328 1388 397 1400 —-
420 1355 564 1426 Quod
587 1356 902 1410 detractare:
927 1364 974 1410 et
997 1358 1224 1426 fautores
1251 1356 1576 1412 inimicorum
1602 1358 1664 1413 ab
1685 1375 1836 1414 accu-

338 1449 518 1504 satione
541 1447 825 1519 episcopali
877 1449 1284 1503 submoveantur.

279 1544 333 1600 ll.
368 1573 425 1584 —
447 1541 525 1597 Ne
566 1547 790 1596 minores
827 1557 858 1594 a
883 1541 1164 1612 majoribus
1216 1543 1623 1597 accusationibus
1677 1544 1836 1616 impe-

329 1647 506 1693 tantur.

275 1732 344 1788 ΙΙΙ.
368 1763 430 1774 -
448 1731 511 1787 In
538 1748 596 1786 re
618 1731 773 1786 dubia
802 1748 902 1786 non
917 1732 1180 1802 judicetur
1207 1741 1345 1786 certa
1385 1733 1632 1787 sententia
1660 1733 1723 1787 de
1755 1733 1832 1788 his

326 1827 683 1900 qui-adversus
719 1827 959 1881 clericum
1009 1842 1214 1880 causam
1239 1826 1463 1898 aliquam
1513 1827 1834 1882 habebantin

322 1923 588 1992 provincia.

271 2015 341 2071 IV.
363 2047 427 2056 —
447 2013 635 2071 Clerici
665 2015 888 2070 actiones
913 2030 1033 2069 suas
1061 2024 1344 2069 exerceant.

270 2109 396 2165 V.—
431 2109 687 2164 Primates
715 2110 766 2163 in
796 2119 1088 2164 accusatum
1145 2111 1436 2179 episcopum
1481 2111 1734 2180 quomodo
1783 2127 1835 2164 se

328 2219 473 2276 gerere
498 2203 732 2258 debeant.

288 2295 430 2350 l’l.—-
457 2293 670 2352 Iudices
720 2293 965 2351 Ecclesia:
1008 2311 1071 2349 ne
1107 2293 1310 2348 absente
1359 2312 1434 2361 eo,
1486 2297 1633 2367 cujus
1677 2313 1832 2352 causa

321 2388 599 2453 ventilatur,
621 2388 924 2444 sententiam
955 2389 1242 2459 proferant,
1276 2396 1412 2440 etne
1441 2386 1722 2457 proditoris
1741 2405 1829 2442 ca-

319 2484 497 2537 lumnia
525 2493 618 2536 aut
648 2499 748 2538 uox
779 2483 1042 2537 audiatur.

269 2574 554 2632 Charissimo
615 2587 766 2648 atque
834 2575 1158 2631 dilectissimo
1209 2576 1435 2632 Paterno
1481 2577 1778 2648 coepisc0po
1809 2618 1824 2644 ,

493 2666 651 2724 Felix
679 2669 946 2739 episcopus
971 2669 1024 2722 in
1055 2665 1276 2722 Domino
1302 2670 1544 2724 salutem.

320 2805 548 2862 Gaudere
573 2822 659 2862 me
688 2807 971 2875 plurimum
1003 2807 1087 2880 (S.
1134 2807 1270 2873 Leo,
1302 2824 1386 2879 ep.
1430 2808 1545 2877 51).
1593 2820 1646 2864 et
1670 2810 1823 2865 exul-

274 2906 371 2953 tare
394 2900 443 2952 in
463 2899 702 2961 Domino.
724 2899 1031 2955 dil--c'.ionis
1053 2911 1157 2954 tua:
1183 2901 1381 2972 scripta
1411 2901 1676 2967 fecerunt,
1705 2903 1819 2972 qui-

258 2993 346 3048 bus
368 2994 638 3050 etidenter
666 2995 1002 3052 ostenditur.
1031 3005 1291 3064 quantum
1333 2994 1651 3050 catholicam
1705 2995 1824 3050 dili-

254 3087 322 3156 gis
349 3087 520 3151 ﬁdem,
540 3097 597 3143 et
617 3097 874 3157 quantum
905 3087 1217 3144 hzereticum
1246 3088 1532 3143 deteSIaris
1556 3103 1818 3144 errorem.

1945 939 2070 1010 quia
2124 940 2225 995 nisi
2289 942 2628 1009 unanimiter,
2684 940 2910 996 faciente
2940 941 3186 1006 Domino.
3209 950 3522 998 cunctorum

1945 1035 2166 1105 provida
2191 1046 2463 1106 pastorum
2488 1038 2641 1090 turba
2669 1045 2976 1103 concurrat,
2996 1051 3153 1092 omne
3170 1037 3333 1109 (quod
3359 1036 3523 1106 absit)
3610 1019 3615 1030 ’

1945 1128 2103 1183 citius
2128 1129 2266 1183 ovile
2292 1128 2535 1186 dilaniet.

2019 1222 2056 1276 Ι.
2087 1223 2426 1294 Quapmptcr
2473 1224 2828 1292 detractores,
2873 1225 2961 1295 qui
3005 1224 3183 1278 divina
3216 1222 3530 1278 auctoritate

1943 1314 2250 1370 eradicandi
2278 1325 2424 1381 sunt,
2456 1325 2511 1372 ct
2542 1315 2776 1371 fautores
2820 1315 3184 1380 inimicorum,
3218 1314 3285 1370 ab
3313 1314 3527 1386 episco-

1941 1408 2045 1478 pali
2075 1408 2457 1464 submovemns
2485 1409 2848 1464 accusatione.

2011 1501 2072 1556 ll.
2091 1501 2350 1558 Similiter
2377 1519 2443 1557 ne
2465 1500 3528 1574 summorumquispiamwadr.,col.l9),

1945 1595 2213 1650 minorum
2241 1596 2673 1652 accusationibus
2724 1596 3050 1667 impietatur,
3077 1606 3170 1650 aut
3192 1594 3482 1666 dispereat.

2006 1688 2092 1744 Ill.
2125 1688 2310 1761 Neque
2339 1689 2393 1745 in
2422 1707 2478 1746 re
2512 1691 2599 1763 (S.
2629 1689 2811 1763 Greg.,
2843 1707 2926 1762 ep.
2955 1691 3044 1757 30,
3081 1690 3196 1746 lib..
3229 1693 3342 1760 vin)
3384 1697 3532 1745 certa

1866 1776 1912 1835 B
1933 1781 2204 1851 judicetur
2245 1785 2532 1851 sententia,
2564 1800 2664 1840 nec
2707 1784 2873 1839 ullum
2899 1782 3158 1854 judicium
3179 1825 3194 1849 ,
3227 1783 3329 1838 nisi
3375 1782 3523 1839 ordi-

1939 1875 2186 1931 nabiliter
2215 1875 2478 1938 habitum.
2508 1887 2779 1933 teneatur.

2009 1968 2099 2025 IV.
2128 1967 2185 2025 Si
2211 1970 2333 2041 quis
2357 1985 2521 2040 super
2556 1971 2882 2041 quibuslibet
2927 1971 3243 2026 criminibus
3267 1970 3524 2025 clericum

1940 2061 2258 2132 pulsandum
2301 2062 2611 2129 crediderit,
2647 2063 2698 2116 in
2749 2063 3041 2132 provincia,
3077 2063 3130 2117 in
3157 2077 3261 2132 qua
3301 2059 3521 2134 (Hadr.,

1940 2156 2037 2210 col.
2071 2156 2128 2228 8)
2159 2156 2409 2211 consistit
2432 2156 2521 2212 ille
2555 2157 2644 2228 qui
2675 2155 2934 2228 pulsatur,
2969 2171 3093 2211 suas
3119 2163 3370 2210 exerceat
3397 2163 3420 2191 ο
3445 2169 3528 2208 ac-

1941 2250 2132 2314 tiones,
2162 2265 2262 2305 nec
2301 2250 2534 2304 mstimet
2565 2266 2686 2304 eum
2716 2257 2996 2305 accusator
3021 2247 3170 2315 alibi,
3198 2256 3291 2302 aut
3314 2246 3524 2317 longius

1933 2343 2351 2416 pertrahendam
2393 2345 2458 2398 ad
2482 2344 2764 2414 judicium.
2795 2342 2872 2397 Illi
2920 2357 3086 2410 vero,
3141 2341 3231 2412 (lui
3285 2339 3528 2412 pulsatus

1931 2437 2114 2504 fuerit,
2139 2437 2183 2491 si
2209 2435 2422 2506 judices
2446 2445 2726 2506 suspectos
2758 2433 3029 2501 habuerit,
3060 2433 3222 2490 liceat
3248 2431 3523 2504 appellare

1931 2529 2212 2600 primates.

2005 2623 2066 2675 V.
2099 2622 2362 2677 Primates
2408 2637 2623 2692 quoque
2671 2632 2980 2677 accusatum
3030 2619 3381 2675 discutientes
3407 2617 3522 2688 epi—

1928 2729 2172 2778 seowum,
2200 2729 2305 2769 non
2338 2723 2462 2768 ante
2490 2714 2810 2769 sententiam
2846 2715 3116 2784 proferant
3138 2710 3520 2777 damnationis,

1927 2821 2086 2876 quam
2117 2805 2408 2874 apostolica
2441 2804 2560 2860 freti
2605 2804 2943 2870 auctoritate,
2988 2815 3080 2858 aut
3122 2819 3270 2858 reum
3321 2819 3380 2857 se
3408 2801 3522 2872 ipse

1926 2901 2245 2954 confiteatur
2271 2899 2395 2970 (An.
2431 2900 2483 2952 in
2530 2907 2717 2963 const.,
2747 2898 2836 2952 lib.
2868 2913 2940 2962 Ix,
2989 2899 3068 2952 tit.
3097 2899 3186 2958 40,
3217 2896 3332 2952 cod.
3368 2894 3520 2962 The.,

1927 2995 2016 3061 Η,
2039 3010 2089 3064 q.
2113 2995 2168 3058 5,
2199 2993 2412 3046 lrritunt
2435 3010 2540 3048 esse
2558 2992 2955 3063 episcoporum),
2973 3003 3061 3047 aut
3086 3009 3180 3063 per
3207 2992 3520 3046 innocentes

1925 3101 1979 3145 et
2017 3090 2274 3145 canonice
2312 3089 2648 3144 examinatus
2683 3088 2997 3159 regulariter
3036 3097 3199 3143 testes
3226 3087 3517 3142 convinca-

253 3181 462 3237 llaztesis
489 3182 690 3254 quippe
718 3190 803 3237 est
831 3182 988 3236 nimis
1035 3182 1218 3254 impia,
1251 3191 1305 3238 et
1334 3183 1658 3252 evangelica:
1686 3184 1824 3237 veri-
1850 3163 1894 3227 (ἶ
1931 3191 2038 3238 tur.
2071 3183 2239 3238 Aliter
2263 3182 2465 3236 irritam
2498 3197 2618 3236 esse
2639 3195 2926 3237 censemus
2947 3190 3002 3235 et
3024 3179 3276 3250 injustam
3306 3178 3518 3248 episco-

253 3275 353 3329 L'llis
373 3276 608 3340 inimica,
628 3289 749 3345 quae
771 3289 877 3329 non
906 3275 1206 3344 portionem
1229 3274 1462 3345 aliquam
1491 3273 1708 3338 laedere,
1725 3273 1820 3329 sed

252 3368 344 3436 ipsa
371 3371 684 3425 christianos
727 3369 1002 3440 religionis
1030 3381 1258 3424 conatur
1298 3368 1644 3424 fundamenta
1692 3385 1823 3425 con-

255 3462 450 3519 vellere.
490 3463 872 3533 Quoscumque
904 3471 929 3499 η
956 3463 1100 3518 enim
1130 3464 1270 3535 rapit
1301 3461 1367 3516 ad
1396 3477 1476 3528 se,
1511 3477 1617 3516 non
1647 3462 1818 3517 solum

250 3555 292 3609 in
316 3556 405 3611 hoc
428 3557 645 3619 vitium,
675 3556 770 3612 sed
801 3557 852 3609 in
885 3555 1050 3609 multa
1078 3555 1180 3609 alia
1206 3555 1328 3610 vitia
1376 3570 1536 3611 ruere
1563 3555 1687 3609 facit
1722 3573 1735 3610 :
1766 3564 1821 3610 et

246 3647 342 3718 ipso
366 3649 631 3704 suadente
659 3649 881 3720 antiquo
900 3648 1075 3711 home,
1104 3664 1208 3703 non
1234 3648 1406 3704 solum
1439 3656 1816 3719 persecutores

246 3739 503 3807 Ecclesim,
538 3741 633 3796 sed
664 3744 826 3798 etiam
857 3740 1198 3796 sacerdotum
1223 3740 1362 3811 ejus,
1392 3739 1544 3795 fiunt.
1581 3739 1694 3796 Una
1717 3741 1816 3810 igi-

249 3843 319 3888 tur
345 3846 525 3889 mente
546 3835 817 3904 corrigere
838 3849 1091 3888 curemus
1117 3843 1172 3888 et
1198 3834 1546 3904 insequamur
1585 3834 1737 3898 tales,
1765 3844 1818 3887 et

243 3929 302 3984 ab
323 3930 480 3984 hoste
504 3945 602 3983 suo
625 3929 946 3987 Ecclesiam.
970 3929 1195 3998 ejusque
1218 3928 1405 3984 ﬁdeles
1432 3939 1486 3984 et
1510 3929 1818 3985 sacerdotes

242 4017 467 4087 Domini,
511 4021 747 4075 nitamur
794 4021 1043 4075 liberare.
1072 4021 1352 4074 Prwstabit
1400 4022 1544 4077 vires
1572 4022 1817 4092 omnipo-

245 4119 342 4167 tens
391 4113 712 4180 redemptor
761 4123 948 4167 noster
992 4113 1238 4171 cbaritati
1286 4122 1444 4183 atque
1481 4113 1812 4186 jnstitiar(S.

242 4193 394 4268 Greg.,
440 4215 531 4268 ep.
582 4198 672 4261 56,
727 4198 816 4250 lib.
870 4198 945 4270 tv)
973 4216 986 4251 :
1018 4198 1290 4268 prmstabit
1315 4200 1485 4266 nobis,
1512 4200 1666 4268 longe
1697 4215 1726 4254 a
1753 4216 1814 4256 se

239 4291 402 4356 positis
430 4332 445 4356 ,
503 4290 761 4344 unitatem
805 4288 1036 4358 Spiritus
1080 4291 1162 4344 sui
1217 4290 1350 4360 ipse,
1380 4306 1533 4358 cujus
1562 4291 1811 4357 artificio,

241 4385 373 4450 quasi
404 4387 456 4438 in
495 4398 635 4438 arca:
689 4383 930 4448 modum,
985 4394 1215 4452 quatuor
1268 4384 1451 4438 mundi
1503 4394 1811 4440 constructa

239 4473 497 4542 lateribus,
525 4489 685 4547 atque
716 4476 1120 4548 imputribilium
1164 4477 1428 4548 lignorum
1452 4493 1732 4549 compage,
1754 4488 1811 4534 et

238 4567 481 4627 bitumine
513 4571 792 4626 cbaritatis
819 4570 1070 4627 adstricta
1102 4580 1185 4626 est
1230 4572 1490 4636 Ecclesia,
1522 4582 1580 4628 ut
1611 4573 1808 4629 nullius

239 4662 548 4719 adversante
575 4663 829 4735 Spiritus,
859 4665 1057 4720 nullius
1082 4666 1347 4721 venientis
1372 4667 1706 4724 extrinsecus
1727 4677 1814 4722 tu-

239 4770 369 4814 more
395 4759 592 4814 fluctus
622 4761 982 4829 perturbetur.
1034 4759 1140 4815 Sed
1183 4760 1638 4830 quemadmodum
1671 4761 1816 4817 illius

238 4851 556 4916 gaderuante
583 4853 776 4922 gratia,
800 4850 1088 4919 petendum
1117 4861 1222 4916 est,
1253 4863 1313 4906 ut
1341 4852 1482 4907 nulla
1510 4867 1608 4907 nos
1628 4867 1816 4923 super-

238 4940 438 4996 veniens
472 4947 715 4998 exterius
743 4942 881 4998 unda
909 4943 1216 5012 conturbet,
1252 4944 1322 4998 ita
1369 4959 1434 4998 ex
1477 4946 1603 5000 totis
1653 4961 1811 5002 oran-

1929 3291 2116 3345 porum
2162 3275 2586 3336 damnationem,
2616 3284 2670 3329 et
2710 3272 2908 3328 idcirco
2933 3288 2960 3325 a
2993 3271 3201 3343 synodo
3229 3279 3522 3325 retractan-
3571 3303 3581 3317 .

1927 3367 2072 3432 dam,
2109 3369 2178 3422 ita
2215 3379 2272 3422 ut
2301 3367 2576 3438 oppressis
2601 3365 2669 3419 ab
2695 3366 2963 3432 omnibus,
3000 3366 3051 3419 in
3082 3363 3290 3418 eunetis
3318 3361 3513 3416 subve-

1926 3464 2102 3516 niatur
2126 3463 2326 3517 causis.

1995 3556 2086 3612 Vl.
2113 3558 2350 3612 Caveant
2380 3553 2564 3628 (Cone.
2601 3553 2804 3617 Carth.,
2837 3570 2912 3617 tv,
2952 3570 2998 3606 c.
3029 3551 3124 3622 28)
3174 3550 3382 3622 judices
3411 3548 3518 3604 Ec-

1923 3648 2123 3714 clesiae,
2155 3663 2222 3702 ne
2253 3648 2473 3701 absente
2501 3663 2566 3702 eo
2594 3647 2750 3716 cujus
2774 3661 2932 3701 causa
2961 3645 3264 3710 ventilatur,
3296 3649 3515 3697 senten-

1926 3743 2052 3797 tiam
2087 3743 2382 3813 proferant,
2415 3741 2538 3812 quia
2587 3741 2734 3795 irrita
2784 3739 2906 3806 erit,
2933 3739 3022 3810 qui
3053 3737 3214 3792 etiam
3255 3737 3516 3792 rationem

1924 3853 2022 3908 pro
2047 3837 2258 3891 actione
2285 3835 2508 3890 fratrum
2535 3835 2588 3889 in
2636 3833 2921 3904 prtesentia
2965 3832 3184 3887 dabunt.
3220 3829 3516 3885 Proditoris

1923 3945 2055 3984 vero
2086 3944 2183 3983 nec
2212 3925 2472 3984 calumnia
2494 3969 2508 3993 ,
2555 3940 2654 3981 nec
2677 3941 2781 3979 vox
2811 3921 2838 3960 ἀ
2861 3924 3125 3979 audiatur.
3175 3921 3341 3977 Nemo
3367 3922 3513 3976 enirn

1923 4020 2220 4076 debitorem
2269 4020 2499 4090 amplius
2529 4029 2698 4090 potest
2731 4033 3079 4090 cognoscere,
3105 4033 3262 4088 quam
3309 4015 3398 4071 ille
3425 4017 3518 4085 qui

1924 4113 2174 4182 injuriam
2227 4115 2452 4182 ejusque
2495 4112 2744 4166 sustinuit
2775 4110 2927 4184 (Cod.
2955 4109 3084 4165 The.
3109 4151 3124 4173 ,
3157 4119 3318 4164 const.
3349 4109 3403 4175 5,
3437 4110 3514 4163 tit.

1922 4206 2009 4270 10,
2036 4206 2124 4260 lib.
2159 4209 2214 4270 x)
2243 4205 2556 4276 nequitiam.
2589 4203 2790 4260 Omnes
2820 4219 2948 4274 ergo
2973 4203 3062 4274 qui
3092 4204 3143 4257 in
3171 4200 3384 4258 Christo
3413 4217 3512 4257 vo-

1916 4298 2031 4353 luut
2076 4299 2160 4367 pie
2187 4298 2366 4352 vivere
2403 4311 2622 4352 necesse
2650 4306 2734 4351 est
2763 4305 2819 4350 ut
2863 4296 2931 4350 ab
2959 4295 3134 4366 impiis
3159 4293 3512 4351 dissimilibus

1916 4389 2184 4460 patiantur
2215 4389 2522 4460 opprobria,
2551 4397 2607 4443 et
2657 4387 3020 4458 despiciantur
3049 4398 3316 4460 tamquam
3365 4388 3516 4443 stulti

1913 4491 1968 4536 et
1992 4481 2164 4538 insani
2211 4479 2445 4553 (Prosp.,
2476 4490 2602 4534 sent.
2635 4479 2724 4546 52,
2752 4496 2814 4534 ea:
2852 4481 2984 4550 Aug.
3013 4482 3066 4534 in
3090 4497 3166 4550 ps.
3198 4479 3388 4551 emt),
3414 4479 3507 4550 qui

1919 4575 2203 4647 praesentia
2254 4576 2390 4630 bona
2423 4574 2672 4646 perdunt,
2706 4585 2764 4630 ut
2793 4573 3075 4629 invisibilia
3106 4583 3159 4630 et
3213 4574 3388 4628 futura
3415 4589 3509 4629 ac-

1918 4670 2154 4740 quirant.
2201 4669 2484 4738 Despectio
2515 4677 2693 4723 tamen
2739 4679 2792 4722 et
2825 4668 3000 4722 irrisio
3041 4669 3224 4723 talium
3278 4669 3330 4722 in
3362 4667 3509 4738 ipsos

1918 4761 2318 4833 retorquebitur
2337 4761 2424 4832 qni
2455 4761 2602 4830 ipsos
2625 4761 2880 4816 infestant
2904 4778 2917 4812 :
2949 4761 3072 4831 quia
3099 4769 3153 4816 et
3182 4760 3512 4816 abundantia

1916 4869 2104 4911 eorum
2146 4855 2198 4909 in
2235 4865 2553 4926 egestatem,
2600 4863 2655 4909 et
2682 4853 2930 4924 superbia
2972 4854 3217 4910 transibit
3245 4856 3296 4908 in
3326 4853 3514 4909 confu-

1918 4949 2145 5003 sionem.
2177 4947 2513 5020 thuidquid
2539 4947 2703 5018 justis
2727 4947 3106 5002 adversitatum
3133 4945 3217 5000 vel
3247 4947 3514 5002 malorum

240 5031 348 5088 dum
373 5046 457 5090 est
484 5035 798 5102 visceribus,
847 5035 1014 5091 frater
1040 5037 1378 5101 cbarissime,
1409 5047 1466 5091 ut
1493 5051 1605 5092 suae
1636 5039 1812 5107 provi.
1839 5008 1893 5068 D
1919 5041 2207 5112 irrogatur.
2230 5057 2336 5095 non
2366 5052 2447 5095 est
2470 5054 2624 5111 pcena
2643 5039 2906 5105 criminis,
2924 5039 3017 5092 sed
3037 5039 3246 5094 virtutis
3262 5052 3511 5093 examen.

239 5125 413 5183 dentis:
463 5131 686 5186 dextera
731 5131 1004 5186 cumulum
1063 5132 1290 5186 sentina:
1332 5131 1486 5187 nobis
1542 5131 1810 5189 interioris

241 5222 522 5278 exhauriat.
561 5223 896 5279 Adversarius
944 5223 1145 5295 quippe
1193 5223 1450 5288 diabolus,
1481 5225 1572 5295 qui
1621 5235 1808 5280 contra

240 5311 448 5372 humiles
476 5320 723 5385 saeviens,
764 5321 894 5374 sicut
944 5320 1022 5372 leo
1073 5323 1278 5390 rugiens
1315 5320 1532 5387 circuit,
1583 5336 1814 5390 querens

240 5421 367 5471 quem
405 5409 606 5464 devoret
645 5411 688 5482 (Ι
717 5408 781 5466 S.
810 5409 981 5476 Petr.,
1021 5410 1114 5478 .v),
1146 5425 1249 5464 non
1268 5411 1402 5480 jam,
1425 5421 1485 5466 ut
1513 5412 1808 5477 cernimus,

241 5501 410 5557 caulas
444 5504 690 5559 cireuivit
717 5503 766 5568 δ,
796 5503 888 5559 sed
917 5505 989 5559 ita
1015 5502 1190 5558 valide
1219 5505 1270 5558 in
1291 5503 1604 5574 quibusdam
1627 5504 1814 5562 Eccle-

241 5591 320 5648 sia:
335 5600 649 5656 necessariis
670 5598 928 5656 membris
941 5598 1159 5655 dentem
1179 5598 1314 5670 figit,
1335 5607 1392 5653 ιιι
1414 5597 1546 5652 nulli
1564 5597 1806 5667 dubium,

1918 5134 1988 5189 Et
2014 5136 2152 5189 sicut
2176 5149 2387 5197 aurum,
2409 5143 2610 5204 quanto
2631 5133 2750 5202 plus
2775 5133 3112 5202 excoquitur,
3143 5141 3291 5186 tanto
3317 5130 3512 5186 melius

1915 5227 2150 5284 efficitur
2181 5247 2195 5282 :
2225 5228 2305 5282 sic
2326 5227 2524 5298 justus,
2555 5235 2757 5296 quanto
2781 5225 2901 5298 plus
2935 5226 3219 5280 tribulatur
3247 5224 3314 5296 (si
3337 5224 3509 5294 ipsam

1917 5321 2318 5378 tribulationem
2357 5321 2622 5390 patienter
2677 5319 2990 5389 portaverit)
3036 5305 3204 5372 multo
3245 5318 3428 5387 purior
3454 5329 3510 5374 et

1913 5415 2126 5470 cbarior
2157 5413 2267 5469 Deo
2292 5413 2548 5469 redditur.
2575 5412 2727 5469 Unde
2753 5413 2862 5481 ipsa
2892 5427 2988 5483 per
3029 5425 3088 5465 se
3131 5407 3340 5464 Veritas
3381 5409 3513 5465 dicit

1917 5507 2004 5580 (8.
2042 5507 2256 5573 Mattlt.,
2281 5504 2334 5578 v)
2356 5524 2368 5560 :
2393 5504 2539 5560 Beati
2556 5506 2642 5578 qui
2669 5506 3066 5574 persecutionem
3085 5502 3353 5572 patiuntur
3378 5519 3504 5575 pro-

1915 5609 2027 5671 pter
2051 5599 2329 5670 jnstitiam,
2354 5598 2595 5670 quoniam
2635 5597 2861 5667 ipsorum
2901 5604 2974 5649 est
3001 5609 3215 5664 regnum
3241 5594 3507 5652 calorum.

1423 5736 1800 5798 LECTIONES
1837 5737 2246 5797 VARIANTES.

286 5853 319 5950 ς
693 5857 821 5907 enim
847 5857 1002 5920 serpit
1029 5855 1173 5907 Lttbb.

1979 5857 2003 5886 °
2039 5854 2226 5906 Exerat
2253 5855 2398 5905 Labb.

1977 5917 2000 5953 ἀ
2037 5917 2402 5966 (ἶτδιηηιηίτιίην-ῐς
2426 5930 2516 5964 ww
2542 5927 2766 5981 umquam
2796 5915 2931 5966 MM).
