3994 6318
456 280 556 337 H7

1784 272 1839 341 β.
1886 267 2149 347 raucis
2192 268 2395 351 ιτικρλβ

3634 266 3744 337 με

448 396 528 452 De
550 392 742 450 talibus
769 388 1027 446 Dominus
1053 401 1148 459 per
1174 386 1362 442 Isaiam
1391 385 1649 456 loquitur,
1672 376 1859 439 dicens
1880 382 2040 455 (lsa.,
2070 388 2129 465 Α
2149 386 2280 456 ignis
2302 400 2477 441 eorum
2497 399 2599 439 non
2615 384 2956 455 extinguetur,
2973 391 3019 438 et
3039 392 3187 438 erunt
3205 385 3443 456 usquead
3458 384 3748 440 satietatem

452 490 598 561 LXVI)
627 504 640 539 :
671 485 855 540 Audite
897 481 1097 539 verbum
1128 478 1371 549 Damiui,.
1391 479 1477 553 qui
1507 476 1816 565 tremitis“
1844 494 1926 531 ver
1997 493 2061 530 nt.

455 584 584 656 ejus.
623 579 868 634 Dixerunt
897 576 1079 647 fratres
1109 574 1282 639 uestri,
1312 568 1645 641 odigntes'vos
1666 476 2053 717 Ἀλὶεὶἒι

453 683 659 717 mnnlm'
708 685 888 717 nomen
918 683 1083 717 meum
1112 684 1125 717 :
1159 664 1482 717 Glori/ieetur
1509 661 1662 717 Domi
1786 706 1801 717 .
1833 671 1879 717 et
2020 693 2043 703 -

1786 671 1820 733 ξ
1833 671 1879 717 et
1894 671 2043 733 pille-

455 584 584 656 ejus.
623 579 868 634 Dixerunt
897 576 1079 647 fratres
1109 574 1282 639 uestri,
1312 568 1645 641 odigntes'vos
1821 571 1906 638 jiei

455 683 659 746 prapter
708 685 888 724 nomen
918 683 1083 721 meum
1112 684 1125 719 :
1159 664 1482 734 Gloriﬁcetur
1509 568 1906 749 ιὶοηιὶςξέἐεῑι

453 683 659 746 prapter
708 685 888 724 nomen
918 683 1083 721 meum
1112 684 1125 719 :
1159 664 1482 734 Gloriﬁcetur
1509 661 1662 718 Domi

450 726 614 822 bimits
640 764 692 818 in
723 761 898 816 lwtitia
934 770 1098 814 vestra
1120 774 1139 812 :
1157 759 1257 829 ipsi
1272 766 1458 839 autem,
1488 726 2083 845 εφιίὶιῂζῖὶξηῗίἢξγέξί

452 858 630 929 populi
686 855 748 909 de
794 855 1015 918 civitate,
1048 869 1144 906 uox
1188 852 1250 905 de
1299 836 1507 921 templo,
1553 867 1652 904 vox
1682 836 1887 931 Dg‘f'gini
1919 836 2038 903 fed-

455 954 618 1008 dentis
644 949 1026 1006 retributionem
1044 946 1263 1000 inimicis
1291 946 1417 1001 suis.
1443 946 1721 1016 Antequam
1735 926 2045 1014 'parturiret,

452 1047 647 1120 peperit
674 1062 692 1097 :
721 1055 993 1113 antequam
1032 1040 1217 1094 veniret
1250 1048 1429 1110 partus
1468 1039 1597 1109 ejus,
1632 1038 1821 1109 peperit
1850 1053 2049 1090 mascu-

457 1144 583 1198 lum.
613 1141 740 1208 Quis
767 1139 961 1192 audivit
1000 1152 1239 1206 umquam
1270 1134 1372 1188 tale
1396 1134 1421 1187 ?
1449 1143 1494 1187 et
1537 1133 1650 1202 quis
1696 1133 1818 1186 ridit
1845 1132 1960 1186 huic
1988 1131 2053 1183 si-

453 1237 574 1290 mile
597 1233 623 1287 ?
654 1230 923 1301 Numquid
954 1227 1200 1300 parturiet
1238 1237 1372 1279 terra
1396 1226 1450 1279 in
1496 1225 1577 1279 die
1601 1225 1742 1278 una?
1768 1236 1853 1277 aut
1876 1233 2051 1292 partu-

455 1330 614 1383 rietur
642 1335 666 1363 ⁸
694 1343 816 1397 gens
843 1323 1014 1387 simul,
1035 1322 1152 1391 quia
1179 1319 1448 1393 parturioit
1471 1330 1517 1373 et
1541 1319 1735 1389 peperit
1758 1318 1887 1374 Sion
1914 1318 2050 1387 ﬁlios

455 1418 623 1475 suos?
656 1415 919 1489 Numquid
946 1430 1055 1485 ego,
1089 1414 1174 1478 qui
1218 1411 1346 1465 alios
1387 1427 1565 1481 parere
1613 1410 1767 1481 facio,
1808 1411 1917 1479 ipse
1943 1426 2045 1463 non

452 1513 678 1584 pariam,
710 1509 830 1563 dicit
859 1507 1110 1562 Dominus
1131 1505 1157 1557 .9
1186 1504 1252 1562 Si
1290 1520 1407 1574 ego,
1438 1504 1521 1573 qui
1549 1504 1923 1573 generationem
1950 1517 2051 1556 ea:-

460 1606 579 1661 teris
600 1604 784 1665 tribuo,
802 1601 986 1655 sterilis
1012 1616 1117 1664 ero,
1148 1599 1221 1652 ait
1243 1596 1499 1651 Dominus
1533 1596 1668 1651 Deus
1690 1606 1803 1650 tuus
1831 1597 1856 1648 ?
1878 1596 2048 1650 Laeta-

454 1697 583 1751 mini
611 1713 722 1751 cum
749 1691 1060 1758 Jerusalem,
1093 1703 1139 1745 et
1164 1691 1389 1745 exultate
1428 1693 1479 1744 in
1530 1706 1588 1741 ea
1615 1705 1788 1743 omnes
1815 1689 1902 1757 qui
1931 1689 2049 1743 dili-

2092 524 2103 553 ,
2155 480 2539 561 tvis‘ionis‘omni
2569 480 2734 557 egriti.
2768 475 2908 553 Quid
2951 478 3096 535 aliud
3148 477 3499 555 detrahentes
3544 478 3754 533 faciunt

2022 588 2053 633 ει
2088 562 2238 674 LJS.
2272 573 2453 674 (ἐνέβη
2617 591 2738 642 sui,
2767 574 2856 639 lib.
2889 578 3029 649 vni),
3063 575 3245 674 nisi-in
3285 575 3560 674 pultterem
3590 574 3752 641 ﬂant,

2152 678 2313 747 atque
2347 668 2397 722 in
2427 664 2613 722 oculos
2639 684 2766 722 suos
2811 678 3014 723 terram
3062 666 3336 723 excitant?
3365 666 3429 721 Et
3458 668 3599 722 unde
3628 667 3756 737 plus

2151 760 2559 817 dotractalionis
2600 760 2851 831 perﬂant,
2876 761 3011 823 inde
3043 762 3211 832 magis
3240 760 3370 815 nihil
3400 762 3645 816 veritatis
3665 762 3752 815 vi-

2152 854 2280 908 dent
2305 853 2331 905 ?
2353 852 2514 908 Tales
2557 862 2759 919 tamen,
2788 854 2955 909 frater
2981 852 3316 920 cbarissime,
3349 853 3594 924 portandi
3623 864 3757 908 sunt

2151 956 2203 1000 et
2234 945 2557 1016 Corrigendi,
2590 945 2711 1014 quia
2770 946 2896 999 cteci
2946 954 3088 1011 sunt,
3114 955 3159 998 et
3186 945 3338 999 duces
3375 961 3627 999 cmcorum
3659 944 3753 1018 (S.

2156 1040 2365 1107 ΜαιιΙι.,
2385 1038 2497 1111 xv).
2519 1040 2629 1107 His,
2655 1041 2985 1108 charissime,
3016 1038 3267 1111 respondi
3291 1041 3758 1097 breviterconsnl-

2154 1134 2224 1187 tis
2248 1133 2372 1199 tuis,
2396 1149 2514 1202 qua:
2542 1142 2592 1187 te
2619 1141 2675 1187 et
2703 1148 2892 1189 omnes
2915 1135 3199 1205 episcopos
3222 1133 3539 1203 regulariter
3562 1143 3759 1191 tenere

2153 1228 2486 1283 mandamus.
2522 1228 2688 1281 Tuam
2725 1238 2927 1296 tamen,
2960 1228 3146 1294 frater,
3187 1243 3468 1282 monemus
3516 1228 3761 1298 pruden-

2156 1324 2307 1391 tiam,
2351 1331 2406 1379 ut
2438 1338 2538 1396 pro
2566 1331 2709 1389 statu
2737 1321 2991 1389 Ecclesiae
3033 1330 3088 1376 ct
3111 1322 3451 1391 sacerdotum
3482 1320 3622 1392 ejus,
3653 1336 3761 1393 pro

2154 1418 2357 1472 viribus
2387 1416 2668 1470 elaborare
2686 1414 3001 1483 studeas,et
3020 1414 3263 1473 ordinem
3283 1424 3483 1481 sancta:
3512 1398 3761 1479 romanzn

2150 1520 2209 1569 et
2237 1511 2552 1581 apostolicae
2594 1510 2853 1566 Ecclesia:
2907 1523 3004 1578 per
3033 1509 3211 1575 omnia
3247 1518 3453 1573 teneas,
3483 1516 3537 1564 et
3561 1508 3760 1583 violari

2154 1613 2459 1660 sanctorum
2510 1602 2726 1657 decreta
2774 1617 2879 1656 non
2909 1603 3208 1672 permittas,
3248 1600 3344 1657 sed
3372 1617 3559 1661 omnes
3588 1618 3764 1675 quos-

2154 1713 2384 1768 cumque
2415 1696 2680 1768 potueris,
2728 1696 2957 1752 instruas
2978 1736 2994 1763 ,
3028 1705 3088 1750 ut
3116 1695 3416 1757 fructuosos
3448 1696 3765 1767 manipulus

458 1792 578 1864 gitis
615 1806 746 1843 eam.
783 1786 1013 1842 Gaudete
1036 1802 1152 1839 cum
1193 1800 1249 1837 ea
1275 1783 1493 1836 universi
1520 1784 1729 1854 gaudio,
1754 1781 1838 1850 qui
1865 1783 2048 1853 lugetis

2156 1792 2376 1846 Domino
2396 1798 2760 1860 repruisentes.
2784 1788 2934 1842 Vale.
2972 1790 3099 1851 [lata
3127 1789 3280 1849 nonis
3305 1798 3327 1824 ο
3352 1788 3763 1865 juqii,Claudio

454 1898 607 1955 super
635 1896 764 1945 eam,
790 1888 842 1931 ut
867 1878 1060 1948 sugatis
1087 1885 1133 1928 et
1154 1874 1450 1945 repleamini
1476 1872 1539 1927 ab
1560 1873 1709 1927 ubere
1736 1874 2045 1927 consolatio-

454 1974 691 2045 nisejus,
724 1982 778 2025 ut
800 1970 1063 2041 mulgeatis
1110 1978 1158 2021 et
1191 1968 1385 2021 deliciis
1412 1967 1640 2038 afﬂuatis
1666 1966 1729 2019 ab
1754 1966 2049 2021 omnimodo

454 2069 618 2140 gloria
635 2069 764 2137 ejus,
795 2065 915 2134 quia
948 2063 1054 2117 lucc
1070 2062 1191 2115 dicit
1217 2059 1644 2115 Dominus:Ecce
1669 2076 1760 2131 ego
1785 2059 2048 2114 declinabo

453 2178 608 2233 super
635 2176 746 2214 eam
794 2158 939 2228 quasi
986 2157 1198 2227 ﬂuvium
1228 2156 1390 2226 pacis,
1422 2164 1470 2207 et
1492 2155 1616 2226 quia
1645 2164 1914 2208 torrentem
1963 2155 2046 2207 in-

450 2258 730 2312 undantem
775 2254 992 2326 gloriam
1035 2254 1259 2324 gentium
1294 2266 1448 2323 quam
1504 2250 1714 2321 sugetis.
1759 2249 1839 2303 Ad
1890 2252 2046 2313 ubera

459 2349 808 2422 portabimini,
825 2358 871 2402 et
897 2363 1048 2417 super
1067 2361 1230 2416 genua
1260 2344 1583 2398 blandientur
1600 2343 1758 2398 vobis.
1783 2342 2049 2409 Quomodo

457 2444 502 2499 si
532 2444 615 2498 cui
666 2450 828 2495 mater
881 2439 1208 2505 blandiatur,
1238 2439 1311 2491 ita
1337 2453 1427 2509 ego
1457 2436 1757 2492 consolabor
1781 2454 1896 2502 vos,
1928 2449 1972 2491 et
1997 2438 2051 2491 in

453 2536 740 2591 Jerusalem
787 2530 1188 2587 consolabimiui.
1244 2530 1522 2593 Videbitis,
1571 2542 1617 2584 et
1658 2531 1896 2601 gaudebit
1962 2547 2050 2585 cor

455 2642 695 2693 oestrum,
744 2639 791 2684 et
831 2644 946 2682 ossa
988 2636 1151 2680 vestra
1196 2626 1323 2679 sicut
1349 2625 1531 2694 {herba
1579 2626 1947 2697 germinabunt.
1981 2626 2051 2680 Et

452 2734 779 2797 cognoscetur
830 2738 1007 2775 manus
1050 2719 1258 2773 Domini
1302 2721 1456 2773 servis
1484 2721 1612 2789 ejus,
1635 2728 1683 2774 et
1702 2721 2051 2792 indignabitur

451 2821 668 2875 inimicis
694 2818 818 2873 suis.
842 2816 975 2882 Quia
1004 2831 1114 2869 ecce
1140 2812 1389 2869 Dominus
1412 2815 1465 2867 in
1491 2815 1609 2887 igne
1632 2816 1813 2881 veniet,
1843 2826 1888 2869 et
1909 2817 2053 2885 quasi

455 2914 600 2967 turbo
636 2911 885 2982 quadriga
910 2907 938 2947 1’
976 2910 1085 2980 ejus
1110 2951 1125 2973 ,
1161 2908 1371 2961 reddere
1417 2908 1765 2980 indignatione
1815 2913 2044 2980 furorem

454 3021 623 3069 suum,
647 3013 692 3057 et
724 3002 1121 3068 increpatiouem
1150 3016 1293 3052 suam
1322 3001 1373 3053 in
1404 3000 1614 3068 ﬂantum
1644 3001 1792 3071 ignis.
1829 3001 1961 3067 Quia
1989 3006 2042 3054 in

457 3119 576 3190 igne
606 3116 852 3191 Dominus
898 3116 1143 3187 dijudieat
1171 3125 1216 3179 ο,
1250 3125 1294 3167 et
1336 3116 1387 3168 in
1417 3116 1589 3185 gladio
1619 3133 1711 3169 suo
1738 3115 1805 3170 ad
1845 3134 2046 3187 omnem

456 3229 681 3277 carnem,
717 3222 761 3266 et
805 3208 1277 3285 multiplicabuntur
1323 3211 1575 3283 interfecti
1603 3228 1634 3263 a
1662 3209 1902 3265 Domino.
1950 3211 2048 3279 Qui

454 3303 929 3375 sancti/imitantur,
961 3312 1007 3356 et
1036 3302 1250 3357 mundos
1281 3320 1333 3357 se
1358 3301 1601 3372 putabant
1653 3304 1705 3357 in
1756 3305 1913 3358 ltortis
1938 3315 2048 3376 post

454 3401 669 3470 ianuam
698 3399 1017 3462 intrinsecus,
1050 3399 1139 3463 qui
1162 3386 1485 3449 eomedebant
1512 3414 1713 3450 carnem
1754 3399 1978 3461 suillam,
2003 3408 2049 3452 et

459 3493 912 3555 abominationem,
959 3500 1004 3543 et
1056 3505 1293 3543 murem:
1338 3490 1489 3545 simul
1519 3503 1895 3559 cousumentur,
1928 3492 2049 3555 dicit

453 3586 723 3643 Dominus.
762 3584 871 3656 Ego
898 3592 1062 3637 autem
1091 3600 1245 3657 opera
1288 3600 1483 3649 eorum,
1533 3596 1577 3638 et
1610 3588 1937 3657 cogitationes
1965 3605 2048 3641 eo-

456 3701 590 3749 rum,
620 3683 761 3738 veuio
791 3691 845 3734 ut
870 3696 1167 3752 congregem
1206 3696 1319 3732 cum
1362 3679 1591 3733 omnibus
1620 3682 1849 3751 gentibus
1876 3692 1921 3736 et
1950 3684 2048 3735 liu-

453 3780 566 3849 guis
592 3795 610 3832 :
641 3787 687 3831 et
730 3776 925 3829 venient
956 3784 1002 3827 et
1045 3773 1281 3825 videbunt
1311 3773 1529 3844 gloriam
1560 3790 1743 3839 meam,
1788 3784 1833 3828 et
1861 3793 2046 3847 ponam

454 3876 509 3931 in
539 3872 610 3929 eis
639 3870 859 3942 signum.
890 3867 959 3922 Et
989 3876 1186 3923 mittant
1222 3882 1284 3919 ea:
1310 3869 1380 3919 eis
1409 3868 1498 3934 qui
1530 3867 1712 3920 salvati
1738 3868 1945 3938 fuerint,
1979 3868 2047 3920 ad

438 3974 624 4059 ﬂentes
653 4007 666 4026 ,
696 3965 748 4018 in
796 3963 956 4029 muri,
983 3964 1035 4015 in
1066 3963 1262 4033 Africa,
1292 3961 1344 4013 in
1375 3958 1539 4030 Lydia
1560 3954 1586 3995 ἀ
1617 3959 1873 4015 tendentes
1892 3961 2048 4034 sagit-

456 4071 558 4117 tam
590 4062 641 4115 in
688 4057 921 4123 Italiam,
955 4066 1000 4111 et
1032 4055 1301 4125 Grteciam,
1336 4057 1404 4113 ad
1432 4055 1629 4111 insulas
1670 4055 1838 4126 longe,
1870 4055 1938 4108 ad
1963 4072 2046 4109 eos

455 4157 542 4229 qui
563 4171 664 4208 non
693 4150 964 4205 audierunt
986 4149 1048 4202 de
1068 4168 1167 4217 me,
1182 4161 1228 4206 et
1253 4170 1351 4207 non
1380 4151 1607 4205 viderunt
1627 4149 1844 4222 gloriam
1861 4164 2043 4201 meam.

456 4249 524 4305 Et
559 4245 933 4301 annuntiubunt
963 4244 1181 4315 gloriam
1232 4262 1394 4299 meam
1424 4245 1673 4316 gentibus,
1720 4252 1765 4297 et
1792 4241 2047 4307 adducent

459 4357 630 4397 omnes
655 4339 841 4410 fratres
858 4346 1045 4390 vestros
1066 4341 1126 4392 de
1138 4342 1327 4393 cunctis
1342 4340 1568 4410 gentibus
1585 4339 1773 4391 donum
1800 4334 2042 4403 Domino,

453 4435 509 4497 in
538 4433 697 4503 equis,
740 4443 785 4486 ct
815 4434 867 4489 in
892 4431 1175 4504 quadrigis,
1208 4440 1253 4483 et
1285 4434 1335 4483 in
1365 4431 1575 4495 lecticis,
1624 4438 1669 4481 et
1695 4430 1747 4489 in
1795 4427 1967 4493 mulis,
2001 4437 2047 4480 et

452 4531 509 4585 in
547 4530 773 4585 carrucis
807 4530 875 4584 ad
914 4538 1133 4582 montem
1177 4537 1407 4581 sanctum
1438 4542 1604 4581 meum
1630 4522 1939 4586 Jerusalem,
1970 4522 2048 4574 di-

454 4626 521 4680 cit
547 4623 798 4680 Dominus
826 4622 1117 4695 :quomodo
1147 4622 1189 4674 si
1218 4621 1436 4692 inferant
1465 4618 1561 4688 ﬁlii
1594 4618 1757 4685 Israel
1788 4633 1969 4670 munus
1993 4616 2045 4668 iu

457 4733 575 4773 vase
627 4716 815 4770 mundo
858 4716 910 4769 in
961 4713 1109 4769 domo
1146 4712 1366 4767 Domini.
1400 4711 1469 4766 Et
1497 4728 1752 4767 assumam
1794 4726 1856 4764 ex
1886 4710 1956 4765 eis
1995 4709 2047 4763 in

450 4813 735 4869 sacerdotes
757 4822 802 4865 et
831 4812 885 4864 in
912 4808 1105 4875 levitas,
1135 4807 1253 4861 dicit
1276 4806 1527 4861 Dominus
1562 4823 1577 4860 :
1606 4805 1739 4872 Quia
1766 4804 1889 4860 sicut
1934 4788 2060 4857 coeli

457 4904 593 4985 novi,
628 4911 673 4957 et
700 4912 834 4957 terra
865 4920 1014 4971 nova,
1041 4916 1154 4974 qua:
1206 4916 1299 4971 ego
1340 4901 1474 4971 facio
1502 4907 1635 4953 stare
1655 4914 1826 4953 coram
1853 4912 1952 4963 me,
1968 4896 2049 4949 di-

454 4999 522 5055 cit
545 4998 815 5062 Dominus,
838 4997 909 5052 sic
937 4998 1087 5052 stabit
1107 5013 1274 5054 semen
1298 5005 1515 5049 vestrum
1540 5001 1585 5047 et
1608 5008 1788 5046 nomen
1810 5000 2045 5046 vestrum.

450 5091 519 5148 Et
549 5093 639 5148 erit
664 5090 849 5145 mensis
888 5108 949 5146 ea:
977 5108 1162 5157 mense,
1201 5099 1246 5144 et
1290 5087 1549 5143 sabbatum
1570 5102 1632 5140 ea:
1659 5084 1864 5140 sabbato
1891 5093 1934 5139 et
1961 5099 2041 5138 ve-

450 5188 551 5242 niet
580 5187 717 5240 omni
749 5200 916 5251 scaro,
947 5194 1000 5239 ut
1026 5187 1198 5241 adoret
1244 5199 1415 5238 coram
1458 5181 1588 5254 faeie
1614 5197 1744 5246 mea,
1787 5180 1905 5235 dicit
1942 5179 2048 5234 Do-

446 5282 633 5334 minus.
656 5277 725 5333 Et
746 5278 1121 5349 egredienturet
1150 5276 1384 5332 videbunt
1416 5275 1664 5330 cadavera
1689 5274 1933 5339 virorum,
1960 5273 2048 5343 qui

447 5371 767 5443 prazvaricati
810 5378 929 5425 sunt
953 5372 1010 5426 in
1037 5386 1134 5426 me.
1161 5368 1357 5424 Vermis
1383 5384 1555 5423 eorum
1574 5383 1676 5423 non
1702 5366 1962 5430 morietur,
1994 5372 2041 5417 et

2154 1893 2208 1940 et
2238 1880 2561 1938 Aurelianof
2600 1881 2731 1936 viris
2758 1880 3070 1935 clarissimis
3093 1881 3431 1938 consnribus.

2738 2042 3066 2100 EPISTULA
3107 2041 3172 2099 II.

2296 2175 2361 2214 DE
2403 2172 2772 2214 AUCTORITATE
2810 2173 3008 2214 marcus
3046 2173 3193 2213 SEDIS
3232 2171 3570 2229 Aposroucs:
3593 2197 3608 2222 ,

2294 2262 2315 2287 ο
2510 2246 2577 2285 ΕΤ
2618 2246 2684 2285 DE
2725 2245 2985 2285 EPISCOPIS
3023 2245 3307 2285 ACCUSATIS
3338 2239 3389 2284 g.

2158 2369 2307 2425 Felix
2349 2370 2617 2442 episcopus
2664 2370 2913 2427 uniuersis
2959 2368 3211 2440 episcopis
3255 2382 3346 2437 per
3390 2363 3579 2427 Gallia:
3627 2380 3759 2435 pro-

2390 2463 2580 2518 vincias
2608 2464 2913 2528 constitutis,
2941 2464 2994 2519 in
3028 2461 3246 2518 Domino
3277 2461 3511 2519 salutem.

2224 2600 2497 2657 Bonorum
2520 2615 2742 2671 operum
2772 2608 2827 2655 et
2857 2597 3209 2671 spiritualium
3243 2594 3543 2651 studiorum
3575 2594 3752 2649 Deum

2153 2705 2426 2751 auctorem
2478 2707 2599 2749 esse
2638 2691 2724 2765 (S.
2760 2689 2885 2745 Leo.
2937 2707 3023 2760 ep.
3068 2689 3159 2759 32)
3221 2703 3327 2742 non
3374 2686 3595 2741 dubium
3639 2694 3748 2751 est,

2154 2786 2243 2858 qui
2272 2802 2458 2843 eorum
2488 2785 2672 2839 incitat
2709 2796 2918 2847 mentes
2954 2793 3011 2839 et
3058 2781 3275 2853 adiuuat
3299 2779 3563 2837 actiones.
3593 2776 3753 2834 Unde

2155 2881 2326 2943 uetari
2356 2895 2443 2937 me
2468 2879 2715 2937 fecerunt
2738 2878 2935 2947 scripta
2962 2886 3138 2932 vestra
3159 2915 3176 2941 ,
3205 2890 3272 2931 ex
3300 2875 3444 2935 bono
3492 2873 3671 2937 studio
3701 2881 3760 2927 et

2153 2986 2219 3029 ex
2266 2973 2570 3043 integritate
2617 2972 2738 3031 tidei
2769 2969 3069 3029 devotionis
3097 2979 3291 3024 vestra:
3322 2985 3334 3020 :
3366 2966 3462 3023 sed
3484 2981 3548 3022 ex
3574 2964 3760 3021 afﬂic-

2156 3064 2301 3125 tione
2327 3076 2381 3119 et
2406 3064 2730 3123 mntritione
2756 3074 2935 3119 vestra
2956 3077 3148 3132 magna
3176 3076 3246 3127 ex
3273 3068 3424 3130 parte
3445 3060 3762 3127 tristavere.

2075 3196 2119 3259 Ο
2156 3156 2346 3215 Tristis
2375 3158 2549 3222 enim,
2599 3156 2778 3213 tristes
2820 3154 2992 3225 (Petri
3018 3153 3343 3225 Chrysologi,
3370 3168 3452 3223 ep.
3484 3150 3552 3207 ad
3582 3149 3764 3223 Eutg.

2153 3248 2318 3319 client)
2350 3249 2450 3319 legi
2485 3249 2693 3303 litteras
2722 3256 2961 3311 vestras.
2989 3255 3043 3303 et
3072 3248 3271 3317 scripta
3295 3255 3483 3305 maesta
3513 3259 3763 3311 mcerorc

2152 3343 2335 3403 debito
2374 3342 2615 3412 percurri
2648 3360 2662 3398 :
2694 3344 2818 3413 quia
2863 3341 3002 3409 sicut
3047 3356 3148 3401 nos
3195 3340 3559 3405 Ecclesiarum
3611 3355 3759 3411 pas,

2153 3436 2601 3507 sacerdotumqne
2630 3436 2747 3506 ejus
2783 3434 3074 3493 concordia
3103 3442 3158 3499 et
3192 3432 3547 3504 tranquillitas
3579 3433 3764 3504 plcb:8

2150 3532 2337 3589 audire
2364 3527 2391 3571 ιι
2433 3532 2556 3591 facit
2595 3531 2843 3600 gaudium
2879 3528 2923 3594 ί,
2965 3528 3033 3585 ita
3081 3542 3179 3582 nos
3227 3526 3418 3598 afﬂigit
3458 3538 3516 3585 et
3564 3527 3765 3596 dejicit

2152 3622 2386 3687 fraterna
2428 3622 2668 3678 afﬂictio.
2702 3622 2811 3678 Vos
2838 3631 3017 3679 tamen
3066 3620 3231 3675 nolite
3273 3620 3501 3687 multum
3549 3618 3761 3674 tristari

2150 3715 2235 3787 (S.
2270 3715 2423 3786 Greg.
2471 3732 2551 3783 ep.
2587 3715 2685 3779 45,
2718 3714 2807 3777 lib.
2877 3714 3019 3783 VIII),
3067 3712 3190 3783 quia
3237 3712 3376 3767 sicut
3409 3710 3522 3780 ipsa
3561 3726 3659 3780 per
3695 3725 3765 3781 se

2153 3809 2366 3867 Veritas
2395 3809 2472 3867 ait
2499 3826 2511 3861 :
2542 3809 2604 3863 Si
2639 3808 2700 3865 de
2726 3809 2819 3863 ltoc
2845 3807 3038 3863 mundo
3076 3806 3331 3876 fuissetis,
3365 3804 3586 3860 mundus
3615 3808 3765 3874 quod

2151 3918 2302 3957 suum
2322 3912 2452 3963 erat.
2472 3902 2707 3973 diligeret
2737 3916 2757 3954 :
2784 3900 2875 3955 sed
2894 3900 3014 3970 quia
3043 3900 3108 3955 de
3128 3900 3223 3952 hoc
3252 3898 3443 3953 mundo
3467 3914 3568 3952 non
3595 3900 3763 3966 estis,

2154 3995 2243 4051 sed
2266 4013 2356 4067 ego
2388 3996 2511 4066 elegi
2536 4011 2621 4049 vos
2650 3995 2714 4055 de
2745 3994 2954 4057 mundo,
2983 4003 3252 4063 propterea
3274 3992 3382 4046 odit
3410 4007 3497 4045 vos
3525 3990 3767 4057 mundus

2160 4089 2246 4158 (S.
2301 4087 2481 4154 Jonn.,
2510 4085 2627 4157 xv),
2676 4086 2727 4140 id
2775 4095 2878 4149 est,
2932 4084 3115 4151 mundi
3142 4092 3432 4140 amatores.
3477 4081 3766 4152 Quidquid

2159 4194 2336 4240 tamen
2375 4183 2427 4237 bi
2476 4182 2783 4252 loquantur,
2831 4189 2925 4236 aut
2965 4179 3253 4243 adversum
3291 4193 3387 4232 vos
3431 4186 3619 4249 agant,
3654 4192 3766 4233 vos

2151 4286 2330 4332 tamen
2375 4292 2591 4345 semper
2632 4276 2895 4345 integram
2942 4280 3163 4328 servate
3214 4270 3412 4335 fidem,
3458 4280 3513 4325 ct
3557 4284 3766 4339 puram

2151 4372 2408 4426 habetote
2447 4370 2873 4433 conscientiam,
2915 4377 2968 4421 ut
2998 4368 3193 4439 integer
3237 4365 3451 4435 spiritus
3489 4374 3536 4418 et
3573 4364 3766 4421 anima

2149 4477 2376 4522 servetur
2402 4468 2454 4519 in
2484 4466 2567 4520 die
2586 4464 2795 4525 Domini
2827 4463 2870 4528 ll
2912 4462 3091 4529 Tltes.,
3122 4462 3199 4531 ν).
3225 4459 3334 4515 Nos
3360 4474 3490 4514 vero
3521 4458 3587 4513 ad
3614 4475 3766 4531 snp-

2073 4592 2126 4653 D
2154 4562 2483 4630 plementum
2528 4568 2763 4613 vestrum
2811 4557 3005 4611 fratres
3035 4562 3091 4609 et
3134 4555 3490 4624 coepiscopos
3534 4562 3766 4611 nostros

2151 4656 2460 4710 vocavimus
2476 4653 2708 4723 amplius
2730 4666 2887 4721 quam
2904 4649 3264 4720 septuaginta,
3280 4662 3402 4702 cum
3424 4645 3620 4716 quibus
3635 4646 3764 4703 lunc

2151 4766 2272 4821 (line
2297 4750 2481 4805 subter
2500 4747 2766 4801 habentur
2781 4745 3003 4808 inserta,
3018 4740 3338 4812 regulariter
3360 4738 3641 4797 tractanda
3661 4738 3763 4796 de-

2152 4844 2443 4902 crevimus.
2467 4840 2678 4896 Vestris
2699 4839 2842 4893 enim
2867 4835 3110 4903 epistolis
3130 4835 3184 4889 in
3209 4833 3451 4888 omnium
3473 4832 3760 4890 audienti:

2153 4939 2439 5012 perlectis,
2484 4951 2602 5006 qum
2650 4933 2845 4991 multas
2894 4930 2991 5003 (ut
3033 4926 3246 4999 nostis)
3291 4926 3662 4997 querimonias
3696 4938 3763 4984 et

2152 5026 2530 5103 opp'ressioncs
2562 5028 2613 5080 in
2636 5042 2695 5080 se
2721 5021 3070 5079 continebant
3098 5029 3305 5076 vestras
3322 5063 3338 5087 ,
3372 5020 3719 5091 decretisque
3736 5064 3757 5090 ,

2152 5142 2272 5199 qua:
2293 5133 2418 5180 sunt
2448 5121 2515 5176 de
2540 5116 2973 5175 accusationibus
2998 5114 3375 5187 episcoporum
3394 5155 3409 5181 ,
3443 5126 3627 5170 sancta
3653 5129 3756 5187 sy-

2223 5283 2305 5355 (t)
2356 5278 2539 5353 Falsas
2582 5290 2695 5331 cos.
2747 5282 2874 5333 nota
2919 5287 3319 5361 quamcumque
3368 5280 3421 5330 te
3461 5281 3643 5337 vertas
3692 5273 3755 5331 in

2152 5364 2382 5427 partem.

1685 5479 2065 5539 LECTIONES
2099 5465 2515 5539 VABIANTES.

514 5576 543 5607 ⁸
576 5575 808 5627 Parietur
832 5574 976 5629 Labb.

507 5632 538 5672 Β
574 5638 831 5695 Quadrigas
856 5638 981 5689 Lablt

512 5653 538 5672 υ
574 5653 831 5699 quadrigae
856 5653 1000 5690 ωου.

512 5702 536 5771 εξ
572 5698 867 5771 ρίβιισίοριιμ
893 5701 1040 5752 Law.

512 5760 548 5853 (ἶ
572 5758 721 5871 iiii:
967 5823 1095 5877 uno

2208 5565 2231 5611 τ
2271 5565 2544 5619 Mariniano
2568 5557 2715 5612 Labb.

2208 5632 2235 5672 ⁸
2273 5624 2332 5679 Et
2355 5627 2419 5677 de
2446 5626 2692 5676 memoriis
2714 5626 2895 5684 martyr

2212 5692 2245 5732 ιι
2275 5691 2425 5741 Adire
2450 5686 2594 5740 Labb.

2898 5631 2981 5669 um
3004 5618 3147 5671 Labb.

2124 5790 2135 5805 χ
2219 5756 2236 5797 t
2278 5752 2507 5805 Gaudere
2531 5749 2644 5801 facit
2664 5746 2846 5813 gaudio
2869 5744 3064 5797 caelesti
3088 5743 3235 5797 Labb.
