3994 6318
481 318 581 374 liii

1803 309 1862 363 S.
1904 301 2173 360 FELICIS
2213 300 2418 357 PAPE

3648 306 3741 361 15‘!

482 452 593 490 mus
615 476 628 502 ,
680 433 988 488 reconciliati
1035 446 1206 487 sumus
1254 428 1362 484 Deo
1417 446 1506 499 per
1544 436 1755 481 ntortem
1787 423 1913 480 Filii
1958 425 2068 484 eius
2094 424 2150 484 Α
2172 419 2313 475 enim
2346 429 2401 475 et
2437 419 2763 476 contumelia
2798 420 2852 476 in
2893 417 3370 491 loquela(Eccles.,
3402 418 3481 490 v),
3506 428 3557 475 et
3586 420 3633 475 in
3672 421 3741 475 lo-

483 527 663 602 (Roin.
696 526 773 598 ν),
822 543 918 583 cur
944 524 1281 595 insequimur
1311 522 1540 579 fratres?
1566 520 1676 578 Cur
1705 519 2084 593 perturbamus

482 630 682 678 Statum
724 620 981 675 Ecclesia:
1015 620 1142 684 Dei,
1192 629 1244 673 ct
1273 632 1367 671 eos
1395 617 1484 688 qui
1526 616 1576 670 ei
1614 616 1819 670 servire
1846 614 2081 681 debent,

484 713 806 785 efﬂigimus?
864 712 1126 785 Martyres
1166 712 1309 768 enim
1358 711 1498 781 passi
1547 707 1672 764 su'nt
1717 709 1873 779 (idem
1924 707 2081 761 Cone.

485 806 626 879 cit.),
651 822 755 862 non
780 817 955 863 tamen
978 809 1173 863 animae
1195 822 1381 863 eorum
1402 806 1594 862 occisa:
1615 814 1740 859 sunt
1768 808 1818 859 in
1840 804 2084 873 corporis

486 901 769 970 passione,
798 915 893 955 ore
930 899 1180 955 Veritatis
1206 906 1493 954 attestante
1526 915 1538 951 :
1572 895 1748 951 Nolite
1787 897 1961 950 timere
2001 912 2084 950 eos

484 992 574 1063 qui
605 992 840 1047 occidunt
881 1007 1099 1061 corpus,
1129 992 1352 1046 animam
1382 1000 1549 1045 autent
1586 1006 1686 1044 non
1710 999 1920 1062 possunt
1946 989 2086 1043 occi-

482 1084 604 1138 dere
659 1084 721 1157 (l
773 1084 961 1140 Matth.
999 1084 1081 1156 ι).
1133 1083 1233 1140 Ubi
1284 1085 1502 1155 agnosci
1548 1093 1795 1154 oportet,
1843 1082 1983 1153 quod
2037 1083 2080 1137 si

486 1179 683 1233 animm
748 1191 1079 1251 martyrum,
1144 1193 1373 1249 corpore
1429 1190 1744 1250 perempto,
1809 1175 2081 1247 suppliciis

484 1272 720 1343 extingui
764 1286 869 1325 non
915 1279 1171 1343 possunt,
1201 1286 1302 1326 nec
1344 1270 1538 1325 animae
1586 1268 1993 1339 prazdicatorum
2030 1278 2083 1324 et

483 1363 768 1419 doctorum
802 1364 1053 1436 persequi
1093 1362 1438 1429 debuissent,
1468 1372 1557 1417 aut
1591 1362 1929 1434 perturbari,
1961 1369 2017 1416 et
2052 1377 2080 1414 a

486 1456 581 1511 Dei
612 1456 869 1511 famulatu
907 1457 1107 1519 averti,
1147 1445 1272 1528 qtiia
1306 1472 1426 1511 cum
1468 1455 1786 1524 corporibus
1816 1470 1920 1508 nntt
1952 1453 2082 1509 deli-

482 1551 651 1605 ciunt.
673 1550 830 1605 Tales
850 1563 1026 1608 autem
1058 1552 1458 1621 perturbatores
1482 1551 1740 1606 Ecclesia:
1770 1564 1875 1604 non
1904 1549 2081 1604 Solum

482 1642 743 1716 prmdicta
770 1655 932 1715 agunt
982 1643 1123 1699 mala
1144 1688 1160 1712 ,
1191 1645 1284 1700 sed
1316 1656 1370 1700 et
1401 1644 1690 1699 memorias
1731 1641 1909 1714 (Cone.
1944 1639 2081 1695 Gan-

481 1751 682 1805 grense,
715 1752 829 1806 cap.
857 1735 949 1802 20,
978 1737 1165 1807 interp.
1194 1734 1380 1808 Dion.)
1411 1747 1705 1808 martyrum
1736 1745 2077 1790 execrantur.

2186 512 2343 582 quela
2371 512 2565 583 lingua:
2586 510 2822 568 hominis
2844 522 2870 549 ³
2902 526 3060 567 casus
3090 512 3234 566 illius
3262 521 3362 567 est.
3387 510 3608 583 Ideoque
3629 528 3743 569 con-

2188 604 2414 659 veniens
2445 614 2556 668 est,
2592 605 2731 659 hanc
2760 604 2977 674 quidem
3008 604 3370 659 ostensiouem
3402 602 3747 674 reprehensio-

2191 712 2318 752 num
2355 696 2566 752 illorum
2599 697 2798 752 nostris
2826 696 3034 752 actibus
3076 697 3261 761 inseri,
3308 711 3376 751 ne
3416 697 3628 763 ulterius
3650 697 3745 767 jam

2193 790 2315 844 talia
2349 790 2647 858 patiamini,
2677 791 3067 847 seminantibus
3096 789 3173 845 eis
3202 789 3402 844 zizania
3428 799 3479 844 et
3497 790 3745 855 st'andala,

2186 883 2281 940 sed
2321 883 2487 939 lauari
2529 884 2581 939 in
2623 884 2816 939 ofliciis
2854 893 2909 940 et
2947 883 3286 955 dogmatibus
3330 883 3519 938 vestris
3559 898 3747 939 merea-

2188 975 2341 1030 mini.
2374 976 2540 1048 Igitur
2580 977 2938 1039 erubescant,
2980 993 3043 1031 ac
3075 976 3198 1031 talia
3229 984 3284 1033 et
3322 974 3618 1045 hujusmodi
3653 974 3751 1029 bla-

2185 1069 2487 1138 Sphemiam
2537 1069 2858 1125 subtrahere
2902 1070 3182 1133 lestinent,
3220 1069 3264 1123 si
3309 1067 3571 1122 noluerint
3612 1081 3639 1120 a
3672 1081 3750 1121 sa-

2186 1162 2448 1216 cerdotali
2516 1172 2703 1219 nostro
2763 1163 2994 1234 collegio
3060 1161 3357 1233 segregati,
3423 1171 3475 1215 et
3529 1175 3557 1212 a
3610 1159 3752 1214 totius

2186 1251 2465 1307 christiani
2507 1253 2687 1323 pepuli
2732 1254 2988 1310 societate
3017 1254 3221 1309 divelli.
3251 1253 3400 1308 Licet
3442 1265 3661 1322 namque
3695 1249 3752 1305 de

2187 1342 2271 1398 his
2318 1344 2466 1415 plura
2496 1355 2566 1401 et
2610 1362 2705 1416 per
2748 1347 3088 1415 necessaria,
3117 1362 3235 1417 qua:
3280 1346 3333 1400 in
3376 1342 3599 1398 decretis
3629 1343 3754 1399 sedis

2184 1438 2497 1506 apostolica:
2538 1446 2593 1493 et
2622 1439 2690 1492 ab
2720 1439 2979 1509 apostolis
3012 1452 3308 1510 eorumque
3344 1434 3751 1500 successoribus,

2185 1533 2384 1587 nostris
2401 1531 2649 1588 videlicet
2667 1531 3175 1602 praedecesswibus,
3196 1539 3397 1585 statuta
3413 1528 3751 1592 inveniuntur,

2183 1622 2367 1678 dicere
2414 1633 2467 1678 et
2512 1624 2858 1679 conscribere
2915 1623 3314 1693 potuissemus,
3363 1630 3538 1676 tamen
3585 1617 3756 1675 melius

2185 1716 2342 1771 nobis
2385 1718 2556 1772 visum
2599 1726 2713 1783 est,
2753 1727 2813 1771 ut
2843 1716 3125 1790 epistolam
3164 1715 3411 1772 oratione
3451 1712 3755 1768 claudamus.

482 1825 821 1898 Quapropter
872 1829 924 1883 in
971 1828 1191 1899 praafata
1234 1806 1609 1886 constituimus
1639 1828 1869 1901 synodo,
1898 1828 2079 1886 vobis-
2109 1824 2157 1886 B
2185 1809 2328 1865 Deus
2350 1811 2691 1901 OTF'iPO‘enS
2705 1820 2760 1865 εί
2780 1811 2937 1879 huius
2955 1809 3260 1882 ιιηῖϐθηῖίυε
3274 1808 3459 1874 Filius,
3480 1806 3758 1862 ει⁵³¹¹³ί⁰τ

483 1934 588 1990 que
614 1930 668 1975 et
687 1921 937 1977 omnibus
960 1922 1216 1979 Ecclesiis
1243 1923 1530 1979 tenendum
1558 1931 1614 1979 et
1635 1923 1898 1993 agendum
1927 1937 2079 1977 man-

483 2014 709 2082 damus,
744 2026 805 2071 ut
846 2032 1010 2087 super
1040 2018 1330 2073 memorias
1362 2029 1657 2089 martyrum
1705 2018 1884 2072 missa:
1930 2016 2079 2072 cele-

477 2108 725 2175 brentur,
769 2126 836 2166 ne
875 2113 1151 2167 memoriae
1192 2126 1377 2166 eorum
1403 2126 1431 2165 a
1462 2110 1654 2166 talibus
1679 2110 1947 2182 extingui,
1987 2119 2080 2165 aut

482 2205 762 2260 veneratio
792 2207 962 2276 possit
992 2205 1285 2277 prohiberi.
1312 2206 1425 2261 Vos
1455 2220 1619 2273 vero,
1653 2203 1881 2270 fratres,
1914 2204 2080 2260 nolite

483 2297 713 2351 multum
744 2299 982 2364 turbari,
1027 2299 1195 2353 nolite
1238 2299 1458 2362 vexari,
1486 2299 1579 2354 sed
1620 2296 1999 2353 confortamini
2029 2298 2079 2351 in

480 2388 741 2457 Domino,
791 2403 845 2447 et
887 2391 939 2446 in
986 2392 1224 2462 potentia
1265 2392 1524 2446 claritatis
1555 2391 1672 2460 ejus
1704 2389 1948 2462 (Ephes.,
1980 2390 2077 2462 vr).

482 2482 749 2539 Habetote
788 2484 1003 2565 interim
1047 2487 1146 2540 ista
1174 2484 1241 2539 ad
1269 2483 1578 2554 suffragium
1621 2495 1856 2538 vestrum
1876 2525 1891 2549 ,
1920 2497 2083 2553 apos-

482 2577 641 2634 tolica
691 2578 1006 2634 auctoritate
1049 2578 1264 2633 decreta
1305 2594 1320 2632 :
1375 2587 1430 2633 ct
1473 2577 1665 2633 scitote
1734 2591 1832 2631 nos
1869 2591 2084 2646 semper

483 2683 705 2744 paratos
749 2672 949 2728 habere
979 2673 1140 2728 etiam
1191 2673 1257 2745 (si
1305 2686 1527 2728 necesse
1570 2669 1753 2739 fuerit)
1802 2683 1973 2741 usque
2015 2669 2082 2724 ad

487 2779 747 2833 mortem,
798 2769 865 2824 ad
910 2784 1265 2839 qmecumque
1327 2768 1481 2822 vobis
1532 2764 1834 2823 necessnria
1888 2765 2081 2820 fuerint

486 2860 740 2934 (Domino
768 2877 924 2933 opem
958 2860 1185 2933 ferente)
1219 2859 1564 2933 perﬁcienda.
1600 2860 1676 2914 llli
1710 2868 1886 2914 tamen
1909 2900 1922 2921 .
1955 2871 2076 2913 auc-

483 2962 605 3009 tore
637 2954 746 3009 Deo
766 2998 781 3022 ,
830 2955 1112 3024 peribunt,
1144 2963 1200 3011 et
1227 2970 1322 3010 vos
1350 2954 1593 3020 stabilis,
1626 2952 1672 3008 si
1714 2962 1890 3007 tamen
1930 2951 2084 3006 labor

485 3058 669 3104 vester
700 3064 804 3103 non
834 3047 991 3103 fuerit
1022 3048 1218 3116 inanis,
1251 3047 1346 3104 sed
1372 3048 1561 3123 plenus
1587 3046 1693 3102 ﬁde
1716 3055 1772 3102 et
1798 3044 2081 3101 charitate.

497 3137 623 3207 Vae,
655 3139 827 3210 inquit
862 3140 1119 3211 propheta
1140 3183 1155 3208 ,
1185 3141 1271 3211 qui
1299 3152 1472 3209 potum
1491 3141 1591 3194 dat
1615 3142 1779 3194 amico
1802 3156 1896 3195 suo
1918 3180 1931 3202 ,
1967 3141 2085 3194 mit-

490 3245 599 3289 tens
640 3234 709 3305 [et
736 3252 884 3289 suum
908 3234 1157 3301 (Hebae,
1190 3234 1272 3307 tt).
1305 3236 1371 3290 Et
1417 3235 1612 3291 iterum
1661 3235 2089 3305 sapientissimus
2115 3218 2161 3282 Ο

489 3327 744 3383 Salomon
772 3329 847 3383 ait
889 3327 1043 3402 (Hice
1080 3330 1253 3383 eodem
1284 3329 1337 3382 in
1365 3346 1448 3397 ep.
1480 3327 1673 3384 Felicis
1699 3346 1758 3395 ll,
1789 3329 1857 3382 ad
1883 3327 2091 3400 [Egyp-

487 3416 609 3490 tios)
640 3435 658 3471 :
683 3417 784 3483 Qui
808 3420 1033 3483 loquitur
1063 3421 1239 3492 iniqua
1281 3436 1383 3474 non
1414 3429 1577 3490 potest
1607 3420 1796 3485 latere,
1830 3437 1920 3474 nec
1958 3436 2090 3491 prte-

492 3515 632 3568 teriet
658 3514 806 3568 illum
833 3516 1113 3583 corripiens
1135 3517 1416 3588 judicium.
1451 3514 1517 3569 In
1554 3516 1940 3588 cogitationibus
1969 3533 2090 3588 ergo

490 3607 638 3676 impii
668 3608 997 3681 interrogatio
1037 3610 1151 3663 erit.
1185 3608 1490 3664 Sermonutn
1519 3620 1689 3664 autem
1728 3612 1867 3665 illius
1894 3611 2091 3665 auditio

492 3700 562 3753 ad
593 3699 871 3754 Dominum
902 3701 1174 3772 perveniet,
1208 3711 1257 3757 et
1282 3703 1349 3755 ad
1374 3705 1741 3774 correptione»:
1764 3705 2093 3775 iniquitatum

488 3790 651 3846 illius.
689 3792 945 3857 Quoniam
990 3795 1131 3848 auris
1176 3796 1274 3850 zeli
1319 3796 1464 3851 audit
1512 3797 1715 3863 omnia,
1764 3807 1811 3852 et
1846 3799 2094 3853 tumultus

493 3887 955 3941 murmurationum
982 3905 1084 3941 non
1113 3887 1470 3944 abscondetur.
1504 3888 1683 3962 (Sap.,
1811 3890 1934 3947 Haec
1950 3891 2092 3946 enim

491 3979 540 4035 si
588 3978 839 4049 amplecti
892 3979 1189 4037 voluissent
1243 3982 1461 4052 proprio
1511 3992 1566 4039 et
1613 3997 1746 4037 sano
1772 3998 1972 4052 sensu,
2027 3985 2095 4040 ad

492 4074 785 4144 reprohum
830 4090 1046 4130 sensum
1094 4075 1310 4130 minime
1342 4077 1650 4132 laberentur
1682 4095 1695 4131 :
1734 4078 1827 4133 sed
1873 4094 1968 4149 per
2002 4079 2095 4135 Dei

495 4169 748 4225 timorem
780 4184 1090 4226 sermonum
1118 4186 1338 4226 suorum
1367 4186 1734 4242 prmcavcntes
1754 4174 2055 4229 custodiam
2077 4217 2093 4241 ,

494 4261 641 4333 piam
680 4272 987 4318 sanctorum
1033 4274 1241 4335 patrum
1282 4264 1658 4321 difﬁnitionem
1702 4267 1819 4321 sine
1862 4268 2095 4338 quadam

498 4357 807 4411 nocumenti
832 4358 1271 4426 praesumptione,
1298 4357 1483 4427 utique
1503 4370 1916 4414 conservassem
1953 4359 2097 4426 Quo-

498 4445 647 4501 niam
668 4448 797 4505 dicit
813 4464 1027 4504 sacrum
1054 4450 1327 4520 eloquium
1347 4468 1360 4503 :
1379 4447 1663 4504 Consilium
1680 4451 1867 4505 bonum
1887 4467 2096 4506 conser-

500 4542 635 4599 vabit
665 4552 732 4607 te,
761 4552 806 4596 et
827 4559 966 4597 mens
988 4542 1118 4596 bona
1138 4543 1384 4597 custodiet
1406 4552 1452 4597 te
1472 4541 1683 4617 (Prov.,
1707 4543 1791 4616 it).
1815 4544 1930 4599 Non
1952 4546 2097 4600 enim

2182 1910 2365 1956 noster
2392 1899 2641 1956 Christus
2683 1900 2787 1956 hoc
2823 1902 2973 1957 vobis
3012 1902 3214 1956 tribuat
3246 1901 3674 1959 incitamentum,
3706 1905 3754 1951 ut

2180 1994 2429 2051 omnibus
2459 1994 2713 2050 fratribus
2742 2004 2797 2051 et
2817 1995 3157 2066 coepiscOpis
3185 1993 3409 2059 nostris,
3438 1992 3753 2064 quibuscum-

2181 2105 2288 2161 que
2343 2089 2783 2146 tribulationibus
2832 2090 3239 2155 laborantibus,
3292 2089 3418 2144 totis
3464 2084 3756 2141 succurratis

2182 2181 2428 2248 viribus,
2468 2192 2521 2238 et
2564 2198 2687 2238 cum
2729 2183 2809 2239 eis
2839 2183 3266 2253 compatientes,
3300 2194 3516 2237 crucem
3546 2178 3755 2249 ejusdem

2185 2277 2398 2331 Domini
2428 2275 2734 2333 Salvatoris
2791 2279 3018 2348 portetis
3039 2320 3054 2344 ,
3098 2287 3155 2332 ut
3187 2279 3302 2332 veri
3347 2277 3515 2347 ipsius
3541 2271 3757 2343 discipuli

2184 2383 2369 2424 coram
2393 2371 2644 2424 omnibus
2666 2372 2992 2441 appareatis,
3022 2380 3079 2424 ut
3100 2381 3154 2426 et
3175 2385 3292 2437 vos,
3319 2379 3375 2424 et
3398 2368 3487 2440 qui
3513 2365 3755 2421 vobiscum

2185 2461 2335 2528 su‘nt,
2365 2462 2450 2517 hic
2472 2472 2526 2517 et
2553 2463 2605 2518 in
2636 2461 2817 2517 futuro
2839 2464 3060 2517 meliora
3103 2462 3450 2535 possideatis,
3477 2475 3585 2531 quis
3606 2457 3759 2512 oculus

2184 2570 2287 2608 non
2313 2554 2461 2621 vidit,
2483 2570 2573 2608 nec
2597 2555 2741 2608 auris
2762 2555 2980 2620 audivit,
3006 2571 3097 2609 nec
3112 2560 3166 2608 in
3183 2571 3273 2608 cor
3294 2554 3517 2608 hominis
3542 2548 3754 2610 ascendit,

2184 2666 2298 2721 qua:
2314 2651 2609 2720 preparavit
2632 2649 2767 2704 Deus
2797 2650 3126 2722 diligentibus
3146 2667 3198 2704 se
3217 2648 3261 2721 (Ι
3281 2646 3429 2714 δον..
3452 2646 3532 2719 tt).
3563 2646 3651 2702 Per
3667 2644 3755 2699 Do-

2186 2744 2390 2798 minum
2411 2752 2655 2798 nostrum
2671 2744 2854 2800 Jesum
2873 2743 3169 2809 Christum,
3190 2761 3288 2814 per
3308 2760 3467 2816 quem
3484 2752 3653 2797 etcum
3666 2751 3753 2807 quo

2186 2836 2536 2906 omnipotenti
2582 2837 2689 2890 Deo
2714 2837 2881 2906 gloria
2928 2837 2981 2891 in
3014 2836 3207 2892 saecula
3237 2832 3756 2892 smeulorumAmeu.

2186 2926 2383 2984 Valere
2415 2944 2511 2985 vos
2536 2939 2665 3000 opto
2686 2972 2700 2996 ,
2729 2930 3032 2985 charissimi
3063 2929 3279 2985 fratres.
3317 2931 3448 2984 Data
3471 2928 3643 2998 quinto
3666 2924 3767 2978 idus

2187 3021 2437 3091 augusti,
2477 3021 2705 3076 Claudio
2737 3030 2790 3077 et
2819 3020 3056 3076 Paterno
3088 3023 3220 3076 viris
3249 3020 3575 3077 clarissimis
3599 3030 3772 3073 consu-

2188 3108 2393 3168 laribus
2423 3118 2537 3184 (an.
2569 3112 2766 3169 Christi
2794 3112 2925 3179 269,
2955 3112 3191 3168 nendum
3225 3122 3452 3169 mortuo
3495 3104 3771 3181 Dionysio).

2762 3243 3104 3301 EPISTULA
3138 3244 3226 3300 Ill.

2619 3377 2687 3416 ΑΙ)
2738 3374 3002 3417 BENIGNUI
3056 3374 3384 3415 EPISCOPUI.

2265 3495 2305 3549 l.
2340 3493 2529 3548 Errant
2552 3495 2637 3565 qui
2675 3492 2869 3548 Filium
2915 3510 3015 3547 non
3042 3493 3212 3547 videre
3233 3491 3456 3549 Patrem
3478 3489 3773 3554 contendunt,

2194 3602 2252 3641 eo
2268 3587 2403 3658 quod
2428 3586 2588 3641 Deum
2612 3603 2758 3641 nemo
2783 3586 2909 3640 vidit
2931 3602 3187 3657 umquam.

2272 3679 2337 3734 ll.
2374 3677 2563 3734 Errant
2593 3680 2901 3750 afﬁrmantes
2932 3675 3125 3732 Filium
3170 3678 3431 3735 minorem
3473 3676 3651 3746 Patre,
3678 3673 3779 3747 quia

2198 3770 2289 3826 ille
2310 3769 2595 3834 invisibilis,
2631 3768 2801 3824 Filius
2832 3785 2945 3824 vero
2971 3769 3201 3824 visibilis.

2272 3860 2614 3917 Dilectissimo
2636 3861 2788 3932 fratri
2806 3859 3034 3933 Benigno
3053 3863 3321 3934 episcopo,
3342 3863 3500 3918 Felix
3519 3862 3777 3933 episcopus,

2197 3949 2252 4003 in
2279 3947 2500 4003 Domino
2522 3949 2762 4003 salutem.

2235 4134 2244 4144 .
2272 4084 2639 4154 Suscipicntes
2680 4081 3031 4139 fraternitatis
3063 4093 3168 4139 tua:
3194 4084 3457 4154 epistolas
3484 4084 3781 4160 (Zacharias,

2198 4196 2279 4251 ep.
2309 4181 2362 4249 v)
2387 4221 2401 4244 ,
2431 4180 2626 4248 quibus
2672 4194 2759 4233 me
2795 4177 3069 4246 requisisti
3098 4193 3261 4249 super
3289 4181 3416 4237 ﬁdei
3438 4182 3781 4239 documentis,

2199 4288 2321 4342 quas
2351 4272 2420 4326 ab
2442 4273 2566 4327 aliis
2588 4271 2926 4327 habebantur
2945 4272 3122 4335 aliter,
3145 4288 3305 4342 quam
3339 4285 3503 4329 rectm
3529 4273 3646 4329 fidei
3671 4287 3784 4326 con-

2201 4367 2410 4421 tineant
2430 4374 2787 4426 sacramenta,
2813 4376 2970 4435 prout
3006 4365 3267 4421 Dominus
3288 4367 3467 4431 dedit,
3501 4384 3598 4438 pro
3619 4366 3790 4423 frater—

2201 4459 2386 4514 nitatis
2415 4474 2603 4515 amore
2647 4460 2978 4529 respondere
3009 4476 3116 4514 non
3145 4461 3551 4517 resultavimus.
3584 4460 3789 4529 Semper

2202 4552 2348 4606 enim
2397 4551 2557 4607 dubia
2605 4560 2662 4607 ct
2711 4552 2915 4620 majora
2970 4552 3212 4623 negotia,
3273 4555 3564 4609 terminum
3612 4554 3676 4607 ab
3702 4549 3789 4605 hac

503 4637 572 4693 de
600 4634 838 4690 fontibus
865 4634 1154 4690 salutiferis
1194 4634 1546 4705 spiritualiter
1580 4635 1647 4691 ad
1684 4636 2096 4708 acquisitiouem
2123 4618 2177 4679 Ῑ)
2202 4656 2390 4699 saucia
2426 4645 2581 4713 sede,
2612 4660 2643 4699 a
2669 4618 2915 4715 tempore
2955 4618 3323 4717 apostolorum
3344 4690 3358 4712 ,
3412 4650 3505 4718 qui
3540 4662 3657 4702 eam
3691 4643 3790 4699 suis

503 4736 723 4785 aeternae
751 4728 876 4781 vitae
904 4726 1204 4797 procedunt
1234 4729 1370 4783 tales
1401 4729 1771 4786 accusationes
1797 4742 1852 4785 et
1881 4730 2095 4787 detrac-

502 4823 713 4889 tiones,
758 4829 917 4892 atque
958 4822 1081 4877 ideo
1130 4834 1505 4891 competenter
1539 4838 1637 4878 nos
1665 4824 1852 4880 beatus
1900 4825 2097 4881 Paulus

500 4914 778 4987 apestolus
826 4914 1187 4984 praentuniens
1230 4916 1306 4969 ait
1337 4932 1351 4969 :
1382 4913 1506 4969 Non
1546 4915 1726 4970 debere
1764 4916 1881 4987 plus
1920 4934 2101 4990 sapere

500 5024 655 5080 quant
715 5015 911 5076 oportet
976 5022 1187 5079 sapere,
1250 5008 1340 5062 sed
1406 5024 1586 5079 sapere
1647 5008 1715 5063 ad
1780 5009 2099 5065 sobrietatem

499 5099 706 5174 (Rom,
739 5098 856 5173 xu),
897 5099 951 5155 in
991 5100 1307 5156 definitione
1347 5101 1561 5172 pietatis
1594 5103 1964 5173 perdurantes.
1994 5105 2099 5173 Qui

501 5193 646 5247 enim
674 5193 791 5248 haec
820 5202 1183 5262 prmtereunt,
1222 5210 1328 5249 non
1367 5204 1571 5251 tantum
1604 5196 1715 5251 laesi
1761 5207 1917 5266 sunt,
1948 5197 2097 5254 deci-

501 5283 694 5341 dentes
733 5301 763 5339 a
810 5286 1254 5343 corroboralione
1303 5303 1435 5354 sua,
1488 5290 1581 5346 sed
1625 5291 1945 5363 insipientia:
1984 5309 2097 5349 sure

501 5380 908 5451 dereliquerunt
943 5380 1193 5437 domibus
1222 5384 1557 5452 memoriam,
1589 5395 1645 5440 ut
1668 5386 1719 5440 in
1752 5386 1867 5454 his,
1896 5389 1948 5442 in
1977 5389 2097 5459 qui-

498 5472 601 5532 bus
644 5486 1030 5546 peccaverunt,
1075 5476 1297 5533 minime
1334 5477 1503 5535 latere
1547 5478 1873 5549 potuissent.
1911 5479 2094 5538 Gloria

2201 4737 2544 4795 documentis
2571 4739 2962 4802 instruxerunt,
3004 4741 3253 4811 accipere
3280 4749 3707 4798 consueverunt.
3735 4735 3795 4792 Et

2199 4833 2322 4890 ideo
2349 4845 2405 4890 tu
2430 4845 2579 4890 recte
2608 4834 2800 4895 fecisti,
2830 4833 2973 4904 quod
3004 4833 3164 4906 hujus
3189 4848 3392 4892 sancite
3419 4837 3569 4892 sedis
3594 4830 3793 4891 consul-

2202 4927 2272 4982 tis
2297 4936 2351 4983 te
2397 4937 2729 4996 caaterosque
2774 4927 2973 4983 firmari
3002 4935 3059 4985 et
3087 4929 3278 4984 instrui
3305 4929 3553 4986 voluisti.

2273 5022 2317 5077 Ι.
2346 5021 2796 5078 —Continebant
2842 5022 2987 5093 enim
3028 5021 3220 5079 littera:
3264 5032 3408 5091 tute,
3466 5023 3792 5089 fratrumque

2208 5123 2442 5178 tuorum,
2482 5115 2625 5184 quod
2651 5115 2865 5183 quidam
2902 5115 3112 5182 dicunt,
3137 5112 3330 5170 Filium
3367 5131 3477 5172 non
3500 5128 3657 5186 posse
3677 5124 3794 5183 pro-

2205 5208 2322 5279 prie
2352 5207 2537 5262 videre
2584 5206 2826 5273 Patrem,
2853 5206 2977 5277 quia
3006 5207 3264 5276 scriptum
3307 5216 3395 5263 est
3428 5224 3444 5261 :
3478 5206 3643 5262 Deum
3669 5202 3791 5257 enim

2202 5314 2348 5354 nemo
2395 5297 2522 5351 vidit
2564 5314 2823 5368 umquam.
2860 5298 2926 5352 Et
2967 5297 3058 5353 alii
3091 5297 3296 5371 lingunt
3326 5316 3339 5352 :
3366 5298 3498 5354 [tleo
3524 5298 3698 5353 minor
3720 5299 3795 5348 est

2201 5392 2361 5447 Patre
2390 5389 2592 5458 Filius,
2618 5392 2868 5462 quoniam
2893 5389 3050 5446 Pater
3075 5390 3158 5445 illi
3183 5391 3411 5463 perhibet
3435 5389 3790 5445 testimonium.

2198 5483 2430 5554 Quidam
2465 5493 2645 5540 autem
2675 5482 2939 5557 garriunt,
2965 5483 3110 5555 quod
3141 5484 3264 5541 ideo
3292 5482 3457 5540 Patre
3487 5483 3667 5540 minor
3697 5486 3791 5548 est,

1734 5669 2031 5732 LECTION
2036 5671 2117 5731 ES
2154 5668 2568 5732 VARIANTES.

563 5839 589 5867 ⁸
623 5837 678 5889 In
703 5838 868 5903 lingua
891 5841 1271 5911 hominisllabb.
