3994 6318
200 300 283 358 157
1143 288 1235 346 DE
1282 284 1621 345 DECRETIS
1657 282 2096 345 EUTYCHIANO
2132 283 2552 343 ADSCRlPTIS.

3352 283 3457 341 158

197 410 359 471 scribit
385 427 400 465 :
425 417 483 465 et
509 407 589 465 uti
634 413 858 464 annotat
906 404 1182 466 Valesius,
1212 416 1383 457 annos
1426 409 1572 468 octo,
1617 414 1753 471 quos
1778 403 1833 465 Α
1859 399 1945 454 hic
1965 405 2184 454 sanctus
2218 398 2458 469 pontifex
2488 398 2559 453 ob
2584 396 2911 469 singularem
2950 411 3068 453 eam
3101 395 3415 468 religionem
3436 437 3459 467 ,

198 505 327 562 Sixto
347 511 583 568 auxerat,
632 499 969 572 Eutychiano
1014 495 1264 552 detraxit.
1297 494 1530 565 Turpius
1578 492 1756 547 adhuc

201 592 372 653 erravit
387 601 581 649 auctor
606 590 938 648 Pontiﬁealis
964 589 1196 645 Damaso
1223 585 1501 658 adscripti,
1528 586 1617 656 qui
1642 584 1754 640 Eu-

196 686 403 763 tychiani
429 686 800 758 pontificatum
830 699 859 738 a
884 683 1166 740 consulatu
1187 680 1461 737 Aureliani
1491 679 1670 746 tertio,
1703 687 1758 733 et

197 782 460 843 Marcellini
485 781 551 836 ad
576 781 772 837 Carum
800 780 847 835 ll
871 788 927 836 et
955 778 1207 835 Cariuum
1236 776 1496 839 extendit;
1529 790 1757 829 annum-

194 893 284 951 que
308 889 489 943 unum,
523 889 766 930 mensem
784 888 962 928 unum
987 916 1001 941 ,
1045 872 1187 928 diem
1215 885 1377 925 unum
1409 868 1612 924 sedisse
1633 882 1757 939 pro-

195 970 277 1024 dit.

252 1063 322 1119 De
343 1062 742 1116 muiclraeorum
763 1059 944 1115 Itwresi
968 1068 1017 1113 et
1046 1057 1271 1113 Moneta.
1295 1087 1366 1097 —
1396 1054 1510 1113 Sub
1539 1054 1757 1127 pontifi-

194 1166 301 1214 catu
336 1153 649 1226 Eutychiani
698 1154 882 1207 insana
934 1152 1350 1207 Maniclttnorttm
1397 1150 1653 1216 haeresis,
1701 1148 1754 1203 in

195 1261 447 1305 commune
476 1245 696 1301 humani
721 1246 934 1316 generis
955 1245 1153 1301 malum
1181 1253 1369 1299 exorta
1401 1253 1483 1298 est
1504 1242 1606 1316 (t);
1635 1258 1755 1313 qua:

196 1351 300 1397 utut
324 1354 417 1396 nou
441 1341 621 1395 minus
649 1338 868 1406 infamis
895 1348 952 1395 et
990 1339 1214 1394 ridicula
1243 1337 1363 1403 fuit,
1395 1338 1538 1393 inter
1565 1352 1756 1393 omnes

200 1447 357 1491 tamen
397 1435 651 1502 haereses,
679 1449 800 1506 qua!
832 1436 1001 1490 tribus
1046 1434 1231 1506 primis
1261 1434 1514 1490 Ecclesia:
1541 1434 1756 1490 sacculis

204 1528 466 1585 extulerunt
510 1536 694 1598 caput,
743 1527 1095 1584 celeberrima
1124 1528 1316 1594 evasit,
1365 1530 1525 1598 inque
1568 1527 1754 1582 orbem

201 1631 425 1678 terrarum
474 1621 740 1678 latissime
785 1633 1025 1693 grassata
1076 1631 1179 1678 est.
1238 1620 1557 1693 Coripbmus
1596 1621 1757 1693 hujus

198 1724 335 1770 sectae
376 1712 472 1769 fuit
520 1714 851 1788 mancipium
908 1715 1124 1771 natione
1171 1714 1357 1780 Persa,
1413 1717 1503 1786 qui
1556 1731 1754 1773 nomen

199 1822 327 1863 suum
347 1807 613 1863 (lubricum
639 1809 692 1864 in
724 1807 853 1864 illud
880 1807 1104 1875 Manetis
1120 1824 1217 1865 seu
1240 1808 1517 1864 Mauicluei
1537 1824 1754 1880 permu-

200 1902 324 1966 tavit;
369 1901 559 1957 missus
600 1902 654 1955 in
685 1915 959 1957 carcerem
1000 1897 1092 1957 ob
1119 1902 1473 1959 acceleratam
1525 1912 1753 1957 mortem

205 1991 287 2049 lilio
308 1991 617 2059 Varananis,
640 1994 924 2050 Persarum
950 1996 1111 2067 regis,
1138 2012 1297 2062 quem
1331 2012 1425 2067 per
1454 1998 1754 2052 orationem

208 2100 251 2140 se
270 2095 555 2165 curaturum
568 2088 953 2159 Spoponderat;
971 2089 1093 2145 inde
1111 2086 1231 2161 luga
1262 2091 1497 2160 elapsus,
1517 2090 1569 2145 in
1585 2090 1756 2147 Meso-

222 2178 448 2246 potamiam
472 2179 648 2244 venit,
677 2180 854 2250 ibique
880 2195 1093 2237 errores
1118 2181 1434 2254 somniaque
1454 2198 1548 2237 sua
1577 2183 1753 2239 disse-

221 2270 778 2341 minatiteireaiannum
803 2273 930 2328 277.
960 2274 1042 2329 ΑΙ)
1066 2256 1337 2331 Archelao
1356 2276 1757 2348 sapientissimo

214 2360 566 2434 Mesopotamiae
591 2366 1004 2437 archiepiscopo
1031 2367 1229 2423 habitis
1266 2369 1318 2423 in
1349 2373 1589 2426 omnium
1625 2386 1754 2427 con-

207 2465 326 2511 ventu
344 2456 800 2529 disputationibus
829 2475 934 2514 non
962 2460 1134 2515 semel
1165 2470 1450 2531 superatus
1485 2472 1587 2518 est.
1620 2463 1756 2521 Hinc

201 2548 355 2605 iterum
380 2551 430 2606 in
473 2550 721 2606 Persium
750 2552 964 2608 rediens
984 2567 1014 2608 a
1041 2553 1365 2609 satellitibus
1395 2554 1574 2611 Persis
1600 2556 1755 2612 dete-

195 2651 307 2708 ctus,
330 2643 781 2715 comprehensus,
815 2653 869 2700 et
893 2646 958 2701 ad
990 2661 1167 2719 regem
1196 2647 1456 2703 adductus
1488 2649 1606 2713 luit,
1638 2650 1751 2725 qui,

192 2738 475 2810 exprobrata
503 2738 702 2795 Maneti
732 2747 787 2794 et
811 2740 901 2795 lilii
929 2741 1095 2806 cmde,
1129 2750 1289 2812 atque
1328 2741 1450 2813 fuga
1478 2758 1510 2798 c
1536 2758 1756 2799 carcere

191 2844 249 2884 ac
264 2832 472 2888 vinculis
486 2876 502 2900 ,
532 2834 806 2889 excoriari
822 2850 943 2891 eum
962 2836 1079 2906 lege
1100 2837 1311 2891 Persica
1331 2854 1458 2891 ann.
1476 2836 1584 2893 278
1609 2854 1758 2894 man-

190 2922 344 2989 davit,
374 2940 435 2981 ac
458 2927 717 2999 reliquum
744 2941 942 2998 corpus
964 2930 1150 2985 bestiis
1173 2930 1541 2985 devorandum
1574 2932 1711 2986 tradi
1738 2949 1751 2986 :

187 3027 342 3073 cutem
367 3034 512 3086 vero,
537 3034 641 3090 qua
664 3027 811 3075 tanta
844 3020 989 3076 illius
1011 3022 1326 3093 improbitas
1351 3025 1751 3094 continebatur,

188 3118 426 3182 tamquam
448 3124 621 3169 utrem
651 3124 778 3169 ante
801 3124 981 3183 portas
1009 3115 1261 3183 suspendi
1287 3116 1391 3191 (Ξ).

1859 507 1963 564 qua
2007 502 2273 563 martyres
2313 501 2628 562 prosecutus
2671 499 2776 546 est.
2826 489 2951 547 Suis
2979 486 3125 545 enim
3170 488 3457 557 manibus,

1861 593 1999 642 teste
2043 595 2262 640 auctore
2292 584 2414 639 libri
2446 584 2776 638 Pontilicalis
2801 624 2816 649 ,
2843 581 2979 638 duos
3005 590 3062 639 et
3104 580 3460 651 quadraginta

1858 693 2021 747 supra
2054 684 2323 732 trecentos
2351 676 2633 733 tumulavit
2654 686 2937 747 martyres,
2980 673 3367 744 constituitque
3390 687 3459 729 ne

1860 772 1981 843 quis
2016 780 2305 843 martyrem
2347 772 2464 827 sine
2506 770 2789 826 dalmatica
2820 779 2912 825 aut
2936 768 3149 825 colobio
3190 782 3459 838 purpureo

1859 865 2114 936 sepeliret
2128 863 2230 939 (1).
2248 864 2726 930 Consuetudinem,
2746 878 2863 934 qua:
2875 862 3112 932 alioquin
3126 860 3454 927 obtinuerat,

1860 976 1999 1015 novo
2028 961 2247 1016 decreto
2294 958 2555 1025 asseruit,
2584 968 2637 1012 ut
2665 962 2857 1031 fruges,
2893 960 3044 1030 faba,
3098 967 3145 1010 et
3170 971 3283 1011 utta’
3307 971 3461 1027 super

1859 1054 2012 1109 altari
2040 1055 2449 1109 benedicermtur
2472 1096 2486 1119 ,
2520 1067 2642 1109 eam
2674 1053 2849 1108 forsan
2892 1054 2962 1108 ob
2985 1057 3199 1107 causam
3220 1092 3236 1118 ,
3268 1060 3325 1105 ιιι
3353 1052 3458 1106 im-

1859 1157 2122 1218 pugnaret
2165 1162 2405 1204 errorem
2455 1145 2912 1211 manicbaaorum,
2957 1144 3047 1216 qui
3108 1151 3381 1199 creaturas
3426 1157 3459 1199 a

1859 1243 2004 1299 malo
2029 1243 2293 1314 principio
2321 1251 2467 1297 ortas
2488 1241 2915 1297 detestabantur.

1932 1335 2244 1407 Eutycltiaui
2267 1336 2515 1407 Episton
2538 1335 2771 1390 subditae.
2797 1364 2871 1374 —
2889 1331 3116 1388 Nomine
3138 1329 3460 1404 Eutycltiani

1860 1431 1997 1487 duas
2042 1439 2383 1487 commentus
2413 1443 2496 1487 est
2538 1430 2774 1485 lsidurus
2802 1428 3058 1485 Peccator
3082 1427 3168 1483 vel
3195 1426 3458 1482 Mercator

1859 1526 2135 1595 epistolas.
2165 1525 2321 1581 Prior
2362 1524 2429 1580 ad
2456 1524 2717 1579 Joannem
2750 1532 2803 1577 et
2845 1523 2910 1575 ad
2954 1536 3143 1577 omnes
3176 1519 3461 1591 episcopos

1859 1620 2091 1677 Baeticae
2123 1620 2430 1691 provinciae,
2462 1620 2529 1674 de
2560 1618 2664 1674 {ide
2688 1617 3072 1674 incarnationis
3098 1614 3331 1671 Domini.
3360 1615 3463 1669 l’o-

1860 1714 2057 1771 sterior
2068 1716 2133 1769 ad
2149 1715 2431 1785 episcopos
2455 1729 2550 1784 per
2571 1712 2806 1767 Siciliam
2820 1710 3161 1772 constitutos,
3185 1710 3288 1765 tria
3312 1723 3460 1764 com-

1784 1817 1831 1877 Β
1860 1808 2130 1879 plectitur.
2165 1808 2219 1862 1°
2252 1807 2324 1862 De
2347 1807 2508 1861 modo
2537 1804 2828 1887 recipiendi
2848 1803 3241 1859 accusationem
3264 1802 3458 1857 adver-

1859 1919 1953 1958 sus
1980 1902 2225 1957 clericos.
2249 1901 2307 1956 2°
2333 1901 2436 1971 Qui
2458 1916 2562 1955 non
2590 1899 2941 1956 admittuntur
2968 1902 3034 1954 ad
3062 1898 3460 1954 accusationem

1859 1995 2254 2067 religiosorum.
2291 1994 2352 2051 ὅθ
2380 1995 2456 2050 De
2485 1993 2646 2050 modo
2674 1992 3000 2064 procedendi
3029 1992 3084 2047 in
3111 1990 3340 2063 negotiis
3368 2005 3458 2046 ec-

1859 2088 2203 2155 clesiasticis,
2234 2103 2357 2143 cum
2386 2086 2604 2158 procedi
2631 2101 2739 2141 non
2765 2086 2959 2141 debeat
2985 2084 3146 2141 modo
3186 2082 3456 2141 saeculari.

1859 2181 2025 2237 Notas
2064 2190 2242 2236 tamen
2274 2179 2631 2235 decretalibus
2662 2179 2773 2233 suis
2800 2176 3048 2249 apposuit
3082 2184 3291 2238 auctor,
3338 2189 3458 2247 qua:

1861 2290 1991 2330 vero
2017 2272 2355 2346 Eutychiano
2384 2288 2492 2328 non
2518 2273 2860 2327 conveniunt.
2898 2270 3130 2342 Epistula
3154 2270 3220 2324 ad
3247 2268 3459 2339 episco-

1862 2382 1962 2439 pos
2011 2367 2244 2423 Boeticae
2289 2366 2411 2421 data
2441 2374 2524 2421 est
2572 2381 2609 2420 ιι
2649 2364 2769 2420 idus
2813 2364 3035 2435 aprilis,
3088 2361 3378 2418 Aureliano
3404 2370 3461 2417 et

1863 2460 2115 2515 Marcello
2144 2460 2275 2515 viris
2289 2459 2600 2514 clarissimis
2629 2472 2771 2514 coss.
2802 2457 2963 2527 Atqui
2986 2471 3145 2512 verus
3168 2453 3458 2535 Eutycbia-

1865 2538 1966 2609 nns
1988 2553 2355 2609 Marcellinum
2375 2553 2701 2623 scripsisset,
2732 2536 2837 2606 non
2868 2549 3175 2606 Marcellum
3201 2559 3461 2619 notasque

1863 2648 2135 2706 Aureliani
2163 2650 2475 2705 consulatus
2506 2646 2810 2701 numerales
2851 2644 2919 2699 de
2963 2658 3115 2698 more
3144 2641 3457 2697 addidisset.

1861 2743 1944 2799 Nil
1973 2743 2041 2799 ad
2066 2743 2380 2798 veteratoris
2408 2741 2791 2812 impudentiam
2821 2739 2944 2794 addi
2976 2747 3169 2810 potest,
3204 2737 3293 2808 qui
3318 2737 3459 2792 inte-

1859 2853 2013 2909 grum
2041 2851 2108 2892 ex
2151 2836 2352 2891 Hilario
2381 2835 2695 2906 capitulum,
2746 2832 2886 2904 quod
2944 2842 3107 2897 extat,
3163 2842 3219 2887 et
3262 2828 3458 2885 Leonis

1860 2930 2033 3000 Magni
2060 2929 2124 2983 ad
2159 2929 2391 2985 Leonem
2422 2930 2721 3000 Augustum
2750 2927 2975 2998 epistola
2997 2926 3085 2992 97,
3105 2942 3158 2981 c.
3184 2928 3240 2992 3,
3267 2926 3459 2982 decre-

1861 3023 1953 3078 tali
1994 3023 2217 3079 inseruit
2267 3037 2397 3077 suae.
2428 3021 2601 3077 Verba
2648 3035 2882 3092 quoque,
2929 3020 3259 3074 admonemus
3304 3020 3457 3075 etiam

1859 3129 2078 3172 uestram
2124 3116 2513 3188 fraternitatem,
2542 3126 2672 3181 etc.,
2708 3122 2957 3184 petuntur
2987 3129 3050 3168 ex
3083 3112 3325 3183 Gregorii
3343 3111 3455 3166 Ma-

242 3204 311 3256 At:
324 3202 680 3276 Eutychianus
698 3206 1009 3277 martyribus
1022 3207 1087 3261 sit
1119 3209 1751 3286 accensendus?—Euty-
1779 3214 1824 3276 Ο
1857 3211 1949 3281 gni
1978 3209 2201 3281 epistola
2229 3209 2300 3265 25
2320 3252 2333 3274 ,
2377 3209 2414 3264 Ι.
2450 3223 2507 3262 ιι.
2541 3200 2813 3263 Posterior
2857 3206 3080 3278 epistola
3124 3205 3455 3276 Scriptura")

185 3293 405 3352 chiannm
436 3299 698 3371 martyrio
726 3299 927 3354 obiisse
954 3300 1215 3355 Barunius
1258 3317 1378 3355 cum
1425 3303 1481 3358 in
1514 3305 1655 3359 notis
1684 3307 1751 3361 ad

184 3388 591 3463 Martyrologium
615 3434 630 3459 ,
681 3403 788 3447 tum
835 3394 891 3449 in
931 3391 1216 3449 annalibus
1246 3395 1414 3451 tradit
1441 3407 1603 3467 atque
1636 3408 1755 3469 post

183 3498 279 3540 cum
306 3487 618 3543 Blondellus
644 3486 747 3561 (5).
780 3488 847 3543 Αι
878 3488 1021 3544 inter
1045 3488 1416 3555 confessores,
1449 3501 1505 3548 ut
1545 3493 1619 3548 ait
1651 3494 1752 3551 Pa-

182 3576 383 3651 gina“),
407 3579 783 3637 numerandus
808 3570 1054 3649 videtur;
1113 3593 1224 3638 tum
1254 3584 1378 3655 quia
1412 3585 1464 3640 in
1511 3585 1751 3642 ludieulo

182 3667 504 3739 depositionis
530 3674 933 3744 episcoporum,
966 3691 1072 3730 non
1105 3692 1235 3732 vero
1259 3687 1551 3750 martyrum
1579 3696 1608 3733 a
1637 3680 1747 3736 Btt-

180 3760 382 3821 cheriani
410 3766 645 3837 catalogi
669 3776 889 3824 auctore
912 3769 1236 3840 inscriptus;
1267 3783 1376 3826 tum
1407 3772 1590 3839 etiam,
1620 3776 1747 3845 quia

179 3853 293 3943 illius
303 3858 487 3915 obitus
498 3874 567 3914 eo
583 3870 824 3929 tempore
837 3862 1079 3933 contigit,
1095 3880 1220 3943 quo,
1244 3864 1473 3943 Eusebio
1487 3874 1623 3922 t‘este
1641 3868 1743 3940 (ὅ),

179 3942 380 4005 Ecclesia
412 3948 618 4006 Christi
646 3953 901 4007 altissima
938 3970 1067 4023 pace
1085 3942 1382 4011 fruebatur.

230 4040 350 4106 Quid
375 4044 660 4099 decreuerit
687 4043 749 4100 8.
770 4042 1123 4117 Eutychianus
1140 4046 1167 4101 φ
1184 4077 1256 4088 —-
1274 4046 1745 4108 Commendandns

174 4184 636 4311 ητξζῖ,¹ί“⁵⁸¹)”ῖ’¹
661 4185 935 4257 Chronic",
965 4204 1087 4267 9³8·
1114 4189 1241 4261 76ον
1269 4199 1399 4261 "ll".
1430 4205 1524 4249 vut
1551 4189 1743 4256 Hiero-

203 4297 615 4406 :‘ajtliighang
647 4331 949 4406 haarcs._66;
971 4330 1166 4406 Cyrill.
1184 4332 1573 4406 llierosolym.,
1593 4331 1744 4389 Cate-

172 4398 281 4456 desi
298 4398 382 4467 vr;
414 4398 775 4473 Theodoret..
812 4398 1054 4459 eretié.
1091 4405 1312 4473 fabulor.
1346 4398 1513 4469 libft;
1550 4406 1743 4462 Hiero-

171 4485 311 4552 aym.,
328 4476 391 4545 de
413 4471 616 4545 Script.
640 4472 837 4547 Eccl“.
862 4475 914 4530 in
933 4471 1262 4543 Archelaum;
1290 4475 1427 4546 Zaca
1469 4477 1542 4543 ni,
1567 4477 1742 4547 Eccle-

171 4557 240 4613 sug
272 4543 449 4617 latina?
476 4555 527 4617 et
558 4561 736 4617 gnara:
763 4558 1120 4613 monumenta;
1157 4547 1359 4609 Vales.,
1395 4494 1524 4605 Ἀβοι.
1555 4549 1609 4617 in
1639 4549 1740 4604 So-

169 4604 311 4681 c'rit.;
348 4587 1524 4683 (ιι-ιιιιοέ,ἎῖῐιίοῖἰὶῗξἬᾶἰῖεσὲιῖωιὲἓὶνιῖᾶἦξ
1557 4587 1734 4674 ’ἐτῗεᾎ

170 4693 284 4762 ωιιξ-
304 4702 344 4762 ιι
357 4705 370 4762 ς
398 4686 903 4762 walchuﬂistorie
927 4691 1019 4762 der
1044 4689 1255 4758 Ketzer,
1287 4702 1417 4746 tom.
1452 4707 1492 4758 ι,
1525 4706 1580 4762 p.
1607 4693 1732 4747 713.

243 4759 273 4815 5
312 4758 609 4885 ξιθῃιιειιη
642 4760 695 4814 in
727 4758 1187 4844 Panda-Isidoro.

221 4755 293 4972 lll
316 4830 1153 4972 εῗξὲιξῗῗίέίέἓέέὲὲἐῗῗῑίξῗέῗιι,
1177 4925 1187 4960 .

206 4830 291 4903 tif)
313 4830 698 4903 Pagi.ttot._10
726 4832 779 4889 itt
805 4850 933 4889 ann.
960 4834 1089 4888 285.

238 4899 291 4972 5)
316 4899 545 4968 Euseb"
580 4901 719 4956 Hist.
737 4904 890 4969 eccl.,
920 4905 1012 4960 lib.
1042 4920 1153 4974 vm,
1177 4921 1298 4977 cap.
1329 4908 1381 4963 l.

383 5158 664 5304 DE
716 5161 1735 5343 .DECRETIS

1761 4636 1818 4719 ll

1843 4849 1969 4903 saec.
2001 4849 2081 4896 ιιι,
2110 4843 2238 4887 tom.
2272 4847 2329 4900 ιι,
2356 4830 2384 4903 §
2416 4828 2506 4903 21,

1842 4902 2192 4976 Reparatoris
2221 4902 2491 4973 exemplo.

1858 3304 2040 3359 laudat
2065 3319 2133 3359 ex
2160 3294 2405 3358 versione
2428 3304 2594 3357 mixta
2633 3318 2696 3355 ex
2724 3301 2903 3357 italica
2937 3311 2997 3357 et-
3017 3299 3452 3373 Hieronytniana.

1857 3398 2078 3454 Adriani
2103 3396 2125 3452 l
2153 3397 2367 3454 decreta
2402 3398 2452 3451 in
2480 3397 2703 3467 gratiam
2732 3380 3014 3467 lngelrami
3047 3395 3304 3451 ntetensis
3333 3394 3459 3465 Epi-

1856 3492 2006 3563 scopi
2038 3492 2348 3563 interpolat,
2389 3498 2447 3545 ut
2466 3489 2577 3563 jam
2610 3489 2822 3573 erudite
2851 3488 3162 3545 observavit
3199 3484 3457 3543 Blondel-

1857 3586 1963 3640 lus.
2853 3604 2857 3608 ι
2988 3581 3229 3636 Laurea.

1926 3830 2006 3905 Η)
2035 3830 2363 3899 Blancbiuus
2384 3868 2400 3896 ,
2431 3827 2485 3893 in
2516 3827 2657 3893 notis
2697 3827 3133 3905 adAAnaslasinnt
3160 3825 3455 3905 bibliothe-

1850 3896 2074 3989 cariu'tn,
2106 3912 2234 3983 tum.
2270 3917 2327 3964 tt,
2362 3911 2498 3989 part.
2530 3916 2589 3967 tt,
2622 3916 2739 3982 pag.
2763 3896 3144 3975 245,,sc‘ribit:
3173 3896 3457 3989 Vindicat»

1851 3975 2041 4030 dorum
2063 3969 2376 4046 'tnartyrum'
2412 3969 2597 4046 curam
2623 3969 2959 4046 'pt‘bmdvens
2978 3969 2983 3973 ’
3003 3969 3193 4046 cautus
3218 3969 3456 4037 pontifex

1850 4041 2193 4116 providenter
2215 4041 2463 4115 iirazcepit
2478 4054 2567 4116 ,ιιι
2584 4041 3126 4116 adderentur'judicia
3150 4051 3297 4116 certa
3316 4055 3457 4116 mar-

1852 4112 2046 4189 tyriiin
2086 4112 2272 4189 eorum
2321 4112 2679 4189 (lepositione.
2714 4114 2970 4189 Adhiberi
3010 4112 3283 4189 mandavit
3310 4113 3458 4167 colo-

1853 4185 1994 4263 biutn
2024 4198 2117 4313 an;
2140 4187 2482 4247 daltnaticatn
2508 4203 2611 4239 non
2636 4186 3108 4261 qualemcumque,
3141 4185 3234 4263 sed
3265 4199 3456 4263 purpu-

1853 4274 2018 4313 ratam
2045 4276 2073 4313 a
2141 4256 2497 4313 invochudos
2525 4268 2808 4313 martvrcs.
2835 4273 2969 4313 auos
2995 4255 3156 4311 etiam
3188 4273 3454 4313 purpura-

1848 4254 2018 4316 ratam
2040 4254 2111 4313 ad
2141 4256 2497 4314 illVOlVCIIdOS
2525 4254 2808 4329 Ittztrtyres,
2835 4273 2969 4327 quos
2995 4254 3156 4311 etiam
3188 4254 3454 4329 purpura-

1849 4344 1927 4387 tos
1953 4347 2150 4387 vocare
2166 4329 2455 4386 consuevit
2487 4327 2723 4383 Ecclesia
2755 4330 2805 4381 in
2838 4329 3037 4398 liytnno
3068 4327 3306 4381 omnium
3335 4342 3458 4382 san-

1848 4415 2055 4460 ctorum
2088 4421 2100 4456 :
2139 4400 2238 4457 Vos
2267 4402 2538 4472 purpurati
2568 4411 2836 4471 martyres.
2878 4404 3016 4455 Ante
3048 4399 3150 4455 hoc
3176 4401 3455 4455 decretum

1848 4474 2166 4548 Eutycbiani
2208 4481 2607 4555 cnusuevcrunt
2639 4472 2920 4553 christiani
2957 4485 3106 4543 sacra
3139 4480 3454 4552 ‘martyrum

1845 4540 2073 4619 corpora
2094 4540 2323 4619 sepelire
2352 4540 2489 4600 cutn
2510 4540 2688 4598 linteis
2706 4540 2942 4617 ipsorum
2964 4540 3455 4619 s'anguitte'resperj

1845 4608 2224 4674 sisfPermu'lti
2251 4628 2426 4671 tamen
2467 4608 2738 4684 martyres
2758 4608 2965 4668 ante'et
2991 4608 3114 4684 post
3133 4608 3453 4684 Eutyclt'iani

1842 4691 2120 4746 decretum
2135 4688 2376 4743 candidis
2390 4683 2630 4741 obvolntt
2646 4685 2825 4739 linteis
2837 4684 3038 4739 conditi
3058 4683 3206 4739 luere
3221 4683 3449 4751 tumulo,

1845 4764 1917 4826 uti
1931 4764 2001 4825 cl.
2021 4762 2339 4827 Laurentius
2354 4758 2522 4825 Berti,
2542 4757 2819 4825 Dissertat.
2843 4772 2879 4810 ι.
2901 4756 2964 4810 de
2982 4754 3135 4823 Rom.
3156 4755 3449 4827 Episcopis,

2537 4844 2657 4919 pag.
2683 4828 2809 4909 ’.55⁸1ρ
2838 4830 3086 4884 observat
3116 4829 3284 4899 nostri
3311 4826 3451 4884 forte

1860 5066 3190 5307 EUTYCHIANO

1466 5409 2137 5503 ADSCBIPTIS.

1350 5566 1467 5633 (Ex
1513 5567 1557 5618 D
1578 5605 1591 5618 .
1617 5566 1905 5621 Constantio
1947 5566 2192 5629 desumpt.
2223 5561 2241 5627 )

166 5697 541 5767 Αιςιιιιειιτιιιι.
565 5666 636 5742 €-
655 5699 711 5756 1.
732 5696 952 5759 Decreta
974 5698 1096 5767 duo.
1124 5697 1273 5768 Unde
1298 5699 1470 5772 probet
1488 5697 1743 5759 Baronius

224 5792 454 5864 primum
493 5794 770 5853 decretum.
798 5822 872 5849 ε--ι
895 5791 953 5851 2.
989 5790 1140 5861 Unde
1165 5792 1370 5865 probari
1394 5792 1551 5864 possit
1578 5808 1758 5857 secun-

1923 5699 2199 5763 dum—5.
2232 5696 2541 5763 Dalmatica:
2566 5695 2804 5771 antiquus
2829 5696 2885 5765 in
2910 5691 3148 5751 Ecclesia
3164 5697 3444 5779 usum—4,

1937 5793 1994 5850 5.
2018 5790 2239 5861 Initium
2283 5791 2439 5862 hujus
2468 5806 2590 5855 usus
2618 5788 2877 5860 Sylttestra
2899 5803 3165 5861 perperam
3187 5788 3448 5850 tribuitur.
