3994 6318
582 335 686 394 159

1513 336 1599 394 DE
1638 336 1976 396 DECRETIS
2016 335 2458 395 EUTYCHIANO
2494 338 2920 396 ADSCRIPTIS.
3533 303 3551 320 .
3736 352 3817 408 160

651 453 892 512 -6-15.
912 453 1045 510 Duas
1062 454 1294 524 epistola:
1309 454 1370 508 ab
1400 453 1606 510 Isidoro
1634 455 1927 525 supposita}.
1953 453 2164 508 Decreta
2195 459 2244 517 Α
2271 455 2678 511 dztltnaticarum
2711 474 2863 512 usum
2895 458 3268 534 episcoporum
3306 463 3571 535 proprium
3599 480 3726 533 esse,
3774 479 3816 522 et

653 548 823 602 decem
849 547 1170 620 Eutycltiano
1199 548 1480 620 adscripta.

655 643 704 696 l.
735 640 792 695 ln
838 641 976 696 libro
1004 642 1296 712 pontificali
1329 641 1700 714 Eutychianus
1725 642 2069 698 constituisse
2099 639 2178 694 di-

580 731 718 786 citur
747 750 767 783 ι
807 744 864 786 ιιι
889 731 1092 803 fruges,
1127 734 1264 789 fabre
1293 744 1349 791 et
1379 751 1494 790 uva:
1521 750 1686 806 snper
1711 735 1906 789 altario
1954 733 2173 789 benedi-

578 836 854 891 cerentur,
883 845 901 879 ι
924 842 1134 883 necnon
1161 848 1179 881 ι
1203 830 1598 899 utquictttnque
1628 828 1862 885 fidelium
1883 838 2174 899 martyrem

578 917 853 986 sepeliret,
881 919 1000 976 sine
1024 920 1309 977 daltnatica
1338 922 1658 977 autcolnhio
1682 931 1972 993 purpurato
2005 921 2176 975 nulla-

578 1017 734 1065 tenus
762 1011 1036 1080 sepeliret.
1060 1031 1079 1066 ι
1115 1013 1220 1068 Sed
1250 1029 1372 1085 qua:
1403 1015 1454 1068 in
1484 1012 1586 1068 hoc
1617 1013 1757 1068 libro
1780 1028 1904 1068 cum
1942 1013 2012 1069 de
2055 1012 2176 1067 aliis

576 1100 945 1173 punliﬁcibus,
1014 1115 1124 1158 tum
1177 1105 1491 1161 nominatim
1540 1106 1609 1162 de
1652 1105 1992 1176 Eutychiano
2044 1105 2175 1160 falsa

577 1195 958 1265 praedicantur,
1023 1197 1108 1252 his
1161 1198 1450 1255 detrahunt
1518 1201 1915 1256 auctoritatem.
1973 1198 2174 1255 Verum

578 1300 865 1364 utrumque
891 1295 1125 1351 admittit
1160 1313 1223 1351 ac
1265 1298 1456 1367 probat
1504 1297 1787 1354 Baronins.
1820 1299 1886 1353 Et
1942 1299 2172 1370 primum

581 1387 802 1456 quidem
825 1399 1130 1458 opportune
1151 1393 1218 1447 ab
1241 1392 1345 1450 hoc
1373 1409 1507 1463 papa
1536 1394 1742 1450 editum
1767 1405 1975 1463 censet,
2002 1405 2061 1451 ut
2080 1396 2174 1452 ad-

579 1492 770 1536 versus
826 1493 1136 1539 nascentem
1168 1483 1445 1541 Manichaei
1496 1485 1770 1554 haeresim,
1826 1505 1946 1558 qua:
1994 1487 2173 1560 fruges

576 1572 818 1645 aliasque
858 1591 945 1632 res
991 1592 1281 1647 corporeas
1312 1589 1371 1634 ιιι
1411 1597 1440 1635 a
1482 1581 1746 1651 principio
1794 1582 1917 1636 mali
1966 1594 2174 1638 creatas

575 1667 952 1734 execrabatur,
1002 1669 1186 1726 fideles
1217 1673 1469 1726 muniret.
1503 1672 1770 1728 Pra'terea
1813 1673 1866 1728 in
1898 1674 2172 1744 opinionis

575 1773 689 1814 sua:
716 1763 944 1832 gratiam
973 1765 1303 1835 apostolicos
1329 1767 1458 1821 citat
1485 1782 1724 1822 canones
1749 1768 1802 1830 5.
1839 1767 1874 1822 4
1897 1777 1952 1822 et
1971 1768 2025 1835 5,
2081 1769 2172 1840 qui

2279 567 2308 604 a
2351 552 2590 606 romanis
2619 551 2864 608 diaconis
2906 569 3002 623 per
3020 558 3378 627 arrogantiam
3407 569 3696 630 usurpatum
3719 576 3817 617 esse

2279 653 2450 700 nouat.
2491 644 2687 700 Scribit
2718 656 2773 700 et
2815 646 3114 718 Cyprianus
3156 649 3451 706 tolonensis
3492 651 3752 722 episcopus
3774 653 3816 707 in

2279 737 2395 792 Vita
2426 737 2483 793 S.
2515 736 2730 794 Gazsarii
2759 741 3074 798 arelatensis
3091 743 3437 816 episcopiJeo
3461 745 3573 815 ipso
3591 755 3814 817 tempore,

2281 849 2388 904 quo
2418 835 2778 906 Symmachus
2821 852 2956 908 papa
3005 837 3294 895 Caesarium
3330 859 3348 892 ι
3369 855 3618 898 concesso
3644 844 3817 913 specia-

2280 925 2400 981 liter
2449 927 2598 998 pallii
2657 927 2937 985 decoravit
2984 932 3287 1003 privilegio,
3345 932 3592 990 diaconos
3643 945 3817 1007 quoque

2279 1019 2446 1091 ipsius
2471 1020 2537 1076 ad
2572 1021 2826 1078 Romana:
2868 1022 3039 1079 instar
3063 1026 3306 1082 ecclesia:
3343 1026 3723 1084 dalmaticarum
3757 1032 3816 1084 le-

2276 1115 2416 1169 cisse
2445 1115 2628 1170 habitu
2655 1119 3028 1185 prareminere.
3044 1137 3063 1170 ι
3084 1119 3332 1174 Testatur
3351 1119 3646 1191 Gregorius,
3667 1121 3746 1176 lib.
3761 1139 3816 1188 Ix,

2276 1211 2434 1279 epist.
2465 1210 2592 1276 107,
2627 1211 2885 1281 Arcgium
2912 1213 3246 1281 poposcisse,
3281 1225 3337 1268 ut
3367 1214 3464 1268 sibi
3506 1224 3557 1268 et
3597 1213 3819 1270 archidia-

2275 1319 2413 1359 cono
2441 1319 2542 1358 suo
2571 1305 2750 1359 utendi
2776 1305 3079 1361 dalmaticis
3103 1307 3372 1363 licentiam
3406 1309 3671 1378 prmberet.
3696 1309 3818 1378 Quod

2277 1404 2335 1450 ut
2379 1415 2397 1447 ι
2420 1412 2618 1450 novum
2653 1412 2756 1452 non
2782 1396 3084 1453 inconsulte
3105 1408 3160 1454 et
3187 1399 3368 1455 subito
3411 1419 3428 1452 ι
3467 1401 3724 1470 permisit,
3746 1402 3818 1457 sed

2277 1489 2618 1560 postmodum
2649 1490 2976 1556 concedens,
3007 1492 3150 1560 ipsas
3167 1493 3330 1548 etiam
3350 1492 3650 1549 dalmaticas
3675 1495 3716 1550 ei
3742 1495 3821 1566 Cy-

2277 1583 2403 1637 riaci
2431 1583 2639 1638 abbatis
2678 1599 2842 1653 opera
2901 1585 3217 1640 transmisit.
3275 1585 3329 1641 In
3388 1586 3692 1644 bibliotheca
3725 1588 3819 1642 Flo-

2277 1678 2502 1732 riacensi
2526 1677 2667 1732 istud
2685 1677 2880 1747 legitur
2898 1678 3173 1734 Zacharia:
3199 1694 3349 1748 papa:
3371 1681 3434 1734 ad
3455 1680 3818 1736 Austrobertum

2275 1769 2588 1840 episcopum
2618 1772 2969 1827 viennensem
2997 1773 3286 1828 scribentis
3311 1789 3324 1826 :
3347 1791 3367 1824 ι
3396 1773 3714 1828 Dalmatieam
3733 1773 3817 1827 usi-

575 1861 755 1908 tamen
779 1853 877 1919 illi,
912 1858 1210 1925 praesertim
1237 1873 1304 1914 ex
1335 1858 1572 1930 Dyonisii
1619 1859 1809 1931 Exigui
1855 1861 2174 1930 interpreta«
2208 1865 2254 1924 Β
2281 1863 2380 1918 bus
2400 1865 2597 1920 vestris
2625 1864 2900 1919 misimus:
2947 1875 3004 1919 ιιι
3033 1865 3158 1936 quia
3202 1866 3428 1922 ecclesia
3460 1875 3630 1922 vestra
3665 1866 3722 1921 ab
3747 1865 3818 1919 hac

574 1945 741 2013 tione,
774 1947 1048 2006 adversari
1077 1953 1253 2022 potius
1280 1953 1548 2008 videtttnr.
1577 1953 1781 2025 Nempe
1800 1970 1922 2010 can.
1953 1956 1986 2010 4
2014 1969 2170 2011 cave-

573 2048 662 2094 tur
687 2051 744 2095 ut
776 2060 794 2092 ι
833 2042 1028 2100 offerre
1073 2061 1178 2101 non
1230 2045 1387 2102 liceat
1434 2048 1504 2101 ad
1554 2049 1715 2103 altare
1760 2057 1958 2120 praeter
2004 2064 2170 2104 novas

573 2133 751 2203 spicas
776 2145 831 2191 et
862 2153 993 2192 uvas
1015 2147 1068 2194 et
1095 2138 1273 2196 oleum
1303 2139 1369 2196 ad
1393 2141 1676 2196 luminaria
1717 2151 1772 2198 et
1801 2142 2115 2214 thymiama.
2144 2162 2163 2194 ι

573 2224 728 2282 Unde
743 2229 1150 2286 concedendum
1177 2241 1262 2289 est
1287 2234 1477 2290 saltem
1512 2235 1595 2288 his
1632 2235 1932 2290 canonibus
1976 2237 2166 2301 vetari,

573 2334 645 2376 ne
675 2319 831 2388 fabae,
865 2339 1000 2394 quas
1027 2325 1080 2379 in
1105 2327 1262 2381 altari
1305 2327 1705 2383 benedicendas
1744 2344 1865 2384 esse
1895 2330 2167 2399 vulgatum

574 2411 889 2484 Eutychiani
919 2415 1195 2474 decretum
1224 2420 1524 2484 consuluit,
1558 2420 1610 2475 in
1666 2421 1822 2476 altari
1852 2420 2166 2477 offerantur.

572 2503 712 2562 Tum
737 2509 977 2565 sancitur
999 2527 1121 2567 can.
1153 2513 1209 2574 5.
1249 2531 1266 2564 ι
1295 2523 1347 2568 ιιι
1373 2513 1578 2584 reliqua
1631 2529 1788 2583 poma
1831 2515 2011 2570 omnia
2041 2514 2168 2587 (seu

572 2603 766 2672 reliqui
795 2619 986 2661 omnes
1013 2605 1250 2677 fructus)
1276 2607 1339 2663 ad
1368 2607 1611 2672 domum,
1637 2609 1886 2679 primitiae
1911 2609 2170 2680 episcopo

573 2704 630 2752 et
657 2697 985 2770 presbyteris
1017 2699 1336 2771 dirigantur,
1371 2716 1477 2756 non
1508 2701 1808 2758 offerantur
1833 2703 1886 2756 in
1927 2703 2082 2758 altari
2107 2722 2120 2759 :
2145 2723 2164 2757 ι

572 2789 662 2844 ubi
695 2789 747 2846 id
770 2792 910 2861 quod
945 2794 1262 2866 Eutychiani
1294 2796 1515 2852 decreto
1543 2799 1596 2852 in
1618 2799 1773 2853 altari
1801 2799 1984 2854 offerri
2033 2814 2172 2871 pra:-

571 2882 786 2954 cipitur,
818 2884 900 2940 his
927 2888 1224 2944 eanonibus
1242 2890 1408 2945 vetari
1430 2889 1699 2947 audimus.

571 2980 581 3010 ‘
643 2976 699 3031 2.
730 2977 810 3032 Ad
835 2977 1110 3036 decretum
1137 2983 1366 3038 alterum
1388 2983 1534 3056 quod
1569 2985 1779 3047 attinet.
1809 2986 1949 3041 idem
1973 2988 2172 3042 Anna—

572 3067 702 3124 lium
733 3087 927 3141 parens
953 3073 1070 3144 ejus
1103 3089 1259 3131 usum
1279 3077 1475 3132 exinde
1503 3088 1750 3148 prwtcxtu
1775 3080 2034 3151 religionis
2065 3095 2170 3134 non

573 3170 779 3219 tantum
811 3180 936 3236 erga
967 3178 1252 3239 martyres,
1282 3168 1376 3224 sed
1407 3171 1571 3225 etiam
1624 3187 1751 3242 erga
1784 3188 1968 3227 sacros
2021 3173 2173 3228 mini-

2276 1955 2404 2012 sede
2455 1956 2754 2011 doctrinam
2814 1955 2936 2012 fidei
3003 1957 3245 2027 percepit
3299 1968 3355 2014 et
3417 1973 3611 2014 morem
3653 1957 3818 2013 habitus

2274 2047 2640 2113 sacerdotalis,
2687 2050 2754 2104 ab
2785 2048 2870 2104 illa
2897 2049 3060 2104 etiam
3109 2050 3370 2121 percipiat
3409 2051 3650 2106 decorem
3678 2051 3811 2104 bono-

2275 2143 2372 2198 ris.
2400 2161 2419 2195 ι

2347 2235 2402 2289 4.
2435 2235 2568 2290 Hinc
2597 2217 2853 2307 colligere
2891 2245 3112 2307 estquzc
3141 2236 3277 2293 fides
3308 2237 3546 2294 habenda
3569 2237 3631 2293 sit
3649 2237 3812 2307 vulgato

2278 2328 2559 2382 Anastasio
2580 2326 2648 2382 de
2685 2327 2946 2384 Silvestro
2975 2329 3231 2385 scribenti
3255 2349 3268 2382 :
3305 2350 3323 2383 ι
3353 2331 3416 2386 Ει
3445 2330 3543 2386 hoc
3563 2329 3806 2386 constituit.

2276 2433 2334 2476 nt
2363 2421 2576 2477 diaconi
2599 2422 2902 2478 dalmaticis
2923 2423 2976 2478 in
3008 2424 3251 2482 Ecclesia
3289 2435 3582 2492 uterentur,
3605 2445 3622 2479 ι
3645 2425 3684 2480 si
3711 2439 3808 2494 pra-

2275 2517 2460 2570 sertim
2486 2516 2587 2571 hoc
2606 2516 2882 2571 decretum
2906 2532 3014 2572 non
3039 2527 3247 2574 tantum
3275 2518 3346 2574 de
3384 2518 3645 2582 Romanis.
3664 2517 3742 2572 sed
3765 2515 3813 2569 dc

2276 2609 2603 2679 quibuslibet
2631 2609 2874 2664 diacoois
2899 2611 3102 2666 dictum
3131 2612 3482 2681 intelligatur.
3535 2611 3647 2666 lude
3683 2611 3810 2664 etiam

2277 2700 2542 2756 refellitur
2599 2701 2742 2768 quod
2797 2701 2889 2756 alii
2934 2701 3140 2768 dicunt,
3190 2702 3594 2759 daltnaticarum
3621 2717 3740 2757 usum
3768 2701 3808 2753 iu

2275 2793 2570 2849 Ecclesiatn
2606 2796 2834 2863 primum
2866 2809 2894 2848 a
2930 2795 3191 2851 Silvestro
3233 2797 3502 2853 invectum
3547 2813 3671 2862 esse,
3716 2809 3811 2849 cum

2276 2895 2432 2942 antea
2459 2887 2684 2942 colobiis
2710 2898 2988 2943 uterentur
3009 2891 3362 2956 sacerdotes;
3386 2902 3476 2946 aut
3513 2888 3641 2960 quod
3667 2888 3710 2942 in
3732 2885 3811 2940 Sil-

2277 2981 2441 3035 vestri
2466 2980 2579 3035 Vita
2597 2997 2626 3035 a
2645 2980 2970 3036 Cotnbefisio
2993 2980 3132 3036 edita
3155 2992 3430 3050 narratur,
3460 2981 3812 3053 Euphrosynum

2276 3073 2478 3129 scilicet
2527 3075 2854 3146 Pamphyliae
2918 3077 3233 3147 episcOputn
3293 3078 3517 3134 Romam
3565 3077 3815 3132 venientem

2276 3168 2541 3224 colobinm
2587 3168 2644 3226 S.
2692 3168 2878 3225 Jacobi
2937 3170 3117 3224 fratris
3191 3169 3410 3226 Domini
3472 3187 3641 3228 secum
3709 3176 3819 3220 attu-

571 3266 715 3314 stros
765 3259 1038 3318 inductum
1091 3264 1282 3333 probat
1310 3273 1421 3318 tum
1449 3281 1516 3322 ex
1571 3266 1710 3321 libro
1741 3284 1814 3322 tv.
1875 3267 2081 3339 Dialog.
2107 3267 2166 3324 S.
2195 3266 2240 3325 C
2275 3261 2419 3327 lisse.
2449 3271 2504 3316 el
2528 3276 2650 3316 cum
2683 3278 2749 3315 ευ
2778 3261 2996 3317 indutus
3035 3278 3188 3317 sacra
3221 3265 3543 3333 peregisset,
3582 3261 3694 3316 inde
3730 3259 3822 3330 qui-

571 3350 817 3422 Gregorii
843 3369 1014 3425 papae.
1042 3371 1162 3427 cap.
1198 3357 1288 3423 $0,
1317 3357 1404 3414 ubi
1431 3358 1704 3415 Paschasii
1725 3360 1934 3415 diaconi
1968 3361 2169 3416 dalma-

576 3445 732 3500 ticam
756 3447 874 3518 ejus
904 3451 1092 3519 feretro
1121 3451 1497 3521 superpositam
1528 3463 1733 3518 narrat,
1765 3462 1873 3508 tntn
1906 3469 1970 3508 ex
1998 3458 2163 3525 gestis

569 3540 761 3610 synodi
789 3556 1028 3598 romanae
1056 3560 1199 3599 anno
1230 3544 1337 3598 5l3
1358 3544 1574 3611 habitze,
1608 3546 1660 3600 in
1705 3561 1808 3616 qua
1843 3546 1984 3602 idem
2029 3562 2165 3618 papa

568 3631 744 3702 primo
768 3633 1058 3704 pra-fatur:
1095 3654 1113 3687 ι
1139 3635 1304 3707 llujus
1331 3639 1476 3694 sedis
1506 3638 1808 3693 rectoribus
1861 3653 1978 3692 mos
2024 3639 2162 3693 ultra

569 3725 821 3780 meritum
859 3729 1059 3797 erupit,
1111 3737 1168 3782 ιιι
1208 3744 1330 3784 cum
1377 3746 1563 3784 eorum
1615 3745 1840 3800 corpora
1895 3729 2164 3784 bumanda

567 3818 905 3888 deferuntur,
966 3823 1081 3879 hzec
1129 3825 1432 3880 daltnaticis
1482 3834 1789 3894 contegunt,
1845 3834 1900 3880 et
1944 3826 2162 3881 easdem

567 3915 879 3974 dalmaticas
907 3934 1004 3988 pro
1025 3920 1324 3975 sanctitatis
1349 3922 1652 3976 reverentia
1704 3919 2012 3990 partiendas
2065 3935 2164 3990 po-

567 4009 725 4079 pulus
763 4009 992 4066 scindat.
1017 4030 1036 4063 ι
1069 4011 1204 4066 Tum
1229 4011 1506 4068 modesnts
1533 4013 1622 4068 ille
1670 4012 1910 4082 pontifex
1955 4027 2165 4068 morem

565 4100 714 4158 illum
742 4103 994 4174 prohibet
1024 4104 1105 4158 his
1127 4105 1335 4159 verbis:
1375 4103 1664 4160 «Praesenti
1702 4105 1920 4160 decreto
1959 4105 2164 4160 consti-

562 4209 678 4258 tuo,
713 4205 772 4252 nt
796 4196 1074 4264 feretrum,
1108 4214 1213 4270 quo
1248 4198 1474 4253 Romani
1520 4200 1792 4270 pontificis
1843 4214 2043 4268 corpus
2095 4198 2162 4252 ad

561 4290 930 4358 sepeliendum
957 4293 1188 4357 ducitur,
1213 4293 1358 4347 nullo
1382 4291 1616 4362 tegmine
1643 4292 1867 4348 veletur.
1904 4312 1922 4343 ι
1954 4291 2160 4347 Simul-

561 4396 672 4452 que
727 4382 872 4438 unde
909 4383 1124 4439 fluxerit
1153 4385 1240 4438 ille
1271 4399 1419 4449 usus,
1471 4384 1645 4438 innuit
1687 4383 1816 4437 dum
1859 4384 2000 4438 inter
2049 4383 2165 4437 haec

562 4473 733 4541 addit,
771 4491 930 4532 reum
977 4475 1155 4531 adsint
1198 4477 1361 4531 multa
1392 4492 1419 4528 a
1451 4477 1622 4530 sacris
1667 4475 1987 4546 corporibus
2033 4490 2162 4543 apo—

562 4568 824 4624 stolorum
858 4579 1261 4642 ntartyrumque
1277 4570 1565 4634 velamina,
1582 4589 1600 4621 ι
1619 4578 1727 4624 etc.
1748 4567 1912 4637 Quasi
1932 4567 2159 4632 diceret,

2271 3357 2392 3412 dem
2426 3357 2624 3412 factum
2647 3372 2767 3412 esse
2797 3367 2853 3412 ut
2879 3357 3103 3411 Romani
3143 3359 3461 3414 sacerdotes
3485 3356 3694 3413 colobiis
3732 3360 3817 3405 utc—

2275 3463 2483 3517 rentur,
2541 3451 2636 3506 sed
2701 3462 2886 3520 postea
2942 3451 3200 3506 nuditatis
3255 3451 3592 3508 brachiorum
3623 3444 3816 3518 tegetth

2271 3546 2441 3617 gratia
2482 3545 2690 3599 colobia
2741 3545 2794 3599 in
2826 3545 3143 3599 dalmaticas
3179 3544 3348 3602 fuisse
3389 3552 3815 3604 commutatam?"

2271 3637 2412 3709 quod
2447 3638 2733 3692 Anselmus
2760 3637 3062 3693 Lucensisa
3097 3637 3626 3710 changiolandatus
3664 3631 3813 3688 tradit:

2277 3747 2296 3780 ι
2319 3734 2361 3784 Α
2391 3739 2578 3784 sancto
2621 3729 2883 3784 SilveStro
2924 3739 2977 3783 et
3007 3729 3344 3800 presbyteris
3391 3731 3506 3799 ejus
3533 3726 3816 3784 colobiorum

2274 3839 2401 3878 usus
2425 3823 2652 3892 sumpsit
2679 3822 2913 3888 initium,
2943 3832 2996 3877 et
3023 3823 3233 3878 Marcus
3257 3841 3323 3878 ac
3353 3824 3524 3880 Julius
3543 3833 3596 3880 et
3619 3817 3818 3877 Liberius

2272 3933 2336 3972 ex
2365 3917 2556 3972 ordine
2585 3918 2665 3972 usi
2696 3927 2843 3972 sunt.
2880 3918 3008 3972 Post
3032 3917 3129 3972 hos
3157 3930 3336 3973 autem
3366 3920 3568 3975 colobia
3596 3920 3642 3972 in
3655 3913 3820 3970 dalma-

2273 4011 2403 4066 ticas
2424 4019 2913 4066 suntcommutata.
2941 4029 2959 4062 ι
2990 4008 3144 4065 Unde
3171 4023 3510 4081 sequeretur,
3543 4020 3597 4064 nt
3644 4007 3789 4063 dalma
3815 4039 3817 4043 ι

2272 4104 2499 4158 ticarutn
2523 4119 2676 4158 usum
2701 4103 3106 4168 nonSilvester,
3141 4104 3238 4158 sed
3277 4105 3536 4158 Damasus
3579 4102 3757 4173 primus
3782 4097 3818 4148 in

2271 4196 2575 4254 Ecclesium
2606 4198 2875 4252 invexisse
2905 4196 3167 4250 dicendus
3195 4207 3361 4253 esset.
3394 4198 3497 4254 Sed
3525 4206 3576 4252 et
3617 4192 3740 4266 quod
3771 4187 3822 4243 dc

2271 4288 2526 4360 Cypriani
2549 4289 2836 4343 daltnatica
2868 4303 2934 4344 ex
2957 4288 3074 4357 ejus
3089 4287 3210 4343 Vita
3232 4304 3260 4342 a
3293 4289 3486 4346 Pontio
3512 4290 3692 4353 scripta
3709 4280 3821 4337 dixi.

2270 4397 2413 4444 mus,
2443 4383 2561 4450 ejus
2591 4396 2744 4435 usum
2772 4382 2824 4435 in
2850 4363 3092 4436 Ecclesia
3130 4391 3186 4434 et
3235 4381 3467 4436 Damaso
3510 4391 3564 4435 et
3607 4377 3823 4434 Silvesm)

2269 4476 2630 4546 antiquiorem
2649 4490 2772 4529 esse
2795 4474 3080 4544 persuadet
3102 4493 3114 4527 :
3135 4475 3274 4528 sicut
3302 4489 3370 4528 ex
3399 4469 3707 4528 testimoniis
3725 4477 3820 4520 mox

2267 4567 2446 4622 allatis
2465 4568 2768 4632 coniicitur,
2787 4566 3038 4621 eumdem
3065 4567 3397 4622 colobiorqu
3421 4581 3524 4620 usu
3569 4563 3714 4633 vulgo
3731 4570 3821 4613 cre-

563 4660 667 4717 Hie
697 4661 997 4732 honor,qui
1025 4663 1390 4732 apostolorum
1411 4674 1814 4732 martyrumquc
1844 4660 2163 4730 corporibus
2192 4666 2240 4725 υ
2266 4659 2436 4715 ditunt
2466 4674 2588 4715 esse
2620 4662 2997 4714 recentiorem.

559 4755 683 4829 jure
709 4757 919 4813 delatus
948 4766 1050 4821 est,
1075 4758 1141 4812 ad
1169 4773 1285 4822 eos,
1317 4774 1545 4828 quorum
1572 4772 1675 4811 non
1702 4768 1786 4812 est
1831 4773 1925 4826 par
1966 4757 2166 4811 sancti-

565 4864 669 4920 tas,
701 4853 972 4907 immerito
999 4851 1093 4908 fuit
1117 4854 1422 4909 translatus.
1455 4852 1527 4909 Ut
1549 4864 1729 4908 autem
1749 4853 2162 4909 hunchouoretn

566 4947 938 5017 Eutycltianus
977 4946 1308 5016 martyribus
1361 4945 1704 5010 decerneret,
1757 4962 1819 5000 ea
1869 4947 2161 5014 exctigitari

566 5051 745 5114 potest
774 5056 959 5108 causa,
1011 5042 1154 5112 quod
1187 5041 1467 5096 Manichaei
1495 5052 1810 5096 sanctorum
1861 5053 2161 5114 martyrum

565 5137 770 5192 cultum
799 5151 904 5190 non
931 5149 1090 5190 secus
1111 5146 1273 5206 atque
1303 5133 1658 5190 idololatriam
1693 5137 2042 5206 respuebant.

637 5231 691 5285 5.
724 5229 833 5285 Nec
859 5228 1160 5297 negandum
1202 5227 1399 5284 colobii
1427 5239 1519 5282 aut
1562 5227 1973 5286 dalmaticarum
2003 5244 2167 5284 voces

565 5324 815 5392 antiquas
836 5336 978 5377 esse.
1011 5320 1070 5375 lu
1125 5322 1233 5374 vita
1263 5319 1323 5376 S.
1357 5319 1607 5392 Cypriani
1641 5337 1669 5375 a
1723 5322 1916 5378 Pontio
1963 5322 2165 5388 scripta

564 5415 823 5486 legimus:
857 5434 875 5467 ι
908 5414 1121 5470 Etcum
1176 5429 1236 5470 se
1286 5413 1568 5469 dalmatica
1629 5414 1984 5484 exspoliasset
2026 5411 2168 5486 (Cy-

565 5508 836 5579 prianus),
879 5517 935 5563 et
973 5507 1287 5562 diaconibus
1315 5507 1643 5571 tradidisstu,
1677 5509 1728 5562 in
1774 5507 1913 5562 linea
1946 5507 2116 5562 stetit.
2143 5526 2162 5558 ι

566 5601 830 5670 Antiquus
860 5610 1067 5666 auctor,
1098 5600 1300 5666 Qumsl.
1332 5598 1520 5654 Venet
1539 5599 1671 5654 Nov.
1693 5597 1842 5654 Tcst.
1875 5599 2018 5669 apud
2050 5602 2165 5652 Au-

565 5693 838 5764 gustinum
864 5737 879 5760 ,
912 5681 1158 5765 Append.
1201 5702 1241 5746 t.
1274 5708 1351 5760 ιιι,
1372 5707 1421 5747 c.
1446 5692 1541 5755 49,
1566 5706 1685 5746 cum
1713 5706 1951 5746 romanae
1991 5691 2169 5747 eccle-

567 5788 664 5845 sia:
693 5788 934 5845 diaconis
961 5789 1034 5844 ita
1062 5788 1398 5860 expostulat:
1448 5807 1465 5840 ι
1492 5787 1653 5857 Quasi
1689 5803 1794 5843 non
1845 5787 2008 5843 hodie
2048 5787 2166 5843 dia-

571 5881 691 5937 coni
721 5880 1043 5952 idalmaticis
1094 5882 1386 5937 induantur
1441 5882 1578 5934 sicut
1627 5879 1883 5949 episcopi.
1925 5897 1942 5930 ι
1981 5877 2080 5933 Ubi
2113 5891 2166 5934 et

2341 4753 2394 4808 5.
2430 4754 2654 4808 Colobia
2685 4765 2888 4817 autem,
2914 4753 3053 4806 sicut
3074 4761 3128 4808 et
3155 4753 3481 4818 dalmatictn,
3503 4760 3652 4808 erant
3667 4746 3824 4805 tunica:

2253 4831 2485 4903 Atalares.
2515 4848 2629 4902 l‘loc
2656 4847 2926 4904 distabant
2954 4847 3255 4902 dalmaticm
3286 4865 3315 4901 a
3336 4849 3531 4903 tunicis
3550 4859 3601 4902 et
3617 4839 3823 4901 colobiis.

2265 4942 2408 5012 quod
2437 4941 2744 4997 tlalmaticis
2775 4943 2968 5011 ampla:
3007 4953 3160 4996 erant
3191 4944 3438 5009 manicae,
3470 4941 3655 4996 tunicis
3702 4933 3828 4991 stric-

2266 5044 2356 5101 ιω,
2384 5035 2610 5091 eolobiis
2650 5035 2732 5089 vel
2780 5034 2940 5089 nulla:
2991 5036 3073 5089 vel
3118 5036 3328 5091 breves.
3363 5038 3437 5092 De
3488 5034 3700 5091 colobiis
3727 5041 3823 5084 cum

2269 5127 2526 5184 brevibus
2571 5128 2800 5183 manicis
2827 5129 3087 5182 habemus
3117 5129 3244 5183 illud
3271 5129 3537 5197 Cassiani,
3569 5129 3634 5184 de
3661 5122 3824 5182 Habitu

2269 5223 2546 5286 monacln,
2580 5237 2630 5276 c.
2663 5223 2730 5276 ὃς
2769 5242 2787 5273 ι
2808 5221 3046 5277 Colobiis
3073 5238 3288 5293 quoque
3317 5223 3477 5278 lineis
3524 5221 3705 5283 induti,
3728 5227 3824 5286 qua!

2271 5312 2357 5368 vix
2381 5311 2449 5368 ad
2475 5315 2776 5369 cubitorum
2805 5315 2954 5370 initia
2989 5317 3319 5388 pertingunt,
3351 5317 3520 5371 nudas
3553 5317 3618 5370 de
3649 5310 3825 5378 reliquo

2269 5409 2654 5464 circumferunt
2682 5424 2890 5463 manus.
2920 5430 2939 5461 ›
2971 5410 3274 5464 Dorotbens
3302 5425 3432 5464 vero
3462 5409 3603 5463 doct.
3633 5408 3678 5461 ί.
3701 5415 3824 5474 qua!-

2271 5499 2364 5565 rit,
2392 5515 2490 5555 cur
2513 5503 2902 5555 monachorum
2946 5502 3214 5556 colobinm
3244 5500 3473 5557 manicis
3495 5507 3688 5563 careat,
3723 5503 3822 5547 cum

2272 5607 2592 5649 ceterorum
2622 5596 2862 5650 omnium
2887 5596 3208 5650 manicatum
3230 5598 3318 5651 sit.
3335 5593 3480 5656 Idem
3505 5603 3559 5650 et
3587 5591 3669 5646 ubi
3695 5582 3824 5642 addi-

2271 5689 2379 5744 dit:
2416 5708 2434 5741 ι
2459 5691 2739 5746 Colobium
2770 5701 3014 5746 n05trum
3044 5691 3206 5747 habet
3233 5692 3446 5761 signum
3477 5695 3821 5762 purpureum,»

2267 5799 2484 5840 rursum
2512 5784 2732 5854 quaerit:
2763 5783 2903 5851 Quid
2929 5785 3032 5840 sibi
3057 5786 3168 5841 vult
3199 5787 3411 5856 signum
3439 5775 3779 5856 purpureum?
3805 5789 3820 5820 ι

2270 5892 2332 5930 πε
2363 5875 2687 5943 νθθβθηάθιτ
2720 5893 2737 5922 σ
2760 5874 3140 5946 Unusquisque
3163 5879 3396 5932 militans
3429 5875 3537 5948 rqgi
3568 5878 3824 5941 purpuram
