3994 6318
159 255 224 312 161

1025 228 1115 289 ne
1157 219 1497 287 DECRLTIS
1539 214 1989 284 EUTYCHIANO
2027 209 2454 277 ADSClthTIS.

3302 206 3410 266 162

158 365 272 422 habet
290 360 339 416 in
363 353 672 429 chlamyde.
695 371 714 407 ι
753 347 820 408 Ει
848 350 965 407 inec
995 348 1213 422 quidem
1244 349 1380 402 ratio
1406 343 1469 399 ad
1513 344 1702 399 decre-
1734 349 1779 404 Α
1811 339 2074 398 catholica
2105 334 2414 392 discesserit
2459 335 2575 389 sine
2603 326 2712 386 ulla
2742 327 3083 396 necessitate,
3126 333 3182 384 et
3221 337 3408 398 postea

159 472 234 516 tum
257 450 632 509 accommodari
664 457 840 518 potest
869 443 1012 515 quod
1044 441 1422 512 expendimus,
1461 451 1568 506 quo
1616 436 1698 488 ni-

159 557 297 610 mirum
316 557 556 610 cavetur,
591 559 658 597 ne
689 541 814 613 quis
837 550 1128 610 martyrem
1161 536 1271 589 sine
1291 531 1487 586 colobia
1511 545 1702 600 purpu-

160 658 234 700 ruta
265 642 497 712 sepeliat.
546 637 889 707 Quapropter
919 634 1033 686 Ittec
1073 630 1231 700 paulo
1278 627 1447 682 fusius
1498 624 1702 678 edisse-

164 740 286 794 ruisse
303 748 403 788 non
447 732 639 802 piguit,
664 728 929 798 siquidem
977 723 1042 778 ad
1093 723 1434 778 decretorum
1469 717 1701 772 nonnul-

161 831 282 885 lorum
298 841 389 881 seu
409 823 718 888 veritatem,
748 835 848 876 seu
873 817 1166 872 falsitatem
1197 810 1526 885 probandam
1577 809 1704 864 inde

163 916 687 1068 Ιῃῖῗῗιίἒξὶῑοηῐὴιιε
737 1002 1091 1059 conciliorum
1145 998 1356 1056 duabus
1384 993 1705 1052 adulterinis

165 1101 424 1177 Eutychiani
454 1099 726 1172 epistolis,
761 1113 880 1168 qua:
920 1110 984 1151 ex
1014 1093 1205 1150 lsidori
1236 1091 1556 1146 Mercatoris
1584 1085 1706 1141 ofti-

164 1202 244 1255 cina
261 1195 578 1268 prodierunt,
603 1204 830 1262 quaeque
847 1203 968 1244 cum
985 1186 1196 1242 creteris
1211 1183 1454 1254 ejusdem
1474 1179 1706 1235 officina:

166 1291 333 1363 opificiis
356 1305 385 1343 a
412 1286 576 1342 nubis
603 1284 857 1346 edentur,
885 1281 987 1336 alia
1010 1279 1200 1335 decem
1225 1276 1585 1346 subjiciuntur
1611 1272 1706 1326 dc—

167 1397 272 1441 creta
293 1399 317 1439 e
338 1382 495 1437 variis
521 1393 790 1435 canonum
820 1370 1296 1444 compilationibus
1343 1367 1591 1424 collecta.
1640 1364 1710 1418 Et

171 1479 344 1547 primum
357 1471 572 1544 quidem
596 1487 628 1526 e
649 1469 907 1525 Gratiano
937 1483 996 1531 ιι,
1021 1474 1212 1536 quaest.
1239 1463 1292 1527 5,
1327 1477 1372 1517 c.
1398 1459 1491 1523 91,
1516 1459 1594 1514 sic
1624 1472 1708 1511 re-

169 1571 316 1627 fertur:
341 1587 356 1620 t
380 1568 435 1624 Si
461 1567 583 1638 quis
609 1565 896 1636 episcopus
932 1570 1026 1616 aut
1046 1559 1211 1614 abbas
1242 1555 1565 1627 presbytero
1617 1561 1711 1604 aut

170 1663 371 1720 monacho
386 1676 486 1717 suo
515 1658 743 1730 jusserit
783 1657 978 1726 missas
1031 1667 1131 1724 pro
1163 1649 1434 1704 haereticis
1465 1645 1712 1718 (addunt;

1807 443 2015 490 cxtotu
2083 431 2264 484 animo
2319 427 2688 497 pcenitcntiam
2745 424 3029 494 acceperit,
3077 431 3187 477 tres
3238 433 3410 476 annos

1808 542 1962 589 extra
1995 530 2302 594 ecclesiam,
2325 528 2374 582 id
2397 535 2481 582 est
2503 527 2640 580 inter
2655 521 3120 591 attdientes,juxta
3145 521 3407 574 uicaenum

1806 625 2092 682 concilium
2145 621 2317 696 (Can.
2347 621 2451 693 11)
2483 630 2687 690 septem
2719 631 2891 672 anuos
2919 617 2970 672 in
3000 614 3246 672 ecclesiis
3269 615 3411 669 inter

1806 718 2153 788 ptenitentcs,
2189 724 2244 771 et
2268 714 2405 770 duos
2422 729 2594 769 annos
2615 712 2791 768 adhuc
2806 722 2956 768 extra
2972 710 3410 766 communionem

1808 813 2136 882 poeniteat.)
2179 809 2232 863 In
2281 823 2382 863 ms.
2441 806 2701 864 German.
2745 802 2985 860 Anselmi
3035 801 3409 859 collectionem

1806 905 2202 976 complectente
2253 903 2498 974 proxime
2525 901 2753 970 legimus
2788 916 2801 953 :
2841 897 3004 953 «Tres
3030 912 3200 952 annos
3242 896 3414 967 paeni-

1807 1007 1915 1054 teat
1945 1007 2094 1052 extra
2129 996 2438 1060 ecclesiam,
2494 1008 2658 1048 unum
2717 993 2858 1047 inter
2909 990 3211 1057 audientes,
3260 989 3412 1060 juxta

1809 1093 2454 1156 nicmnumconciliump
2513 1092 2655 1165 quod
2711 1091 2887 1163 primo
2940 1091 3236 1161 placuerat.
3288 1088 3413 1160 quia

1807 1188 2092 1245 audientes
2124 1190 2174 1243 in
2205 1189 2492 1244 ecclesiam
2549 1187 2840 1252 intrabant,
2872 1195 2924 1242 et
2969 1185 3040 1241 ibi
3074 1184 3332 1241 lectiones
3359 1191 3413 1239 et

1809 1281 2098 1336 conciones
2149 1296 2270 1336 cum
2303 1277 2553 1335 fidelibus
2597 1279 2716 1334 aliis
2761 1277 3068 1335 audiebant.
3125 1276 3230 1334 Sed
3276 1277 3414 1332 hanc

1807 1373 2093 1430 lectionem
2139 1390 2243 1429 non
2301 1374 2563 1445 permittit
2599 1372 2873 1428 laudatum
2923 1374 3188 1428 nicaenum
3220 1371 3410 1427 conci-

1812 1469 1964 1536 lium,
2023 1469 2177 1539 cujus
2206 1470 2388 1524 verbis
2433 1469 2636 1524 decreti
2667 1468 2828 1537 hujus
2857 1469 3209 1524 concinnator
3250 1467 3414 1524 verba

1812 1572 1955 1616 extra
1979 1564 2243 1616 ecclesiam
2265 1573 2466 1618 temere
2483 1563 2698 1632 adjecit.
2730 1562 2796 1617 Ut
2825 1574 3004 1618 autem
3031 1563 3218 1617 sileant
3243 1563 3294 1618 in
3313 1561 3415 1619 hoc

1812 1651 2033 1708 decreto
2087 1655 2371 1724 repetitum
2427 1657 2595 1709 missw
2648 1670 2842 1710 nomen
2894 1655 3105 1726 aliaque
3160 1657 3417 1712 saeculum

169 1759 231 1812 alii
254 1756 548 1812 ουηθειοτθε
575 1750 788 1806 morm“
809 1748 830 1822 )
855 1757 1095 1809 “mare:
1151 1757 1257 1798 “0"
1316 1741 1444 1795 licet
1487 1748 1541 1793 οι
1600 1751 1708 1791 “0"
1740 1782 1788 1841 Β
1817 1746 2152 1816 Eutychiano
2185 1750 2454 1802 recentius
2485 1747 2752 1818 redolere,
2789 1748 3152 1818 inscriptionis
3177 1749 3291 1819 ejus
3318 1749 3418 1804 fal-

173 1849 325 1918 expetlit
344 1850 424 1904 eis
452 1846 710 1901 obedire:
742 1863 760 1896 ι
798 1841 904 1897 Sed
922 1841 1024 1894 hoc
1054 1837 1232 1894 tenuis
1253 1833 1501 1906 quxedam
1536 1831 1713 1902 portio

175 1942 489 2012 estamplioris
521 1937 748 2003 decreti,
775 1935 918 2006 quod
938 1931 1229 1988 Auselmus
1258 1927 1351 1982 lib.
1380 1942 1438 1987 ll,
1464 1939 1575 1980 sec.
1609 1937 1711 1977 ms.

178 2035 379 2100 German.,
406 2049 535 2103 cap.
569 2031 694 2095 117;
725 2026 1090 2089 Bnrchardus,
1124 2024 1217 2077 lib.
1255 2036 1370 2086 xtx,
1395 2035 1448 2074 c.
1503 2017 1627 2084 105,
1659 2025 1716 2071 et

185 2127 259 2193 lro,
275 2129 420 2199 p.15,
451 2142 502 2182 c.
545 2123 650 2179 117
681 2164 695 2185 ,
737 2123 940 2192 pariter
999 2113 1336 2187 Eutychiano
1384 2109 1714 2180 adscriptum

189 2220 358 2276 exhibent
384 2221 437 2273 in
471 2218 617 2272 hunc
638 2213 887 2270 modum:
925 2231 942 2263 ι
985 2210 1041 2264 Si
1071 2208 1190 2281 quis
1207 2205 1418 2262 dederit
1447 2211 1538 2257 aut
1561 2215 1716 2256 acce-

183 2313 279 2380 perit
308 2310 728 2367 communionem
781 2306 850 2360 de
901 2317 1063 2358 manu
1123 2297 1387 2363 hmretici,
1439 2304 1496 2350 et
1544 2293 1718 2349 nescit

178 2403 274 2472 quod
296 2403 518 2459 Ecclesia
575 2397 842 2456 catholica
893 2391 1235 2456 contradicit,
1272 2397 1456 2460 postea
1512 2385 1716 2440 intelli-

174 2509 281 2563 gens,
297 2511 485 2551 annum
512 2509 679 2548 unum
711 2488 992 2560 pmniteat.
1026 2486 1081 2540 Si
1109 2494 1286 2538 autem
1309 2483 1431 2546 scit,
1457 2487 1510 2534 et
1532 2476 1718 2546 negle-

172 2595 284 2658 xerit,
311 2603 358 2649 et
395 2600 585 2663 postea
634 2585 1006 2660 paenitentiam
1054 2581 1245 2653 egerit,
1299 2577 1488 2632 decem
1545 2587 1718 2628 annos

166 2689 404 2757 pceniteat:
461 2685 555 2741 alii
598 2685 844 2754 judicant
890 2689 1129 2748 septem:
1161 2685 1216 2732 et
1266 2673 1554 2728 humanius
1602 2670 1716 2732 alii,

164 2781 359 2848 quinque
409 2778 688 2849 poeniteat.
741 2776 795 2830 Si
851 2773 970 2844 quis
1023 2765 1332 2840 permiserit
1405 2763 1722 2817 hzereticum

161 2873 348 2927 missam
368 2885 514 2926 suam
537 2868 816 2925 celebrare
844 2865 895 2918 iu
930 2861 1173 2917 Ecclesia
1199 2856 1486 2920 catholica,
1513 2865 1566 2909 et
1597 2869 1721 2909 nes-

162 2968 240 3034 cit,
281 2966 614 3039 quadraginta
669 2963 788 3018 dies
826 2957 1105 3028 paeniteat.
1154 2954 1211 3010 Si
1256 2967 1357 3023 pro
1415 2945 1722 3004 reverentia

162 3064 269 3131 ejus,
283 3078 469 3117 annum
495 3076 660 3115 unum
681 3056 962 3128 paeniteat.
983 3053 1038 3108 Si
1059 3065 1157 3121 pro
1172 3047 1522 3104 damnatione
1541 3041 1724 3097 Eccle-

1816 1839 2032 1894 sitatem
2070 1842 2292 1895 citatum
2328 1843 2593 1895 nicmnum
2641 1842 2951 1907 concilium,
2997 1841 3138 1913 quod
3188 1843 3418 1914 quadra-

1817 1931 1960 2001 ginta
2002 1931 2213 1987 duobus
2243 1933 2396 1987 annis
2429 1943 2550 2004 post
2575 1932 2894 2006 Eutycltiani
2922 1944 3148 1989 mortem
3172 1936 3417 1991 celebra-

1818 2033 1931 2078 tum
1960 2033 2062 2090 est,
2090 2025 2245 2095 plane
2276 2025 2471 2094 prodit.
2505 2025 2688 2098 Neque
2719 2043 2850 2082 vero
2880 2029 2980 2083 sibi
3014 2039 3228 2084 constat
3282 2028 3418 2085 Gra-

1820 2117 2032 2172 tianus:
2067 2133 2190 2172 nam
2221 2120 2477 2189 majorem
2496 2120 2737 2189 ersdem
2760 2131 2961 2190 partem
2991 2139 3135 2189 xxiv,
3161 2133 3351 2194 qutest.
3376 2141 3413 2190 ι,

1819 2224 1869 2264 c.
1898 2211 1967 2265 41
1998 2252 2011 2274 ,
2061 2211 2202 2267 Julio
2233 2213 2516 2269 adscribit.
2563 2215 2718 2270 Atex
2745 2216 2920 2286 capite
2948 2216 2982 2270 2
3030 2217 3421 2276 Poeniteutialis

1822 2304 2156 2377 Hieronymo
2184 2306 2448 2376 attributi,
2474 2309 2540 2364 iis
2569 2310 2916 2367 varietatibus
2939 2326 3070 2384 quas
3113 2312 3179 2368 ad
3225 2315 3423 2386 margi-

1823 2413 1943 2453 nem
1995 2402 2373 2457 annotavintus
2419 2405 2681 2475 exceptis,
2716 2414 2885 2461 totum
2936 2407 3263 2479 descriptum
3315 2418 3418 2466 est.

1895 2492 1948 2546 7.
1981 2494 2260 2550 Alterum:
2299 2515 2318 2548 ι
2365 2497 2722 2556 Nihilominus
2752 2501 2936 2574 etiam,
2967 2521 2986 2556 ι
3033 2514 3166 2570 etc.,
3195 2519 3302 2575 quo
3330 2507 3425 2563 ab-

1822 2584 2024 2640 batissa
2054 2588 2286 2657 puellam
2318 2591 2578 2663 virginem
2610 2595 2692 2649 vel
2741 2595 2955 2652 viduam
3002 2599 3182 2656 velare
3237 2602 3422 2672 prohi-

1822 2675 1997 2743 betur,
2023 2693 2086 2733 ex
2115 2678 2391 2750 Gratiano,
2424 2700 2520 2752 xx,
2540 2698 2734 2756 quzest.
2759 2704 2818 2753 ιι,
2842 2704 2960 2760 cap.
2988 2690 3042 2753 5.
3066 2691 3420 2764 descriptum,

1824 2775 1966 2846 apud
1997 2776 2362 2836 Burchardum
2395 2798 2608 2854 quoque
2630 2784 2724 2839 lib.
2769 2802 2882 2854 vut,
2909 2804 2958 2844 c.
2993 2790 3078 2855 17,
3108 2802 3162 2846 et
3206 2791 3424 2850 Ivmtem

1827 2888 1883 2944 p.
1916 2874 1970 2940 7,
1995 2889 2045 2930 c.
2079 2877 2172 2944 58,
2203 2888 2258 2932 ιιι
2290 2894 2355 2934 ex
2381 2882 2614 2936 decretis
2641 2882 2984 2956 Eutychiani,
3012 2903 3061 2942 c.
3097 2889 3181 2954 15,
3211 2891 3426 2958 profer,-

1826 2975 1934 3021 tur.
1963 2967 2058 3022 Est
2085 2978 2262 3025 autem
2292 2971 2612 3029 Parisiensis
2643 2991 2696 3030 vt
2726 2977 2963 3046 concilii,
3007 2994 3150 3034 anno
3177 2980 3281 3037 829
3327 2981 3418 3038 ha-

1825 3059 1942 3125 biti,
1970 3060 2063 3116 lib.
2098 3079 2134 3127 ι,
2167 3079 2289 3136 cap.
2322 3067 2412 3122 .15.

165 3160 235 3215 sim
254 3161 522 3218 whnmm
550 3169 576 3196 ιι
601 3168 654 3214 ει
685 3151 1091 3212 consuetudinis
1121 3149 1512 3243 Romanorum.
1559 3142 1725 3214 proii-
1751 3179 1797 3243 Ο
1901 3153 1956 3209 8.
1987 3155 2228 3211 Tertium
2253 3177 2265 3213 :
2294 3178 2312 3210 ‹
2337 3158 2746 3218 Praedicandum
2764 3173 2848 3220 est
2869 3166 3029 3222 etiam
3057 3177 3115 3224 ut
3134 3169 3430 3242 perjurium

164 3255 298 3310 cialur
312 3255 374 3311 ab
400 3252 649 3310 Ecclesia
679 3249 819 3304 sicut
840 3245 1147 3307 haereticus,
1178 3241 1207 3280 ι)
1240 3241 1342 3296 nisi
1393 3239 1586 3294 habeat
1619 3251 1728 3307 pte-

165 3349 434 3405 nitentiam;
487 3347 535 3402 si
586 3342 852 3408 habuerit,
901 3340 1088 3395 decem
1139 3350 1310 3391 annos
1358 3336 1636 3405 paeniteat.
1671 3329 1729 3385 Si

163 3444 400 3500 recesserit
432 3442 507 3496 ab
548 3438 794 3495 Ecclesia
840 3433 1102 3490 catholica
1155 3435 1206 3485 in
1253 3427 1726 3499 congregationem

164 3531 525 3600 hereticorum,
551 3541 608 3587 et
628 3530 750 3584 aliis
778 3525 1129 3598 persuaserit,
1159 3533 1211 3579 et
1243 3530 1430 3592 postea
1452 3517 1724 3590 paeniten-

167 3623 259 3680 tiatn
279 3629 461 3698 egerit,
489 3623 778 3680 duodecim
800 3633 972 3675 annos
990 3618 1268 3688 poeniteat,
1290 3623 1520 3685 quatuor
1551 3609 1730 3682 (apud

165 3717 432 3777 Anseltnum
470 3723 602 3789 tres)
629 3732 802 3772 annos
831 3725 986 3771 extra
1013 3712 1321 3776 ecclesiam,
1355 3719 1410 3765 et
1429 3724 1523 3765 sex
1554 3706 1733 3782 (apud

166 3816 364 3872 eumdem
394 3812 625 3885 septem)
657 3812 798 3867 inter
823 3807 1119 3873 auditores,
1155 3813 1208 3861 et
1234 3805 1371 3860 duos
1387 3803 1564 3860 adhuc
1582 3813 1733 3858 extra

165 3911 585 3964 communionem.
616 3907 690 3959 De
717 3902 800 3957 his
828 3903 880 3956 in
909 3912 931 3938 ο
972 3913 1180 3956 canone
1200 3898 1420 3962 dicitur,
1443 3907 1499 3950 ut
1525 3895 1736 3951 decimo

164 4013 271 4054 anno
294 3999 741 4059 communionem
773 3995 890 4049 sine
916 3992 1191 4048 oblatione
1219 3989 1505 4059 accipiant.
1540 3987 1596 4043 Si
1623 3986 1738 4056 epi-

165 4104 322 4163 scopus
344 4104 439 4150 aut
472 4092 648 4147 abbas
688 4088 842 4158 jubet
897 4085 1162 4140 monacho
1205 4098 1304 4138 suo
1351 4097 1446 4152 pro
1479 4080 1745 4134 hzereticis

164 4189 349 4245 mortuis
373 4196 584 4244 missas
611 4191 834 4238 cantare
859 4179 962 4253 (en
981 4179 1145 4235 verba
1168 4193 1198 4231 a
1226 4176 1485 4233 Gratiano
1507 4172 1744 4242 laudata)

165 4291 244 4333 non
267 4281 385 4337 licet
427 4289 493 4336 et.
529 4292 633 4332 non
665 4273 884 4344 expedit
920 4271 1143 4328 obedire
1172 4271 1275 4325 eis.
1337 4269 1396 4325 Si
1424 4268 1744 4339 presbytero

165 4378 430 4449 contigerit,
467 4374 577 4431 ubi
594 4373 815 4428 missam
847 4372 1166 4435 cantavcrit,
1187 4375 1242 4424 et
1266 4367 1405 4421 alius
1437 4364 1748 4422 recitaverit

164 4473 342 4529 nomina
379 4481 752 4532 mortuorum,
813 4464 914 4522 etd
946 4465 1108 4521 simul
1161 4465 1521 4520 nominaverit
1568 4461 1744 4518 haere-

1833 3247 2020 3303 ﬁdeles
2048 3260 2296 3321 caveant,
2329 3271 2347 3304 ι
2384 3264 2514 3323 etc.,
2543 3256 2921 3329 depromptum
2945 3270 3030 3317 est
3058 3279 3124 3319 ex
3154 3265 3430 3334 Gratiano,

1836 3355 1976 3402 xxtt,
2002 3352 2197 3413 quaest.
2226 3360 2261 3408 t,
2291 3361 2340 3400 c.
2371 3347 2460 3411 17,
2486 3347 2579 3419 qui
2621 3350 2837 3418 quidem
2872 3355 3078 3424 priores
3105 3369 3327 3415 secutus
3351 3372 3436 3418 est

1835 3448 2100 3491 canonum
2142 3437 2484 3505 collectores,
2519 3444 2852 3512 Anselmum,
2907 3447 2997 3502 lib.
3029 3465 3086 3515 tt,
3140 3453 3435 3509 secundum

1837 3544 1940 3583 ms.
1995 3529 2275 3598 German.,
2317 3549 2366 3588 c.
2434 3533 2526 3601 58,
2580 3535 2971 3607 Burchardum,
3003 3539 3094 3596 lib.
3127 3559 3222 3609 xtt,
3249 3561 3299 3599 c.
3346 3547 3437 3613 1-1,

1836 3619 2080 3689 lvouem,
2126 3639 2180 3694 p.
2215 3624 2303 3692 12,
2336 3642 2384 3680 c.
2419 3618 2509 3693 71',
2564 3628 2703 3698 apud
2755 3645 2892 3702 quos
2941 3634 3088 3689 velut
3113 3650 3176 3690 ex
3208 3635 3438 3694 decretis

1839 3713 2181 3787 Eutycltiani,
2215 3733 2264 3774 c.
2304 3719 2395 3786 26,
2430 3721 2632 3790 pariter
2694 3725 2908 3782 citatur.
2967 3728 3210 3787 Pertinet
3260 3742 3438 3790 tamen

1806 3807 1906 3863 -ad
1933 3807 2292 3866 Theodulfum
2325 3812 2773 3873 Aurelianensem
2805 3822 3142 3893 episcopum,
3168 3839 3290 3897 cap.
3347 3827 3440 3896 26,

1841 3902 1981 3974 apud
2013 3902 2380 3973 Sirntondum,
2433 3917 2565 3964 tum.
2595 3925 2630 3964 ll
2656 3925 2808 3967 conc.
2841 3912 3003 3982 Gall.,
3036 3931 3160 3988 pag.
3192 3919 3318 3974 217.

1909 3997 1961 4051 9.
1989 3996 2082 4052 liis
2104 3998 2383 4069 subjicitur
2411 4012 2690 4072 quartum:
2746 4024 2766 4057 ι
2793 4006 2848 4061 Si
2893 4009 3014 4079 quis
3063 4011 3432 4069 membrorum

1852 4092 2237 4160 truncationes,
2274 4103 2328 4149 et
2357 4095 2639 4152 domorum
2673 4098 2916 4158 incendia
2942 4101 3154 4172 fecerit,
3187 4105 3302 4162 sive
3328 4107 3447 4165 ﬁeri

1845 4185 2085 4255 jusserit,
2119 4195 2210 4240 aut
2235 4185 2454 4243 facienti
2486 4194 2844 4258 consenserit,
2887 4210 2992 4266 quo
3022 4213 3193 4269 usque
3244 4199 3314 4255 de
3359 4199 3447 4257 his

1851 4277 2136 4349 unicuique
2187 4279 2427 4351 legaliter
2479 4293 2532 4338 et
2562 4285 2922 4343 amicabiliter
2968 4305 3150 4346 coram
3196 4293 3450 4366 episcopo

1851 4368 2082 4424 civitatis
2114 4370 2343 4442 aliistjue
2372 4374 2576 4430 civibus
2605 4391 2710 4430 non
2739 4379 3127 4449 emendaverit,
3159 4383 3227 4438 ab
3269 4384 3452 4442 Eccle-

1851 4460 1929 4516 sia
1951 4475 2011 4518 se
2044 4462 2307 4533 privatum
2336 4478 2647 4538 cognoscat.
2685 4468 2740 4526 Si
2763 4486 2893 4527 vero
2935 4484 3056 4544 post
3083 4477 3373 4534 secundam
3397 4489 3454 4535 et

168 4565 272 4622 licus
317 4583 442 4624 cum
487 4561 799 4624 catholicis,
832 4561 877 4613 si
939 4568 1061 4629 post
1120 4558 1338 4612 missam
1391 4534 1825 4619 intellexerit,”
1853 4554 2064 4609 tertiam
2097 4557 2509 4614 conventionem
2564 4571 2776 4629 cuncta,
2835 4563 2886 4618 in
2935 4534 3132 4635 quibus
3186 4573 3450 4642 arguitur,

164 4660 472 4720 hebdomada
510 4671 536 4699 ε
568 4659 855 4731 pteniteat:
885 4655 930 4710 si
965 4658 1272 4726 frequenter
1299 4651 1512 4717 fecerit,
1545 4667 1744 4706 annum

164 4754 396 4830 integrum
427 4756 723 4830 pmniteat.
747 4752 802 4808 Si
833 4750 953 4821 quis
981 4759 1158 4804 autem
1190 4763 1286 4817 pro
1311 4756 1481 4801 morte
1509 4745 1747 4800 haeretici

162 4852 353 4907 missam
379 4847 750 4910 ordinaverit,
800 4855 859 4898 ut
889 4858 987 4913 pro
1016 4841 1275 4912 religione
1303 4853 1398 4894 sua
1431 4835 1449 4875 τ
1481 4837 1598 4906 ejus
1627 4837 1750 4892 reli-

163 4947 291 5015 quias
343 4947 420 5004 ibi
455 4942 720 5004 tenuerit,
761 4948 816 4995 et
864 4937 1038 4993 nescit
1065 4933 1425 4990 differentiam
1472 4931 1751 4986 catholica:

163 5041 296 5106 fidei;
329 5052 384 5098 et
419 5049 617 5111 postea
650 5034 994 5096 intellexerit,
1053 5028 1529 5100 poenitentiamque
1560 5024 1749 5093 egerit,

163 5133 397 5205 reliquias
427 5133 510 5188 ibi
534 5129 698 5185 debet
727 5129 848 5198 igne
876 5137 1246 5188 c0ncremare,
1280 5131 1334 5176 et
1361 5135 1560 5175 annum
1587 5132 1752 5173 unum

163 5227 421 5294 preniteat.
476 5226 538 5282 Si
571 5232 750 5278 autem
793 5220 916 5288 scit,
969 5227 1021 5274 et
1064 5217 1385 5288 neglexerit,
1441 5214 1757 5285 poenitentia

1853 4659 1959 4699 non
1987 4648 2379 4711 emendaverit,
2435 4659 2706 4722 tamquam
2765 4653 3014 4713 ethnicus
3052 4671 3104 4714 et
3135 4662 3454 4731 publicanus

1852 4740 1920 4794 ab
1963 4740 2110 4795 omni
2165 4741 2582 4799 Christianorum
2637 4745 2866 4818 collegio
2932 4762 3253 4822 separetur»
3311 4759 3454 4828 quod

1854 4832 1979 4888 licet
2008 4833 2318 4899 Gratianus,
2347 4852 2504 4901 xxm,
2537 4847 2727 4908 quaest.
2759 4839 2814 4906 8,
2838 4856 2886 4896 c.
2919 4842 3006 4905 '51.
3065 4858 3183 4916 post
3214 4847 3451 4916 lvouem,

1854 4927 2020 4996 p.13,
2038 4943 2087 4984 c.
2111 4929 2199 4987 40.
2224 4940 2273 4984 et
2294 4929 2688 4997 Burchardum,
2715 4933 2808 4988 lib.
2835 4952 2907 5002 xt,
2942 4939 3100 5006 c.50,
3121 4939 3458 5014 Eutychiano

1855 5022 2132 5088 attribuat,
2162 5039 2228 5078 eu
2256 5033 2436 5079 tamen
2468 5030 2740 5082 recentius
2755 5027 2880 5099 jure
2906 5031 3170 5090 videatur.

1931 5118 2021 5174 10.
2054 5118 2309 5186 Quintum
2356 5139 2370 5176 :
2405 5139 2424 5173 ‹
2470 5119 2524 5176 Si
2556 5122 2676 5193 quis
2701 5125 2920 5194 gentilis
2957 5131 3211 5200 gentilem
3235 5148 3459 5191 uxorem

1861 5213 2125 5270 dimiserit
2145 5222 2268 5271 ante
2295 5215 2653 5287 baptismum;
2676 5237 2695 5270 ι
2733 5229 2789 5276 et
2820 5234 3053 5293 sextum,
3080 5225 3248 5283 Simili
3297 5229 3461 5286 modo

162 5333 450 5380 commotus
476 5333 505 5370 ε
539 5320 726 5377 decem
775 5332 944 5374 annos
1000 5316 1279 5387 poeniteat.
1323 5313 1380 5369 Si
1411 5313 1530 5383 quis
1575 5327 1602 5365 a
1656 5309 1761 5366 ﬁde
1865 5309 1908 5363 si
1937 5323 2151 5364 unusex
2167 5308 2468 5380 conjugatis
2497 5310 2799 5384 baptizatus
2825 5325 2909 5372 est
2934 5327 2989 5373 et
3018 5319 3156 5376 alter
3175 5321 3410 5392 gentilis,
3435 5342 3454 5376 ι

1169 5412 1176 5418 ’
1333 5445 1714 5504 LECTIONES
1749 5441 2166 5501 VABIANTES.

273 5600 334 5651 Et
358 5597 742 5652 consuetudinis
763 5592 1092 5656 Romanorum
1131 5587 1264 5654 apud
1300 5585 1445 5640 Hier.
1471 5600 1566 5638 non
1588 5590 1759 5644 exstat.

280 5725 336 5800 le
360 5720 800 5800 stilodeﬁiaiee:

215 5658 245 5697 λ
275 5663 387 5714 Nisi
416 5660 713 5730 parumst-it
733 5658 865 5724 apud
887 5656 1029 5713 Hier.

222 5728 244 5756 ε
280 5725 333 5756 In
360 5723 562 5756 mundam
603 5723 781 5756 Hem-nn

222 5788 248 5830 d
281 5788 345 5841 Et
365 5777 414 5839 si
440 5798 604 5838 unum
623 5783 947 5836 nominaverit
967 5782 1254 5835 hmreticum
1280 5777 1413 5844 apud
1438 5779 1555 5830 Ans.

1937 5587 1959 5650 Ϋ
1994 5583 2203 5650 ιῙθὶμηθῑ
2222 5585 2356 5650 apud
2380 5585 2522 5638 Hier.

1935 5645 2339 5733 {haemi-13:19:
2373 5650 2460 5700 illo
2491 5651 2684 5714 fecerit,
2726 5655 2840 5718 quia
2877 5655 3083 5709 multum
3119 5660 3389 5733 jejunavit,
3414 5676 3466 5727 et

1865 5703 2359 5778 w§tgaapitdﬂier,
2463 5777 2466 5778 ν
2554 5777 2559 5778 7
2671 5703 2682 5714 '
2879 5703 3389 5736 '"“"""0VJ‘--u-,

1930 5775 1956 5815 Β
1981 5773 2314 5840 Quadraginta
2336 5777 2468 5843 apud
2492 5777 2632 5830 Hier.
