3994 6318
577 312 685 379 to;
1199 296 1626 399 EU'l‘YCHtANt
1665 290 1869 367 pars:
1907 292 2362 367 EXHORTATIO
2389 304 2481 364 Al)
2520 304 3048 380 PBESBYTEROS,
3090 304 3242 367 ero.
3725 317 3808 378 ιθ,

581 435 868 492 Gratianus
906 446 1098 497 nvut,
1152 437 1347 502 quaest.
1383 428 1432 495 l,
1479 443 1529 484 c.
1564 426 1600 481 2
1646 434 1701 482 ct
1752 427 1785 480 5
1836 421 2159 494 suppeditat.
2189 415 2243 479 Α
2271 429 2379 475 tum
2430 436 2571 485 esse,
2619 431 2673 478 et
2724 423 2776 477 in
2805 439 2887 489 ea,
2935 422 3076 480 sicut
3108 430 3162 479 et
3202 424 3255 479 in
3294 408 3522 494 Oriente,
3562 428 3730 485 saltem
3755 434 3807 488 ad

581 529 716 584 llnic
741 526 1094 599 prteluserant
1120 521 1487 588 Burcbardus,
1541 519 1634 575 lib.
1663 536 1751 586 χι,
1783 534 1833 573 c.
1879 518 1948 574 59
1976 527 2031 573 et
2081 518 2173 585 60,
2280 522 2489 568 sextum
2514 530 2680 584 usque
2718 514 2998 580 saeculum,
3053 516 3194 571 hunc
3245 518 3528 575 obtinuisse
3573 536 3724 591 usum,
3767 537 3811 580 ιιι

580 638 791 677 necnon
814 621 925 686 Ivo,
955 615 1084 690 p.,8,
1106 617 1282 673 c.195
1304 625 1359 671 et
1381 613 1504 671 196.
1530 612 1823 685 Utrumque
1845 613 2175 683 descriptum
2282 606 2645 662 testimonium
2690 607 2885 665 dicturi
2909 609 3216 679 Evangelia
3245 612 3345 667 sibi
3386 614 3657 684 proposita.
3698 616 3811 673 nulla

580 725 663 772 est
687 732 748 771 ex
774 698 1138 769 Pmniteutiali
1165 707 1435 765 Theodori
1464 696 1719 762 Cantuar.
1753 721 1872 777 cap.
1905 706 1974 761 15
2004 714 2060 760 et
2082 704 2151 760 45

2279 711 2553 754 sacrarum
2621 701 2974 773 reliquiarum
3022 704 3296 777 mentione
3338 705 3492 771 facta,
3545 714 3807 778 tangerent:

578 818 640 864 ut
667 807 853 864 videre
874 815 958 862 est
977 804 1118 878 apud
1138 796 1394 871 Petitum,
1412 811 1542 858 tom.
1569 818 1606 870 ι,
1637 817 1755 873 pag.
1785 800 1875 869 11,
1899 809 1954 856 et
1972 799 2177 856 Daebe—
2280 795 2433 865 cnjns
2460 798 2537 852 rei
2561 796 2721 853 fidem
2749 798 2947 855 facient
2968 798 3197 870 epistola
3227 798 3296 855 15
3326 783 3500 870 Vigilii
3528 814 3681 881 papre,
3702 816 3745 855 ιι.
3768 800 3810 867 2,

578 904 717 959 rium
746 901 1027 971 Spicileg.,
1060 909 1191 955 tom.
1219 914 1295 954 rx.
2282 887 2481 960 Pelagii
2512 889 2533 945 Ι
2579 890 2937 963 fragmentum
2970 894 3063 960 44,
3115 892 3184 948 ad
3226 893 3555 957 Decoratum,
3584 892 3811 964 Mopsues-

650 997 738 1053 11.
766 994 921 1064 Quod
950 994 1181 1066 septimo
1207 992 1327 1048 loco
1355 1007 1387 1049 e
1408 989 1684 1057 Gratiano,
1712 1005 1881 1057 xxxv,
1905 986 2175 1059 quzest.6,
2280 993 2421 1040 tena:
2443 986 2634 1059 synodi
2674 997 2825 1058 gesta
2858 988 3071 1044 concilii
3098 988 3269 1060 quinti
3295 989 3554 1060 generalis
3596 990 3811 1046 actioniS

575 1107 628 1148 c.
659 1090 715 1157 7,
770 1078 1100 1157 descriptum
1149 1094 1234 1142 est
1269 1085 1333 1141 de
1371 1086 1665 1157 juramento
1711 1080 1972 1153 synodali,
2024 1079 2179 1150 cujus
2280 1078 2742 1145 inserta,sextum
2763 1082 3809 1156 conciliumgenerale,act.u,pag.977.

575 1181 829 1238 initium:
867 1198 886 1232 ι
920 1177 1221 1250 Episcopus
1270 1166 1323 1232 in
1350 1174 1561 1249 synodo
1589 1174 1858 1240 residens,
1895 1183 2017 1245 post
2046 1186 2178 1227 con—
2283 1176 2590 1249 Superioris
2655 1187 2838 1235 autem
2882 1179 3129 1236 formulae
3175 1180 3507 1250 adhibendae,
3563 1197 3650 1238 seu
3688 1197 3813 1253 supra

577 1290 765 1346 gruatn
784 1270 1238 1337 exhortationem,
1255 1279 1464 1340 septem
1482 1285 1547 1324 ex
1568 1266 1726 1339 plebe
1744 1268 1864 1338 ejus
1883 1262 2177 1335 parochias,
2283 1269 2557 1341 Reliquias
2573 1271 2791 1343 jurandi
2816 1284 3146 1344 praeceptum
3177 1275 3319 1346 apud
3341 1273 3624 1342 Baluziutn,
3654 1284 3760 1329 tom.
3782 1290 3810 1339 ι,

578 1367 664 1424 vel
692 1384 757 1423 eo
782 1366 1032 1438 amplius,
1063 1374 1222 1436 prout
1266 1360 1465 1418 viderit
1502 1360 1779 1433 expedire,
1832 1359 2178 1427 maturiores,
2282 1363 2512 1437 Capitul.
2545 1366 2600 1421 in
2620 1365 2915 1437 Capitulari
2940 1384 3018 1437 tv,
3061 1370 3189 1425 anni
3209 1370 3335 1437 805,
3368 1370 3479 1427 sive
3514 1369 3579 1425 de
3603 1369 3707 1441 lege
3743 1369 3814 1423 Ri.

581 1460 919 1517 honestiores
945 1468 1107 1528 atque
1139 1458 1443 1513 veraciores
1474 1455 1620 1510 viros
1650 1452 1809 1510 debet
1858 1453 1910 1508 in
1944 1453 2180 1509 medium
2284 1459 2596 1529 puariense,
2634 1476 2755 1531 cap.
2785 1462 2876 1528 57,
2924 1478 3048 1534 pag.
3095 1464 3227 1531 598,
3252 1473 3306 1519 et
3344 1463 3480 1534 apud
3527 1463 3813 1520 Sirmondum

578 1552 865 1619 advocare,
885 1560 989 1607 etc.
1014 1569 1034 1603 ι
1058 1540 1246 1606 eadem
1262 1548 1471 1604 ratione
1493 1545 1725 1603 refertur
1741 1555 1796 1602 et
1823 1544 1964 1614 apud
1990 1544 2181 1601 Ansel-
2286 1566 2419 1611 ιοηι,
2450 1572 2511 1624 η,
2562 1571 2718 1613 conc,
2767 1558 2932 1625 Gau,’
2966 1574 3085 1630 pag,
3137 1558 3265 1626 mg,
3316 1560 3505 1629 legum.
3531 1558 3609 1614 hi.
3648 1558 3813 1614 verbis,

578 1666 724 1706 mum
759 1648 851 1704 lib.
881 1663 958 1713 vt,
984 1642 1276 1703 secundum
1310 1660 1412 1702 ms.
1442 1644 1724 1713 Genuam,
1757 1658 1807 1699 c.
1842 1641 1967 1698 146.
2016 1640 2183 1697 Extat
2292 1665 2311 1699 ι
2338 1647 2509 1705 Omne
2534 1658 2934 1706 sacramentum
2958 1650 3011 1705 in
3041 1649 3292 1707 Ecclesia
3325 1662 3419 1706 aut
3441 1665 3591 1722 supra
3617 1648 3816 1720 reliquias

536 1730 541 1735 ’
579 1746 634 1800 et
657 1742 795 1814 apud
821 1736 1213 1807 Bureltardum,
1247 1734 1341 1795 lib.
1368 1756 1408 1806 ι,
1440 1754 1561 1809 cap.
1593 1738 1655 1795 91
1690 1748 1741 1793 et
1790 1732 1884 1803 92,
1917 1735 2064 1790 velut
2116 1749 2183 1789 ex
2284 1739 2497 1811 juretur
2520 1758 2531 1793 :
2557 1751 2609 1796 et
2638 1741 2781 1813 quod
2813 1743 2864 1797 in
2898 1729 3146 1799 Ecclesia.
3167 1742 3455 1814 jurandum
3482 1752 3580 1808 est,
3610 1742 3686 1797 vel
3726 1756 3817 1797 cum

580 1828 815 1892 decretis
850 1828 1170 1909 Eulycltiani
1222 1836 1397 1903 papa),
1450 1846 1569 1901 cap.
1602 1831 1655 1887 9.
1689 1828 1794 1886 Sed
1846 1827 1989 1900 apud
2036 1826 2181 1882 hunc
2210 1831 2259 1892 B
2286 1848 2386 1889 sex
2418 1833 2630 1899 electis,
2663 1833 2768 1900 vel,
2822 1835 2866 1890 si
2917 1833 3203 1891 duodecim
3260 1850 3383 1892 esse
3432 1833 3638 1902 debent,
3678 1834 3817 1904 quales

579 1946 697 2001 cap.
727 1928 797 1986 92
840 1939 894 1983 et
942 1920 1013 1983 95
1050 1910 1411 1996 subjiciuntur
1452 1924 1523 1981 88
1559 1922 1821 1994 capitula,
1874 1923 1942 1978 de
1986 1921 2184 2001 quibus
2291 1925 2523 1994 potuerit
2562 1912 2844 1992 invenire;
2871 1934 2926 1981 et
2954 1927 3033 1983 sic
3053 1926 3235 1998 juret:
3272 1928 3361 1984 Sic
3390 1928 3533 1983 illum
3557 1925 3678 1982 Dm
3702 1925 3817 1997 adja-

579 1998 722 2078 velnt
751 2039 815 2078 ex
848 2016 1090 2092 ejusdem
1125 2008 1446 2092 Entycitiani
1489 2024 1763 2089 praecepto
1817 1998 2183 2086 interrogandi
2288 2028 2386 2081 vel,
2420 2027 2466 2072 et
2488 2020 2567 2074 illi
2595 2018 2780 2075 Sancti
2808 2035 3026 2091 quorum
3051 2022 3162 2076 iam
3183 2021 3411 2087 reliquit:
3449 2030 3581 2087 sunt,
3631 2027 3682 2074 ut
3714 2018 3817 2073 dicat

578 2114 687 2173 sint
707 2115 797 2188 qui
825 2120 971 2187 prius
996 2123 1338 2172 sacramento
1369 2111 1615 2186 synodali
1645 2127 1707 2168 se
1732 2110 2178 2167 constrinxerint.
2287 2108 2628 2165 veritatem.»
2661 2110 2912 2181 Ejusdem
2932 2113 3010 2168 rei
3035 2122 3363 2185 praeceptum
3381 2122 3538 2186 atque
3566 2125 3697 2168 usum
3715 2107 3817 2180 apud

579 2209 747 2265 Porro
778 2222 967 2263 omnes
998 2200 1072 2261 illi
1105 2202 1427 2263 collectores
1458 2203 1510 2257 in
1545 2201 1645 2259 ltac
1687 2200 2013 2257 sacramenti
2070 2201 2183 2254 for-
2288 2202 2600 2273 praedictum
2635 2204 2933 2275 Baluzium,
2967 2221 3089 2278 pag.
3136 2205 3224 2274 60,
3259 2207 3441 2264 videre
3482 2217 3557 2264 est
3602 2206 3649 2261 in
3689 2204 3812 2274 Daga-

583 2301 724 2357 mnla
770 2300 1139 2366 consentiunt,
1172 2306 1276 2370 qtta
1336 2292 1557 2352 tallatis
1612 2298 1931 2352 Sanctorum
1985 2295 2180 2365 pigno-
2288 2293 2430 2350 berti
2462 2296 2604 2366 regis
2630 2295 2927 2367 Capitulari
2957 2313 3012 2364 ιι,
3048 2298 3173 2353 anni
3194 2298 3325 2368 650,
3349 2300 3463 2355 sive
3493 2298 3609 2367 lege
3627 2296 3814 2353 Alaman-

581 2392 799 2460 ribus,i
863 2396 894 2448 a
943 2392 1155 2462 iurante
1210 2391 1443 2461 exigitur
1479 2387 1664 2461 (quod
1710 2399 1766 2443 tu
1817 2404 1919 2445 nec
1965 2396 2188 2458 propter
2290 2407 2505 2457 norum,
2528 2407 2649 2463 cap.
2670 2392 2724 2460 7,
2744 2392 2835 2448 ubi
2854 2395 3129 2451 sancitur:
3158 2395 3305 2452 «Ista
3326 2401 3651 2452 sacramenta
3670 2391 3807 2449 delicat

581 2504 842 2554 amorem,
879 2502 977 2541 nec
1009 2488 1227 2555 propter
1284 2485 1555 2550 timorem,
1619 2497 1719 2537 nec
1777 2490 1999 2552 prapter
2048 2496 2188 2551 prae-
2290 2499 2413 2541 esse
2443 2486 2646 2556 jurata,
2680 2495 2739 2542 ut
2782 2487 2859 2542 illi
2907 2488 3284 2559 conjnratores
3329 2505 3516 2545 manus
3557 2498 3671 2543 suas
3701 2495 3813 2551 super

582 2580 772 2644 mium,
830 2588 930 2634 nec
958 2582 1177 2648 propter
1207 2573 1539 2647 parentelatn
1571 2573 1838 2629 ullatenus
1880 2572 2025 2637 celes
2070 2574 2188 2643 epi-
2290 2592 2506 2649 capsam
2550 2589 2772 2649 ponant,
2818 2592 2875 2637 et
2899 2581 2991 2638 ille
3027 2582 3194 2646 solus,
3247 2583 3334 2638 cui
3371 2596 3530 2639 causa
3563 2578 3816 2650 requiratur,

581 2684 828 2744 scoputn,
857 2681 949 2728 aut
980 2674 1099 2743 ejus
1130 2672 1354 2728 missum
1388 2670 1474 2726 cui
1506 2671 1608 2725 hoc
1639 2666 1914 2743 inquirere
1939 2668 2185 2740 jusserit,
2290 2674 2453 2729 verba
2489 2682 2693 2729 tantum
2720 2674 2886 2743 dicat,
2919 2684 2974 2731 et
2994 2690 3158 2747 super
3185 2678 3425 2732 omnium
3453 2687 3631 2731 manus
3656 2679 3817 2726 manum

582 2764 1031 2837 quandocumque
1057 2772 1121 2821 ex
1147 2766 1251 2821 hoc
1281 2772 1334 2822 te
1362 2765 1795 2836 interrogaverit.
1829 2764 1919 2821 Sic
1957 2772 2005 2817 te
2048 2761 2190 2818 Deus
2291 2782 2446 2823 suam
2466 2756 2804 2838 imponat,ut
2820 2768 2900 2822 sic
2920 2767 2991 2822 illi
3012 2768 3389 2840 Deusadjuvet
3404 2769 3487 2824 vel
3509 2766 3605 2821 illa:
3621 2759 3817 2831 reliquie,

581 2862 807 2932 adiuvet,
831 2864 878 2917 et
906 2863 1018 2918 isne
1045 2863 1354 2919 Sanctorum
1391 2858 1673 2933 reliquiae.»
1710 2860 1808 2917 Cui
1860 2860 2052 2915 similis
2106 2856 2191 2915 est
2292 2870 2432 2915 etc.»
2466 2858 2602 2915 Vide
2623 2858 2916 2914 concilium
2943 2858 3433 2917 Francofordiense
3448 2872 3583 2913 anno
3602 2852 3693 2910 791
3709 2848 3823 2906 celo-
3904 2888 3905 2925 θ

582 2961 680 3014 ista
703 2956 1069 3029 interrogandi
1099 2956 1329 3012 fut-muta
1351 2954 1844 3027 apudGratianum,
1880 2948 2037 3020 ibid.,
2057 2946 2109 3008 ὸ.
2130 2953 2186 3021 5,
2291 2953 2527 3020 brutum,
2558 2969 2679 3010 ean.
2707 2952 2764 3021 9,
2789 2952 2876 3013 ubi
2902 2960 2995 3007 aut
3021 2954 3178 3009 tactis
3222 2952 3547 3025 Evangeliis,
3570 2956 3653 3005 aut
3687 2953 3823 3002 coram
3904 2968 3905 3015 ξ

583 3050 749 3108 relata
782 3053 834 3106 in
871 3050 1012 3107 hunc
1052 3049 1304 3106 mbduin:
1365 3067 1383 3102 ι
1413 3046 1485 3105 De
1541 3051 1640 3105 ista
1691 3046 1985 3120 parentela,
2028 3062 2187 3119 quam
2290 3047 2580 3116 propositis
2600 3046 2839 3118 reliquiis
2861 3046 3074 3117 jnrandi
3108 3061 3227 3102 mos
3248 3046 3530 3103 indicatur.
3711 3044 3722 3052 ’

456 3196 470 3210 κ
584 3146 910 3202 dicuntesse
937 3145 1077 3201 inter
1103 3142 1337 3199 illumN.
1363 3128 2187 3213 etinterillamejusconjugem
2369 3140 2454 3195 15.
2512 3140 2797 3195 Decretum
2863 3138 3023 3195 illud:
3078 3138 3281 3195 Malum
3318 3152 3559 3213 magnum
3607 3127 3824 3191 ebrietatis,

582 3239 648 3297 Ν.
681 3226 937 3311 quidquid
961 3228 1085 3295 inde
1107 3239 1215 3294 scis
1235 3246 1328 3293 aut
1356 3236 1550 3294 audisti
1594 3253 1623 3293 a
1658 3234 1763 3293 tuis
1791 3238 2002 3304 vicinis,
2034 3247 2127 3291 aut
2151 3251 2181 3291 a
2209 3237 2254 3301 C
2288 3233 2426 3305 quod
2448 3248 2515 3289 ex
2546 3232 2805 3289 librorum
2826 3249 2937 3297 xvr,
2963 3232 3101 3288 libro
3117 3249 3233 3301 xw,
3267 3250 3387 3306 cap.
3406 3233 3461 3300 Ξ,
3484 3230 3726 3303 vulgatam
3749 3228 3825 3283 est,

585 3335 690 3390 tuis
738 3324 1130 3404 antitiuidrlbus
1190 3332 1525 3403 propinquis,
1574 3330 1716 3403 quod
1750 3340 1805 3385 tu
1849 3346 1944 3401 per
1975 3329 2181 3385 nullum
2288 3327 2542 3400 quodque
2566 3328 2708 3400 apud
2742 3327 3135 3395 Burchardum,
3169 3327 3266 3386 lib.
3300 3344 3422 3394 ut,
3451 3343 3565 3396 cap.
3590 3324 3642 3391 2,
3669 3329 3715 3376 et
3737 3314 3825 3404 lvof

588 3424 886 3499 ingenium,
932 3441 1032 3482 nec
1064 3426 1289 3497 propter
1318 3441 1584 3493 amorem,
1616 3440 1717 3481 nec
1749 3434 1972 3495 propter
2025 3424 2187 3479 timo-
2288 3439 2435 3488 nem,
2462 3437 2516 3492 p.
2548 3422 2635 3485 15,
2669 3437 2719 3478 c.
2744 3422 2835 3488 71,
2864 3421 3208 3489 otl‘endimus,
3228 3432 3315 3478 est
3333 3417 3642 3494 Moguntiaci
3662 3403 3828 3470 concilii

586 3537 724 3587 rem,
752 3516 844 3576 aut
897 3526 993 3590 per
1020 3519 1338 3591 praemium,
1386 3527 1478 3573 aut
1511 3533 1607 3588 per
1654 3515 2183 3587 consanguinitatem
2288 3531 2433 3572 anno
2454 3515 2563 3572 815
2591 3515 2871 3581 celebrati,
2903 3532 3079 3572 canon
3106 3515 3201 3572 46.

584 3613 786 3669 celabis
814 3590 1126 3684 episcopum
1150 3616 1321 3673 tuum,
1378 3618 1471 3665 aut
1520 3602 1639 3680 ejus
1667 3609 1889 3663 missum
1940 3605 2027 3661 cui
2082 3599 2187 3660 lioc
2364 3611 2452 3667 14.
2477 3611 2633 3678 Quod
2657 3610 2783 3667 huic
2806 3611 3117 3681 subjicitur:
3142 3611 3431 3682 (Episcopi
3449 3625 3512 3665 ac
3538 3605 3628 3663 Dei
3652 3590 3830 3658 ministri

584 3706 856 3780 inquirere
880 3705 1122 3779 jusserit,
1153 3703 1604 3775 quandocumque
1632 3711 1686 3759 te
1729 3716 1793 3757 ex
1825 3700 1927 3755 hoc
1953 3694 2185 3755 interro-
2290 3720 2398 3760 non
2428 3703 3138 3760 debentcomessationibus
3163 3714 3220 3759 et
3255 3701 3560 3760 vinolentiis
3584 3693 3728 3756 nimiis
3764 3687 3832 3741 in-

583 3802 807 3873 gaverlt.
839 3800 927 3857 Sic
954 3808 1002 3856 te
1031 3796 1167 3853 Deus
1189 3797 1417 3868 adjuvet,
1449 3806 1495 3852 et
1542 3796 1653 3851 ista:
1696 3794 2019 3851 Sanctorum
2065 3793 2188 3847 reti-
2288 3798 2578 3865 cumbere,
2611 3817 2631 3851 ι
2666 3798 2814 3854 velut
2852 3814 2917 3854 ex
2945 3797 3134 3853 iisdem
3168 3797 3357 3866 libris,
3402 3794 3554 3861 ibid.,
3597 3806 3643 3847 c.
3667 3787 3713 3850 3,
3736 3780 3832 3837 deso

584 3894 732 3965 quite.
757 3912 779 3945 ι
815 3890 977 3963 Atqui
1024 3891 1138 3947 haec
1180 3889 1469 3947 novissima
1522 3882 1748 3945 formula
1775 3886 1935 3960 (quae
1963 3893 2019 3942 et
2046 3900 2161 3955 aput

2290 3895 2543 3965 criptum,
2575 3894 2821 3951 similiter
2837 3906 2891 3951 et
2905 3892 3270 3960 Burchardus,
3296 3894 3389 3950 lib.
3411 3908 3520 3956 xvr.
3538 3906 3585 3946 c.
3604 3888 3652 3953 5,
3682 3878 3826 3941 etlvo,

588 3984 961 4043 Burcllardum
986 3976 1078 4040 lib.
1101 3988 1195 4051 vtl,
1216 3978 1374 4047 (3.25,
1394 3986 1449 4037 et
1468 3968 1605 4053 apud
1624 3980 1862 4045 lvonem,
1880 3994 1931 4050 p.
1948 3970 2001 4047 9,
2022 3993 2071 4033 c.
2093 3975 2183 4044 61,
2289 3997 2432 4060 ρει-ι,
2472 4004 2587 4053 χιιι,
2637 4002 2690 4043 ο,
2720 3988 2811 4054 70,
2845 3987 3121 4055 exhibent,
3150 4002 3218 4041 ac
3240 3987 3408 4043 nihilo
3436 3985 3599 4056 magis
3621 3976 3682 4034 ad
3706 3973 3833 4060 Eutyf

585 4079 950 4152 anepigrapba
977 4086 1097 4146 est;
1128 4092 1303 4150 neque
1339 4075 1506 4141 enim,
1544 4083 1601 4129 ut
1642 4074 1901 4145 pulardnt
1927 4066 2185 4127 Pitlnnani
2290 4058 2541 4139 ξιιιίαηιηη
2573 4082 2830 4152 pertinet.
2852 4080 2945 4137 sed
2971 4081 3040 4137 ad
3076 4081 3350 4137 “emensa
3376 4075 3658 4137 secundum
3694 4058 3834 4123 conci-

587 4173 808 4240 fratres,
838 4173 907 4229 ad
940 4172 1078 4228 hanc
1109 4172 1344 4243 pertinet
1363 4167 1732 4241 superioribus
1772 4165 2008 4223 decretis
2047 4168 2186 4236 'prze-
2291 4174 2447 4242 lium,
2467 4189 2611 4230 anno
2632 4173 2740 4231 813
2757 4172 3025 4242 habitum,
3047 4173 3200 4243 cujus
3221 4183 3492 4229 εειοαηοη
3522 4168 3607 4226 18.

586 4266 689 4321 fixa
724 4265 969 4338 Gregorii
993 4280 1060 4322 ex
1108 4264 1339 4321 concilio
1384 4263 1545 4319 Rom.
1580 4258 1795 4332 citatio)
1846 4276 1876 4315 a
1928 4259 2163 4317 Gratiam

2366 4268 2455 4322 15.
2502 4267 2879 4323 Postremum:
2928 4265 3316 4322 Observandum
3344 4274 3417 4321 est
3445 4260 3601 4323 nobis.
3635 4267 3726 4327 quo

586 4368 645 4415 ut
669 4374 736 4416 ex
755 4335 958 4415 Ordine
986 4354 1228 4414 Romano
1248 4358 1464 4413 citatur.
1497 4353 1783 4412 Probabile
1826 4362 1912 4409 est
1942 4354 2100 4424 igitur
2131 4348 2189 4408 et
2293 4358 2475 4415 nistris
2527 4358 2621 4414 Dei
2654 4358 3021 4429 praescribitur
3073 4356 3397 4429 quibuscum
3444 4345 3701 4412 convivari
3737 4335 3835 4411 ipsi!

587 4468 653 4508 ex
698 4454 889 4509 eodem
937 4446 1141 4508 Ordine
1186 4450 1475 4523 repetitum
1526 4463 1649 4504 esse
1694 4443 1947 4517 superius
2000 4440 2190 4501 decrc-
2292 4451 2472 4518 liceat,
2496 4467 2564 4507 ex
2587 4451 2844 4508 librorum
2866 4468 2980 4517 xv],
3010 4451 3104 4507 lih.
3129 4467 3239 4517 xiv,
3260 4466 3381 4522 cap.
3410 4449 3495 4515 10,
3525 4444 3833 4508 desumptum-

588 4558 719 4604 tum-
2294 4556 2350 4600 et
2388 4543 2575 4601 eadem
2609 4547 2818 4602 ratione
2865 4561 2895 4601 a
2944 4543 3279 4609 Burchardo,
3306 4543 3400 4599 lib.
3453 4556 3557 4603 1m,
3597 4551 3643 4591 c.
3685 4528 3759 4590 10.
3796 4529 3836 4577 ei

662 4636 750 4699 12.
784 4630 1082 4698 Fatendum
1129 4644 1307 4698 tamen
1346 4650 1430 4727 est
1474 4634 1528 4696 in
1577 4653 1857 4695 romanam
1892 4622 2188 4693 Ecclesium
2215 4665 2269 4727 Β
2292 4636 2478 4705 Ivone,
2509 4653 2562 4708 p.
2594 4639 2685 4705 11,
2707 4654 2757 4695 c.
2792 4640 2883 4704 78,
2901 4637 3196 4727 laudatum,
3234 4644 3319 4692 est
3357 4628 3662 4704 Capitularis
3695 4620 3835 4677 Theo-

590 4732 897 4809 lmjusmodi
924 4752 1127 4792 morem
1166 4726 1379 4793 nonnisi
1407 4733 1744 4807 seQuioribus
1771 4731 1983 4788 smculis
2012 4726 2225 4787 invec-i
2297 4730 2427 4786 dulti
2459 4730 2698 4803 episcopi
2727 4726 3131 4788 Aurelianensis
3172 4738 3334 4802 caput
3360 4730 3448 4785 15.

1339 4964 2508 5125 ἓΠΤΫΩΗῙΔΝῙ
2593 4970 3136 5097 PAPE

796 5169 869 5271 ’ρ
903 5143 1442 5267 EXHORTATIO
1486 5182 1594 5262 AD
1636 5178 2199 5262 PRESBYTEROS
2238 5195 2358 5259 EX.
2400 5196 2761 5273 ANTIQUO
2802 5199 3092 5266 CODICE
3137 5198 3570 5265 VATICANO.

593 4838 3815 4892 ______,_________________________..._...

669 5375 885 5439 Fratres
911 5384 965 5436 "et
1005 5372 1315 5433 sacerdotes
1347 5366 1579 5438 Domini,
1612 5366 1993 5442 cooperatores
2023 5360 2195 5425 nostri
2300 5372 2399 5424 nos
2420 5369 2488 5425 de
2512 5368 2665 5426 vobis
2690 5371 2950 5428 rationem
2973 5360 3234 5430 reddituri
3257 5388 3442 5429 sumus
3457 5378 3658 5425 summo
3677 5344 3838 5431 pastori

596 5477 800 5534 ordinis
825 5474 978 5531 estis.
1036 5470 1144 5526 Nos
1189 5469 1428 5539 quidem.
1459 5466 1708 5538 quamvis
1736 5464 1963 5535 indigni,
2013 5464 2191 5520 tecum
2297 5463 2524 5520 Domino
2570 5470 2756 5523 uestro
2800 5467 2929 5524 Jesu
2975 5467 3230 5536 Christo;
3282 5483 3381 5523 vos
3426 5467 3494 5522 de
3547 5459 3687 5535 plebe
3719 5443 3839 5539 vobis
3900 5460 3901 5539 ἦ

598 5578 775 5628 Aaron
807 5580 1086 5629 tenemus;
1140 5578 1235 5619 vos
1289 5562 1468 5617 locum
1517 5560 1755 5614 Eleazari
1786 5567 1840 5613 et
1867 5556 2190 5612 Ithamaris:
2295 5559 2623 5618 commissa:
2653 5577 2753 5618 nos
2803 5558 2871 5617 de
2915 5563 3070 5619 vobis
3113 5562 3447 5634 pastoribuS;
3500 5570 3588 5611 vos
3635 5536 3839 5634 verede

599 5682 699 5722 nos
725 5669 839 5721 vice
881 5661 1186 5737 duodecim:
1220 5656 1588 5737 apostolorum
1634 5652 1939 5725 fungimur;
1981 5646 2077 5708 Vos
2123 5652 2176 5707 ac

2296 5642 2508 5719 ovibus,
2534 5642 2587 5708 id
2605 5663 2686 5710 est
2714 5644 2783 5710 de
2806 5638 3052 5725 plebibus
3075 5631 3615 5737 vbbiseommeudatis
3634 5649 3706 5698 τοι
3725 5631 3837 5737 “fit.

600 5752 830 5814 formam
856 5732 1193 5826 septuaginta
1216 5727 1447 5808 duorum
1474 5742 1863 5819 discipulorum
1886 5745 2058 5802 estis:
2094 5748 2194 5801 nos
2295 5748 2389 5803 lilii
2428 5748 2731 5806 cltarissimi
2752 5793 2769 5818 ,
2804 5744 3195 5821 praevideamus
3241 5730 3534 5824 periculurn
3564 5735 3684 5798 tanti
3709 5727 3840 5788 ofﬁcii

601 5860 847 5926 pastores
871 5848 1037 5905 vestri
1062 5861 1278 5912 sumus;
1308 5861 1405 5902 vos
1433 5830 1604 5917 plebis
1646 5834 1799 5900 vobis
1842 5836 2144 5898 'coiumissae
2174 5855 2189 5893 :
2295 5841 2454 5898 nobis
2490 5840 2787 5900 commissi.
2839 5832 3208 5905 Admonemus
3245 5830 3425 5915 itaque
3465 5849 3518 5899 et
3543 5827 3841 5897 obsecra"!us
3894 5844 3899 5853 ί
