3994 6318
178 340 265 399 165

707 338 758 393 ...
791 326 1213 397 nuncnum
1253 314 1761 410 suamnam

1874 330 1940 390 ιο
1966 318 2057 389 Ab
2084 316 2616 402 babseirshos,
2643 328 2799 390 mc.

3345 314 3449 389 166

175 456 525 515 fraternitatem
557 463 809 523 vestram,
843 465 898 510 ut
921 472 1041 527 quas
1085 464 1279 509 vestrae
1308 462 1613 523 nostrmque
1650 466 1735 503 sa-
1761 448 1814 509 Α
1840 442 2103 518 agendum
2132 465 2293 503 unum
2323 464 2417 503 vas
2449 434 2660 515 habeat,
2692 446 2744 503 et
2773 445 2917 502 circa
2948 430 3145 501 atrium
3175 444 3329 501 suum
3363 445 3449 501 vel

175 554 272 617 luti,
314 549 672 623 suggerimus,
717 550 991 605 memoria:
1028 548 1436 606 commendetis.
1488 545 1737 615 Inprimis

175 648 490 702 admonemus
522 653 579 698 ιιι
609 643 717 699 vita
743 654 796 698 et
825 641 1167 700 conversatio
1195 653 1369 697 vestra
1390 641 1734 712 irreprehen-

175 738 317 793 sibilis
340 739 404 793 sit
431 755 445 790 :
469 736 696 803 scilicet,
727 747 781 791 ttt
805 737 937 793 cella
959 746 1136 793 vestra
1164 737 1234 792 sit
1248 736 1399 807 juxta
1428 736 1733 801 ecclesiam,

175 842 217 886 et
261 833 308 885 in
355 824 596 884 domibus
627 831 820 885 vestris
865 829 1093 885 feminas
1123 846 1230 885 non
1276 828 1514 885 habeatis
1547 845 1562 884 :
1592 830 1737 883 omni

175 935 306 979 nocte
330 922 392 978 ad
432 934 724 977 nocturnas
765 922 1003 992 surgite;
1032 938 1249 978 cursum
1293 932 1532 978 vestrum
1575 923 1737 977 certis

175 1018 296 1072 horis
328 1016 609 1073 decantate
656 1036 669 1072 :
712 1018 995 1073 missarum
1049 1017 1444 1074 celebrationes
1487 1017 1738 1088 religiose

175 1111 380 1183 peragite
410 1132 422 1165 :
463 1128 663 1183 corpus
706 1121 760 1168 et
784 1115 1096 1183 sanguinem
1128 1112 1338 1168 Domini
1396 1129 1516 1168 cum
1550 1113 1739 1169 timore

177 1217 221 1261 et
259 1206 545 1262 reverentia
573 1206 792 1261 sumite.
829 1206 1019 1262 Nullus
1048 1208 1249 1263 scaccis
1273 1210 1360 1262 vel
1390 1208 1627 1261 alearum
1659 1208 1738 1263 lu-

178 1300 243 1355 dis
267 1299 491 1354 intendat
522 1317 537 1354 :
571 1316 697 1355 vasa
726 1315 876 1355 sacra
905 1300 1150 1354 manibus
1186 1299 1419 1369 propriis
1447 1299 1647 1355 abluite
1685 1308 1739 1356 et

178 1394 418 1463 extergite.
442 1391 637 1447 Nullus
680 1401 861 1448 cantet
890 1392 1107 1447 missam
1142 1391 1242 1447 nisi
1268 1392 1486 1463 jejunus
1520 1410 1532 1446 :
1562 1392 1739 1447 nullus

185 1496 332 1540 cantet
351 1484 431 1556 qui
459 1501 568 1539 non
594 1485 959 1542 communicet
991 1503 1003 1538 :
1036 1484 1216 1539 nullus
1242 1494 1423 1540 cantet
1459 1486 1576 1540 sine
1605 1485 1736 1540 ami-

185 1594 275 1647 ctu,
300 1580 419 1645 alba,
453 1580 617 1648 stola,
650 1579 945 1651 manipulo,
978 1572 1029 1635 id
1050 1590 1137 1636 est
1164 1580 1357 1636 fanone
1383 1591 1435 1636 et
1458 1568 1661 1646 casula,
1686 1590 1740 1634 et

185 1670 279 1725 lure
299 1673 606 1728 vestimenta
646 1672 807 1726 nitida
838 1673 967 1738 sint,
1013 1682 1067 1727 et
1106 1668 1172 1726 ad
1218 1674 1391 1728 nullos
1435 1674 1570 1729 alios
1613 1686 1739 1727 usus

179 1764 283 1819 sint.
322 1763 503 1820 Nullus
530 1765 584 1819 in
624 1762 742 1819 alba
791 1781 894 1837 qua
938 1760 989 1819 in
1029 1782 1156 1819 suos
1186 1781 1313 1821 usus
1342 1767 1508 1821 utitur
1537 1776 1736 1821 cantet.

1840 545 1980 597 circa
2022 542 2303 597 ecclesiam
2346 542 2409 596 ad
2451 538 2849 611 processinnem
2897 539 3003 595 eat.
3048 534 3211 595 Sacra
3239 555 3365 593 vasa
3398 547 3453 592 et

1841 636 2160 691 vestimenta
2213 634 2563 690 sacerdotalia
2622 635 2785 693 nolite
2830 634 2884 689 in
2928 629 3292 699 vadimonium
3323 632 3455 687 dare

1840 730 2181 801 negotiatori,
2215 724 2297 785 vel
2326 730 2483 784 alicui
2522 726 2791 785 StL‘Clllari.
2844 724 3033 783 Nullus
3066 739 3307 784 vestrum
3349 726 3454 781 mi-

1842 837 1942 876 nus
1992 822 2152 892 digne
2219 822 2565 893 prenitentem
2614 820 3001 892 cuju~cumque
3048 821 3123 876 rei
3171 819 3338 892 gratia
3386 812 3456 876 ad

1841 914 2334 971 reconciliationem
2367 910 2631 980 adducat,
2665 912 2716 970 et
2744 916 2792 970 ei
2820 913 3183 969 testimonium
3211 911 3458 970 reconci-

1842 1007 2082 1065 liationis
2109 1009 2263 1065 ferat.
2296 1008 2485 1065 Nullus
2511 1020 2745 1065 vestrmn
2770 1024 2987 1064 usuram
3011 1010 3219 1080 exigat,
3248 1019 3302 1064 et
3323 1022 3457 1064 con-

1842 1100 2036 1156 ductor
2052 1102 2133 1157 sui
2162 1100 2360 1158 fenoris
2387 1098 2605 1157 existat.
2636 1094 2743 1157 lies
2768 1106 2821 1158 et
2849 1090 3153 1170 facultates,
3179 1116 3313 1173 quas
3362 1116 3460 1172 per

1842 1195 1990 1251 dietn
2044 1194 2403 1251 ordinationis
2451 1202 2648 1252 vestrae
2694 1195 3006 1267 acquiritis,
3066 1184 3133 1250 ad
3177 1193 3459 1251 ecclesiam

1842 1287 1909 1344 ad
1959 1305 2115 1360 quam
2164 1289 2356 1346 titulati
2384 1292 2537 1358 estis,
2584 1284 2664 1347 vel
2705 1277 2789 1346 cui
2819 1288 3136 1357 deservitis,
3188 1286 3463 1360 pertinere

1842 1383 2047 1439 sciatis.

1915 1474 2108 1531 Nullus
2137 1475 2254 1532 sine
2283 1474 2611 1533 conscientia
2638 1485 2693 1533 et
2719 1488 2985 1533 consensu
3014 1474 3252 1546 episcopi
3283 1474 3461 1533 eccleo

1843 1569 1974 1624 siam
1994 1571 2238 1642 acquirat
2258 1583 2312 1627 et
2333 1568 2575 1627 obtineat
2594 1588 2606 1625 :
2634 1572 2811 1626 nullus
2830 1587 2925 1643 per
2947 1570 3466 1643 potestatedisaecu-

1842 1662 2036 1717 larium
2068 1663 2353 1720 ecclesiam
2379 1674 2558 1721 teneat
2587 1684 2600 1719 :
2629 1665 2809 1721 nullus
2844 1662 3163 1732 ecclesiam,
3196 1656 3261 1721 ad
3305 1680 3466 1737 quam

1846 1754 2086 1809 titulattts
2133 1765 2235 1823 est,
2293 1756 2559 1821 dimittat,
2593 1768 2647 1813 et
2682 1757 2749 1812 ad
2796 1756 2956 1812 aliam
3006 1757 3195 1829 migret
3237 1754 3466 1812 :nullus
3513 1804 3520 1821 ,

180 1856 401 1912 Nullusin
435 1857 616 1928 ligneo
643 1866 735 1911 aut
782 1857 834 1912 in
875 1857 1049 1913 vitreo
1080 1859 1248 1914 calice
1286 1858 1481 1913 audeat
1530 1859 1745 1914 missam

1869 1846 2038 1901 )lures
2054 1847 2310 1902 ecclesias
2336 1849 2454 1903 sine
2471 1846 2739 1918 adjutorio
2759 1848 2987 1904 aliorum
3019 1849 3460 1921 presbyterorum

185 1951 432 2006 celebrare.
458 1944 617 2006 Nulla
642 1950 834 2006 femina
855 1952 920 2006 ad
943 1950 1111 2008 altare
1132 1944 1375 2017 accedat,
1404 1970 1500 2009 nec
1528 1952 1749 2009 calicem

190 2043 354 2099 Domini
400 2055 623 2116 tangat;
659 2044 943 2115 corporale
983 2046 1392 2101 mundissimum
1444 2048 1534 2102 sit.
1569 2048 1753 2103 Altare

194 2136 554 2207 sitcoopertum
583 2134 650 2192 de
680 2128 894 2193 mundis
936 2134 1136 2193 linteis.
1193 2128 1368 2209 Super
1409 2139 1578 2195 altare
1620 2140 1751 2195 nihil

200 2240 376 2295 ponatur,
412 2228 518 2284 nisi
544 2244 721 2299 capsa:
752 2237 807 2285 et
834 2229 1077 2301 reliquim
1103 2228 1155 2286 et
1182 2242 1411 2301 quatuor
1435 2230 1747 2300 Evangelia,

197 2327 263 2372 aut
280 2322 405 2393 pyxis
433 2338 561 2376 cum
601 2337 828 2391 corpore
868 2319 1078 2377 Domini
1127 2320 1194 2377 ad
1224 2322 1471 2378 viaticum
1506 2324 1749 2378 inﬁrmo-

190 2425 275 2467 rum
301 2425 528 2469 :ctctera
560 2413 611 2467 in
641 2413 808 2467 nitido
831 2414 948 2482 loco
971 2414 1353 2469 recondantur.
1381 2414 1595 2469 Missale
1627 2415 1743 2485 ple-

187 2503 381 2569 narium,
448 2505 863 2574 lectionarium,
918 2496 1395 2576 antiphonatium,
1450 2518 1504 2563 et
1558 2504 1747 2563 librum

184 2596 491 2669 quadraginta
531 2596 872 2652 Itorniliarum
915 2599 1284 2669 unusquisque
1322 2598 1532 2654 habeat.
1572 2598 1749 2655 Locus

180 2687 221 2742 in
242 2692 515 2745 secretario
545 2690 630 2746 vel
660 2689 814 2760 juxta
842 2691 1013 2747 altare
1039 2693 1106 2745 sit
1132 2702 1465 2761 prmparatns
1498 2692 1585 2747 ubi
1613 2709 1749 2764 aqua

177 2782 449 2841 ell‘undatur
469 2828 485 2853 ,
514 2785 733 2858 quando
761 2801 911 2841 sacra
944 2802 1073 2841 vasa
1103 2786 1419 2854 abluuntur,
1444 2795 1499 2842 et
1530 2784 1617 2841 ubi
1665 2804 1758 2844 vas

178 2870 383 2935 nitidum
429 2880 729 2951 dependeat
776 2884 895 2935 cum’
944 2895 1102 2951 aqua,
1156 2886 1214 2934 ut
1258 2880 1513 2936 sacerdos
1568 2896 1760 2937 manus

178 2954 303 3027 la’v‘et
326 2983 435 3044 post
457 2976 914 3029 communionem.
947 2971 1203 3029 Ecclesiae
1232 2974 1338 3028 sint
1365 2972 1503 3030 bene
1529 2991 1756 3046 cooper-

176 3076 233 3119 ta:
252 3062 298 3123 et
317 3072 622 3136 cameratas,
641 3078 695 3124 et
725 3069 917 3123 atrium
946 3069 1191 3126 ecclesia:
1220 3069 1289 3125 sit
1312 3068 1549 3143 undique
1578 3064 1755 3126 muni-

180 3170 293 3217 tum.
317 3178 325 3188 ‘

233 3255 404 3314 Nullus
430 3266 592 3313 extra
615 3258 900 3314 ecclesiam
928 3266 1025 3329 per
1044 3259 1252 3327 domos,
1281 3272 1382 3318 nec
1406 3262 1458 3317 In
1490 3262 1624 3317 locis
1655 3270 1762 3318 non

178 3352 482 3404 consecratis
513 3351 733 3405 missam
765 3360 946 3406 cantet
991 3368 1004 3405 :
1036 3352 1216 3406 nullus
1245 3353 1395 3408 solus
1421 3363 1603 3410 cantet
1636 3354 1765 3408 mis-

180 3453 273 3495 sam
303 3460 315 3495 :
341 3442 522 3499 omnis
546 3442 833 3515 presbyter
852 3444 1107 3499 clericum
1132 3446 1214 3501 vel
1243 3447 1543 3501 scholarem
1572 3444 1765 3503 habeat

179 3533 251 3602 qui
272 3537 557 3606 epistolam
598 3536 681 3592 vel
713 3536 996 3592 lectionem
1038 3538 1211 3608 legat,
1258 3550 1313 3595 et
1355 3540 1405 3608 ei
1444 3540 1513 3595 ad
1546 3541 1763 3598 missam

180 3629 503 3698 τωροηάωι,
522 3632 723 3685 etcum
750 3644 857 3699 quo
879 3624 1113 3700 psalmos
1135 3641 1336 3687 cantet.
1358 3604 1606 3688 inﬁrmos
1634 3626 1771 3688 visl-r

183 3727 285 3785 tate,
309 3733 359 3777 et
386 3738 494 3777 eos
521 3722 590 3776 ad
637 3721 1035 3777 confessionem
1073 3725 1457 3793 reConciliate,
1512 3736 1567 3782 et
1610 3727 1765 3799 juxta

185 3815 456 3880 apostolmn
504 3815 627 3869 oleo
654 3824 839 3869 sancto
867 3816 1066 3885 ungite,
1097 3825 1150 3871 et
1181 3832 1342 3871 manu
1371 3819 1587 3887 [impria
1616 3824 1765 3874 coni-

183 3908 444 3962 mnnicate.
506 3906 697 3963 Nullus
744 3918 1031 3977 praesumat
1078 3908 1291 3964 tradere
1331 3912 1766 3968 communionem

182 3994 288 4054 laico
315 4002 393 4056 vel
425 3998 653 4055 feminae
684 3999 749 4053 ad
777 3999 1128 4057 deferendum
1166 4000 1376 4057 inﬁrmo
1406 4019 1422 4060 :
1462 4005 1642 4058 nullus
1686 4020 1762 4059 sa-

183 4105 302 4145 crant
332 4096 578 4151 chrisma
611 4092 809 4148 vendat
839 4112 854 4147 :
889 4094 1066 4149 nullus
1096 4104 1333 4150 vestrum
1366 4112 1462 4167 pro
1492 4098 1771 4167 baptizan-

186 4181 247 4238 dis
285 4185 586 4241 infantibus
612 4227 628 4248 ,
674 4186 760 4241 vel
814 4202 910 4255 pro
949 4188 1357 4244 reconciliandis
1401 4191 1771 4258 peccatoribus

186 4276 252 4328 rei
290 4277 550 4346 inﬁrmis,
597 4288 687 4330 aut
732 4294 831 4348 pro
883 4281 1109 4334 mortuis
1153 4282 1498 4352 sepeliendis,
1545 4284 1629 4340 vel
1674 4300 1773 4355 pro

186 4370 554 4426 consecrandis
595 4371 859 4436 ecclesiis,
911 4374 1190 4442 prteminm
1243 4385 1335 4430 aut
1388 4376 1613 4445 pretium
1659 4379 1774 4434 sive

1857 1938 2052 1993 habeat
2088 1957 2101 1993 :
2133 1938 2435 1995 nullatenus
2468 1955 2570 1994 una
2603 1938 2832 1996 ecclesia
2877 1940 3021 1996 inter
3063 1938 3241 2013 plures
3267 1939 3473 1997 divida-

1859 2042 1964 2086 tur.
1997 2028 2184 2087 anlus
2210 2033 2435 2089 alterius
2476 2024 2883 2102 parochianum,
2913 2033 3016 2089 nisi
3043 2022 3095 2089 in
3125 2032 3340 2101 itinere,
3377 2038 3472 2088 aut

1855 2123 1899 2177 si
1931 2123 1996 2178 ad
2027 2124 2285 2195 placitum
2319 2124 2478 2179 fuerit
2500 2168 2516 2192 ,
2549 2125 2615 2180 ad
2655 2124 2873 2182 missam
2906 2127 3131 2197 recipiat
3162 2144 3177 2181 :
3207 2125 3387 2183 nullus
3416 2127 3470 2182 in

1855 2210 2082 2271 alterius
2107 2217 2358 2284 ecclesia,
2390 2218 2470 2272 vel
2511 2218 2766 2290 parochia
2798 2219 3012 2275 missam
3040 2228 3237 2287 cantet,
3263 2218 3469 2293 absque

1855 2309 2061 2379 proprii
2096 2313 2372 2367 voluntate
2410 2322 2465 2367 et
2494 2323 2681 2385 rogatu
2731 2314 3029 2385 presbyteri
3057 2331 3071 2367 :
3116 2312 3294 2370 nullus
3324 2312 3476 2369 deci-

1858 2420 2003 2459 mam
2034 2401 2100 2457 ad
2131 2398 2290 2459 aliam
2319 2398 2601 2460 ecclesiam
2635 2398 2988 2476 pertinentem
3010 2405 3250 2477 recipiat.
3283 2396 3475 2463 Nullus

1856 2498 2212 2568 pmnitentem
2252 2497 2443 2554 invitet
2489 2504 2706 2554 carnem
2742 2494 3068 2555 manducare
3098 2509 3153 2555 et
3180 2503 3360 2555 vinum
3392 2499 3471 2556 bi.

1854 2590 2006 2656 bere,
2040 2591 2139 2646 nisi
2172 2607 2269 2662 pro
2295 2607 2360 2645 eo
2386 2591 2454 2646 ad
2484 2607 2721 2663 prmsens
2757 2592 3099 2664 eleetnosyna
3129 2591 3238 2649 ﬁat.
3278 2582 3469 2649 Nullus

1858 2692 2147 2755 praesumat
2170 2685 2469 2755 baptizare,
2503 2690 2700 2756 printer
2728 2682 2781 2741 in
2810 2676 2986 2758 vigilia
3011 2672 3231 2743 Pascha:
3256 2684 3310 2743 et
3338 2688 3478 2744 Peu-

1864 2780 2119 2843 tecostes,
2176 2779 2276 2834 nisi
2334 2796 2430 2850 pro
2486 2778 2811 2837 necessitate
2867 2792 2921 2838 et
2970 2778 3207 2852 periculo
3260 2783 3474 2839 mortis.

1867 2868 2467 2944 Unusquisque'fontes
2520 2873 2760 2946 lapideos
2815 2862 3007 2931 babeal
3045 2894 3058 2930 :
3106 2872 3249 2948 quod
3292 2877 3337 2933 si
3368 2894 3477 2932 non

1861 2968 2041 3037 potest
2073 2954 2272 3021 habere
2302 2964 2561 3037 lapideos,
2595 2952 2791 3023 habeat
2837 2976 2934 3023 va's
2964 2952 3107 3024 aliud
3153 2968 3221 3025 ad
3251 2966 3353 3025 hoc
3384 2987 3480 3042 pa—

1861 3066 2061 3124 ratum,
2096 3058 2147 3113 in
2180 3064 2286 3128 ‘quo
2317 3054 2449 3113 nihil
2481 3058 2622 3114 aliud
2654 3059 2763 3114 fiat.
2789 3058 2981 3116 Videte
3012 3068 3068 3117 ut
3100 3061 3354 3119 omnibus
3384 3078 3478 3134 pa-

1864 3146 2137 3206 ruchianis
2168 3150 2364 3206 vestris
2404 3151 2705 3223 symbolum
2740 3161 2795 3207 et
2817 3154 3117 3210 orationem
3151 3153 3479 3212 dominicam

1868 3243 2175 3299 insinuetis.
2206 3243 2480 3315 Jejunium
2519 3253 2753 3315 quatuor
2792 3254 3121 3316 temporum;
3163 3256 3219 3304 et
3247 3248 3482 3319 rogatio-
3554 3310 3557 3313 γ

1869 3352 2019 3401 num,
2048 3344 2104 3391 et
2144 3336 2343 3390 litanias
2398 3337 2619 3406 majoris
2644 3379 2660 3403 ,
2706 3338 2950 3408 plebibus
2992 3340 3191 3396 vestris
3232 3342 3483 3397 omnibus

1869 3416 2044 3486 modis
2085 3430 2481 3486 observandum
2512 3430 2756 3488 indicite.
2806 3432 2962 3489 Feria
3004 3443 3192 3505 quarta
3230 3445 3356 3492 ante
3384 3453 3477 3504 ιι,

1871 3526 2088 3595 plebem
2119 3528 2185 3582 ad
2216 3522 2612 3583 confessionem
2644 3530 2867 3585 invitate
2890 3571 2907 3595 ,
2934 3540 2989 3587 et
3016 3532 3097 3588 eis
3117 3532 3269 3603 juxta
3303 3535 3483 3606 quali-

1872 3616 2038 3675 latetii
2086 3614 2268 3676 delicti
2328 3620 2705 3677 Paenitentiam
2749 3623 3037 3694 injtlnglte,
3068 3628 3175 3682 hon
3219 3630 3288 3683 ex
3316 3628 3488 3686 corde

1870 3728 2071 3781 veStro,
2098 3715 2193 3771 sed
2225 3717 2364 3771 sicut
2393 3717 2445 3771 in
2476 3717 2830 3787 ptenitentiali
2861 3719 3122 3789 scriptum
3150 3731 3253 3776 est.
3288 3721 3484 3779 Tribus

1872 3808 2206 3877 temporibus
2233 3807 2285 3863 in
2312 3822 2474 3875 anno,
2505 3810 2556 3866 id
2583 3820 2667 3866 est
2694 3810 2747 3864 in
2778 3811 2941 3866 natali
2964 3810 3177 3868 Domini
3198 3824 3252 3869 et
3273 3813 3483 3873 Pascha

1870 3917 1925 3961 et
1945 3905 2266 3963 Pentecoste
2290 3921 2481 3963 omnes
2513 3906 2700 3964 ﬁdeles
2727 3907 2795 3963 ad
2825 3910 3261 3965 communionem
3292 3926 3486 3980 corpo-

1871 3999 1947 4056 ris
1967 4010 2022 4056 et
2042 4001 2337 4072 sanguinis,
2372 4001 2612 4072 exceptis
2644 4003 3053 4072 paenitentibus,
3084 4004 3274 4073 quibus
3304 4005 3489 4076 prohi-

1877 4092 2057 4148 bitum
2110 4100 2213 4159 est,
2272 4091 2531 4150 accedere
2575 4092 2885 4152 admunete.
2940 4088 3114 4153 ueros
3156 4096 3489 4169 lch’tpor‘ibus

1874 4189 2191 4257 conjugatos
2212 4189 2280 4243 ab
2302 4188 2560 4244 uxoribus
2594 4188 2867 4247 abstinere
2891 4191 3259 4248 exhortamini
3285 4234 3299 4259 ,
3329 4194 3380 4250 id
3407 4204 3492 4252 est

1877 4282 1944 4336 ab
1968 4282 2215 4338 Adventu
2241 4283 2455 4339 Domini
2488 4299 2658 4355 usque
2688 4283 2754 4338 ad
2789 4291 3084 4340 transactas
3114 4295 3331 4342 octavas
3358 4289 3492 4361 Epi-

1838 4432 1845 4437 ,
1879 4376 2127 4447 phanize;
2156 4388 2209 4431 et
2239 4393 2267 4431 a
2296 4362 2697 4447 Septuagesima
2722 4393 2892 4450 usque
2917 4364 2984 4434 ad
3020 4388 3313 4438 transactas
3339 4396 3495 4440 octa-

188 4478 351 4520 munus
377 4467 610 4535 exigat,
641 4466 724 4520 vel
753 4467 1012 4521 ecclesias
1037 4469 1336 4539 aliquorum
1378 4471 1499 4526 data
1553 4472 1776 4541 pecunia
1800 4455 1855 4515 D
1880 4486 1976 4524 vas
2005 4456 2262 4532 Pascltm‘:
2313 4472 2367 4525 et
2398 4486 2426 4524 a
2465 4460 2854 4542 Rogationiblts
2885 4472 3054 4544 usque
3097 4464 3163 4528 ad
3196 4480 3494 4533 transaclas

189 4560 255 4614 vel
279 4561 460 4631 aliquo
499 4560 643 4614 malo
674 4561 889 4630 ingenio
916 4562 1197 4633 subripiat.
1233 4562 1422 4619 Videte
1450 4573 1507 4619 ut
1544 4580 1639 4635 per
1682 4582 1777 4621 ne-

186 4651 473 4720 gligentiam
511 4662 746 4708 vestram
776 4654 954 4709 nullus
994 4654 1172 4710 infans
1211 4656 1327 4712 sine
1364 4658 1635 4729 baptismo
1663 4675 1773 4715 mo-

186 4744 355 4803 riatur.
408 4747 610 4803 Nullus
658 4757 897 4802 vestrum
939 4749 1009 4803 sit
1050 4748 1298 4805 ebriosus
1341 4752 1423 4808 vel
1470 4752 1776 4823 litigiosus:

188 4841 340 4897 nullus
360 4858 521 4898 arma
539 4850 718 4913 portet
742 4840 796 4897 in
822 4842 1088 4898 seditione
1106 4883 1123 4909 ,
1148 4844 1249 4899 nisi
1280 4846 1506 4901 verbum
1541 4846 1780 4903 Domini.

188 4928 351 4989 Nullus
378 4952 583 4991 canum
612 4933 693 4989 vel
740 4935 918 4989 avium
956 4936 1097 5006 jocis
1145 4937 1401 4993 inserviat
1447 4956 1458 4992 :
1510 4942 1687 4995 nullus
1732 4943 1786 4998 in

191 5024 408 5083 tabernis
440 5026 735 5082 manducet
780 5037 834 5082 et
872 5027 1037 5082 bibat.
1086 5026 1465 5101 Unusquisque
1521 5042 1783 5100 vestrum,

192 5128 428 5185 quantum
453 5118 617 5189 sapit,
644 5117 783 5189 plebi
807 5133 917 5174 suae
942 5120 1010 5175 de
1037 5123 1331 5191 evangelio,
1368 5123 1448 5179 vel
1483 5124 1553 5180 de
1579 5126 1787 5196 episto.

191 5206 254 5271 la,
278 5212 361 5266 vel
392 5212 577 5282 aliqua
609 5210 786 5267 divina
814 5218 1073 5285 scriptura
1104 5215 1156 5269 in
1184 5215 1466 5273 dominicis
1499 5228 1553 5273 et
1581 5219 1791 5275 festivis

198 5299 374 5359 diebus
398 5304 706 5361 annuntiet.
738 5305 932 5362 Curam
960 5319 1101 5380 gerat
1125 5325 1439 5380 pauperum,
1475 5314 1790 5385 peregrino-

193 5400 731 5469 runt,orphanorum,
762 5403 1006 5473 prmhens
1032 5404 1112 5459 eis
1142 5404 1447 5463 refcctionis
1474 5398 1789 5477 hospitium,

196 5499 247 5543 ut
268 5496 715 5551 sustentationem
762 5495 1010 5553 habeant.
1048 5498 1330 5555 Discordes
1355 5501 1418 5555 ad
1449 5501 1793 5557 concordiam

196 5596 403 5642 revocet
432 5605 447 5643 :
482 5586 670 5643 viduas
698 5588 969 5654 defendat,
990 5599 1047 5645 ut
1074 5592 1124 5645 in
1152 5593 1232 5647 his
1262 5601 1315 5647 et
1338 5593 1455 5647 aliis
1487 5593 1796 5665 hujusmodi

200 5678 351 5734 totius
379 5680 514 5735 boni
554 5682 857 5752 exemplum
896 5684 1151 5754 prtebeat.
1204 5686 1363 5741 Omni
1404 5682 1492 5743 die
1524 5686 1796 5744 dominico

200 5780 314 5825 ante
352 5772 583 5827 missam
622 5788 813 5844 aquam
844 5774 1181 5832 benedictam
1226 5776 1416 5844 faciat,
1474 5782 1528 5834 et
1582 5774 1794 5850 plebem

201 5875 345 5919 sitam
388 5874 447 5921 et
490 5864 605 5922 loca
654 5866 886 5926 ﬁdelium
931 5868 1234 5946 adspergat,
1266 5882 1319 5929 et
1353 5871 1419 5929 ad
1469 5872 1572 5930 hoc
1622 5872 1796 5930 solum

1882 4576 2097 4620 octavas
2138 4564 2503 4621 Pentecostes.
2549 4564 2838 4631 Praeterea,
2885 4567 2938 4620 in
2978 4567 3228 4623 omnibus
3256 4571 3495 4628 sabbatis

1883 4671 2052 4727 usque
2078 4653 2143 4710 ad
2174 4654 2359 4710 feriam
2391 4654 2682 4711 seetmdam
2707 4662 2760 4711 et
2780 4656 2957 4726 vigilia
2988 4662 3191 4713 Sanctae
3219 4659 3420 4728 Metire,
3438 4674 3495 4718 et

1884 4747 2057 4803 Sancti
2109 4747 2357 4815 Joannis,
2384 4756 2436 4802 et
2479 4745 2844 4818 apostolorum
2872 4789 2888 4814 ,
2933 4752 2989 4802 et
3035 4749 3227 4821 vigiliis
3280 4740 3497 4812 indictis

1884 4840 2110 4897 aliorum
2152 4848 2493 4903 sanctorum,
2537 4847 2591 4895 et
2618 4850 2805 4896 eorum
2846 4837 3036 4909 festis,-
3092 4843 3332 4916 edlogltts
3374 4856 3498 4918 post

1889 4936 2106 4990 missam
2126 4934 2410 4989 dominicis
2428 4934 2616 4989 diebus
2635 4933 2775 5005 plebi
2795 4936 3026 4993 tribuite.
3056 4937 3249 4995 Nullus
3269 4944 3497 5012 presby-

1894 5038 1973 5085 ter
1995 5029 2048 5083 in
2074 5028 2267 5084 itinere
2291 5028 2408 5083 sine
2436 5026 2635 5093 orario,
2666 5026 2719 5081 id
2747 5035 2830 5083 est
2849 5024 3009 5097 stola,-
3038 5031 3270 5089 incedat.
3310 5034 3497 5093 Nullus

1890 5131 2130 5178 vestrum
2164 5119 2496 5177 vestimentis
2536 5119 2818 5177 laicalibns
2856 5131 2912 5176 et
2954 5114 3182 5181 diversis
3225 5125 3498 5185 coloribus

1894 5207 2164 5272 induatur.
2193 5214 2381 5271 Nullos
2409 5231 2521 5271 rem
2555 5225 2645 5270 aut
2688 5218 3085 5286 possessionem
3135 5221 3378 5279 ecclesia:
3405 5232 3499 5280 aut

1895 5307 2219 5378 mancipium
2251 5305 2504 5372 vendere,
2538 5317 2631 5362 aut
2658 5318 2988 5368 commutare
3012 5322 3104 5368 aut
3142 5312 3321 5386 aliquo
3345 5312 3498 5389 inge-

1897 5403 1987 5458 nio
2007 5396 2075 5475 ab
2099 5417 2162 5457 ea
2198 5399 2433 5455 alienare
2464 5402 2774 5472 prmsumat.

1970 5494 2120 5549 Diem
2149 5493 2480 5548 dominicum
2507 5505 2560 5549 et
2582 5494 2715 5550 alias
2740 5495 3060 5555 festivitates
3084 5499 3288 5573 absque
3315 5505 3500 5564 servili

1898 5604 2060 5659 opere
2086 5603 2114 5641 a
2139 5602 2358 5658 vespera
2388 5586 2438 5641 in
2468 5601 2745 5657 vesperam
2768 5588 3044 5646 celebrare
3060 5591 3275 5652 docete.
3292 5596 3498 5657 Cantus

1900 5680 1953 5737 et
1975 5680 2203 5736 choreas
2233 5679 2521 5735 mulierum
2551 5689 2606 5736 et
2633 5679 2787 5735 ludos
2811 5680 3181 5754 joculatorios,
3212 5699 3267 5745 et
3292 5695 3500 5751 cantio.

1904 5789 1999 5830 nes
2029 5774 2081 5829 in
2111 5773 2339 5829 ecclesia
2368 5783 2423 5829 et
2457 5773 2509 5827 in
2546 5772 2685 5828 atrio
2731 5773 2847 5829 ﬁeri
2894 5775 3191 5848 prohibete.
3247 5784 3498 5848 Carmina

1904 5864 2169 5926 diabolica
2194 5880 2317 5942 quae
2342 5882 2504 5942 super
2530 5854 2770 5926 morttIos
2814 5870 3089 5932 necturnis
3120 5866 3267 5937 horis
3306 5883 3497 5958 vulgus
