3994 6318
553 259 658 316 167
1533 259 1594 317 S.
1637 255 2056 318 EUTYCHIANI
2095 258 2124 314 P

2223 247 2299 316 ἈΞ
2341 257 2430 316 ΕΤ
2470 258 2824 318 MARTYRIS
3703 269 3786 328 l68

547 377 726 434 facere
746 377 906 444 solet,
935 385 990 436 et
1008 378 1304 436 cachinnos
1328 394 1465 451 quos
1490 392 1729 449 exercet,
1753 382 1854 436 sub
1877 390 2145 436 contesta-
2177 383 2227 442 Α
2254 391 2308 436 et
2335 382 2533 435 utinam
2564 396 2778 436 sensum
2826 379 2892 435 ad
2938 379 3170 436 litteram
3215 379 3384 450 possit
3422 381 3731 443 manifestare
3773 392 3783 442 !

549 478 694 527 ti0ne
724 472 813 526 Dei
841 473 1223 541 omnipotentis
1251 473 1743 530 ﬁerivetate.Cunt
1773 473 2146 528 excommuni-
2252 475 2585 530 l’salntorum
2634 491 2821 530 versus
2873 485 2926 531 et
2975 475 3347 532 distinctiones
3399 478 3687 550 regulariter
3732 501 3785 540 ex

547 568 682 622 eatis
712 567 876 622 nolite
901 570 1299 623 communicare
1335 586 1347 622 :
1383 569 1562 624 nullus
1591 577 1878 637 praesumat
1910 584 2027 622 cum
2069 567 2146 621 eis
2249 568 2412 624 corde
2481 584 2601 623 cum
2658 569 2881 624 canticis
2947 569 3432 625 consuetudinariis
3487 580 3787 642 pronuntiare

548 661 630 715 vel
659 662 875 715 tnissam
907 670 1147 728 cantare,
1180 661 1275 718 sed
1304 671 1357 718 et
1398 663 1643 735 plebibus
1683 662 1834 718 vobis
1877 677 2146 716 connuen-
2247 663 2402 716 sciat.
2435 662 2750 718 Sermonem
2771 662 3048 718 Athanasii
3076 663 3333 734 episcopi,
3359 665 3502 735 cujus
3524 667 3705 723 initium
3723 682 3788 726 est

544 753 682 808 datis
699 754 800 810 hoc
831 758 1165 812 aununtiate.
1192 756 1381 812 Nullus
1404 767 1642 812 vestrum
1672 759 1736 811 ad
1767 759 1981 827 nuptias
2013 768 2100 811 eat
2125 773 2140 810 :
2252 772 2271 806 ι
2298 754 2630 826 Quicumque
2654 757 2763 810 vult
2793 777 2810 807 ι
2834 757 3145 811 memoriter
3167 766 3342 812 teneat
3368 769 3418 814 et
3437 760 3575 814 omni
3597 761 3788 817 diecan-

545 847 800 903 ontnibus
825 849 1141 904 denuntiate
1163 861 1221 904 ut
1249 850 1430 906 nullus
1459 849 1558 904 nisi
1605 849 1816 919 publice
1856 850 2145 904 celebratis
2246 857 2342 903 tet.
2376 849 2716 904 Exorcismos
2746 860 2800 904 et
2847 851 3118 904 orationes
3162 850 3228 904 ad
3277 850 3688 908 catechumennnt
3730 857 3788 908 fa-

543 942 744 1011 nnptiis
771 957 991 998 umrem
1020 941 1182 996 ducat
1210 921 1438 997 :Inullus
1465 958 1716 1014 sponsam
1746 943 1970 998 alterius
1997 943 2138 998 acci-
2245 940 2493 995 ciendmn
2513 983 2526 1004 ,
2555 950 2608 996 et
2643 941 2707 994 ad
2738 943 2937 996 fontem
2966 943 3217 1012 baptismi
3258 945 3689 1009 consecrandum,
3717 958 3788 1002 aut

541 1036 672 1105 piat,
722 1045 776 1090 et
823 1038 1037 1107 nuptias
1064 1035 1178 1090 lieri
1222 1035 1500 1105 prohibete
1546 1036 1614 1090 ab
1651 1035 1883 1090 adventu
1933 1033 2143 1090 Domini
2244 1034 2479 1103 reliquas
2501 1035 2771 1090 orationes
2800 1050 2961 1104 super
2989 1036 3285 1090 masculum
3309 1047 3360 1090 et
3379 1037 3618 1093 feminam
3641 1041 3788 1110 singu-

545 1145 718 1198 usque
740 1129 806 1184 ad
831 1139 1129 1184 transactas
1158 1141 1381 1184 ocmvas
1409 1129 1746 1200 Epipltanize,
1771 1139 1826 1184 et
1854 1146 1882 1184 a
1912 1131 2140 1199 Septua-
2199 1169 2201 1172 ‹
2243 1125 2427 1182 lariter
2448 1138 2502 1183 et
2530 1128 2810 1197 pluraliter
2835 1129 3010 1183 valeat
3032 1139 3087 1184 et
3118 1130 3254 1184 sciat
3283 1129 3523 1186 distincte
3567 1134 3786 1200 proferre,

539 1223 740 1296 gesima
775 1240 944 1293 usque
985 1225 1051 1279 ad
1101 1233 1427 1280 transactum
1465 1226 1677 1294 paschae
1730 1223 1972 1289 clusum,
2027 1233 2078 1278 et
2108 1240 2136 1278 a
2242 1232 2297 1275 ct
2324 1223 2566 1277 ordinent
2615 1223 2918 1292 baptizandi
2948 1223 3015 1277 ad
3059 1225 3475 1279 succurrendum
3507 1224 3710 1280 infirmis
3748 1237 3789 1281 et

540 1315 924 1387 Rogationibus
947 1332 1114 1386 usque
1139 1314 1204 1370 ad
1225 1325 1517 1371 transaCta~
1533 1326 1750 1370 Octavas
1769 1315 2132 1371 Pentecostes.
2243 1318 2489 1373 ordinem
2519 1317 2900 1372 reconciliandi
2933 1319 3226 1373 secundum
3269 1319 3625 1374 auctoritatem
3660 1337 3788 1375 cano-

539 1411 770 1480 llaptum
795 1409 1047 1465 omnibus
1071 1409 1243 1464 modis
1271 1411 1573 1480 prohibete,
1595 1420 1723 1464 etut
1753 1411 1817 1463 ad
1841 1412 2136 1474 proximam
2244 1427 2400 1474 num,
2459 1421 2513 1466 et
2566 1411 2812 1465 ordinem
2863 1411 3132 1482 unguendi
3183 1412 3423 1466 infirmos
3473 1416 3786 1484 unusquisque

537 1508 619 1561 sui
652 1506 927 1578 sanguinis
976 1503 1233 1561 feminam
1277 1507 1361 1560 vel
1401 1521 1524 1560 cum
1574 1505 1988 1576 consanguineis
2027 1506 2138 1559 suis
2244 1503 2438 1559 habeat
2469 1515 2523 1560 et
2563 1506 2853 1574 prudenter
2887 1507 3041 1560 sciat.
3076 1505 3154 1560 Ad
3187 1506 3426 1561 infirmos
3451 1521 3646 1575 quoque
3684 1508 3784 1560 visi-

536 1615 708 1670 usque
763 1599 828 1654 ad
880 1599 1162 1664 septimam
1217 1599 1619 1668 generationem
1674 1598 1850 1652 nullus
1897 1597 2136 1663 accedat,
2241 1597 2452 1662 tandos,
2471 1598 2606 1653 etad
2626 1598 3080 1654 reconciliandum
3109 1613 3202 1653 eos
3234 1599 3480 1654 invitatus
3505 1609 3780 1669 spontaneus

537 1693 1005 1748 anathematizate.
1039 1691 1291 1747 Pastores
1332 1707 1521 1746 omnes
1560 1699 1615 1746 et
1666 1690 1798 1745 alios
1839 1691 2138 1745 servientes
2241 1703 2441 1756 currat,
2470 1703 2523 1748 et
2549 1708 2734 1747 eorum
2780 1693 3116 1758 necessitati,
3151 1708 3258 1748 non
3286 1709 3380 1763 pro
3409 1693 3549 1746 lucro
3574 1703 3784 1759 terreno,

535 1803 662 1843 suos
693 1797 750 1842 ut
774 1787 1137 1856 unusquisque
1161 1785 1226 1838 ad
1251 1783 1530 1840 ecclesiam
1556 1784 1840 1838 dominicis
1869 1785 1950 1837 vel
1981 1783 2128 1836 festi-
2157 1793 2202 1852 Β
2232 1785 2325 1840 sed
2363 1800 2458 1854 pro
2481 1785 2563 1840 illa
2591 1787 2854 1840 cbaritate
2879 1801 2981 1856 qua
3012 1785 3256 1841 Christus
3285 1802 3382 1841 nos
3405 1784 3781 1848 dilexit,subve-

534 1884 613 1936 vis
641 1882 826 1937 diebus
860 1881 1046 1935 venire
1070 1879 1229 1933 faciat
1257 1879 1564 1933 adtnOnete.
1593 1878 1791 1932 Patrini
1815 1876 1991 1930 liliolis
2025 1877 2136 1930 suis
2241 1879 2371 1942 niat,
2404 1889 2458 1932 et
2483 1879 2754 1933 orationes
2785 1887 2839 1932 et
2873 1889 3078 1949 septem
3120 1879 3356 1949 psalmos
3394 1879 3637 1948 speciales
3671 1879 3779 1932 circa

533 1973 899 2045 Spiritualibus
927 1971 1253 2044 symbolum,
1286 1982 1340 2026 et
1367 1973 1670 2025 orationem
1697 1969 2020 2025 dominicam
2055 1969 2134 2023 in-
2239 1986 2332 2025 eos
2361 1970 2646 2026 decantare
2693 1982 2864 2026 curet.
2899 1970 3156 2027 Similiter
3199 1973 3441 2027 ordinem
3494 1972 3543 2025 in
3588 1969 3781 2037 exequiis

530 2069 768 2133 sinuent,
799 2066 881 2120 vel
921 2066 1118 2121 docere
1156 2080 1251 2120 eos
1293 2065 1510 2119 faciant.
1554 2064 1801 2118 Cbrisma
1829 2064 1930 2120 sub
1956 2061 2133 2133 sigillo
2238 2064 2611 2118 defunctorum
2672 2065 2929 2134 agendis,
2979 2081 3188 2134 preces,
3245 2065 3567 2120 exorcismos
3615 2077 3780 2132 quoque

528 2162 619 2221 sit,
651 2171 740 2216 aut
772 2158 871 2216 sub
901 2175 1042 2224 sera,
1073 2170 1292 2228 propter
1313 2158 1576 2228 quosdam
1607 2156 1873 2212 infideles.
1913 2157 1986 2211 De
2017 2172 2132 2227 my-
2237 2159 2366 2213 salis
2393 2170 2443 2212 et
2474 2175 2626 2228 aqua:
2654 2160 2965 2214 memoriter
3003 2167 3182 2214 teneat
3215 2145 3473 2216 :Icantunt
3493 2171 3776 2220 nocturnum,

529 2255 696 2310 sterio
744 2253 896 2308 vobis
938 2251 1232 2307 commisso
1284 2267 1378 2303 vos
1434 2251 1728 2304 admouere
1771 2264 2042 2312 curamus,
2075 2260 2131 2302 ut
2235 2257 2396 2318 atque
2439 2250 2690 2304 diurnum
2745 2252 2899 2306 sciat.
2948 2252 3273 2322 Computum
3333 2253 3375 2306 si
3428 2267 3527 2306 non
3551 2249 3772 2319 majorem,

529 2348 894 2419 unusquisque
934 2356 1197 2408 vestrum,
1248 2344 1295 2400 si
1340 2344 1454 2400 ﬁeri
1503 2358 1694 2412 p0te5t,
1737 2343 2130 2412 estpositioncm
2236 2343 2425 2398 Saltem
2455 2347 2749 2411 minorem,
2781 2345 2831 2400 id
2861 2355 3181 2416 estepactas
3207 2355 3604 2407 concurrentes,
3635 2339 3770 2398 termi-

529 2442 762 2514 sytnboli
813 2452 868 2495 et
919 2439 1178 2495 orationis
1223 2437 1509 2492 dominica:
1567 2437 1716 2506 juxta
1781 2436 2126 2490 traditionem
2239 2453 2334 2492 nos
2363 2439 2656 2508 regulares,
2689 2448 2744 2494 et
2779 2441 2822 2493 si
2861 2451 3057 2510 potest,
3099 2451 3294 2496 caetera
3327 2441 3481 2496 sciat.
3516 2433 3764 2509 Martyrolo-

527 2538 948 2594 ortltodoxorum
980 2545 1186 2603 patrum
1234 2549 1397 2604 penes
1435 2549 1494 2588 se
1540 2532 1736 2586 habeat
1765 2533 2042 2602 scriptam,
2078 2541 2133 2585 et
2237 2533 2380 2603 gium
2407 2543 2460 2588 et
2487 2535 2905 2604 pcetritentialem
2946 2537 3138 2603 sapiat.
3177 2535 3442 2589 Libellum
3471 2535 3617 2587 istum
3652 2544 3769 2584 unus-

527 2648 645 2689 eant
699 2631 927 2703 pleniter
971 2626 1248 2699 intelligat,
1281 2636 1333 2681 et
1381 2626 1506 2680 inde
1550 2625 1801 2698 populum
1843 2625 1942 2678 sibi
1985 2638 2132 2679 com-
2237 2628 2464 2696 (liliaque
2516 2627 2712 2681 habeat
2761 2638 2815 2682 et
2873 2629 3182 2698 frequenter
3229 2631 3406 2700 legat,
3453 2644 3516 2682 ne
3571 2620 3775 2680 oblivioni

526 2727 749 2782 missum
779 2723 996 2778 assidue
1028 2719 1370 2792 praedicando
1411 2720 1659 2786 instruat,
1691 2729 1777 2786 et,
1812 2718 1858 2772 si
1896 2733 2000 2772 non
2033 2735 2133 2772 no-
2239 2718 2414 2773 tradat
2437 2736 2497 2774 ea
2543 2735 2663 2790 quze
2706 2731 2829 2776 sunt
2880 2721 2980 2777 sibi
3027 2723 3382 2778 observanda.
3421 2719 3568 2789 Quod
3592 2762 3605 2786 ,
3633 2718 3776 2772 fratres

526 2819 684 2887 verit,
715 2819 905 2874 saltem
935 2831 1117 2872 secum
1151 2823 1328 2870 teneat
1352 2823 1407 2870 et
1441 2813 1644 2868 credat.
1679 2812 1965 2870 Orationes
1994 2828 2130 2882 quo-
2235 2812 2558 2881 charissimi,
2591 2825 2648 2869 ut
2679 2816 2992 2871 memoriter
3021 2815 3254 2872 retinere
3279 2827 3334 2872 et
3372 2814 3641 2871 salubriter
3662 2821 3777 2880 pcn-

524 2931 629 2990 quc
647 2915 930 2969 missarum
959 2920 1013 2966 et
1033 2909 1372 2980 prtcfationes
1395 2919 1449 2964 et
1472 2923 1733 2963 canonetn
1767 2908 1902 2962 bene
1931 2907 2130 2962 iutelli-
2234 2921 2359 2977 gere
2413 2909 2705 2972 valeamus,
2759 2910 3102 2979 omnipotens
3153 2909 3297 2965 Deus
3349 2908 3500 2964 nobis
3535 2903 3777 2962 concedere

524 3019 632 3082 gat,
665 3017 718 3062 ct
769 3007 814 3062 si
858 3022 962 3060 non
994 3004 1183 3058 saltem
1227 3002 1479 3058 distincte
1523 3018 1585 3057 ac
1617 3002 1930 3057 memoriter
1957 3001 2132 3056 valeat
2235 3001 2504 3074 dignetur,
2529 3004 2681 3072 cujus
2703 3020 2924 3074 regnum
2955 3016 3008 3060 et
3035 3005 3317 3075 imperium
3346 3005 3461 3060 sine
3494 3002 3595 3057 line
3614 3009 3778 3070 perma-

525 3099 788 3173 proferre,
813 3097 1094 3169 epistolam
1126 3104 1181 3151 et
1204 3095 1540 3166 evangelium
1566 3094 1702 3150 bene
1729 3095 1910 3165 legere
1939 3096 2126 3164 possit,
2157 3109 2202 3170 (ε
2237 3104 2328 3152 net
2357 3095 2408 3149 in
2440 3096 2636 3151 StDCUla
2665 3099 3008 3153 saeculorum.
3039 3097 3234 3152 Amen.

565 3231 3746 3276 _______________________________________

2035 3380 2322 3444 SANCTI

525 3545 1698 3672 EUTYCHIANI
1817 3544 2124 3659 PA]

2223 3545 2362 3657 Ε
2487 3544 2726 3660 ΕΤ
2838 3528 3780 3660 MARTYBIS

1643 3761 1981 3819 lﬂPlSTOLA
2023 3761 2107 3818 ΕΤ
2149 3762 2470 3823 DECRETA
2499 3763 2725 3820 BUBIA.

1061 3911 1395 3970 EPISTOLA
1430 3909 1447 3965 l
1477 3908 1578 3984 (ι).

644 4075 711 4114 ΔΙ)
746 4069 986 4116 JOANNEI
1025 4067 1094 4108 ET
1136 4067 1202 4106 AD
1241 4064 1413 4105 OINES
1452 4059 1726 4103 EPISCOPOS
1764 4045 2017 4100 ΒΕΟΤΙΕᾸΣ

1170 4203 1486 4244 ριιονιιηοιιε.

881 4309 954 4365 De
994 4310 1096 4380 ﬁde
1121 4306 1497 4362 Incarnatiom's
1535 4302 1765 4356 Domini.

527 4432 748 4484 Christus
763 4436 818 4480 ut
833 4428 965 4479 salva
983 4428 1286 4496 proprietate
1309 4425 1563 4496 utriusque
1573 4428 1784 4496 naturae,
1803 4431 1953 4469 verus
1971 4416 2126 4475 Deus,

964 4489 1018 4540 et
1039 4489 1185 4539 hamo
1207 4499 1359 4536 verus
1383 4489 1628 4534 extiterit.

2228 3904 2297 3960 Et
2321 3907 2563 3978 quamvis
2612 3906 2958 3962 dilectionem
3004 3916 3148 3962 tuam
3178 3910 3347 3964 sciam
3388 3909 3454 3964 ad
3484 3919 3634 3963 omne
3673 3909 3780 3969 opus

2228 3999 2427 4054 bonum
2453 4015 2573 4056 esse
2598 3999 2845 4055 dev0tam
2873 4000 2961 4074 (S.
2994 3999 3119 4068 Leo,
3150 4019 3231 4072 ep.
3274 4003 3387 4074 46),
3420 4011 3476 4055 ιιι
3505 4011 3668 4055 tamen
3693 3989 3782 4046 elﬁ-

2231 4094 2410 4148 cacior
2436 4093 2528 4147 fiat
2557 4094 2621 4148 ad
2648 4093 2786 4158 illos,
2815 4096 2904 4163 qui
2931 4109 3060 4150 sane
3087 4110 3192 4149 non
3216 4095 3450 4166 sapiunt,
3481 4091 3689 4163 qualiter
3710 4095 3783 4138 eos

2236 4186 2304 4240 de
2334 4186 2707 4241 incarnatione
2744 4177 3039 4242 Salvatoris
3071 4189 3236 4240 nostri
3291 4187 3576 4243 informare
3604 4180 3783 4236 debeas.

2231 4281 2570 4334 mandamus.
2599 4279 2769 4335 Unum
2797 4281 2957 4349 igitur
2977 4281 3079 4336 hoc
3101 4281 3379 4338 immobile
3402 4282 3784 4337 fundamentum.

2150 4357 2206 4419 Ῑ)
2233 4389 2335 4428 una
2369 4376 2484 4428 bmc
2512 4373 2638 4428 felix
2670 4373 2788 4430 fidei
2813 4384 2988 4446 petra,
3024 4375 3162 4428 Petri
3194 4391 3290 4430 ore
3313 4373 3556 4430 confessa
3582 4389 3593 4423 :
3620 4366 3690 4421 Tu
3728 4377 3784 4421 εδ.

2231 4464 2670 4537 inquit,Christua
2696 4466 2863 4523 Filius
2895 4467 2991 4522 Dei
3022 4468 3118 4522 vivi
3269 4469 3484 4532 Matth.,
3519 4463 3641 4533 xvi),
3671 4463 3787 4512 lania

1029 4621 1040 4633 ,
1354 4617 1364 4628 ,
1597 4615 1607 4626 ,
2001 4610 2012 4620 .
2233 4561 2284 4615 in
2317 4577 2375 4614 se
2397 4571 2709 4631 argumenta
2741 4562 3012 4616 sustinens
3038 4561 3304 4628 veritatis,
3332 4571 3544 4634 quanta:
3566 4547 3788 4627 perversi-

525 4625 851 4684 Cltarissimia
894 4621 1134 4684 fratribus
1171 4617 1365 4673 Joannt
1395 4627 1441 4670 et
1469 4614 1701 4670 omnibus
1748 4629 1836 4683 per
1864 4610 2127 4666 Bcottcant
2233 4656 2354 4684 Mm
2370 4655 2694 4684 “ﬁmum”
2737 4665 2786 4684 Μ
2813 4654 3143 4684 ίηηὼηωεδ
3175 4656 3457 4684 “mnum
3472 4648 3787 4684 nmmum",

555 4625 851 4682 Iltarissimia
893 4621 1134 4694 fratribus
1171 4621 1365 4673 Joanni
1395 4627 1441 4670 et
1469 4621 1701 4670 omnibus
1748 4629 1836 4683 per
1864 4621 2124 4666 Bcottcant

2233 4656 2357 4710 tatis
2369 4655 2718 4725 quaestiones,
2736 4665 2791 4710 et
2813 4654 3146 4710 inﬁdelitatis
3173 4656 3458 4711 calumnia:
3472 4648 3787 4708 movebuntur

531 4771 540 4783 ,
599 4719 911 4790 prouinciam
939 4713 1226 4769 constitutis
1253 4710 1526 4781 episcopis,
1560 4707 1914 4778 Eutychianus
1935 4705 2124 4775 episco-

2236 4705 2484 4818 (sita;
2498 4705 2787 4816 {si};
2811 4705 3667 4806 s’.";,'.-',;;;.-'.-"¢.-i:.-;';;;rgat...
3689 4747 3787 4807 quos

600 4831 696 4884 Ρυδ
721 4812 775 4866 δη
796 4809 1018 4865 Dawn"
1034 4806 1268 4862 "men"
2229 4841 2423 4911 cilat.).
2451 4839 2568 4895 iam
2597 4841 2647 4894 in
2679 4841 2888 4896 caeteris
2913 4840 3246 4908 dispensatio
3273 4839 3560 4896 voluntatis
3584 4837 3785 4906 paternLL‘

2226 4933 2316 4988 sit.
2348 4933 2489 5003 Ergo
2537 4943 2721 5002 partus
2764 4942 2818 4986 et
2864 4947 3083 5002 corpus,
3135 4942 3362 5003 postque
3391 4947 3540 4995 crux,
3571 4939 3697 4983 mors
3723 4919 3786 4972 in-

2229 5025 2387 5090 ferni,
2429 5025 2577 5080 salus
2623 5035 2806 5080 nostra
2839 5037 2923 5081 est
2947 5025 2974 5064 ὶ)
3007 5026 3222 5080 ltumani
3252 5028 3394 5082 enim
3426 5022 3628 5096 generis
3655 5023 3786 5072 calls:l

2228 5122 2324 5178 Dei
2349 5121 2518 5176 Filius
2540 5133 2694 5176 natus
2718 5137 2784 5176 ex
2809 5120 3030 5193 Virgine
3054 5134 3134 5177 est
3161 5132 3215 5179 et
3244 5121 3445 5194 Spiritu
3476 5127 3669 5177 sancto,
3696 5111 3789 5178 ipso

601 4946 855 5002 llortatur
883 4957 984 4998 nos
1013 4941 1238 5011 aequitas
1279 4935 1675 5008 postulationis,
1711 4931 1978 4989 desiderio
2008 4931 2120 4985 fra-

527 5037 798 5094 ternitatis
830 5046 937 5090 tua:
969 5032 1195 5104 (Syntm.
1227 5047 1308 5101 ep.
1337 5030 1408 5096 5,
1440 5028 1507 5082 ad
1539 5028 1600 5083 S.
1633 5022 1968 5097 armarium),
2001 5039 2122 5096 gra-

525 5144 706 5190 tanter
725 5147 965 5188 annuere
979 5139 1026 5194 ³,
1040 5139 1094 5184 et
1115 5128 1374 5185 consultis
1399 5127 1502 5182 tuis
1520 5127 1754 5184 breviter
1771 5124 2119 5195 respondere.

2231 5261 2286 5316 itt
2337 5271 2580 5326 tempore
2624 5261 2830 5316 virtute
2866 5262 3098 5331 Spiritus
3151 5263 3334 5319 Sancti
3388 5262 3438 5316 in
3483 5271 3626 5313 utero
3651 5255 3790 5307 beam

2227 5332 2409 5388 Maria:
2455 5331 2692 5401 Virginis
2736 5335 3070 5388 incarnatunt
3103 5351 3243 5394 esse.
3276 5346 3329 5390 et
3359 5351 3452 5404 per
3484 5333 3581 5404 hoc
3619 5335 3790 5404 nt'quj"

2228 5419 2388 5474 quam
2413 5391 2657 5459 naturam
2683 5404 2918 5461 divinam
2943 5391 3276 5461 immutatam
3309 5391 3491 5460 fuisse.
3526 5391 3707 5457 Sivsnl
3728 5391 3792 5445 Bt-

2229 5490 2369 5532 NIUS.

598 5273 678 5346 (l)
764 5271 919 5329 Prior
990 5269 1107 5346 haec
1173 5266 1400 5336 epistola
1465 5265 1780 5346 Eutycbiani
1864 5263 2124 5346 adversus

525 5335 673 5401 Pauli
702 5345 1038 5401 Samusateni
1065 5335 1274 5396 venena
1327 5335 1896 5407 paratum'antidotum
1937 5335 2121 5390 habet.

526 5419 694 5472 Docet
713 5417 856 5472 enim
889 5413 1162 5470 Christum
1193 5410 1498 5476 Dominum,
1527 5423 1686 5479 quem
1712 5407 1906 5462 Paulus
1934 5423 2122 5475 purum

527 5486 801 5544 hominem
821 5501 944 5543 esse
963 5483 1198 5551 dicebat,
1225 5497 1409 5538 verum
1432 5491 1488 5540 et
1507 5491 1769 5536 aeternum
1792 5481 1886 5534 Det
1913 5479 2124 5543 Filium,

1756 5613 2138 5673 LECTIONES
2180 5613 2587 5672 VARIANTES.

459 5760 464 5764 -
529 5757 545 5816 ἰ
597 5749 622 5816 a
662 5748 876 5798 ιηηυθτθ
900 5744 1043 5798 ωδ,
1107 5807 1118 5816 .
1430 5809 1438 5816 ι
1976 5800 1985 5808 ο
2027 5798 2049 5816 ἒ
2108 5798 2117 5809 ο
2237 5732 2370 5784 salus
2391 5745 2555 5786 nostra
2583 5744 2675 5786 est.
2703 5735 2784 5786 Sic
2809 5738 3003 5788 omnino
3024 5737 3309 5802 legendum.

597 5809 624 5850 δ
649 5811 831 5874 Virgo,
856 5816 1027 5873 partus
1049 5807 1314 5874 etIoorpus,
1337 5809 1592 5871 postquam
1612 5814 1752 5859 crux,
1787 5813 1936 5858 mors,
1973 5798 2139 5860 inferi,
