3994 6318
220 264 294 321 169
1609 256 1821 317 EPISTl

1926 272 1944 314 ι
1982 256 2026 313 l.
3359 268 3463 324 170

218 384 290 439 sibi
314 382 360 437 in
388 379 486 436 hac
529 380 846 451 operatione
871 377 1195 445 famulante.
1225 385 1282 436 et
1303 394 1422 445 sua,
1456 378 1547 436 Dei
1574 379 1765 437 videli-
1789 382 1841 443 Α
1870 378 1934 435 8.
1965 377 2213 449 Hilario),
2244 387 2298 434 et
2336 376 2631 435 secundum
2661 375 3049 448 plenitudinem
3079 384 3381 451 temporum
3412 381 3465 437 in

174 514 177 517 ι
220 488 294 542 cet,
322 476 651 531 inumbraute
673 475 898 539 virtute,
924 471 1168 544 corporis
1196 474 1295 528 sibi
1326 474 1474 529 initia
1503 475 1764 536 consevit,
1872 471 2161 541 semetipso
2193 471 2503 541 profuturus
2541 473 2594 527 iu
2644 471 2807 526 Deum
2861 470 3155 536 hominem.
3204 472 3345 530 hunc
3374 489 3472 545 per

219 582 256 629 et
271 569 471 627 exordia
487 568 668 626 carnis
689 568 987 635 instituit“,
1009 570 1243 623 utltomo
1262 568 1432 624 factus
1449 583 1515 626 ex
1540 569 1766 640 virgine,
1871 564 2051 620 omnia
2094 564 2390 635 evangelici
2429 566 2696 621 sermonis
2722 565 2940 619 modum
2975 566 3161 627 tenuit.
3195 579 3251 621 ιιι
3278 583 3338 623 se
3380 567 3475 623 Dei

219 677 418 723 naturam
446 665 497 719 in
530 679 593 720 se
619 664 797 719 carnis
824 663 1116 733 acciperet,
1146 676 1244 733 per
1266 677 1429 733 quam
1478 661 1634 732 hujus
1676 660 1772 716 ad-
1874 655 2068 712 Filium
2099 657 2249 713 credi
2278 658 2518 723 doceret,
2542 668 2594 712 et
2621 656 2854 713 hominis
2882 658 3047 713 filium
3080 659 3397 728 praedicaret
3421 671 3479 717 et

219 759 445 816 mixtionis
487 759 824 824 societatem,
876 757 1267 813 sanctiﬁcatum
1317 758 1369 812 in
1416 771 1484 812 eo
1537 755 1772 811 universi
1876 753 2215 817 admoneret,
2253 752 2480 822 loquens
2508 760 2563 807 et
2608 768 2805 823 gerens
2857 752 3018 807 homo
3065 753 3312 811 universa
3356 769 3479 825 qum

220 852 392 910 humani
420 853 635 924 generis
662 867 861 924 corpus
907 852 1185 907 existeret.
1221 852 1286 906 Et
1311 849 1768 923 quemadmodum
1877 843 1973 899 Dei
1998 853 2143 906 sunt,
2164 843 2390 914 loquens
2412 854 2469 900 et
2488 859 2685 916 gerens
2701 844 2895 900 deinde
2920 845 3061 901 Deus
3083 846 3333 903 universa
3357 861 3479 918 qua:

219 964 365 1005 omnes
384 948 431 1002 itt
459 948 579 1016 ipso
610 962 704 1018 per
727 947 800 1009 id.
833 946 972 1018 quod
1000 961 1319 1018 corporeum
1348 961 1410 1003 se
1429 960 1555 1002 esse
1581 944 1769 1011 voluit,
1878 934 2111 991 hominis
2139 947 2296 1003 sunt;
2326 936 2399 991 ita
2431 948 2631 1002 tamen,
2665 948 2725 991 ut
2746 938 2865 1008 ipso
2890 936 2984 993 illo
3014 938 3291 1011 utriusque
3316 955 3486 1012 gene-

219 1042 560 1105 conderentur,
595 1041 666 1096 ita
698 1056 909 1096 rursum
941 1040 994 1095 in
1021 1055 1213 1095 omnes
1238 1042 1353 1111 ipse
1386 1056 1481 1109 per
1524 1040 1601 1107 id,
1628 1039 1776 1111 quod
1877 1029 1955 1085 ris
1974 1044 2248 1097 sermone,
2280 1045 2555 1101 nunquam
2577 1030 2679 1085 nisi
2698 1045 2820 1084 cum
2844 1029 3232 1099 significatione
3253 1030 3487 1089 hominis

221 1135 308 1207 ejus
328 1144 402 1191 est
426 1134 713 1201 invisibile,
746 1132 1065 1191 referretur.
1100 1135 1194 1190 Dei
1243 1135 1407 1205 igitur
1433 1135 1610 1205 imago
1641 1133 1777 1189 invi-

1926 1130 2090 1175 »cntus
2141 1120 2211 1177 sit
2254 1131 2311 1178 et
2356 1123 2469 1178 Dei.
2522 1123 2646 1179 Haec
2677 1123 2696 1162 ί
2727 1124 2910 1196 itaque
2952 1123 3174 1181 fallendi
3217 1127 3491 1196 Simplices

224 1231 373 1293 sibilis.
417 1229 677 1300 pudorem
725 1229 945 1285 humani
989 1229 1195 1285 exordii
1247 1245 1353 1284 non
1405 1229 1695 1297 recusavit,
1726 1236 1781 1283 et

1926 1223 2043 1285 tque
2072 1214 2402 1287 ignorantes,
2438 1217 2705 1274 haereticis
2729 1219 2943 1275 occasio
2968 1231 3072 1289 est,
3101 1232 3158 1277 ut
3185 1236 3308 1292 qua:
3337 1222 3404 1278 ab
3424 1238 3492 1281 eo

226 1339 295 1395 per
328 1322 728 1394 conceptionem
754 1363 772 1391 ,
832 1331 1042 1391 partum
1065 1360 1083 1389 ,
1138 1321 1372 1393 vagitum
1398 1362 1415 1390 ,
1468 1330 1525 1378 et
1573 1334 1777 1388 cunas,
1883 1309 2179 1365 secundum
2213 1310 2483 1367 hominem
2513 1312 2651 1368 dicta
2675 1323 2823 1382 sunt,
2854 1314 2994 1370 dicta
3041 1329 3161 1371 esse
3189 1315 3489 1374 secundum

231 1430 470 1487 omnesque
526 1426 727 1487 ηοξ-,πω
782 1423 989 1469 natum
1035 1412 1392 1471 contumelias
1437 1412 1780 1469 transcurrit,
1885 1401 2080 1457 divinae
2102 1411 2310 1459 natura:
2335 1404 2706 1463 infirmitatem
2731 1408 3062 1465 mentiantur
3090 1424 3106 1464 ἶ
3138 1417 3194 1466 et
3213 1411 3335 1478 quia
3357 1427 3496 1468 1111118

235 1508 333 1576 Quid
356 1505 560 1561 tandem
592 1504 811 1577 dignum
861 1520 893 1561 a
937 1505 1094 1561 nobis
1138 1514 1301 1560 tantae
1339 1503 1667 1575 dignationis
1707 1503 1785 1558 af-
1887 1501 2048 1565 atque
2075 1495 2220 1551 idem
2249 1506 2354 1563 est,
2391 1497 2617 1569 loquens
2648 1500 2827 1554 omnia
2868 1516 2988 1572 qua:
3032 1502 3268 1574 loquitur
3299 1503 3369 1560 de
3408 1519 3497 1562 se-

231 1599 330 1655 fectu
350 1595 375 1637 ¹³
395 1596 757 1669 rependetur?
785 1596 1163 1653 lnenarrabilis
1190 1611 1319 1668 ergo
1344 1612 1375 1651 a
1405 1596 1515 1652 Deo
1535 1594 1784 1667 originis,
1889 1589 2149 1659 metipso,
2174 1591 2353 1647 omnia
2379 1607 2503 1647 eum
2530 1591 2597 1648 de
2625 1592 2900 1649 divinitate
2945 1593 3182 1650 locutum
3212 1611 3335 1653 esse
3361 1612 3498 1653 con-

230 1706 330 1746 unus
367 1687 673 1760 noigenitns
720 1688 884 1755 Deus,
930 1688 983 1742 in
1011 1688 1257 1759 corporis
1304 1687 1527 1743 humani
1559 1688 1788 1742 fortnam
1890 1680 2136 1738 tendant.
2184 1682 2294 1739 Nec
2338 1699 2470 1741 sane
2521 1700 2803 1758 negamus,
2859 1696 3029 1742 totum
3076 1688 3251 1755 illum,
3305 1690 3396 1762 qtti
3446 1690 3498 1747 ei

228 1792 386 1840 sancta:
412 1782 649 1854 Virginis
677 1792 834 1838 utero
864 1780 1103 1837 insertus
1147 1781 1409 1837 accrescit
1437 1798 1453 1835 :
1487 1781 1577 1851 qui
1608 1780 1788 1835 omnia
1817 1789 1865 1850 Β
1894 1784 2096 1840 manet,
2151 1787 2358 1833 natura:
2400 1794 2513 1835 sua:
2562 1794 2685 1836 esse
2715 1796 3044 1839 sermonem.
3102 1782 3209 1840 Sed
3255 1785 3301 1840 si
3342 1784 3503 1843 Jesus

228 1879 447 1943 continet,
479 1877 620 1931 intra
653 1891 837 1947 quem,
868 1883 922 1929 et
950 1890 1045 1945 per
1074 1890 1235 1945 quem
1265 1883 1459 1931 cuncta
1489 1883 1636 1941 sunt,
1690 1872 1793 1930 hu-
1892 1867 2140 1926 Christus
2165 1882 2218 1926 et
2250 1871 2413 1929 homo
2441 1884 2496 1931 et
2528 1875 2693 1944 Deus,
2738 1885 2794 1933 et
2838 1892 3014 1949 neque
3058 1894 3181 1935 cum
3228 1880 3392 1936 homo
3433 1882 3506 1940 sit

228 1973 336 2027 mani
364 1979 548 2043 partus
576 1970 696 2041 lege
729 1968 1018 2039 profertur.
1050 1968 1130 2023 Ad
1160 1969 1317 2039 cujus
1340 1983 1531 2024 vocem
1560 1966 1793 2022 archan-
1896 1972 2006 2019 tum
2036 1965 2264 2033 primum
2299 1967 2462 2033 Dens,
2518 1984 2693 2039 neque
2740 1979 2874 2037 tum,
2908 1988 3030 2027 cum
3059 1981 3114 2028 et
3143 1973 3306 2029 homo
3335 1976 3405 2032 sit
3448 1987 3508 2034 et

232 2068 320 2138 geli,
339 2077 493 2138 atque
515 2064 692 2134 angeli
723 2073 978 2130 tremunt,
1010 2063 1206 2118 caelum
1233 2070 1290 2117 et
1331 2070 1498 2128 terra,
1531 2071 1586 2117 et
1611 2061 1794 2116 omnia
1897 2056 2062 2125 Deus,
2091 2070 2200 2113 tum
2228 2076 2332 2115 non
2348 2062 2508 2117 etiam
2537 2072 2592 2119 et
2623 2064 2785 2131 Dens,
2809 2080 2983 2135 neque
3010 2076 3129 2137 post
3160 2068 3433 2127 hominem
3454 2071 3509 2128 in

234 2163 349 2235 hujus
371 2162 556 2218 mundi
591 2160 930 2217 resolvuntur
955 2160 1245 2221 elementa,
1276 2157 1480 2228 vagitus
1506 2168 1528 2195 ο
1554 2155 1795 2211 infantia:
1898 2150 2032 2218 Deo,
2061 2166 2167 2207 non
2196 2162 2339 2209 totus
2363 2154 2525 2212 homo
2548 2166 2693 2213 totus
2707 2158 2866 2225 Deus,
2889 2171 3228 2233 unumatque
3253 2165 3392 2221 idem
3417 2182 3511 2223 ne-

238 2259 417 2315 aaditur.
452 2257 557 2327 Qui
584 2256 868 2311 invisibilis
900 2264 954 2309 et
974 2252 1538 2324 incomprehensibilis
1557 2260 1662 2319 est,
1688 2267 1796 2307 non
1899 2260 2052 2301 cesse
2067 2246 2369 2303 estdicatur
2381 2250 2501 2318 ejus
2525 2265 2647 2307 esse
2666 2264 3083 2321 ειιρτειιηθιιιιιηι,
3112 2258 3255 2329 quod
3277 2264 3509 2330 generis,

236 2353 335 2418 risu,
361 2366 543 2413 sensu,
575 2359 827 2419 tactuque
858 2346 1241 2409 moderandus,
1273 2345 1430 2401 cunis
1454 2355 1539 2400 est
1569 2344 1795 2400 obvolu-

236 2453 313 2501 tus.
334 2446 454 2502 ﬂarc
484 2445 529 2500 si
558 2450 681 2515 quis
706 2442 922 2512 indigna
953 2441 1061 2495 Deo
1085 2439 1294 2504 recolit,
1325 2446 1473 2494 tanto
1493 2453 1552 2493 se
1581 2437 1801 2507 majoris

232 2538 436 2594 beneﬁcii
486 2536 783 2593 obnoxium
839 2534 1146 2599 confitetur,
1201 2542 1405 2603 quanto
1450 2532 1633 2587 minus
1685 2531 1803 2587 lucc

232 2629 309 2687 Dei
329 2639 689 2686 convenerunt
714 2626 1004 2696 majestati.
1029 2626 1145 2682 Non
1165 2626 1258 2682 ille
1288 2626 1436 2696 eguit
1462 2624 1628 2680 homo
1653 2623 1794 2679 eflici

233 2741 314 2794 per
354 2742 499 2797 quem
551 2726 717 2782 homo
763 2722 937 2779 factus
983 2732 1107 2778 est:
1141 2721 1235 2777 sed
1284 2735 1382 2776 nos
1429 2720 1698 2791 eguimus,
1746 2714 1807 2772 ul

237 2814 360 2874 Dens
381 2834 495 2875 caro
523 2818 701 2885 ﬁeret,
731 2831 786 2873 et
813 2816 1078 2870 habitaret
1101 2815 1152 2869 itt
1181 2812 1358 2879 nobis,
1388 2811 1443 2867 id
1466 2821 1572 2878 est,
1599 2824 1808 2866 assum-

235 2914 601 2982 ptionecarnis,
628 2926 764 2967 unus
789 2911 999 2966 interna
1024 2908 1296 2963 universae
1318 2906 1496 2962 carnis
1524 2904 1808 2960 incoleret.

232 3006 491 3065 Humilitas
519 3009 640 3079 ejus
670 3016 856 3063 nostra
902 3004 1157 3060 nobilitas
1185 3012 1269 3058 est
1297 3017 1313 3055 :
1341 2998 1665 3058 contumelia
1693 2998 1811 3069 ejus

232 3101 384 3159 honor
407 3114 596 3160 noster
619 3110 725 3158 est.
754 3099 908 3168 Quod
932 3098 1025 3154 ille
1050 3097 1192 3152 Deus
1220 3095 1274 3150 in
1299 3109 1464 3150 carne
1482 3093 1810 3159 Consistens,

1903 2339 1970 2395 Et
1996 2355 2117 2395 cum
2152 2342 2203 2396 in
2236 2357 2301 2397 eo
2336 2344 2631 2400 secundum
2665 2355 2878 2418 tempus
2929 2349 3191 2408 discernis
3241 2353 3514 2415 hominem

1902 2448 1933 2488 a
1966 2433 2107 2499 Deo,
2158 2435 2250 2491 Dei
2300 2446 2427 2492 tunc
2454 2448 2614 2508 atque
2643 2439 2877 2496 hominis
2908 2442 3155 2501 discerne
3183 2460 3511 2507 sermonem.

1903 2525 1972 2582 Et
1993 2543 2114 2583 cum
2148 2528 2313 2585 Deum
2360 2539 2520 2601 atque
2548 2530 2821 2589 hominem
2852 2535 2904 2589 itt
2939 2545 3184 2607 tempore
3212 2540 3508 2610 confiteris,

1907 2618 2002 2674 Dei
2053 2630 2179 2676 tunc
2228 2631 2388 2693 atque
2421 2623 2651 2678 hominis
2697 2627 2746 2679 in
2794 2635 3040 2697 tempore
3089 2630 3229 2686 dicta
3261 2634 3512 2704 dijudica.

1906 2713 2042 2769 Cum
2072 2730 2201 2770 vero
2226 2726 2308 2771 est
2340 2716 2558 2773 homine
2585 2729 2638 2774 et
2658 2719 2790 2786 Deo,
2817 2736 3032 2777 rursum
3067 2726 3224 2781 totiu.
3256 2727 3516 2802 hominis,

1909 2805 2071 2861 totius
2120 2806 2231 2878 jam
2281 2808 2377 2864 Dei
2411 2821 2622 2880 tempus
2660 2810 2914 2885 intelligis
2946 2835 2959 2870 :
2993 2815 3259 2889 siquidem
3290 2823 3419 2879 illttd
3450 2826 3521 2883 ad

1910 2897 2434 2957 demonJralionem
2485 2904 2745 2975 temporis
2775 2906 2975 2962 dictum
3006 2918 3109 2978 est,
3145 2916 3372 2984 tempori
3397 2932 3523 2975 coa-

1909 3001 2083 3065 ptato,
2103 3010 2223 3065 qum
2243 2994 2383 3050 dicta
2411 3006 2537 3052 sunt
2561 3016 2575 3051 :
2608 3008 2663 3053 ut
2691 3014 2812 3054 cum
2840 3001 2980 3057 aliud
3007 3004 3077 3059 sit
3095 3017 3221 3062 ante
3244 3007 3519 3069 hominem

1916 3085 2081 3155 Dens,
2112 3088 2255 3143 aliud
2279 3088 2347 3143 sit
2371 3089 2534 3144 homo
2560 3101 2615 3147 et
2636 3091 2798 3157 Dens,
2828 3094 2973 3150 aliud
3003 3097 3071 3154 sit
3099 3111 3217 3170 post
3245 3100 3518 3162 hominem

233 3193 320 3252 hoc
346 3212 437 3253 nos
468 3196 706 3251 vicissim
729 3195 782 3249 in
819 3193 985 3248 Deum
1009 3206 1074 3246 ex
1105 3205 1269 3245 carne
1296 3186 1559 3244 renovati.
1604 3185 1768 3240 Plane
1787 3180 1814 3221 ά
1841 3188 1888 3251 C
1918 3190 1976 3236 et
2003 3180 2193 3248 Deum,
2246 3190 2391 3239 totus
2420 3182 2584 3239 homo
2631 3195 2685 3241 et
2715 3196 2859 3243 totus
2888 3189 3047 3258 Dens,
3082 3208 3187 3249 non
3227 3197 3523 3257 confundas

231 3291 369 3347 vitam
414 3307 572 3348 suam
618 3288 808 3353 nescit,
857 3287 947 3359 qui
1001 3284 1276 3340 Christum
1308 3282 1494 3339 Jesum
1526 3290 1585 3337 ut
1627 3295 1815 3337 verum

232 3382 394 3454 Deum,
438 3386 514 3441 ita
562 3392 618 3439 et
660 3396 844 3438 verum
904 3388 926 3415 ο
972 3378 1183 3450 ignorat
1226 3376 1522 3432 hominem.
1581 3374 1646 3430 Et
1700 3373 1820 3443 ejus

228 3477 331 3534 dem
376 3476 606 3551 periculi
664 3492 752 3533 res
800 3483 901 3537 est.
958 3473 1140 3530 Jesutn
1194 3470 1489 3538 Christum,
1517 3469 1604 3526 vel
1646 3467 1820 3539 Spiri-

231 3580 324 3627 tutn
352 3583 626 3637 sanctum,
660 3569 826 3625 Deum
858 3583 964 3622 non
994 3564 1241 3630 credere,
1272 3565 1356 3620 vel
1382 3579 1604 3619 Carnem
1651 3561 1822 3617 nostri

228 3667 445 3736 corporis
479 3664 539 3720 in
565 3661 780 3716 Christo
803 3659 1101 3730 denegaret
1143 3655 1316 3730 (Idem
1364 3656 1427 3711 S.
1456 3654 1581 3725 Leo,
1609 3654 1818 3720 ibidem,

230 3758 462 3814 neodem
502 3756 565 3812 S.
600 3751 848 3823 Hilario).
877 3750 1057 3807 Omnis
1101 3766 1241 3822 ergo,
1272 3750 1366 3816 ait,
1393 3750 1481 3820 qui
1501 3747 1826 3817 conﬁtebitur

229 3869 293 3906 me
315 3869 494 3907 coram
530 3847 841 3913 hominibus,
869 3843 1153 3914 conﬁtebor
1179 3852 1225 3898 et
1253 3859 1344 3915 ego
1374 3858 1488 3897 eum
1516 3857 1687 3895 coram
1718 3838 1825 3893 Pa-

228 3954 289 4000 tre
324 3963 452 4013 meo,
515 3941 605 4012 qui
635 3942 686 3994 in
716 3939 854 3994 caelis
881 3948 954 3992 est
989 3956 1001 3991 :
1032 3936 1119 4008 qui
1148 3944 1315 3989 autem
1345 3934 1603 4006 negaverit
1632 3949 1711 3987 me
1738 3948 1826 3986 co-

228 4056 321 4094 ram
350 4034 676 4101 hominibus,
711 4031 904 4103 negabo
934 4038 980 4083 et
1010 4044 1123 4083 eum
1165 4042 1337 4081 coram
1373 4024 1530 4080 Patre
1559 4040 1688 4088 meo,
1740 4025 1827 4089 qui

232 4135 360 4187 estin
385 4133 532 4189 caelis
565 4127 786 4202 (.llatth.
809 4127 887 4195 x).
918 4122 1043 4178 Haec
1077 4119 1292 4174 Verbum
1331 4136 1452 4173 caro
1496 4122 1689 4190 factum
1735 4116 1824 4189 (S.

227 4225 368 4282 Joan.
388 4232 436 4297 ι)
459 4222 814 4296 loquebatur,
833 4226 889 4274 el.
910 4216 1072 4271 homo
1098 4212 1257 4270 Jesus
1284 4209 1552 4275 Christus,
1574 4209 1829 4265 Dominus

230 4319 520 4391 maiestatis
570 4314 821 4380 docebat,
881 4308 1143 4365 mediator
1175 4307 1289 4378 ipse
1318 4306 1370 4359 in
1416 4320 1474 4360 se
1505 4302 1572 4360 ad
1601 4302 1826 4358 salutem

228 4411 476 4471 Ecclesia:
502 4408 840 4469 constitutus
866 4414 920 4461 et
942 4403 1061 4475 ipso
1087 4401 1176 4457 illo
1205 4401 1345 4455 inter
1376 4399 1544 4454 Deum
1574 4408 1626 4453 et
1654 4396 1827 4451 homi-

228 4524 314 4565 nes
341 4503 671 4566 mediatoris
700 4508 1059 4564 sacramento,
1093 4494 1360 4565 utrimque
1391 4509 1528 4548 unus
1564 4492 1826 4559 existens,

1922 3276 2251 3346 temporibus
2274 3285 2330 3333 et
2354 3278 2642 3347 generibus
2668 3281 3083 3350 dispensationis
3098 3300 3520 3361 sacramentum,

1923 3385 2044 3427 cum
2072 3383 2168 3439 pro
2191 3370 2451 3441 qnalitate
2478 3386 2757 3441 generum,
2777 3389 2840 3430 ac
2858 3383 3189 3447 naturarum,
3218 3382 3380 3438 alium
3400 3398 3523 3441 cum

1926 3474 2264 3521 sacramento
2289 3463 2520 3520 hominis
2541 3481 2763 3522 necesse
2789 3478 2873 3523 est
2897 3485 3201 3527 sermonem
3227 3474 3389 3532 fuisse
3414 3492 3523 3535 non

1928 3569 2078 3627 nato,
2119 3559 2282 3615 alium
2332 3559 2509 3617 adhuc
2561 3562 2842 3629 morituro,
2897 3563 3056 3619 alium
3108 3568 3268 3622 etiam
3296 3579 3524 3629 artemo.

1926 3653 2107 3709 Nostri
2135 3653 2294 3722 igitur
2319 3668 2479 3709 causa
2513 3654 2627 3708 haec
2656 3656 2835 3710 omnia
2863 3655 3021 3713 .lesus
3045 3658 3286 3715 Christus
3305 3678 3525 3735 gerens,

1926 3754 1982 3803 et
2011 3746 2255 3818 corporis
2292 3746 2471 3802 ‘nostri
2512 3745 2673 3801 homo
2705 3757 2882 3815 natus,
2915 3751 3207 3807 secundum
3238 3767 3530 3813 consuetu-

1927 3840 2106 3898 dinem
2137 3850 2344 3913 natttrze
2370 3849 2566 3896 nostra:
2585 3842 2791 3897 locutus
2813 3853 2915 3907 est,
2949 3858 3055 3899 non
3079 3855 3252 3903 tamen
3275 3850 3530 3908 omittens

1926 3943 2139 3989 natura:
2169 3948 2281 3987 suae
2323 3947 2466 4000 esse,
2515 3933 2657 4003 quod
2692 3933 2832 3989 Deus
2878 3945 2979 3990 est.
3030 3936 3162 3992 Nam
3211 3943 3420 3998 tametsi
3472 3944 3527 4001 in

1929 4037 2084 4098 partu
2113 4036 2168 4082 et
2196 4026 2444 4096 passione
2472 4036 2526 4081 et
2556 4035 2732 4082 morte
2762 4036 2969 4083 natura:
3013 4042 3213 4087 nostra:
3243 4049 3354 4088 rem
3403 4050 3528 4107 per-

1930 4122 2120 4193 egerit,
2177 4135 2265 4176 res
2292 4129 2471 4176 tamen
2515 4122 2659 4192 ipsas
2703 4136 2896 4178 omnes
2940 4122 3138 4179 virtute
3165 4135 3371 4182 natura:
3414 4144 3528 4186 sua:

1930 4214 2113 4287 gessit.
2142 4213 2377 4270 Videsne
2402 4215 2469 4268 ita
2497 4214 2662 4269 Deum
2702 4223 2758 4269 et
2813 4216 3081 4271 hominem
3124 4220 3423 4290 praedicari,
3473 4234 3532 4279 ut

1931 4325 2077 4365 mors
2102 4306 2322 4372 homini,
2352 4306 2459 4362 Deo
2478 4306 2799 4362 verocarnis
2824 4308 3080 4363 exciiatio
3106 4310 3388 4381 deputetur
3407 4313 3531 4388 (l)?

1933 4419 2040 4459 non
2072 4413 2251 4459 tamen
2278 4413 2338 4457 ut
2367 4401 2505 4457 alius
2533 4400 2621 4463 sit,
2669 4401 2759 4471 qui
2807 4414 3049 4457 mortuus
3075 4414 3179 4469 est,
3211 4419 3262 4461 et
3287 4408 3424 4464 alius
3461 4409 3532 4465 sit

1934 4513 2032 4568 per
2076 4510 2232 4563 quem
2266 4482 2507 4549 mortuus
2555 4492 2803 4562 resurgit.
2858 4491 3096 4563 Spoliata
3146 4496 3286 4553 enim
3338 4514 3527 4568 carne,

228 4600 341 4655 dum
370 4601 492 4670 ipse
520 4615 594 4655 ex
626 4594 787 4651 nniis
816 4592 869 4647 itt
900 4590 1129 4661 idipsnm
1162 4585 1386 4650 naturis.
1410 4596 1615 4640 Italum
1636 4585 1832 4639 Illrills-
1853 4589 1909 4649 D
1932 4590 2178 4647 Christus
2199 4596 2282 4642 est
2312 4597 2554 4641 mortuus
2583 4602 2597 4639 :
2627 4598 2680 4641 et
2701 4600 2935 4652 rursum,
2958 4584 3230 4645 Christum
3255 4608 3283 4643 a
3306 4594 3532 4650 mortuis

230 4710 321 4768 que
347 4710 438 4751 res
464 4692 666 4751 eadem
697 4696 815 4751 θμις
865 4684 939 4739 ita
965 4692 1165 4748 tamen,
1198 4688 1256 4735 ut
1296 4688 1487 4735 neutro
1529 4686 1739 4732 careret
1777 4675 1831 4730 in

228 4765 474 4861 utroque,
513 4804 587 4843 ne
637 4781 776 4838 forte
811 4779 951 4834 Deus
991 4790 1132 4840 esse,
1165 4773 1326 4828 homo
1363 4768 1653 4831 nascendo,
1687 4765 1833 4821 desi-

233 4894 377 4941 neret
406 4904 421 4940 :
458 4890 520 4938 et
574 4879 740 4934 homo
769 4888 1005 4939 rursum,
1039 4868 1177 4925 Deus
1205 4864 1491 4931 manendo,
1534 4877 1639 4917 non
1670 4870 1835 4917 esset.

233 4976 353 5036 llazc
377 4978 576 5047 itaque
598 4975 847 5028 humanae
868 4960 1207 5023 beatitudinis
1234 4960 1367 5017 fides
1393 4974 1516 5015 vera
1542 4965 1643 5023 est,
1671 4956 1835 5011 Deum

237 5083 282 5128 et
311 5046 601 5127 hominem
634 5060 947 5137 prasdicare,
966 5056 1202 5114 Vt-rhutn
1233 5064 1284 5110 et
1311 5066 1525 5108 carnem
1556 5046 1800 5106 conﬁteri
1825 5065 1839 5099 :

236 5184 407 5240 neque
442 5167 626 5221 Deum
660 5155 885 5223 nescire,
916 5150 1060 5223 quod
1088 5149 1251 5205 homo
1280 5147 1347 5201 sit
1378 5163 1391 5199 :
1427 5158 1597 5214 neque
1623 5153 1841 5195 carnem

238 5233 492 5332 ignorare
542 5253 691 5329 quod
720 5249 954 5307 Verbum
997 5245 1085 5299 sit.
1137 5242 1309 5297 Natus
1336 5238 1495 5311 igitur
1541 5233 1846 5306 unigenitus

234 5325 374 5414 Deus
391 5371 462 5412 ex
483 5325 702 5422 virgine
723 5345 885 5403 homo
911 5339 962 5415 (ι
970 5340 1105 5407 dem,
1130 5336 1302 5392 eadem
1318 5332 1554 5406 epistola,
1586 5345 1648 5384 ea:
1675 5325 1848 5383 eodem

1204 5485 1225 5511 ι

1935 4686 2198 4747 excitans,
2230 4683 2372 4739 idem
2426 4681 2675 4736 Christus
2713 4690 2816 4743 est.
2859 4696 3023 4737 carne
3051 4698 3111 4739 se
3137 4684 3393 4755 spttliat's.
3426 4687 3532 4745 Na-

1934 4787 2107 4835 turam
2140 4775 2252 4841 Dei,
2286 4777 2337 4829 itt
2368 4773 2561 4828 virtute
2584 4772 2990 4829 resurrectionis
3018 4774 3251 4845 intellige
3275 4795 3288 4831 :
3317 4777 3535 4849 dispen-

1937 4875 2201 4930 sationem
2255 4868 2487 4924 hominis
2535 4867 2588 4921 in
2635 4875 2808 4922 morte
2845 4882 3095 4938 agnosce.
3147 4868 3216 4924 Et
3256 4885 3375 4925 cum
3428 4871 3536 4929 sint

1939 4974 2166 5034 utraque
2195 4962 2308 5017 suis
2352 4968 2500 5032 gesta
2547 4957 2771 5021 naturis.
2829 4974 2992 5013 unum
3041 4969 3216 5017 tamen
3260 4961 3531 5019 Christum

1939 5059 2121 5116 Iesum
2167 5073 2289 5114 eum
2334 5063 2606 5110 memento
2631 5067 2771 5113 esse,
2804 5053 2891 5124 qui
2926 5062 3207 5124 utrumque
3256 5064 3357 5110 est.
3406 5055 3533 5113 llaec

2017 5198 2094 5269 ﬂ)
2120 5196 2266 5254 “em
2295 5194 2353 5252 5,
2386 5192 2513 5257 Leo,
2541 5191 2738 5269 ihidem
2762 5231 2778 5254 ,
2809 5190 3092 5269 ex_codcm
3120 5190 3178 5246 S.
3209 5190 3428 5247 Hilario.
3461 5193 3539 5249 Ex

1947 5262 2141 5342 quibus
2166 5269 2331 5323 lector
2363 5263 2652 5342 perpendat
2695 5262 3001 5342 quamlth
3044 5262 3203 5342 distet
3241 5277 3470 5334 purpura
3510 5281 3543 5321 a

1948 5332 2143 5400 vitibus
2166 5354 2231 5396 ac
2242 5335 2571 5410 quotidianis
2598 5334 2912 5391 mercatoris
2940 5332 3255 5405 panniculis.

1510 5530 1886 5592 LECTIONES
1919 5522 2333 5586 VARIANTES.

304 5692 788 5808 amiab-

300 5766 332 5805 ιι
356 5759 595 5816 Ασρσῑοί
622 5759 759 5808 Labb.

308 5834 332 5864 ο
357 5826 559 5891 Vagitu
592 5816 739 5872 Labb.

539 5905 842 5969 Pauor.
885 5896 964 5958 V.

2021 5665 2050 5705 (ι
2072 5664 2194 5716 Nam
2214 5665 2287 5715 sic
2306 5660 2452 5725 plane
2477 5657 2622 5712 Labb.

2022 5738 2046 5764 ε
2070 5728 2145 5781 Ne
2169 5729 2239 5777 sic
2264 5723 2408 5777 Labb.

2027 5792 2047 5833 ί
2077 5791 2203 5845 Hinc
2229 5788 2372 5839 Labb.
