3994 6318
466 313 564 370 Ui

1465 311 1525 368 S.
1565 307 1988 369 EUTYCHIANI
2027 309 2232 369 PAPIE
2271 313 2361 372 ΕΤ
2391 316 2742 377 MARTYRIS

3657 321 3760 382 172

458 431 622 504 igitur
637 427 1054 502 demonstranda
1081 442 1114 484 a
1139 441 1226 496 me
1239 427 1425 500 paucis
1451 428 1762 496 fuerunt,nt
1781 429 2058 500 utriusque
2083 431 2134 492 A
2161 433 2284 488 stoli
2315 435 2730 503 constituerunt,
2766 451 2929 510 super
2953 437 3124 493 altare
3153 435 3467 496 offerantur.
3497 440 3762 514 Optamus

465 511 671 580 natura:
699 523 922 596 fortnam
951 521 1166 592 tractari
1183 521 1238 580 in
1261 521 1484 586 Domino
1501 531 1686 582 nostro
1701 521 1830 578 Jesu
1845 521 2056 577 Christo

466 617 895 678 meminissemus
923 630 936 686 ξ
971 615 1091 686 quia
1121 615 1210 686 qui
1241 631 1468 678 manens
1510 616 1562 676 in
1601 616 1774 674 forma
1803 616 1918 680 Dei,
1949 613 2057 670 for-

465 726 606 782 mam
629 708 770 764 servi
789 709 1043 780 suscepit,
1067 707 1183 780 ipse
1210 708 1542 768 divinitatem
1561 725 1896 780 nequaquam
1919 707 2054 763 ami-

462 804 553 862 sit.
582 801 868 876 Caeterum,
892 801 1109 869 fratres.
1143 801 1424 868 hortamur
1448 819 1562 870 vos,
1595 813 1652 862 ut
1673 801 1936 858 moneatis
1961 816 2057 858 eos

460 899 702 968 converti
731 896 798 970 ad
841 896 1098 967 eum“).
1148 897 1302 958 Unde
1351 897 1612 968 scriptum
1658 906 1742 954 est
1771 915 1786 951 :
1817 895 1946 962 Fili,
1995 911 2058 950 ne

461 990 632 1056 tardes
677 991 898 1064 converti
922 991 992 1060 ad
1021 990 1318 1060 Dominum,
1347 1000 1396 1050 et
1424 1007 1486 1050 ne
1512 989 1722 1058 diﬂ‘eras
1773 989 1835 1044 de
1877 990 1960 1046 die
2003 990 2058 1044 in

461 1081 615 1150 diem.
651 1081 834 1156 Subito
861 1084 996 1154 enim
1025 1085 1186 1146 veniet
1221 1085 1304 1148 ira
1329 1084 1493 1150 illius,
1537 1093 1586 1142 et
1615 1084 1670 1138 in
1699 1093 1922 1154 tempore
1946 1083 2058 1136 vin-

460 1174 612 1242 dicta:
638 1175 892 1248 disperdat
921 1185 986 1248 te.
1025 1174 1152 1232 Noli
1183 1176 1366 1242 anxius
1393 1193 1500 1234 esse
1519 1177 1572 1234 in
1598 1175 1786 1230 divitiis
1809 1173 2012 1246 injustis
2041 1189 2058 1227 :

459 1268 590 1324 nihil
615 1268 890 1340 proderunt
920 1269 1010 1324 tibi
1035 1271 1090 1326 in
1116 1271 1199 1326 die
1227 1271 1546 1334 obductionis
1575 1281 1624 1326 et
1649 1271 1896 1326 vindictte.
1935 1269 2059 1328 Non

457 1361 667 1416 ventiles
695 1371 742 1416 te
769 1361 822 1416 in
851 1378 1050 1426 omnem
1078 1373 1300 1426 ventum,
1333 1373 1378 1418 et
1421 1381 1524 1418 non
1567 1379 1652 1422 eas
1696 1363 1750 1418 in
1795 1363 1933 1417 omni
1953 1361 2052 1416 via.

459 1451 550 1508 Sic
579 1453 712 1506 enint
747 1463 980 1522 peccator
1006 1455 1249 1526 probatur
1275 1456 1468 1525 duplici
1497 1457 1692 1526 lingua.
1725 1453 1854 1510 Esto
1882 1455 2060 1524 firmus

457 1545 511 1598 in
543 1545 624 1598 via
650 1543 880 1612 Domini,
914 1556 958 1600 et
989 1547 1042 1600 in
1069 1549 1276 1606 veritate
1319 1564 1494 1604 sensus
1523 1549 1616 1614 tui,
1648 1558 1695 1604 et
1731 1549 1942 1604 scientia
1967 1564 1986 1602 :
2012 1556 2060 1602 et

458 1647 794 1707 prosequatur
825 1649 870 1694 te
891 1639 1098 1694 verbum
1125 1641 1266 1710 pacis
1285 1650 1330 1696 et
1348 1641 1587 1711 justitiaa.
1613 1640 1738 1700 Esto
1765 1649 2058 1696 mansuetus

457 1730 526 1782 ad
549 1730 858 1786 audiendum
885 1731 1088 1786 verbum
1111 1731 1226 1800 Dei,
1253 1743 1308 1786 ut
1336 1733 1594 1803 intelligas
1613 1747 1632 1786 :
1649 1743 1696 1790 ct
1715 1749 1830 1786 cunt
1855 1732 2062 1802 sapien—

2157 525 2322 598 igitnr
2343 527 2431 600 (S.
2455 528 2636 602 Greg.,
2662 549 2744 600 ep.
2777 533 2866 596 52,
2900 532 2991 588 lib.
3018 535 3115 605 ιν),
3143 533 3335 594 fratres
3361 537 3688 606 cltarissimi,
3709 548 3765 596 et

2161 619 2288 676 totis
2312 623 2734 692 omnipotentem
2771 623 3054 681 Dominum
3090 629 3335 697 precibus
3365 645 3676 700 exoramus,
3710 641 3766 690 ut

2158 711 2502 770 dilectionem
2527 729 2760 772 vestram
2783 717 2835 772 in
2857 719 3056 774 amoris
3080 722 3164 776 sui
3191 723 3570 790 constantiam,
3603 725 3768 780 faciat

2159 807 2329 878 magis
2375 809 2648 880 magisque
2697 809 3020 880 fervescere,
3069 823 3228 882 atque
3257 817 3306 870 in
3337 831 3472 887 pace
3503 815 3767 874 Ecclesia:

2161 899 2216 954 in
2245 915 2346 955 una
2377 916 2474 958 vos
2501 901 2765 958 concedat
2790 921 3010 961 manere
3050 907 3360 964 concordia.
3395 909 3768 966 Admonemus

2163 993 2324 1048 etiam
2351 993 2738 1052 fraternitatem
2763 1007 2994 1054 vestram
3022 999 3107 1072 (S.
3135 997 3312 1072 Creg.,
3343 1017 3425 1072 ep.
3448 1001 3541 1071 25,
3570 1004 3666 1060 lib.
3685 1001 3766 1078 ιι),

2162 1093 2223 1140 ut
2273 1085 2328 1140 in
2372 1089 2675 1144 commissis
2698 1089 2848 1146 vobis
2879 1091 3159 1148 animabus
3189 1095 3418 1150 solerter
3451 1095 3768 1165 invigiletis,

2163 1180 2572 1252 animarumque
2627 1186 2798 1255 magis
2838 1185 3038 1254 lucris,
3087 1203 3247 1258 quam
3294 1191 3593 1245 commodis
3642 1190 3770 1248 vitae

2163 1275 2450 1343 praesentis
2493 1275 2806 1334 intendatis.
2851 1279 2907 1334 ln
2953 1281 3296 1340 continendis
3338 1299 3466 1340 vero
3495 1299 3560 1340 ac
3585 1284 3769 1356 dispo-

2165 1369 2355 1424 nendis
2379 1370 2537 1426 rebus
2567 1372 2947 1430 ecclesiasticis
2985 1375 3268 1448 diligentes
3287 1377 3540 1435 custodes
3570 1380 3774 1434 exista-

2165 1463 2253 1528 tis,
2283 1470 2342 1516 ut
2362 1478 2424 1518 ex
2455 1465 2600 1518 omni
2627 1477 2778 1535 parte
2799 1478 3107 1538 susceptmn
3125 1484 3221 1525 vos
3241 1471 3507 1544 condigne
3533 1473 3774 1544 gessisse

2163 1557 2396 1624 pastoris
2421 1555 2677 1625 officium,
2695 1571 2955 1616 venturus
2971 1561 3164 1634 judex,
3189 1581 3312 1619 cum
3332 1565 3397 1620 ad
3415 1565 3770 1638 judicandum

2163 1647 2392 1716 venerit,
2423 1648 2618 1704 debeat
2645 1653 2966 1724 approbare.
3022 1653 3377 1728 Omnipotens
3408 1669 3590 1714 autem
3628 1659 3776 1716 Deus

2161 1755 2256 1796 sua
2287 1757 2384 1796 vos
2414 1746 2745 1813 protectioue
2782 1749 3046 1804 custodiat
3079 1751 3166 1820 (S.
3199 1751 3376 1826 Greg.,
3406 1769 3488 1824 ep.
3532 1754 3605 1810 50
3629 1796 3646 1824 ,
3679 1755 3772 1810 tib.

459 1823 530 1875 tia
555 1827 634 1894 fer
662 1839 982 1896 responsum.
1017 1825 1076 1880 Si
1107 1836 1179 1880 est
1205 1825 1296 1878 tibi
1325 1824 1630 1891 intellectus,
1663 1824 1916 1894 responde
1941 1839 2058 1895 pro-
2087 1821 2138 1886 Β
2165 1833 2264 1905 1v),
2297 1834 2660 1908 honoremque
2688 1857 2715 1893 a
2748 1841 2856 1895 Deo
2883 1843 3034 1898 vobis
3077 1821 3352 1920 collatum,
3387 1821 3632 1914 tutoribus
3654 1864 3778 1903 ser-

460 1915 600 1970 :t'into
633 1931 646 1967 :
679 1917 756 1970 sin
781 1926 970 1982 autent,
1005 1918 1067 1972 sit
1099 1935 1282 1978 manus
1311 1927 1402 1972 tua
1430 1935 1582 1988 super
1609 1935 1666 1974 os
1693 1927 1856 1984 tuum,
1887 1933 1952 1974 ne
1979 1933 2066 1970 ca-

461 2009 620 2086 piaris
647 2010 699 2062 in
727 2009 874 2064 verba
915 2009 1319 2090 indisciplinato,
1378 2023 1426 2068 et
1474 2011 1826 2084 confundam.
1885 2011 2066 2066 Honor

457 2081 505 2156 et
535 2103 700 2174 gloria
730 2105 783 2172 in
809 2120 1038 2160 sermone
1063 2105 1254 2160 sensati
1283 2122 1300 2160 :
1333 2105 1510 2178 lingua
1535 2121 1650 2160 vero
1703 2106 2064 2176 imprudentis,

457 2195 715 2250 subversio
763 2195 923 2262 illius.
956 2194 1078 2256 Non
1104 2197 1380 2274 appellet-is
1409 2213 1655 2264 susurro,
1698 2206 1748 2252 et
1773 2197 1952 2266 lingua
1981 2206 2069 2252 tua

459 2305 522 2342 ne
549 2287 793 2358 capiaris,
855 2297 900 2342 et
947 2289 1304 2359 confundaris.
1361 2289 1534 2362 Super
1587 2295 1751 2360 furem
1807 2289 1942 2346 enim
1995 2300 2070 2346 est

459 2381 696 2450 confusio
727 2387 772 2433 et
801 2380 1130 2450 poenitentia,
1181 2391 1228 2438 et
1283 2381 1541 2440 denotatio
1593 2389 1616 2418 α
1671 2380 1889 2452 pessima
1917 2397 2071 2450 super

460 2471 737 2544 bilinguem
783 2489 802 2526 :
847 2476 1164 2540 susurratori
1216 2483 1383 2530 autem
1438 2475 1642 2540 odium,
1688 2484 1736 2528 et
1782 2475 2067 2540 inimicitia,

463 2575 508 2620 et
538 2566 864 2621 contumelia.
896 2565 1139 2642 Justiﬁca
1183 2569 1429 2640 pusillum
1457 2580 1502 2634 et
1529 2586 1772 2640 magnum
1813 2570 2066 2626 similiter.

463 2659 592 2714 Noli
637 2662 749 2730 ﬁeri
797 2678 888 2732 pro
936 2664 1098 2716 antica
1127 2663 1362 2738 inimicus
1393 2664 1646 2736 proximo.
1681 2661 2061 2732 IntprOperittm

461 2755 596 2824 enim
625 2765 671 2810 et
698 2757 1061 2830 contumeliam
1090 2758 1257 2812 ntaltts
1284 2757 1622 2826 luereditabit,
1677 2767 1723 2814 et
1750 2757 1912 2818 omnis
1943 2773 2060 2828 pec-

463 2859 604 2903 cator
633 2850 834 2906 invidus
861 2860 904 2904 et
930 2850 1188 2924 bilinguis.
1225 2850 1346 2906 Non
1371 2861 1417 2920 te
1444 2852 1658 2922 extollas
1683 2852 1736 2904 in
1759 2852 2066 2924 cogitatione

460 2944 648 2998 anima:
673 2953 772 2998 tua:
799 2943 929 2998 velut
954 2954 1152 3011 taurus,
1183 2961 1246 2998 ne
1271 2948 1402 3016 forte
1427 2944 1652 3008 elidatur
1679 2945 1838 3000 virtus
1861 2953 1950 3000 tua
1975 2960 2065 3014 per

462 3038 771 3096 stultitiam:
796 3049 840 3090 et
871 3039 998 3108 folia
1024 3048 1110 3108 tua
1139 3038 1384 3108 comedet,
1413 3048 1458 3094 et
1487 3042 1685 3110 {ructus
1708 3049 1820 3094 tuos
1845 3037 2022 3108 perdet
2047 3053 2065 3092 :

2169 1943 2300 1984 vare
2350 1931 2630 2001 concedat,
2664 1943 2826 2005 atque
2853 1951 2972 1990 cum
3005 1937 3284 2012 multiplici
3337 1937 3514 2010 fructu
3565 1944 3780 2012 animas

2171 2023 2324 2079 vobis
2347 2027 2665 2082 commissas
2694 2027 2760 2083 ad
2791 2045 2983 2100 pascua
3012 2011 3210 2086 aeterna
3243 2032 3534 2102 adducere,
3567 2037 3782 2108 sibique

2173 2114 2436 2186 condigne
2466 2129 2858 2188 repraesentare
2889 2121 3124 2192 adjuvet,
3156 2139 3357 2194 vosque
3387 2125 3526 2181 inter
3557 2140 3782 2184 sanctos

2173 2217 2228 2264 et
2253 2209 2456 2264 electos
2481 2227 2610 2268 suos
2634 2214 2902 2270 collocare
2929 2215 3196 2288 dignetur.
3233 2219 3363 2276 Data
3383 2237 3420 2276 n
3469 2220 3592 2286 idus
3637 2223 3784 2294 apri-

2175 2300 2259 2368 lis,
2291 2303 2581 2360 Aureliano
2608 2317 2662 2362 et
2687 2307 2938 2365 Marcello
2961 2309 2988 2348 δ
3021 2311 3149 2368 viris
3193 2313 3507 2372 clarissimis
3535 2318 3786 2373 consuli-

2179 2393 2277 2447 bus
2306 2393 2408 2466 (l).

2753 2511 3088 2572 EPISTOLA
3132 2519 3197 2574 ll.

2372 2640 2438 2678 AD
2476 2640 2753 2702 εριξοοροε
2791 2645 2892 2688 PE!
2929 2647 3156 2690 SlClLIAI
3184 2645 3202 2672 θ
3227 2649 3602 2700 εοΝετιι-υτοδ.

2243 2760 2282 2814 l.
2313 2759 2392 2816 Bc
2420 2764 2570 2820 modo
2597 2766 2874 2835 recipiendi
2894 2771 3264 2827 accusationem
3293 2775 3532 2832 adversus
3551 2779 3785 2836 clericos.

2245 2853 2305 2906 ll.
2335 2853 2437 2922 Qui
2461 2873 2562 2909 non
2583 2859 2915 2914 admittuntur
2939 2863 3008 2916 ad
3023 2865 3393 2921 accusationem
3407 2869 3786 2940 religiosorum.

2242 2945 2329 3002 lli.
2375 2946 2450 3002 De
2493 2949 2644 3004 modo
2676 2951 2985 3020 procedendi
3025 2956 3078 3009 in
3123 2959 3339 3027 negotiis
3387 2961 3786 3034 ecclesiasticis,

2171 3055 2286 3094 cum
2317 3043 2522 3110 procedi
2549 3061 2649 3097 non
2679 3043 2856 3100 debeat
2883 3048 3038 3102 modo
3067 3051 3325 3105 stabulari.

465 3141 512 3184 et
549 3131 846 3200 relinqueris
893 3131 1024 3184 velut
1071 3131 1264 3202 lignum
1314 3130 1518 3204 aridum
1563 3131 1618 3194 in
1661 3147 1848 3194 eremo.
1883 3131 2070 3186 Anima
2095 3139 2140 3204 C
2175 3133 2526 3192 Dilectissimis
2555 3140 2796 3208 fratribus
2845 3144 3090 3199 universis
3129 3146 3384 3218 episcopis
3424 3167 3514 3221 per
3549 3149 3792 3208 Siciliam

467 3224 602 3277 enim
643 3240 858 3290 nequam
901 3221 1171 3292 disperdit,
1225 3223 1392 3292 quise
1437 3222 1606 3292 habet,
1649 3233 1694 3278 et
1741 3224 1794 3276 in
1826 3223 2074 3295 gaudium

467 3315 662 3368 inimici
683 3315 770 3368 dat
796 3315 964 3380 illum,
999 3325 1042 3368 ct
1074 3314 1275 3370 deducit
1305 3315 1357 3368 in
1387 3325 1574 3380 sortem
1605 3315 2070 3388 intpiornntllziccl.

465 3407 566 3481 γι).
603 3403 825 3464 Talibus
889 3409 1374 3476 exhortationibus,
1425 3409 1640 3476 fratres,
1691 3410 1924 3470 vicissim
1957 3424 2072 3466 mo-

467 3513 673 3571 netote,
708 3513 760 3556 et
792 3505 926 3556 bona
977 3518 1191 3570 semper
1237 3504 1543 3570 sectamini,
1591 3503 1838 3573 malaque
1882 3503 2067 3566 vitate.

464 3596 670 3668 Magnis
690 3595 834 3651 enim
866 3593 1162 3682 ((Jielusiusx
1192 3611 1272 3670 ep.
1307 3593 1364 3666 9)
1395 3594 1586 3650 studiis
1606 3593 1922 3666 (secundum
1951 3594 2076 3650 bea-

465 3701 580 3743 tum
611 3687 955 3760 Apostolum)
987 3687 1398 3762 praecavendum
1426 3695 1530 3754 est,
1557 3703 1620 3742 ne
1645 3688 1774 3758 ﬁdes
1827 3696 1872 3742 et
1915 3687 2074 3744 disci.

465 3784 610 3855 plina
643 3781 849 3836 Domini
881 3781 1254 3850 blasphematur
1287 3779 1341 3854 (1
1371 3779 1620 3852 ΤίιιιοιΙι,.,
1673 3783 1773 3850 v1).
1827 3779 1956 3844 Etsi
1985 3780 2072 3836 illa

466 3892 872 3948 nonnumquam
901 3875 1124 3946 sinenda
1153 3883 1278 3930 sunt
1322 3891 1442 3952 qua:
1489 3873 1558 3946 (Si
1584 3884 1904 3944 Creterorum
1947 3889 2074 3932 con-

470 3983 577 4028 stet
605 3971 904 4044 integritas)
949 3971 1062 4024 sola
1109 3983 1306 4030 nocere
1353 3984 1458 4026 non
1491 3969 1742 4028 valeant:
1776 3969 1864 4024 illa
1895 3979 2072 4036 tamen

469 4075 598 4120 sunt
637 4079 961 4138 magnOpere
993 4060 1367 4133 praecavenda,
1415 4077 1534 4132 quae
1568 4061 1732 4134 recipi
1755 4061 1873 4118 sine
1901 4061 2073 4122 mani-

469 4157 608 4215 festa
637 4157 704 4213 de
731 4156 1061 4212 coloratione
1090 4170 1198 4210 non
1231 4163 1477 4230 possunt.
1510 4157 1580 4210 At
1615 4156 1662 4226 si
1701 4171 1762 4210 ea
1791 4155 1928 4226 ipsa,
1957 4171 2076 4228 quae

474 4251 622 4306 nullo
643 4250 975 4305 detrimento
1001 4247 1283 4320 aliquoties
1309 4247 1636 4322 indulgendo
1663 4246 1969 4316 credentur,
1996 4249 2078 4304 vel

475 4358 656 4416 rerum
689 4350 1100 4416 temporumque
1146 4340 1288 4416 cogit
1339 4341 1584 4404 intuitus,
1634 4341 1720 4394 vel
1763 4341 2079 4396 accelerant:

473 4433 796 4506 provisionis
828 4443 1102 4500 respccuts
1121 4441 1342 4486 excusat
1369 4448 1380 4483 :
1406 4441 1608 4512 quanto
1636 4432 1806 4500 magis
1838 4430 1928 4486 illa
1957 4441 2084 4486 sunt

480 4527 791 4584 nullatenus
836 4525 1165 4586 mutilanda,
1199 4541 1319 4594 quae
1351 4539 1452 4578 nec
1499 4523 1604 4592 ulla
1638 4522 1949 4584 necessitas,
1985 4538 2084 4578 nec
2109 4529 2161 4589 1)

476 4621 843 4678 ecclesiastica
875 4633 1097 4692 prorsus
1127 4627 1414 4690 extorquet
1447 4617 1683 4672 utilitas?
1718 4616 1939 4682 Idcirco,
1975 4616 2084 4678 frae-

483 4725 615 4782 tres,
666 4715 763 4768 ista
794 4711 1150 4784 praetulimus,
1185 4719 1241 4764 ut
1274 4711 1356 4782 lue
1384 4707 1612 4782 species,
1661 4724 1795 4780 quas
1825 4725 1928 4780 non
1957 4709 2084 4767 licet

481 4807 665 4863 offerri
692 4822 851 4876 super
880 4805 1050 4858 altare
1072 4803 1220 4874 juxta
1248 4801 1686 4866 constitutionem
1714 4801 2081 4878 apostolorum

484 4915 778 4970 eorumque
824 4913 1198 4954 successorum
1229 4895 1460 4968 (Conon.
1493 4895 1545 4960 '5,
1581 4897 1636 4962 tl,
1683 4895 1734 4959 5,
1782 4905 1972 4966 apost.,
2021 4913 2084 4956 ex

480 4995 709 5050 versione
739 4992 971 5063 Dionysii
998 4987 1215 5062 exigui).
1246 4989 1312 5044 ad
1344 4987 1564 5042 domum
1603 4987 1942 5052 sacerdotum
1984 4989 2080 5046 de-

484 5093 748 5154 ferantur,
775 5099 828 5142 et
854 5103 881 5140 a
914 5083 1284 5140 sacerdotibus
1311 5083 1714 5150 benedicantur,
1745 5095 1800 5141 et
1823 5100 1919 5156 per
1945 5086 2080 5142 sim-

497 5187 690 5255 plicem
725 5178 1154 5236 benedictionem
1187 5175 1483 5242 benedicta,
1533 5176 1747 5231 demum
1795 5193 1825 5230 a
1875 5180 2084 5264 populis

487 5287 773 5337 sumantur
803 5293 814 5328 :
841 5273 979 5328 fabae
1003 5278 1208 5326 tantum
1237 5278 1292 5324 et
1321 5283 1459 5336 uvae,
1486 5277 1540 5324 et
1565 5279 1779 5338 caetera,
1813 5285 1931 5342 qua}
1957 5287 2086 5342 apo.

559 5418 640 5490 (ι)
695 5415 956 5490 Deinceps
995 5405 1240 5490 quaedam
1294 5403 1643 5490 interpolator
1691 5421 1798 5490 pro
1827 5421 1978 5461 more
2007 5408 2085 5462 in-

485 5477 639 5549 serit:
682 5497 734 5542 et
777 5477 1323 5548 lacinius‘longiores
1373 5492 1438 5530 ex
1489 5477 1672 5532 Bibliis
1714 5477 1936 5548 aliisque
1984 5495 2081 5532 an-

492 5562 676 5617 nectit.

2625 3233 2908 3288 constitutis
2931 3276 2946 3300 ,
2979 3233 3352 3306 Etttycltianus.

2249 3339 2550 3397 Benedictus
2578 3343 2716 3398 Dens
2742 3353 2788 3400 et
2818 3345 2976 3400 Pater
3005 3349 3212 3405 Domini
3238 3355 3400 3408 nostri
3425 3353 3550 3426 Jesu
3573 3355 3793 3426 Christi,

2177 3433 2264 3502 qui
2289 3435 2543 3489 benedixit
2569 3453 2660 3490 nos
2684 3435 2901 3511 (Ep/tes.
2933 3457 2970 3507 ι,
2989 3458 3052 3496 ea:
3074 3445 3301 3499 versione
3325 3447 3488 3502 mixta
3512 3465 3578 3502 ex
3601 3447 3796 3506 Italica

2179 3535 2226 3578 et
2241 3525 2730 3601 Hieronymianaﬁn
2757 3533 2892 3586 omni
2918 3533 3259 3592 benedictione
3282 3539 3539 3610 spirituali
3563 3543 3616 3596 in
3641 3544 3798 3598 cccle-

2181 3617 2341 3672 stibus
2363 3619 2414 3672 in
2432 3617 2656 3688 Cltristo,
2683 3623 2812 3677 sicut
2839 3625 2984 3696 elegit
3013 3644 3103 3681 nos
3125 3630 3177 3682 in
3197 3629 3308 3698 ipso
3329 3641 3447 3688 ante
3462 3633 3640 3688 mundi
3668 3652 3798 3690 con-

2177 3709 2508 3776 stitutionem,
2538 3723 2593 3766 ut
2613 3731 2832 3770 essemus
2849 3720 3010 3772 sancti
3025 3729 3071 3773 ct
3095 3721 3410 3786 immaculati
3439 3725 3492 3779 in
3510 3737 3797 3796 conspectu

2179 3791 2354 3874 ejus'in
2367 3805 2634 3874 charitate,
2657 3811 3132 3878 prtedestinansnos
3147 3816 3198 3868 in
3220 3817 3544 3888 adoptionem
3565 3821 3800 3889 ﬁliorum

2179 3897 2452 3966 perJesum
2471 3897 2726 3955 Cltristum
2749 3903 2799 3957 in
2829 3904 3014 3972 ipsum,
3051 3907 3326 3962 secundum
3358 3911 3682 3982 propositum
3713 3931 3803 3969 vo-

2178 3989 2386 4046 luntatis
2407 4009 2528 4059 suae,
2561 3995 2611 4047 in
2633 3995 2833 4050 laudent
2851 3997 3028 4068 gloriw
3043 4001 3222 4070 gratia?
3241 4019 3370 4070 sate,
3393 4005 3446 4060 in
3467 4022 3568 4076 qua
3585 4009 3801 4080 gratiﬁ-

2181 4095 2323 4142 catus
2352 4099 2424 4144 est
2453 4087 2480 4126 ἀ
2508 4092 2650 4146 nobis
2679 4093 2731 4146 in
2770 4093 2951 4148 dilecto
2979 4094 3119 4150 Filio
3167 4114 3258 4152 suo
3311 4099 3366 4162 in
3413 4117 3512 4172 qua
3551 4103 3806 4160 habemus

2180 4184 2578 4252 redemptionem
2608 4203 2696 4256 per
2723 4191 3023 4259 sanguinem
3051 4193 3162 4264 ejus
3186 4234 3201 4260 ,
3235 4195 3582 4266 remissionem
3609 4215 3806 4268 pecca-

2183 4284 2372 4342 torum,
2405 4280 2683 4333 secundum
2714 4282 2914 4336 divitias
2945 4287 3266 4357 gratiwejus,
3294 4305 3407 4360 gnte
3435 4289 3726 4347 abundauit
3751 4295 3806 4348 in

2186 4371 2330 4423 nobis
2351 4371 2404 4424 in
2424 4373 2560 4424 omni
2575 4375 2826 4442 sapientia
2852 4387 2896 4432 et
2920 4379 3211 4448 prudentia,
3229 4392 3282 4434 ut
3303 4392 3476 4436 notum
3493 4383 3690 4452 faceret
3711 4403 3808 4442 no-

2188 4463 2260 4515 bis
2289 4475 2658 4520 sacramentum
2685 4471 2957 4526 voluntatis
2973 4490 3100 4541 suta,
3116 4475 3396 4548 secundum
3418 4477 3806 4550 beneplat'itnm

2187 4557 2318 4626 ejus.
2347 4561 2484 4628 quod
2509 4567 2770 4634 proposuit
2797 4566 2848 4619 in
2875 4583 2953 4633 ea,
2984 4567 3034 4620 in
3061 4568 3435 4640 dispensatione
3463 4571 3808 4642 plenitudinis

2187 4658 2490 4720 temporum,
2520 4656 2810 4714 instaurare
2835 4661 3008 4714 omnia
3033 4662 3084 4714 in
3112 4659 3337 4728 Christo,
3362 4682 3475 4734 qua:
3499 4667 3552 4720 in
3581 4670 3730 4721 caelis
3759 4677 3808 4724 et

2187 4757 2300 4816 qua:
2326 4744 2378 4798 in
2407 4757 2541 4801 terra
2570 4763 2686 4804 sunt
2718 4753 2770 4806 in
2795 4753 2928 4822 ipso.
2955 4753 3022 4807 ln
3047 4773 3145 4826 quo
3173 4757 3325 4812 etiam
3353 4770 3489 4814 sorte
3513 4763 3684 4814 vocati
3718 4779 3806 4816 su-

2187 4853 2335 4902 mus,
2386 4842 2731 4909 prcedestinati
2786 4848 3063 4902 secundum
3119 4853 3434 4922 propositum
3487 4855 3598 4924 ejus
3629 4896 3644 4918 ,
3715 4859 3808 4926 qui

2188 4929 2357 4982 omnia
2384 4944 2626 5000 operatur
2664 4937 2942 4990 secundum
2968 4941 3236 5000 consilium
3267 4943 3542 5016 voluntatis
3565 4963 3678 5018 stite
3696 4992 3714 5016 ,
3747 4960 3806 5004 ut

2185 5025 2346 5077 simus
2375 5043 2465 5079 nos
2489 5028 2541 5080 in
2568 5027 2770 5082 laudent
2799 5041 2844 5085 et
2883 5033 3099 5104 gloriam
3129 5037 3268 5106 ejus,
3302 5039 3388 5110 qui
3424 5051 3542 5094 ante
3565 5045 3807 5112 speravi-

2188 5133 2301 5170 mus
2345 5119 2395 5171 in
2428 5119 2624 5174 Christo
2649 5138 2666 5175 :
2688 5123 2739 5176 in
2765 5141 2863 5194 quo
2895 5137 2940 5180 et
2976 5143 3094 5193 vos,
3127 5146 3242 5184 cum
3277 5133 3544 5188 audissetis
3587 5138 3804 5192 verbum

2190 5211 2430 5282 veritatis,
2465 5211 2796 5284 Evangelium
2824 5220 3007 5276 salutis
3029 5232 3224 5290 vestrae,
3254 5226 3303 5280 iu
3327 5243 3425 5298 quo
3456 5238 3501 5282 et
3531 5231 3806 5288 credentes

2188 5301 2373 5372 signati
2403 5307 2521 5360 estis
2547 5305 2744 5376 Spiritu
2770 5314 3119 5382 promissionis
3147 5329 3355 5388 sancto,
3385 5323 3473 5396 qui
3493 5333 3569 5376 est
3599 5325 3800 5394 pignus

2191 5393 2499 5452 hazt'editatis
2536 5411 2752 5470 nostraz,
2789 5407 2842 5458 in
2879 5407 3278 5478 redemptionem
3318 5393 3706 5486 acquisitionis,
3743 5419 3800 5474 in

2262 5553 2342 5622 (l)
2367 5555 2524 5624 Antio
2553 5556 2683 5626 275,
2716 5561 2949 5616 nondum
2982 5562 3464 5626 defunctoFelice.

1733 5665 2112 5728 LECTIONES
2151 5670 2562 5731 VARIANTES.

556 5769 580 5796 ⁸
609 5764 870 5815 Devoratio
895 5761 1036 5810 Labb.

553 5827 580 5867 b
607 5825 886 5879 Marcellino
923 5823 1063 5873 Labb.

2263 5769 2286 5848 ξ
2307 5767 2774 5848 rh‘lftlgﬁlicul‘inpset
2791 5787 2875 5839 qq.
2901 5777 2982 5828 alii
3007 5778 3224 5834 Ciciliam
3250 5783 3400 5848 ωορο

2256 5830 2284 5869 d
2305 5829 2601 5886 Gratiﬁcavit
2622 5835 2767 5886 Labb.
