3994 6318
228 258 306 319 liii
1624 248 1962 319 EPISTOLA
1998 254 2064 313 ll.
3367 261 3471 318 J74

228 381 391 437 laudem
415 379 590 451 gloria:
632 378 812 450 ipsius.
842 371 1123 451 Propterea
1148 387 1196 433 et
1221 393 1312 450 ego
1330 415 1347 441 ,
1377 377 1592 432 audiens
1617 376 1771 446 [idem
1796 374 1852 435 Α
1876 373 2110 433 ctionem
2138 371 2376 443 fuerint,
2404 372 2538 445 ipsis
2564 381 2619 430 et
2650 372 2815 445 ianua
2845 374 2996 446 regni
3031 374 3268 434 celestis
3294 376 3477 432 clausa

227 483 401 530 restram
427 474 476 527 in
508 471 731 527 Domino
760 471 885 526 Jesu
917 466 1138 537 Christo,
1168 480 1211 526 et
1242 469 1562 526 dilectionem
1582 471 1637 525 in
1662 486 1775 526 am-
1879 468 2001 525 erit.

229 584 297 623 nes
318 576 521 632 sanctos,
550 585 652 621 non
678 583 835 634 cesso,
866 565 1061 639 gratius
1087 582 1242 643 agens
1268 582 1362 637 pro
1386 564 1547 632 vobis,
1581 580 1774 620 memo-
1952 561 2069 618 1.-
2087 559 2241 618 Unde
2267 560 2367 616 ista
2386 572 2752 634 prmcaventes
2779 561 2837 634 (3
2852 580 2903 631 q.
2920 564 2979 630 6,
3001 562 3219 619 Nouitn
3239 566 3294 619 in
3323 564 3481 620 cccle-

228 665 326 717 rituu
348 660 490 715 vestri
516 660 705 731 faciem
730 660 784 715 in
810 658 1121 713 orationibus
1150 658 1293 725 meis,
1320 667 1375 713 ut
1401 655 1540 713 Deus
1569 655 1778 711 Domini
1881 652 2157 724 siasticis),
2188 664 2243 709 et
2268 654 2557 710 stultorum
2583 654 2796 711 animos
2823 654 3206 726 praeﬁdentes,
3233 670 3363 723 cura
3390 670 3483 726 pa.

230 754 354 809 nostri
378 751 501 808 Jesu
528 751 721 809 Christi
744 764 889 826 pater
916 752 1116 826 gloria,
1143 752 1224 827 det
1264 750 1403 807 vobis
1434 752 1673 823 spiritum
1696 768 1781 811 εα-
1884 747 2069 807 storali
2100 762 2221 804 cum
2266 747 2521 805 omnibus
2563 749 2834 821 episcopis
2858 791 2874 814 ,
2904 760 2963 806 et
3002 760 3203 809 sanctae
3246 764 3484 805 romam:

229 848 397 921 piendo:
433 858 478 902 et
521 848 844 903 reuelationis
873 847 926 904 in
954 846 1262 921 agnitionem
1292 847 1404 917 eius
1423 886 1437 913 ,
1470 846 1785 916 illuminatos
1885 850 2049 912 atque
2067 840 2389 898 universalis
2407 841 2666 903 Ecclesiae
2686 842 2963 915 utriusque
2987 844 3193 901 ordinis
3216 842 3484 910 ﬁdelibus,

230 940 370 996 oculos
393 939 561 995 cordis
597 940 784 1008 vestri,
813 950 869 993 ut
912 941 1082 996 sciatis
1111 955 1226 1009 quae
1250 939 1315 992 sit
1355 955 1470 1007 spes
1510 938 1785 995 vocationis
1886 937 2193 1005 statuimus,
2219 953 2329 994 non
2358 938 2429 993 ita
2457 938 2513 993 in
2538 938 2926 996 ecclesiasticis
2947 940 3213 1010 agendum
3242 955 3365 996 esse
3391 955 3486 996 ne-

229 1032 334 1104 ejus,
357 1042 401 1087 et
424 1048 536 1105 qua:
556 1031 746 1086 divitia:
766 1031 943 1105 gloria:
967 1031 1277 1087 luereditatis
1298 1033 1408 1105 ejus
1434 1032 1486 1086 in
1510 1033 1723 1103 sanctis,
1741 1041 1789 1089 et
1889 1030 2069 1105 gotiis.
2099 1030 2240 1087 sicut
2269 1031 2322 1086 in
2351 1031 2722 1089 saecularibus.
2752 1030 2889 1088 Nam
2913 1032 2966 1089 in
2987 1033 3333 1091 saecularibus
3362 1033 3492 1104 legi-

158 1118 161 1123 ’
232 1141 321 1197 qua
340 1130 398 1180 sit
415 1126 794 1199 supereminens
820 1125 1115 1198 magnitudo
1142 1126 1339 1185 virtutis
1360 1128 1471 1198 ejus
1496 1128 1551 1183 in
1569 1144 1683 1195 nos,
1704 1128 1792 1197 qui
1892 1123 1992 1180 bus
2024 1132 2303 1195 postquam
2332 1136 2559 1181 vocatus
2588 1126 2710 1196 quis
2740 1127 2966 1194 venerit,
2993 1137 3050 1183 et
3074 1128 3127 1183 in
3158 1127 3278 1183 fore
3301 1129 3492 1184 decer-

232 1220 497 1275 credidimus
516 1220 794 1275 secundum
814 1221 1159 1290 operationem
1183 1220 1419 1297 ῃοιεηιὶω
1443 1220 1639 1277 virtutis
1658 1221 1790 1291 ejus,
1896 1224 2013 1273 tare
2039 1218 2283 1289 cmperit,
2311 1234 2415 1274 non
2438 1219 2567 1275 licet
2591 1220 2640 1275 ei
2668 1229 2793 1277 ante
2814 1229 3085 1291 peractam
3112 1237 3327 1278 causam
3355 1238 3498 1280 rece-

233 1330 351 1384 quam
377 1324 613 1384 operatus
637 1324 710 1368 est
734 1314 787 1368 in
809 1310 1036 1381 Christo,
1062 1313 1315 1369 suscitans
1340 1313 1792 1378 illumamortuis,
1900 1311 2067 1378 dere;
2109 1312 2164 1387 in
2209 1312 2591 1370 ecclesiasticis
2632 1330 2801 1379 vero,
2849 1315 2994 1373 dicta
3036 1332 3199 1374 causa
3245 1318 3501 1374 recedere

238 1417 276 1463 et
297 1409 580 1463 constituens
629 1409 697 1461 ad
741 1408 1002 1469 dexteram
1040 1425 1188 1463 suam
1231 1408 1287 1465 in
1320 1406 1599 1465 ctelestibus
1646 1422 1797 1477 super
1897 1403 2047 1471 licet,
2079 1405 2123 1460 si
2150 1420 2375 1462 necesse
2397 1405 2579 1474 fuerit,
2607 1415 2703 1465 aut.
2736 1408 2782 1465 si
2823 1423 2885 1465 se
2933 1411 3259 1482 pragravsri
3286 1410 3501 1468 viderit.

244 1520 393 1560 omnem
419 1504 784 1576 principatum,
812 1514 861 1559 et
887 1512 1186 1576 potestatem
1206 1546 1222 1570 ,
1254 1513 1304 1558 et
1328 1503 1595 1569 virtutem,
1629 1512 1677 1557 et
1706 1500 1801 1557 do-
1901 1495 2276 1553 Accusationis
2303 1496 2388 1571 (l)
2430 1514 2558 1556 vero
2596 1500 2843 1557 ordinem
2888 1502 3046 1558 talem
3076 1500 3107 1545 ἀ
3132 1513 3186 1558 et
3214 1502 3444 1559 dicimus
3479 1514 3503 1541 ο

241 1599 547 1663 minationem,
573 1608 621 1652 et
646 1614 793 1651 omne
819 1613 1001 1651 nomen
1029 1595 1166 1665 quod
1199 1595 1490 1655 nominatur
1516 1610 1617 1649 non
1635 1592 1801 1650 solum
1906 1600 1962 1648 et
1987 1592 2192 1647 servari
2216 1592 2492 1662 jubemus,
2525 1593 2579 1649 id
2608 1603 2714 1662 est,
2745 1594 2794 1651 si
2820 1595 2940 1666 quis
2963 1597 3287 1653 clericorum
3317 1597 3369 1652 in
3399 1597 3508 1653 cri-

243 1691 284 1744 in
306 1690 384 1744 ltoc
410 1689 624 1754 steculo,
654 1689 744 1744 sed
775 1700 822 1744 et
855 1688 908 1743 in
939 1689 1132 1762 futuro.
1168 1688 1234 1747 Et
1260 1688 1432 1749 omnia
1470 1686 1685 1758 subjecit
1713 1684 1802 1741 sub
1906 1684 2053 1740 mine
2099 1684 2408 1757 impeditur,
2460 1702 2564 1742 non
2610 1688 2792 1744 statim
2842 1704 2967 1744 reus
3013 1690 3372 1759 existimetur,
3419 1689 3510 1761 qui

235 1784 408 1854 pedibus
434 1786 566 1855 ejus,
597 1794 644 1839 et
670 1786 838 1857 ipsum
868 1783 1007 1837 dedit
1042 1792 1197 1849 caput
1225 1798 1379 1851 super
1407 1797 1607 1837 omnem
1635 1778 1806 1835 Eccle-
1832 1779 1883 1839 B
1911 1776 2153 1831 accusnri
2178 1778 2370 1849 potuit,
2398 1793 2468 1834 ne
2496 1788 2802 1850 suspectam
2831 1782 3195 1837 innocentiam
3232 1783 3512 1839 faciamus.

235 1876 352 1941 siam,
378 1894 490 1947 qua:
519 1886 594 1933 est
620 1893 807 1951 corpus
832 1876 963 1943 eius,
990 1884 1039 1930 et
1065 1873 1328 1948 plenitudo
1356 1876 1465 1953 ejus
1489 1892 1502 1929 :
1525 1873 1613 1943 qui
1636 1872 1810 1928 omnia
1913 1866 2023 1927 Sed
2049 1869 2290 1941 quisquis
2335 1871 2428 1927 ille
2456 1881 2542 1928 est
2569 1871 2635 1945 (1
2678 1889 2729 1943 q.
2762 1872 2817 1937 8,
2853 1873 3098 1945 Quisquis
3135 1885 3210 1931 est
3235 1876 3389 1948 ille),
3421 1876 3515 1946 qui

233 1970 276 2025 iu
296 1971 516 2026 omnibus
544 1956 794 2038 adimplet
824 1978 872 2025 ⁸.
906 1968 974 2024 Et
1004 1985 1089 2023 vos
1116 1985 1232 2031 cum
1270 1969 1445 2024 essetis
1474 1967 1662 2023 mortui
1690 1965 1816 2022 deli-
1914 1961 2117 2018 crimen
2150 1962 2402 2029 intendit,
2432 1964 2485 2023 in
2509 1964 2774 2035 judicium
2802 1967 2981 2023 veniat
3007 1986 3021 2024 :
3047 1982 3244 2023 nomen
3272 1968 3348 2024 rei
3380 1968 3518 2026 indi-

236 2064 307 2118 ctis
331 2076 372 2119 et
394 2066 619 2136 peccatis
649 2064 827 2119 vestris
850 2060 1070 2139 (Ephes.
1102 2060 1199 2135 ιι),
1227 2061 1283 2116 in
1327 2060 1507 2131 quibus
1535 2058 1813 2130 aliquando
1916 2064 2002 2111 cet
2028 2072 2044 2110 :
2072 2054 2346 2111 vinculum
2387 2055 2754 2127 inscriptionis
2782 2058 3007 2128 arripiat
3033 2060 3336 2116 :cnstodiat
3362 2062 3517 2117 simi-

239 2157 502 2213 mtbulastis
528 2158 806 2213 secundum
832 2154 1078 2211 saeculum
1105 2154 1287 2208 mundi
1330 2154 1509 2233 hujus,
1536 2152 1815 2211 secundum
1917 2148 2197 2205 litudinem
2223 2168 2237 2205 :
2260 2148 2438 2207 habita
2464 2159 2643 2217 tamen
2665 2152 2942 2223 dignitatis
2967 2154 3321 2211 mstimatione
3348 2156 3522 2227 potiat-

238 2254 491 2323 ptincipem
543 2251 810 2322 potestatis
856 2250 991 2309 aeris
1038 2248 1226 2321 hujus,
1265 2248 1516 2319 spiritus,
1548 2248 1636 2321 qui
1680 2262 1815 2305 nunc
1920 2249 2177 2297 turznec
2221 2241 2361 2298 forte
2394 2240 2414 2280 ί
2447 2242 2551 2300 sibi
2609 2246 2823 2307 noverit
2868 2246 3145 2303 licentiam
3192 2240 3521 2318 mentietidi,

235 2359 448 2418 operatur
472 2348 528 2402 in
552 2347 675 2415 [iliis
694 2344 722 2385 ι)
745 2343 1053 2421 difﬁdentiae,
1075 2346 1129 2399 in
1153 2342 1332 2416 quibus
1352 2354 1400 2398 et
1427 2358 1517 2399 nos
1540 2339 1817 2419 aliquando

234 2442 491 2497 conversati
518 2457 694 2495 sumus
735 2440 789 2493 in
818 2436 1084 2511 desideriis
1113 2436 1284 2491 carnis
1319 2442 1544 2501 nostrae,
1577 2433 1819 2505 facientes

232 2533 521 2588 voluntatem
553 2541 575 2570 ε
603 2532 773 2586 carnis
800 2540 847 2585 et
877 2527 1243 2601 cogitationum
1264 2569 1279 2594 ,
1310 2536 1359 2582 et
1383 2541 1586 2583 eramus
1631 2534 1821 2581 natura

234 2624 318 2695 lilii
338 2628 447 2693 irae,
487 2626 622 2681 sicut
663 2635 711 2680 et
738 2623 928 2679 cteteri.
957 2620 1112 2677 Modo
1135 2661 1151 2687 ,
1187 2620 1379 2676 fratres
1400 2662 1416 2689 ,
1448 2620 1570 2690 quia
1600 2635 1664 2675 ex
1696 2617 1822 2675 ﬁliis

233 2715 339 2785 iraa,
367 2735 461 2775 sua
489 2722 663 2792 gratia
693 2727 746 2773 et
767 2715 995 2791 gratuita
1026 2714 1371 2770 miseratione
1397 2711 1527 2773 fecit
1555 2726 1654 2773 nos
1682 2712 1823 2768 Deus

237 2807 367 2866 ﬁlios
392 2828 515 2868 suos
541 2830 555 2866 ε
581 2820 636 2868 et
658 2825 780 2872 nos,
812 2809 901 2882 qui
921 2807 1067 2877 digni
1098 2809 1241 2873 serui
1266 2822 1375 2862 non
1406 2820 1642 2869 eramus,
1664 2804 1825 2860 nullis

234 2905 428 2964 meritis
457 2904 885 2976 praecedentibus
907 2944 922 2969 ,
952 2901 1048 2958 sed
1076 2917 1171 2959 sua
1200 2899 1220 2975 (
1246 2910 1303 2955 ut
1346 2896 1626 2969 diximus)
1655 2897 1827 2969 gratia

235 3002 352 3073 {acti
371 3019 546 3058 sumus
575 3000 673 3063 ﬁlii
714 3000 863 3074 ejus:
893 2998 948 3053 in
992 3014 1092 3071 quo
1133 2998 1415 3052 clamamus
1442 3036 1456 3061 ,
1488 2992 1631 3050 Abba
1668 2991 1829 3051 Pater
2002 2991 2066 3049 ll.
2096 3023 2167 3035 —
2190 2992 2331 3050 Nulli
2353 2993 2540 3051 infami
2570 3011 2825 3066 umquam
2849 2995 2911 3069 (5
2934 3015 2987 3066 τι.
3018 2997 3085 3064 ὁ,
3119 2996 3274 3054 Nulli
3300 3014 3540 3072 umquam

236 3094 422 3170 (Rom.,
454 3093 578 3171 vui)
604 3101 930 3165 :scquentes
959 3089 1077 3169 ejus
1105 3090 1373 3171 exempla,
1406 3088 1567 3149 simul
1598 3087 1690 3143 lilii
1723 3086 1828 3142 mi-
1930 3086 2159 3158 infami),
2183 3096 2344 3161 atque
2369 3088 2657 3160 sacrilego,
2682 3090 3103 3162 dequocumqtte
3132 3093 3349 3163 negotio
3376 3096 3534 3151 liceat

234 3190 535 3244 sericordiae
574 3195 629 3241 et
665 3185 891 3259 justitize
930 3195 1091 3257 atque
1122 3182 1464 3248 dilectionis,
1494 3189 1552 3239 ut
1580 3180 1692 3243 veri
1733 3177 1831 3235 lilii
1858 3182 1902 3249 Ο
1935 3178 2195 3237 adversus
2237 3179 2549 3252 religiosum
2591 3181 2988 3249 Christianum,
3037 3186 3283 3255 quamvis
3320 3187 3539 3244 humilis

235 3278 321 3337 Dei
350 3291 403 3337 et
429 3279 545 3336 dici
577 3287 635 3334 et
661 3294 780 3334 esse
801 3320 817 3346 ,
857 3278 972 3348 ipso
1000 3275 1295 3331 auxiliante
1323 3275 1630 3340 valeamus,
1662 3270 1833 3343 depo-
1937 3273 2267 3345 servilisque
2299 3290 2529 3347 persona
2567 3277 2673 3345 sit,
2704 3279 3073 3336 testimonium
3100 3280 3315 3352 dicere,
3346 3297 3447 3339 nec
3472 3283 3544 3339 de

233 3384 408 3431 nentes
437 3376 458 3444 (
483 3373 639 3444 juxta
670 3372 885 3427 Petrum
914 3370 1255 3442 apo~tolum)
1285 3357 1483 3424 omnem
1512 3367 1759 3429 malitiam
1787 3376 1835 3421 et
1938 3367 2176 3438 qualibet
2218 3384 2315 3437 re,
2363 3370 2577 3428 actione
2615 3371 2699 3429 vel
2750 3372 3119 3444 inscriptione,
3174 3376 3544 3434 Christianum

234 3482 416 3524 omnem
444 3468 632 3521 dolum
659 3509 675 3535 ,
705 3476 752 3522 et
793 3450 1258 3531 simulationes,“
1296 3462 1553 3528 invidias,
1589 3469 1635 3515 et
1664 3472 1836 3515 omnes
1939 3457 2222 3531 impetere.
2265 3461 2526 3520 Omnibus
2567 3480 2781 3535 quoque
2821 3467 3069 3527 s'uniliter
3107 3470 3425 3542 accusandi,
3458 3472 3546 3529 vel

1920 2350 2043 2392 cum
2069 2335 2459 2393 calumniantes
2479 2336 2549 2393 ad
2572 2337 2859 2399 vindictam
2879 2349 3067 2411 poscat
3085 2340 3377 2399 similitudo
3396 2355 3525 2413 sup-

1920 2430 2089 2501 plicit.
2122 2429 2372 2487 llmretici
2413 2430 2559 2487 enim
2588 2446 2812 2498 omnes,
2840 2442 2896 2489 et
2919 2434 3195 2506 suspecti,
3222 2445 3275 2491 et
3303 2450 3524 2491 excom-

1922 2523 2216 2591 municati,
2250 2523 2534 2581 homicidas
2561 2523 2796 2598 (Eadm,
2825 2525 2946 2582 coll.
2981 2526 3089 2601 65)
3117 2543 3335 2600 quoque
3367 2537 3532 2600 atque

1923 2616 2188 2683 maleﬁci,
2225 2615 2391 2685 iures,
2435 2617 2717 2689 sacrilegi,
2763 2630 3037 2689 raptores,
3072 2620 3332 2686 veneﬁci,
3377 2621 3536 2677 adul-

1926 2712 2066 2776 teri,
2096 2720 2151 2766 et
2175 2713 2265 2782 qui
2295 2719 2509 2782 raptum
2537 2710 2787 2781 iecerint,
2821 2714 2908 2771 vel
2935 2713 3132 2770 falsum
3161 2714 3531 2787 testimonium

1932 2803 2189 2869 dixerint,
2218 2820 2315 2862 seu
2344 2808 2435 2877 qui
2472 2806 2540 2863 ad
2577 2809 2862 2879 sortilegos
2908 2824 3202 2881 magosque
3237 2825 3533 2867 concurre-

1931 2896 2066 2965 rint,
2098 2898 2408 2955 nullatenus
2434 2899 2504 2965 ad
2538 2902 2935 2985 accusationem
2965 2914 3091 2960 sunt
3119 2904 3458 2960 admittendi.

234 3560 573 3619 detractiones
602 3559 641 3629 (Ι
677 3556 846 3625 Petr.,
880 3558 963 3629 ιι).
995 3555 1056 3611 Hi
1089 3572 1217 3612 vero
1243 3554 1336 3627 qui
1364 3553 1491 3609 talia
1518 3561 1704 3623 agunt,
1730 3565 1837 3605 non

234 3653 318 3709 ﬁlii
346 3655 469 3723 Dei,
511 3652 609 3707 sed
638 3653 813 3722 potius
841 3650 933 3704 lilii
966 3664 1197 3721 nequam
1226 3662 1348 3703 esse
1384 3643 1830 3715 comprobantur,

233 3748 357 3803 sicut
383 3746 597 3803 Paulus
623 3744 698 3799 ait
726 3742 1017 3814 Apostolus
1046 3762 1060 3798 :
1089 3740 1370 3811 Manifesta
1396 3751 1515 3794 sunt
1551 3753 1707 3808 opera
1733 3751 1843 3791 car-

1947 3554 2265 3613 testiticaudi
2297 3556 2509 3615 licentia
2538 3559 2854 3631 denegatur,
2883 3562 2974 3632 qui
2999 3562 3305 3620 christianos
3330 3563 3547 3638 religio-

1942 3647 2027 3701 nis
2055 3656 2109 3701 et
2136 3647 2370 3707 uomitus
2395 3648 2731 3723 dignitatem,
2761 3661 2818 3709 et
2855 3668 2966 3710 sua:
2994 3654 3158 3726 legis,
3189 3656 3272 3736 vel
3299 3659 3381 3713 sui
3416 3674 3542 3727 pro-

1942 3738 2102 3810 positi
2131 3756 2401 3809 normam,
2435 3755 2528 3798 aut
2555 3746 2875 3818 regulariter
2904 3748 3170 3817 prohibita
3214 3750 3551 3821 neglexerint

234 3843 320 3903 uis.
348 3857 469 3913 qua:
499 3836 926 3908 suntfornicatio,
953 3832 1303 3901 immunditia,
1330 3831 1557 3898 luxuria,
1586 3830 1843 3885 idolorum
1943 3830 2222 3904 (Arrianus,
2253 3834 2309 3889 in
2340 3834 2607 3893 Constant.
2640 3853 2681 3905 ι,
2713 3840 2796 3894 tit.
2828 3839 2880 3908 7,
2912 3840 3002 3894 lib.
3033 3856 3089 3909 ι,
3122 3840 3249 3896 Cod.
3287 3840 3515 3916 Theod.)

234 3936 462 4004 servitus,
502 3931 769 4001 veneﬁcia,
797 3928 1119 3995 inimicitiae,
1151 3926 1519 3991 contentiones,
1551 3922 1841 3978 aemulatio-

234 4045 333 4095 nes,
358 4031 483 4097 irae,
522 4029 670 4094 rixae,
703 4025 1061 4090 dissensiones,
1093 4032 1264 4086 sectte,
1294 4020 1520 4087 invidias,
1549 4017 1845 4084 homicidia,

235 4122 530 4188 ebrietates,
558 4120 946 4176 comessationes
969 4160 984 4185 ,
1028 4128 1076 4173 et
1113 4117 1192 4171 his
1219 4114 1410 4170 similia
1434 4156 1449 4183 ,
1483 4130 1596 4185 qutc
1625 4114 1847 4186 prtzdico

236 4217 387 4285 vobis,
419 4217 569 4273 sicut
594 4211 812 4287 praedixi
833 4254 847 4275 ,
873 4211 1114 4284 quoniam
1142 4208 1231 4281 qui
1266 4208 1394 4263 talia
1433 4216 1594 4280 agunt
1635 4220 1850 4278 regnum

235 4308 329 4367 Dei
356 4329 464 4368 non
495 4320 869 4379 consequentur
899 4304 1123 4379 (Galat.,
1145 4304 1224 4374 v).
1253 4302 1454 4371 Grave,
1484 4304 1698 4366 fratres,
1731 4316 1854 4356 ver—

233 4403 354 4461 bum
382 4415 442 4462 et
466 4401 809 4460 horrendum
838 4399 1017 4464 nimis,
1042 4394 1184 4468 quod
1207 4395 1281 4450 ait
1305 4414 1318 4450 :
1349 4390 1601 4462 Quoniam
1621 4394 1706 4465 qui
1728 4392 1852 4449 talia

2018 3924 2109 3981 Ill.
2134 3957 2207 3966 —
2225 3926 2484 3985 Similiter
2510 3931 2884 4000 prohibemus,
2914 3944 2971 3990 tu
2987 3933 3149 3989 msllae
3172 3950 3393 3992 causam:
3408 3937 3552 4008 judi-

1948 4017 2103 4073 cibus
2130 4020 2516 4078 ecclesiasticis
2541 4008 2852 4093 audiantur,
2884 4041 3007 4097 quae
3033 4026 3240 4100 legibus
3275 4044 3384 4084 non
3411 4045 3548 4089 eon-

1950 4109 2209 4177 tinentur,
2233 4113 2316 4169 vel
2342 4130 2462 4185 qua:
2488 4115 2774 4185 prohibita:
2799 4134 2921 4179 esse
2945 4131 3257 4177 noscuntur.
3286 4120 3415 4178 lituo
3442 4137 3550 4179 non

1952 4206 2126 4262 solum
2172 4207 2590 4278 ecclesiastica),
2619 4212 2717 4269 sed
2757 4224 2811 4271 et
2853 4213 3039 4271 saculi
3083 4216 3232 4287 leges
3272 4215 3553 4272 observari

1955 4301 2272 4371 praecipiunt
2303 4300 2410 4375 (2).
2441 4302 2561 4361 Non
2589 4306 2732 4362 enim
2775 4306 2970 4378 passim
3005 4307 3235 4382 (Concil.
3263 4307 3441 4365 Gauls.
3474 4306 3557 4381 tt)

1953 4406 2194 4463 vageque
2219 4395 2555 4453 sacerdotum
2586 4401 2856 4455 accusatio
2882 4400 3043 4460 debet
3069 4401 3211 4458 ﬁeri.
3240 4401 3375 4459 Nam
3404 4402 3451 4459 si
3478 4401 3557 4465 fa-

236 4512 390 4569 ogunt
428 4512 659 4569 regnum
692 4492 792 4548 Dei
831 4508 933 4547 non
962 4499 1348 4563 consequentur.
1394 4487 1463 4544 Et
1507 4488 1622 4558 ipsa
1669 4502 1764 4555 per
1795 4500 1854 4545 se
1956 4484 2059 4539 cile
2085 4484 2475 4556 admitteretur,
2507 4493 2757 4562 perpauci
2793 4493 2956 4550 nimis
2995 4494 3402 4551 invenirentur:
3426 4497 3554 4567 quia

235 4586 449 4647 Veritas
470 4590 614 4647 dicit
637 4607 650 4641 :
674 4586 812 4656 Quid
834 4591 1040 4658 prodest
1061 4582 1274 4650 homini,
1292 4581 1580 4636 universum
1604 4579 1853 4635 mundum
1879 4591 1933 4657 υ
1959 4595 2129 4634 omnes
2144 4582 2231 4652 qui
2242 4582 2323 4652 pie
2351 4586 2525 4639 volunt
2544 4587 2706 4643 vivere
2728 4588 2782 4643 iu
2807 4586 3033 4658 Christo,
3053 4591 3449 4660 persecutionem
3463 4606 3558 4662 pa-

236 4683 465 4745 llcrari,
504 4684 696 4738 animae
741 4698 855 4736 vero
904 4695 1012 4735 sua:
1059 4678 1414 4735 detrimentum
1470 4676 1576 4747 pati
1606 4673 1626 4748 (
1652 4673 1863 4741 Matt/1.,
1965 4672 2177 4729 tiuntur.
2210 4673 2355 4730 Beati
2383 4688 2548 4734 autem
2565 4681 2653 4751 qui
2664 4683 3340 4756 persecutionempatiuntur
3355 4696 3565 4758 propter

234 4778 376 4852 xvi)?
404 4777 619 4843 Gravia
651 4786 778 4830 sunt
802 4774 980 4839 nimis,
1005 4789 1123 4842 qua:
1153 4770 1504 4840 prtetulimns,
1530 4778 1584 4823 et
1614 4766 1865 4839 pervalde
1953 4766 2232 4838 justitiam.
2264 4768 2417 4829 Unde
2442 4783 2496 4828 et
2526 4772 2639 4844 ipsa
2662 4790 2758 4845 per
2786 4791 2846 4831 se
2866 4774 3081 4835 Veritas
3103 4778 3179 4833 ait
3202 4778 3249 4851 (Ι
3272 4776 3433 4846 Tim.,
3464 4794 3557 4845 ut;

238 4872 513 4927 cavenda.
548 4867 754 4939 Quibus
780 4869 922 4921 enim
952 4880 1172 4941 regnum
1203 4864 1296 4920 Dei
1328 4862 1696 4933 praecluditur,
1733 4875 1858 4931 pro-
1965 4855 2181 4928 Matt/1.,
2209 4878 2279 4926 v;
2310 4862 2491 4931 Joan.,
2536 4865 2690 4940 xvu)
2739 4885 2754 4922 :
2803 4867 2984 4937 Pater,
3016 4871 3337 4943 mnifestaui
3374 4888 3557 4927 man

238 4963 325 5020 θυι
352 4963 542 5020 dubio
569 4970 623 5017 et
651 4960 889 5016 Ecclesia
916 4959 1233 5033 denegatur.
1264 4957 1339 5013 De
1378 4955 1571 5029 quibus
1604 4954 1862 5010 Dominus
1963 4963 2108 5011 tuum
2134 4958 2442 5028 hominibus,
2468 4977 2596 5032 quos
2609 4962 2793 5027 dedisti
2813 4964 2938 5019 mihi
2962 4965 3027 5021 de
3051 4966 3262 5023 mundo.
3295 4964 3393 5021 Tui
3415 4974 3561 5021 eram

240 5057 295 5113 in
343 5056 700 5127 Evangelio,
750 5062 1066 5125 potestatem
1114 5052 1515 5124 apostolorum,
1566 5063 1860 5120 eorumque

237 5165 639 5211 successorem
659 5149 1004 5214 annuntians,
1029 5150 1102 5202 ait
1130 5166 1145 5203 :
1172 5146 1399 5213 Quorum
1427 5145 1726 5219 demiseritis
1748 5160 1864 5212 pec-
1973 5205 2011 5224 η
2042 5134 2134 5224 (41).
2165 5134 2326 5224 Hadr.
2349 5137 2480 5224 coll._
2504 5139 2558 5205 7,
2582 5155 2648 5197 ex
2678 5139 2799 5224 cod.
2824 5140 3057 5224 Th_eod.,
3087 5142 3181 5224 lib.
3208 5142 3388 5224 ts,qu
3420 5142 3479 5224 ig.
3501 5140 3558 5197 2.

242 5257 378 5314 cata,
415 5246 761 5303 dimittuntur
790 5243 861 5298 eis
880 5259 898 5308 ;
920 5251 968 5298 et
992 5257 1211 5314 quorum
1245 5216 1581 5312 alligaveritis
1602 5282 1617 5305 ,
1649 5238 1836 5309 alligati

1970 5205 2159 5333 2:2“.
2201 5207 2389 5265 ultima
2432 5221 2489 5266 ut
2522 5213 2788 5282 sagaciter
2824 5205 3185 5271 subadoratus
3227 5205 3311 5272 est
3356 5218 3559 5271 Anton.

239 5352 399 5463 ειμι
457 5341 482 5415 (
511 5340 703 5406 λαωιη
746 5354 864 5463 Axx;
920 5335 1135 5404 Matth,
1187 5333 1408 5463 xvm):l
1429 5332 1483 5389 id
1528 5341 1630 5400 est,
1669 5332 1865 5463 quib‘us
1970 5294 2126 5423 aug)
2164 5353 2563 5463 Agu'irmmm
2588 5356 2915 5463 ῗηφροιωω
2947 5358 3001 5414 in
3037 5356 3274 5463 favori“,
3302 5354 3563 5463 ecclesia;

293 5435 571 5463 --I...:-...
601 5434 744 5463 ιω..-
783 5430 986 5463 ἷνΔρῖΙῖο
1042 5428 1143 5463 ..ἕως
1174 5425 1388 5463 1141111ηοῖ
1416 5425 1505 5463 imi
1536 5441 1632 5463 non
1655 5424 1785 5463 carie
1812 5441 1866 5463 9..
1975 5424 2231 5463 clinnrrnn
2347 5441 2566 5463 nnhnnm:
2616 5429 2756 5463 imm.
2777 5430 2903 5463 ιςσηις
2935 5431 3156 5463 ΔῖιιιιηηΔ
3218 5443 3524 5463 moecha-nm

241 5433 574 5494 Ecclesium
600 5430 1010 5502 iuterdixeritis,
1042 5428 1145 5487 nisi
1174 5425 1507 5485 reconciliati
1535 5441 1632 5498 per
1655 5424 1866 5482 satisfa-
1974 5424 2273 5481 sticorum?
2302 5425 2567 5501 Tempore
2588 5424 2906 5502 Κιλιὴουίαηὶ
2934 5431 3161 5503 ejusque
3180 5428 3566 5487 decessurum?

1504 5561 1885 5622 LECTIONES
1921 5560 2329 5624 VARIANTES.

2042 5678 2073 5720 ἆ
2095 5678 2220 5732 Esse
2245 5680 2391 5734 Labb.

2044 5748 2067 5775 ε
2093 5743 2364 5797 Didicimus
2386 5743 2531 5798 Labb.

2044 5804 2064 5844 ι
2090 5780 2673 5874 ῖὶῗέἓίἱξῖὗῖἕῒοηο.
2695 5807 2775 5865 At.
2800 5809 3037 5875 Patietur.
3062 5812 3167 5874 Nec
3187 5780 3337 5878 forte.
3361 5814 3507 5876 Labb.

312 5694 342 5725 ⁸
369 5688 701 5754 Adimpletur
724 5690 862 5741 Labb.

313 5754 348 5798 ι’
376 5753 558 5809 Filios
576 5753 716 5804 Labb.

320 5824 346 5854 ο
373 5818 693 5875 Voluntates
715 5815 861 5871 Labb.
907 5878 927 5883 ν
