3994 6318
539 282 646 339 173

1339 283 1394 340 S.
1435 280 1854 340 EUTYCHIANI
1893 276 2096 337 ΡᾹΡᾸΞ

2263 277 2614 340 MARTYRIS
2656 280 2985 341 EPISTOLA
3026 281 3089 338 ll.
3689 289 3772 345 176

539 430 586 476 et
610 421 734 474 mihi
757 419 1055 487 eosdedisti,
1082 426 1129 476 et
1153 436 1432 475 sermonem
1447 432 1590 476 tuum
1607 432 1949 476 servaverunt.
1977 417 2128 472 Nunc
2158 421 2209 480 Α
2237 434 2328 472 nos
2353 435 2525 474 sumus
2553 419 2605 473 in
2633 422 2728 475 hoc
2763 420 2976 475 mundo.
3006 419 3186 474 Timor
3214 433 3313 472 non
3340 430 3411 475 est
3438 418 3488 474 in
3527 421 3772 496 charitate,

539 525 883 587 cognoverunt
901 516 1022 584 quia
1049 516 1220 569 omnia
1249 531 1364 585 qua:
1391 517 1576 571 dedisti
1604 517 1749 579 mihi,
1781 517 1870 570 abs
1896 527 1945 570 te
1971 523 2088 569 sunt
2112 531 2131 568 :

537 610 657 677 quia
682 607 828 662 verba
844 623 958 676 qua:
975 608 1161 664 dedisti
1179 611 1324 676 mihi,
1354 610 1471 665 dedi
1495 612 1587 676 eis,
1605 621 1652 666 et
1669 612 1768 682 ipsi
1789 619 2091 681 acceperunt
2113 625 2132 663 :

536 713 586 756 et
612 713 957 776 cognoverunt
980 720 1094 758 vere
1111 705 1231 768 quia
1259 720 1290 756 a
1317 714 1364 758 te
1392 705 1558 771 exivi,
1589 713 1636 758 et
1662 703 1988 758 crediderunt
2012 704 2133 772 quia

537 805 592 847 tu
621 811 699 848 me
725 795 926 849 misisti.
951 794 1059 867 Ego
1080 813 1172 864 pro
1189 797 1260 850 eis
1271 812 1416 867 rogo,
1443 813 1543 850 non
1565 813 1658 867 pro
1679 796 1867 850 mundo
1881 813 2023 867 rogo,
2043 795 2132 850 sed

538 903 633 954 pro
657 887 728 942 eis
753 904 880 958 quos
908 887 1092 942 dedisti
1122 889 1284 954 mihi,
1312 890 1431 957 quia
1456 889 1530 942 tui
1559 899 1696 944 sunt.
1725 886 1792 942 Et
1821 905 1930 942 mea
1960 889 2132 943 omnia

537 991 628 1035 tua
646 992 788 1049 sunt,
817 993 864 1037 et
895 992 982 1035 tua
1004 998 1114 1036 mea
1137 993 1276 1049 sunt,
1307 992 1352 1037 et
1383 981 1697 1051 clarificatus
1723 999 1836 1037 sum
1861 983 1914 1037 in
1940 983 2032 1038 eis.
2065 981 2132 1036 Et

526 1078 644 1146 jam
671 1094 774 1132 non
804 1093 916 1132 tum
942 1078 994 1132 in
1025 1078 1246 1144 mundo,
1277 1087 1323 1131 et
1347 1077 1401 1132 hi
1425 1077 1478 1132 in
1523 1077 1712 1132 mundo
1743 1087 1900 1143 sunt,
1953 1086 2000 1132 et
2041 1092 2134 1148 ego

537 1169 607 1222 ad
632 1180 680 1223 te
709 1169 869 1224 venio.
910 1168 1067 1224 Pater
1111 1179 1314 1235 sancte,
1347 1186 1492 1224 serva
1535 1186 1620 1224 eos
1669 1171 1724 1224 in
1771 1170 1973 1224 nomine
2021 1179 2130 1237 tuo,

534 1279 664 1332 quos
694 1264 884 1318 dedisti
927 1265 1089 1330 mihi,
1129 1275 1177 1320 et
1227 1281 1385 1319 unum
1421 1266 1543 1332 sint,
1594 1265 1723 1319 sicut
1764 1275 1811 1318 et
1849 1282 1962 1320 nos.
2005 1264 2134 1320 Cum

533 1371 695 1408 essem
719 1355 1043 1425 cumeis,ego
1059 1355 1318 1409 servabam
1335 1371 1421 1410 eos
1448 1357 1502 1410 in
1524 1357 1726 1411 nomine
1741 1367 1846 1411 tuo.
1877 1356 2019 1425 Quos
2045 1356 2133 1412 de-

535 1445 656 1499 disti
680 1446 825 1510 mihi,
845 1448 1091 1501 custodivi
1115 1463 1133 1501 :
1155 1459 1200 1502 et
1219 1465 1366 1502 nemo
1382 1465 1445 1504 ex
1464 1449 1542 1504 his
1560 1450 1732 1518 periit,
1751 1450 1852 1504 nisi
1865 1450 2004 1518 [ilius
2019 1467 2134 1520 per-

534 1538 764 1607 ditionis,
786 1549 840 1594 ut
859 1539 1130 1610 Scriptura
1147 1542 1438 1611 impleatur.
1467 1541 1519 1596 Ν
1523 1559 1622 1597 unc
1643 1553 1814 1598 autem
1827 1543 1895 1596 ad
1907 1554 1956 1598 te
1966 1545 2132 1613 venio,

532 1642 580 1684 et
600 1631 710 1684 haec
732 1634 912 1702 loquor
936 1633 989 1686 in
1015 1633 1227 1698 mundo,
1251 1645 1304 1686 ut
1327 1633 1546 1688 habeant
1571 1634 1816 1705 gaudium
1842 1652 2008 1690 meum
2031 1637 2130 1690 im-

533 1726 723 1793 pletum
751 1725 806 1778 in
836 1727 1138 1794 semetipsis.
1187 1725 1438 1796 ligo-dedi
1461 1728 1535 1781 eis
1569 1743 1852 1782 sermonem
1879 1738 2022 1782 tuum
2047 1744 2064 1782 :
2086 1741 2135 1783 et

2233 511 2324 566 sed
2346 515 2570 582 perfecta
2597 512 2821 566 charitas
2848 516 2990 584 foras
3025 512 3176 566 mittit
3212 513 3466 579 timorem,
3489 517 3704 583 quoniam
3725 521 3777 574 ti-

2233 619 2345 657 mor
2370 619 2569 674 poenam
2601 604 2767 660 habet.
2803 605 2904 673 Qui
2949 617 3114 659 autem
3142 606 3313 674 timet,
3347 624 3443 662 non
3472 619 3539 663 est
3565 612 3778 681 perfectus

2232 696 2286 749 in
2315 696 2582 752 charitate.
2621 695 2732 751 Nos
2755 714 2874 768 ergo
2902 697 3179 770 diligamus
3211 697 3390 766 Deum,
3417 701 3641 771 quoniam
3665 702 3778 760 Deus

2234 789 2376 859 prior
2395 789 2575 844 dilexit
2604 807 2716 845 nos.
2749 790 2811 846 Si
2829 791 2942 860 quis
2962 791 3168 858 dixerit,
3191 792 3428 862 quoniam
3451 793 3599 864 diligo
3627 794 3778 862 Deum,

2235 892 2282 937 et
2312 883 2523 953 fratrem
2549 902 2698 940 suum
2721 886 2906 952 oderit,
2936 887 3159 941 mendax
3183 898 3276 941 est.
3303 887 3405 956 Qui
3421 899 3581 943 autem
3609 907 3695 944 non
3717 890 3782 946 tli-

2237 976 2352 1047 ligit
2385 981 2598 1048 fratrem
2623 996 2774 1033 suum
2812 995 2961 1050 quem
2985 980 3142 1049 videt,
3173 979 3342 1035 Deum
3369 998 3510 1049 quem
3537 999 3629 1036 non
3655 983 3780 1051 videt,

2233 1069 2485 1137 quomodo
2515 1080 2674 1140 potest
2699 1069 2951 1142 diligere?
2981 1069 3046 1126 Et
3089 1073 3184 1126 hoc
3212 1071 3501 1127 mandatum
3527 1073 3738 1128 habemus
3759 1093 3785 1129 a

2236 1157 2378 1228 Deo,
2413 1173 2467 1216 ut
2511 1163 2597 1233 qui
2637 1162 2804 1234 diligit
2848 1162 3048 1231 Deum,
3097 1163 3278 1235 diligat
3319 1175 3364 1218 et
3411 1167 3609 1236 fratrem
3644 1183 3783 1222 suum.

2240 1252 2418 1309 Omnis
2443 1255 2532 1325 qui
2555 1256 2744 1321 credit,
2776 1256 3016 1328 quoniam
3043 1256 3194 1312 Jesus
3233 1265 3307 1312 est
3347 1256 3567 1312 Christus
3584 1301 3598 1325 ,
3625 1275 3680 1313 ex
3701 1258 3787 1314 Deo

2237 1355 2389 1400 natus
2419 1356 2512 1400 est.
2548 1345 2614 1400 Et
2639 1347 2804 1402 omnis
2827 1348 2916 1417 qui
2943 1348 3112 1420 diligit
3138 1365 3274 1417 eum,
3305 1349 3392 1420 qui
3426 1351 3589 1421 genuit
3608 1392 3622 1414 ,
3651 1350 3789 1422 diligit

2237 1447 2283 1493 et
2311 1455 2448 1505 eum,
2480 1441 2568 1512 qui
2597 1451 2750 1498 natus
2779 1454 2853 1496 est
2877 1458 2942 1496 ex
2967 1459 3046 1497 eo.
3079 1441 3145 1496 In
3171 1442 3267 1496 hoc
3297 1443 3651 1515 cognoscimus,
3686 1443 3788 1515 quo-

2238 1533 2380 1586 niam
2419 1533 2689 1606 diligemus
2736 1546 2884 1590 natos
2927 1534 3053 1601 Dei,
3091 1553 3208 1591 cum
3253 1533 3416 1590 Deum
3451 1536 3734 1607 diligamus,
3757 1543 3792 1588 et

2240 1627 2485 1682 mandata
2513 1629 2627 1699 ejus
2652 1629 2924 1700 faciamus.
2963 1627 3090 1684 ch
3116 1640 3188 1686 est
3213 1630 3347 1685 enim
3375 1628 3592 1684 charitas
3619 1625 3727 1692 Dei,
3749 1637 3792 1682 ut

2239 1720 2483 1775 mandata
2513 1725 2624 1792 ejus
2650 1724 2998 1778 custodiamus
3022 1741 3042 1778 :
3066 1733 3113 1779 et
3135 1725 3380 1778 mandata
3403 1727 3510 1794 ejus
3531 1723 3690 1794 gravia
3712 1737 3792 1776 non

533 1818 752 1872 mundus
771 1818 888 1872 odio
902 1818 1077 1872 habuit
1097 1835 1198 1884 eos,
1216 1821 1337 1890 quia
1360 1837 1461 1874 non
1487 1830 1603 1874 sunt
1619 1821 1683 1874 de
1706 1820 1915 1884 mundo,
1933 1821 2065 1875 sicut
2087 1829 2133 1875 et
2162 1833 2211 1892 Β
2237 1825 2355 1870 sunt
2382 1817 2427 1888 (Ι
2456 1815 2639 1887 Joan.,
2670 1819 2749 1890 v).
2785 1819 2851 1875 Et
2894 1835 2990 1891 per
3019 1820 3336 1892 prophetam
3355 1861 3372 1886 ,
3405 1818 3664 1884 Dominus,
3697 1830 3790 1870 tuo-

531 1927 625 1981 ego
646 1926 748 1964 non
763 1927 877 1964 sum
897 1911 961 1964 de
985 1911 1197 1965 mundo.
1223 1909 1345 1966 Non
1368 1928 1492 1982 rogo
1510 1923 1563 1966 ut
1581 1913 1734 1966 tollas
1747 1929 1828 1967 eos
1843 1913 1906 1967 de
1919 1911 2131 1980 mundo,

525 2003 616 2056 se.l
643 2013 700 2056 ut
722 2018 886 2057 serves
920 2019 1005 2058 eos
1030 2021 1063 2057 a
1089 2004 1245 2058 malo.
1277 2003 1353 2058 De
1380 2007 1572 2059 mundo
1611 2023 1713 2059 non
1751 2017 1904 2069 sunt,
1933 2007 2063 2061 sicut
2087 2017 2135 2061 et

526 2112 619 2167 ego
641 2113 742 2152 non
763 2114 878 2152 sum
899 2099 962 2152 de
982 2101 1188 2154 mundo.
1218 2099 1500 2168 Sancti/ica
1521 2117 1605 2155 eos
1623 2101 1676 2154 in
1702 2103 1924 2155 veritate.
1951 2098 2134 2158 Sermo

526 2198 643 2244 tuus
667 2192 851 2246 veritas
876 2202 968 2246 est.
1005 2192 1162 2247 Sicut.
1177 2204 1232 2247 tu
1263 2209 1342 2248 me
1371 2194 1553 2247 misisti
1578 2195 1632 2248 in
1669 2194 1936 2260 mundum,
1965 2204 2012 2248 et
2041 2211 2134 2266 ego

527 2283 644 2338 misi
674 2300 758 2338 eos
781 2286 835 2338 in
863 2285 1128 2340 mundum.
1154 2284 1221 2340 Et
1244 2303 1336 2357 pro
1356 2288 1428 2340 eis
1448 2303 1540 2358 ego
1569 2289 1835 2355 sancti/iw
1859 2289 2130 2358 meipsum,

526 2385 582 2428 ut
606 2376 709 2430 sint
735 2385 782 2430 et
810 2377 910 2448 ipsi
933 2379 1238 2447 soncti/icati
1259 2380 1316 2432 in
1340 2381 1565 2434 veritate.
1598 2379 1721 2435 Non
1743 2398 1836 2450 pro
1858 2381 1930 2435 eis
1964 2393 2133 2436 autem

526 2487 651 2541 rogo
678 2481 897 2539 tantum,
930 2474 1020 2528 sed
1058 2485 1104 2528 et
1132 2491 1226 2545 pro
1251 2475 1324 2529 eis
1356 2476 1444 2547 qui
1468 2476 1714 2531 credituri
1742 2488 1860 2532 sunt
1890 2495 1981 2549 per
2021 2493 2132 2532 ver-

527 2565 648 2618 bum
674 2582 847 2620 eorum
875 2568 928 2620 in
959 2583 1055 2632 me,
1081 2577 1135 2621 ut
1156 2585 1329 2623 omnes
1359 2586 1517 2624 unum
1546 2571 1669 2638 sint,
1698 2583 1745 2626 et
1773 2574 1991 2629 mundus
2020 2591 2132 2630 crec

525 2658 612 2712 dat
645 2661 767 2731 quia
805 2670 858 2714 tu
886 2678 966 2716 nte
994 2663 1198 2718 misisti.
1224 2662 1292 2717 Et
1315 2681 1408 2735 ego
1431 2665 1736 2735 claritatem,
1764 2686 1916 2739 quam
1946 2672 2133 2725 dedisti

525 2753 681 2820 mihi,
713 2753 832 2809 dedi
859 2756 951 2822 eis,
982 2767 1036 2810 ut
1058 2757 1160 2812 sint
1188 2773 1365 2825 unum,
1393 2760 1523 2814 sicut
1550 2770 1598 2814 et
1624 2779 1715 2816 nos
1744 2779 1902 2817 unum
1929 2779 2126 2819 sumus.

524 2845 637 2916 Ego
670 2846 721 2900 in
749 2848 837 2915 eis,
875 2856 920 2903 et
949 2858 1003 2902 tu
1047 2851 1099 2903 in
1130 2867 1228 2916 me,
1263 2861 1316 2904 ut
1344 2853 1445 2906 sint
1483 2857 1819 2910 consummati
1847 2857 1901 2911 in
1930 2874 2089 2912 unum
2108 2899 2126 2926 ,

524 2950 579 2992 ut
607 2953 876 3010 cognoscat
902 2945 1146 3012 mundus,
1171 2948 1294 3014 quia
1320 2957 1374 3001 tu
1399 2965 1478 3002 me
1507 2949 1720 3016 misisti,
1757 2962 1803 3004 et
1833 2952 1992 3006 dilexi
2021 2969 2127 3019 eos,

520 3033 652 3085 sicut
676 3042 726 3087 et
751 3051 830 3090 me
853 3036 1098 3091 dilexisti.
1137 3037 1312 3107 Pater,
1341 3057 1465 3107 quos
1507 3042 1689 3096 dedisti
1719 3045 1874 3111 mihi,
1908 3047 2042 3115 volo,
2075 3057 2130 3102 ut

521 3127 610 3182 ubi
637 3145 730 3200 ego
767 3145 916 3198 sum,
945 3139 991 3184 et
1016 3130 1092 3185 illi
1117 3132 1220 3186 sint
1259 3149 1480 3201 ntecum,
1516 3146 1571 3189 ut
1610 3137 1813 3191 videant
1840 3139 2128 3194 claritatem

2239 1910 2454 1976 uendo,
2501 1927 2570 1967 ne
2609 1911 2876 1968 laadautur
2912 1913 3162 1984 discipuli
3215 1913 3334 1978 sui,
3368 1911 3660 1982 horumque
3693 1924 3793 1966 suc-

2238 2015 2509 2069 cessores,
2541 2004 2714 2076 inquit
2741 2004 2939 2074 (Psal.,
2976 2023 3146 2072 xxx",
3179 2023 3242 2061 ex
3269 2022 3401 2060 vers.
3435 2003 3498 2060 S.
3538 2001 3794 2072 Hieronymi

2236 2113 2525 2166 quamcum
2547 2109 2708 2154 vetere
2731 2109 2779 2154 et
2797 2099 2984 2155 Italica
3001 2098 3294 2172 permiscet)
3324 2116 3342 2154 :
3373 2097 3657 2155 Circumdat
3674 2113 3796 2168 ange-

2239 2189 2320 2244 lus
2339 2189 2549 2245 Domini
2573 2193 2627 2246 in
2650 2211 2779 2265 gyra
2795 2193 3026 2250 timentes
3041 2211 3175 2262 eum,
3205 2204 3252 2250 et
3271 2203 3410 2249 eruet
3435 2211 3538 2250 eos.
3559 2191 3744 2248 Custote
3760 2201 3794 2244 et

2237 2282 2420 2352 videte,
2446 2286 2689 2356 quoniam
2718 2287 2880 2342 bonus
2899 2298 2970 2344 est
2997 2287 3272 2345 Dominus.
3304 2285 3494 2344 Beatus
3520 2287 3592 2343 vir
3612 2287 3690 2356 qui
3709 2302 3796 2357 spe

2238 2387 2319 2431 rat
2344 2377 2397 2432 in
2423 2395 2501 2433 eo.
2535 2377 2729 2435 Timete
2751 2380 3048 2450 Dominum,
3069 2400 3243 2439 omnes
3261 2384 3428 2439 sancti
3452 2384 3580 2454 ejus,
3601 2381 3793 2454 quoniam

2238 2485 2342 2524 non
2367 2481 2439 2526 est
2465 2471 2642 2543 inopia
2677 2474 2967 2529 timentibus
3009 2493 3144 2530 eum.
3177 2474 3378 2532 Leones
3407 2475 3738 2548 indiguerunt,
3762 2480 3798 2526 et

2237 2564 2519 2619 esurierunt
2555 2582 2574 2619 :
2613 2567 2954 2638 quaerentibus
2990 2567 3304 2635 Dominum,
3347 2587 3454 2624 non
3499 2569 3644 2623 deerit
3678 2581 3798 2621 omne

2238 2656 2446 2712 bonum.
2492 2659 2793 2729 Ambulate,
2822 2661 2948 2732 ﬁlii,
2992 2663 3165 2716 audite
3214 2680 3331 2731 me,
3365 2664 3590 2718 timorem
3630 2659 3799 2715 Domini

2237 2750 2426 2806 docebo
2451 2767 2558 2808 vos.
2594 2752 2724 2821 Quis
2750 2763 2823 2810 est
2852 2755 2928 2808 vir
2950 2756 3038 2826 qui
3063 2757 3181 2811 velit
3227 2758 3408 2826 vitam,
3438 2756 3600 2828 diligit
3624 2754 3714 2808 dies
3737 2751 3799 2805 vi-

2236 2842 2355 2897 dere
2379 2841 2536 2898 bonos
2554 2843 2580 2896 ?
2609 2843 2820 2900 Custodi
2848 2846 3077 2918 linguam
3098 2833 3240 2902 tuam
3270 2865 3304 2902 a
3333 2849 3493 2914 malo,
3525 2858 3570 2902 et
3594 2846 3712 2901 labia
3732 2853 3800 2896 tua

2236 2954 2299 2992 ne
2328 2939 2604 3010 loquantur
2650 2942 2846 2997 dolum.
2880 2940 3082 2998 Recede
3121 2962 3155 2999 a
3199 2945 3374 3011 malo,
3407 2955 3458 3002 et
3507 2948 3585 3018 fac
3612 2945 3800 2998 bonum:

2235 3049 2407 3105 qucere
2434 3052 2644 3106 pacem,
2675 3046 2722 3091 et
2750 3054 3050 3109 persequere
3087 3037 3222 3094 eam.
3262 3040 3420 3094 Oculi
3449 3037 3646 3094 Domini
3679 3049 3802 3105 super

2227 3126 2421 3196 justas,
2449 3136 2498 3182 et
2522 3145 2673 3184 aures
2694 3130 2805 3201 ejus
2828 3130 2898 3184 ad
2925 3131 3200 3185 clamorem
3224 3149 3423 3187 eorum.
3472 3131 3641 3186 Vultus
3666 3138 3802 3183 autem

524 3239 710 3290 meam,
737 3241 890 3294 quam
927 3225 1113 3280 dedisti
1152 3227 1313 3293 mihi,
1341 3230 1462 3298 quia
1490 3230 1716 3286 dilexisti
1747 3248 1825 3286 me
1863 3243 1981 3287 ante
2007 3251 2130 3290 con-
2155 3235 2202 3298 C
2236 3216 2450 3274 Domini
2474 3222 2527 3276 ίη
2564 3221 2807 3292 ladem“
2832 3223 3027 3279 malum
3047 3267 3063 3292 ο
3095 3236 3149 3279 ια
3179 3227 3366 3296 Padi“
3402 3227 3467 3281 de
3495 3237 3624 3281 ‘9'”
3647 3237 3804 3277 "Ww'

522 3317 836 3372 stitutionem
874 3319 1071 3375 mundi.
1108 3318 1266 3375 Pater
1282 3323 1446 3393 juste,
1478 3326 1697 3379 mundus
1725 3335 1772 3380 te
1799 3344 1900 3381 non
1941 3345 2131 3401 cogno-

523 3412 612 3478 vit,
645 3428 736 3481 ego
755 3421 923 3468 autem
951 3423 998 3468 te
1017 3416 1258 3486 cognovi,
1286 3425 1334 3469 et
1356 3417 1410 3469 hi
1429 3429 1790 3489 cognoverunt,
1820 3421 1941 3486 quia
1971 3433 2025 3476 tu
2051 3440 2130 3478 me

524 3505 724 3558 misisti.
756 3503 823 3559 Et
841 3516 1014 3561 notum
1037 3508 1134 3574 feci
1156 3509 1228 3563 eis
1253 3526 1434 3564 nomen
1460 3522 1624 3579 tuum,
1649 3523 1696 3567 et
1717 3524 1891 3568 notum
1915 3515 2126 3585 faciam,

522 3605 576 3649 ut
601 3597 804 3653 dilectio
821 3641 836 3665 ,
867 3615 967 3669 qua
995 3600 1220 3655 dilexisti
1247 3619 1342 3667 me,
1369 3603 1420 3657 in
1447 3605 1573 3672 ipsis
1594 3606 1677 3673 sit,
1709 3617 1755 3660 et
1781 3624 1874 3677 ego
1897 3609 1949 3663 in
1977 3611 2124 3679 ipsis.

523 3689 594 3744 Et
620 3690 761 3747 idem
805 3689 1043 3748 Joannes
1074 3695 1349 3764 apostolus
1378 3706 1431 3750 et
1467 3698 1824 3769 evangelista,
1856 3703 1907 3755 in
1955 3703 2128 3772 prima

521 3799 616 3838 sua
637 3785 884 3854 epistola,
915 3786 1167 3858 loquitur,
1187 3788 1373 3845 dicens
1400 3789 1444 3862 (l
1468 3790 1627 3845 loan.
1661 3789 1735 3862 tv)
1762 3812 1774 3846 :
1802 3793 2124 3864 Charissimi,

521 3877 795 3948 diligamus
812 3880 1044 3946 invicem,
1062 3881 1182 3950 quia
1197 3881 1423 3936 charitas
1439 3900 1500 3938 ex
1529 3883 1633 3939 Deo
1661 3895 1732 3941 est
1759 3904 1771 3940 :
1796 3896 1843 3941 et
1863 3890 2027 3944 omnis
2039 3891 2128 3958 qui

520 3973 709 4045 diligit,
742 3989 805 4028 ex
835 3971 943 4028 Deo
985 3983 1136 4028 natus
1164 3983 1272 4039 est,
1302 3985 1350 4029 et
1375 3978 1635 4048 cognoscit
1665 3977 1851 4036 Deum.
1891 3980 1994 4049 Qui
2022 4000 2126 4037 non

521 4071 710 4144 diligit,
741 4090 846 4128 non
873 4074 1012 4128 novit
1037 4072 1222 4142 Deum,
1253 4073 1374 4142 quia
1404 4073 1541 4129 Deus
1557 4076 1781 4131 charitas
1805 4087 1897 4132 est.
1929 4076 1998 4133 In
2027 4079 2124 4134 hoc

519 4169 761 4237 apparuit
795 4169 1020 4224 charitas
1052 4167 1146 4223 Dci
1191 4169 1245 4223 in
1280 4169 1450 4237 nobis,
1483 4171 1722 4242 quoniam
1753 4171 1948 4226 Filium
1975 4189 2124 4228 suum

517 4263 838 4333 unigenitum
855 4263 990 4318 misit
1014 4261 1150 4318 Deus
1167 4265 1219 4318 in
1247 4265 1512 4327 ntundum.
1539 4277 1594 4319 ut
1621 4267 1846 4320 vivamus
1871 4283 1960 4334 per
1981 4283 2116 4320 eum.

518 4353 590 4409 In
613 4355 708 4410 hoc
727 4365 800 4410 est
820 4356 1063 4422 charitas,
1089 4373 1189 4411 non
1207 4359 1354 4427 quasi
1368 4375 1459 4411 nos
1476 4358 1804 4414 dilexerimus
1822 4358 2008 4425 Deum,
2031 4361 2124 4415 sed

516 4449 760 4518 quoniam
777 4449 887 4519 ipse
900 4449 1079 4504 dilexit
1097 4466 1212 4515 nos,
1229 4460 1276 4502 et
1291 4450 1426 4502 misit
1441 4449 1608 4518 filium
1629 4467 1774 4504 suum
1794 4452 2121 4523 pr0pitiatio—

518 4557 634 4596 nent
655 4557 748 4612 pro
771 4543 986 4607 peccatis
1015 4543 1217 4596 nostris.
1240 4540 1540 4595 Charissimi
1557 4583 1570 4606 ,
1601 4543 1646 4595 si
1670 4543 1740 4596 sic
1770 4541 1906 4597 Deus
1933 4542 2114 4597 dilexit

2236 3312 2368 3367 riam
2392 3329 2588 3371 eorum.
2621 3315 2977 3373 Clamaverunt
3014 3319 3177 3390 justi,
3208 3329 3256 3374 et
3297 3319 3552 3375 Dominus
3589 3315 3806 3374 exaudivit

2236 3421 2342 3468 eos.
2373 3417 2420 3460 et
2446 3424 2509 3462 ex
2535 3409 2770 3464 omnibus
2811 3410 3228 3466 tribulationibus
3271 3429 3453 3468 eorum
3487 3411 3697 3468 liberavit
3719 3423 3803 3464 eos.

2234 3501 2401 3557 Juxta
2431 3513 2504 3558 est
2527 3502 2781 3560 Dominus
2807 3507 3039 3562 contritis
3063 3507 3237 3573 corde,
3269 3518 3317 3563 et
3342 3508 3632 3580 confractos
3655 3504 3806 3574 spiritu

2233 3595 2470 3650 salvabit.
2505 3595 2672 3652 Multa
2703 3601 2840 3654 mala
2857 3602 3023 3672 justo,
3050 3610 3099 3655 et
3122 3616 3186 3655 ex
3211 3603 3452 3657 omnibus
3486 3601 3589 3656 illis
3617 3594 3808 3654 liberabit

2234 3703 2350 3740 eum
2368 3686 2634 3745 Dominus.
2659 3688 2891 3747 Custodit
2919 3691 3172 3748 Dominus
3193 3695 3374 3749 omnia
3393 3711 3512 3749 ossa
3535 3693 3660 3765 ejus,
3680 3703 3808 3744 unum

2234 3797 2300 3835 ex
2323 3782 2401 3837 his
2426 3799 2527 3838 non
2561 3785 2931 3858 confringetur.
2970 3785 3255 3858 Inter/Sciet
3282 3789 3505 3862 impium
3533 3786 3712 3844 malitia
3730 3826 3746 3851 ,
3771 3791 3811 3838 et

2233 3875 2457 3932 odientes
2473 3878 2676 3949 justunt
2699 3879 3058 3950 culpabuntur.
3089 3879 3332 3938 Redimet
3367 3882 3618 3938 Dominus
3641 3879 3810 3935 animos

2233 3985 2494 4025 servorum
2535 3988 2780 4039 suorum,
2825 3984 2874 4027 et
2919 3972 3149 4028 liberabit
3190 3992 3298 4030 eos.
3350 3975 3456 4032 Vos
3483 3991 3635 4047 ergo,
3660 3972 3812 4042 fratres

2234 4062 2433 4133 (Psal.,
2478 4067 2619 4135 Liv),
2665 4083 2818 4138 super
2849 4064 3125 4121 Dominum
3167 4071 3351 4138 ponite
3389 4069 3551 4124 corda
3575 4077 3752 4128 vestra,
3774 4067 3814 4116 et

2231 4157 2342 4228 ipse
2371 4161 2588 4214 enutriet
2614 4175 2720 4224 vos,
2751 4160 2875 4231 quia
2904 4177 3006 4216 non
3037 4160 3175 4214 dabit
3202 4161 3258 4216 in
3280 4171 3533 4217 aeternum
3564 4153 3814 4232 fluctuatio-

2232 4266 2350 4305 nem
2371 4253 2546 4321 justis.
2582 4250 2722 4308 Deus
2747 4263 2916 4308 autem
2950 4252 3202 4309 Dominus
3231 4266 3411 4311 noster
3433 4255 3646 4310 deducet
3671 4245 3815 4306 inimi-

2237 4360 2325 4398 cos
2346 4355 2566 4412 nostros,
2587 4345 2738 4414 juxta
2763 4345 3045 4418 Propheta:
3067 4363 3277 4414 vocem,
3299 4349 3355 4402 in
3380 4358 3588 4415 puteum
3613 4339 3814 4400 interitus

2230 4437 2475 4506 quoniam
2504 4438 2599 4491 viri
2623 4439 2930 4508 sanguinum
2955 4448 3001 4494 et
3028 4439 3194 4494 dolosi
3221 4457 3329 4495 non
3359 4438 3700 4495 dimidiabunt
3723 4433 3814 4487 dies

2237 4545 2377 4584 suos.
2418 4529 2527 4585 Vox
2551 4541 2719 4587 autem
2737 4549 2936 4604 semper
2950 4544 3152 4602 sperate
3170 4533 3227 4588 in
3254 4532 3510 4602 Domino,
3531 4543 3578 4589 et
3603 4529 3818 4603 ﬁduciam

519 4654 634 4703 nos,
660 4648 708 4690 et
734 4653 826 4690 nos
853 4636 1086 4690 debemus
1111 4636 1411 4690 alterutrum
1438 4635 1671 4706 diligere.
1696 4633 1862 4690 Deum
1887 4653 2033 4690 nemo
2055 4637 2124 4692 vi-

2234 4622 2466 4678 ttabetote
2491 4625 2546 4678 in
2573 4641 2655 4692 eo,
2678 4627 2800 4696 quia
2827 4626 2938 4696 ipse
2961 4625 3194 4683 liberabit
3221 4645 3340 4686 nos.
3365 4628 3492 4702 Ipse
3516 4641 3590 4686 est
3608 4626 3731 4684 enim
3749 4622 3817 4676 bt-

518 4731 593 4785 dit
621 4747 883 4800 umquam.
913 4730 972 4785 Si
993 4730 1267 4801 diligamus
1288 4730 1518 4796 invicem,
1553 4729 1688 4784 Deus
1705 4729 1757 4784 in
1773 4731 1915 4785 nobis
1946 4741 2115 4787 manet

517 4835 563 4880 et
579 4825 802 4878 charitas
816 4825 926 4894 ejus
948 4824 1001 4877 in
1027 4822 1168 4878 nobis
1194 4827 1418 4894 perfecta
1435 4833 1526 4877 est.
1547 4821 1613 4876 In
1631 4822 1727 4877 hoc
1754 4824 2108 4897 intelligimus,

519 4917 760 4986 quoniam
794 4917 846 4971 in
891 4933 950 4971 eo
980 4931 1261 4980 manemus,
1289 4926 1336 4969 et
1362 4917 1470 4984 ipse
1499 4915 1552 4969 in
1590 4914 1751 4980 nobis,
1783 4917 2024 4988 quoniam
2051 4918 2116 4974 de

519 5013 704 5083 spiritu
741 5028 834 5066 suo
859 5011 998 5065 dedit
1023 5009 1184 5064 nobis.
1220 5007 1286 5062 Et
1322 5024 1412 5062 nos
1438 5008 1656 5062 vidimus
1683 5018 1730 5063 et
1761 5011 2110 5080 testificantur,

519 5109 758 5178 quoniam
787 5105 943 5160 Pater
977 5104 1110 5158 misit
1143 5102 1336 5157 Filium
1379 5119 1526 5157 suum
1566 5102 1869 5158 salvatorem
1912 5105 2112 5160 mundi.

520 5203 762 5273 Quisquis
781 5201 1039 5270 confessus
1065 5198 1218 5268 fuerit
1236 5240 1251 5264 ,
1274 5197 1514 5268 quoniam
1535 5195 1688 5252 Iesus
1723 5208 1796 5252 est
1816 5199 1955 5267 [ilius
1976 5197 2076 5255 Dei
2091 5240 2109 5267 ,

517 5296 657 5350 Deus
686 5297 738 5350 in
761 5310 818 5348 eo
841 5302 1006 5348 manet
1036 5301 1082 5347 et
1108 5295 1219 5362 ipse
1242 5291 1296 5344 in
1325 5289 1450 5345 Deo.
1485 5290 1550 5344 Et
1573 5307 1665 5345 nos
1687 5291 1906 5347 vidimus
1932 5303 1980 5347 et
2009 5310 2117 5348 cre-

513 5389 738 5442 didimus
756 5388 1014 5452 charitati,
1041 5401 1194 5456 quam
1219 5383 1365 5438 habet
1388 5381 1528 5438 Deus
1553 5385 1608 5436 in
1638 5383 1801 5449 nobis,
1831 5383 1968 5440 Deus
1991 5386 2118 5440 cha-

511 5482 637 5535 ritas
663 5492 775 5536 est:
798 5491 844 5534 et
877 5480 963 5550 qui
997 5487 1164 5532 manet
1199 5477 1253 5532 in
1296 5477 1567 5537 charitate,
1605 5475 1658 5529 in
1695 5476 1800 5530 Deo
1827 5486 2037 5545 manet,
2067 5487 2116 5532 et

513 5571 682 5626 Deum
712 5574 765 5626 in
791 5589 868 5627 eo.
901 5569 968 5625 In
995 5573 1088 5624 hoc
1124 5568 1348 5639 perfecta
1374 5577 1447 5624 est
1473 5567 1697 5621 charitas
1727 5567 1990 5622 nobiscum
2009 5609 2023 5635 ,
2059 5580 2119 5622 ut

514 5667 757 5738 fiduciam
783 5666 1059 5724 habeamus
1083 5665 1138 5722 in
1166 5665 1249 5720 die
1263 5662 1480 5736 judicii,
1508 5661 1630 5735 quia
1657 5663 1790 5720 sicut
1815 5662 1905 5718 ille
1943 5673 2045 5732 est,
2070 5671 2119 5718 et

2230 4715 2462 4772 nedictus
2506 4734 2540 4772 a
2575 4718 2766 4772 stet:qu
2821 4735 2979 4790 usque
3021 4719 3077 4774 in
3112 4721 3405 4791 saeculum,
3461 4731 3510 4776 et
3555 4717 3693 4792 regni
3726 4714 3818 4786 ejus

2227 4821 2333 4862 non
2378 4809 2472 4862 erit
2517 4809 2638 4876 finis
2667 4808 2818 4882 (Luc,
2849 4808 2889 4882 ι)
2947 4810 3076 4866 Data
3116 4811 3335 4870 decimo
3376 4815 3540 4871 tertio
3589 4807 3819 4867 kalendas

2223 4899 2464 4955 octobris
2495 4901 2676 4974 (arato
2701 4901 2808 4958 283
2829 4901 2880 4974 ),
2912 4901 3052 4958 Caro
3092 4901 3350 4963 Secundo
3379 4916 3439 4964 et
3487 4905 3682 4964 Carino
3706 4895 3818 4955 Viris

2225 4993 2547 5052 clarissimis
2578 4995 2896 5051 consulibus
2927 4995 3033 5070 (l).

2297 5108 2380 5182 (l)
2424 5113 2494 5168 15
2525 5112 2727 5167 kalend.
2760 5114 2924 5167 octob.
2980 5112 3113 5170 Caro
3143 5157 3158 5180 ,
3213 5124 3325 5172 elc.
3383 5116 3525 5174 Hinc
3557 5111 3820 5173 continua-

2223 5191 2333 5255 tur,
2359 5184 2503 5252 quod
2534 5199 2699 5255 supra
2743 5184 2978 5240 diximus
3035 5186 3086 5240 in
3142 5186 3287 5241 notis
3340 5189 3410 5244 ad
3443 5189 3619 5244 Vitam
3669 5184 3817 5251 Euly-

2223 5253 2462 5330 ς-Ιιίθιηί)Δ
2489 5253 2668 5310 νει-1318
2700 5274 2716 5312 :
2760 5266 2926 5330 octav.
2974 5255 3452 5330 kalendsaugusti,
3489 5260 3666 5314 verius
3693 5261 3816 5309 esse.

2229 5324 2632 5396 Eutychianum
2664 5338 2819 5382 sexto
2851 5329 2970 5384 idus
2997 5324 3330 5396 decembris,
3366 5347 3479 5388 non
3505 5341 3684 5386 autem
3708 5332 3816 5380 uelo

2225 5392 2487 5450 kalendas
2507 5400 2712 5468 augusti
2731 5441 2748 5465 ,
2777 5399 3094 5472 decessisse.
3128 5392 3513 5472 Hzeciepiswlu
3543 5401 3685 5472 enim
3714 5399 3820 5467 post

2227 5478 2512 5538 augustum
2566 5485 2755 5526 mense
2808 5471 3098 5540 septembri
3157 5470 3363 5538 scripta
3406 5484 3496 5528 est
3541 5491 3554 5528 :
3606 5470 3816 5540 idemne

2226 5541 2590 5614 certissimum
2624 5551 2727 5614 est,
2761 5539 2886 5614 eum
2914 5542 3128 5614 saltem,
3151 5543 3299 5612 quod
3326 5545 3522 5600 scribit
3554 5539 3819 5614 pontiﬁca-

2225 5610 2324 5738 gs,
2357 5628 2546 5671 mense
2565 5613 2706 5684 iulio
2731 5628 2800 5669 ex
2825 5613 2927 5670 hac
2955 5611 3061 5669 vita
3107 5610 3238 5686 non
3268 5610 3596 5684 emigrassé.
3635 5612 3818 5671 Sim-

2275 5698 2432 5738 mus.

2275 5698 2432 5740 mus.
