3994 6318
486 284 597 374 ns

1148 446 1416 496 OCTAVD'I.

481 574 580 639 (Ex
600 536 832 637 decreto,
852 572 989 639 and
1027 578 1107 626 est
1128 572 1367 627 librorum
1406 568 1691 640 meum,
1718 570 1847 629 noro
1869 575 2079 642 necato

957 666 1150 723 quarto,
1174 662 1336 725 capite
1360 662 1619 729 secundo.)

756 765 824 821 Et
844 766 1036 822 malum
1062 766 1316 823 ebrietatis
1340 769 1546 823 omnino
1574 768 1776 824 uitetur.

486 886 497 893 ”
558 878 753 938 Malum
790 897 1041 954 magnum
1072 882 1353 939 ebrietatis
1374 925 1390 947 ,
1417 883 1562 941 unde
1589 886 1772 941 omnia
1802 886 1934 942 vitia
1960 886 2081 958 pul-

484 976 676 1043 lulant,
695 974 1018 1032 Christianis
1043 975 1218 1031 modis
1238 976 1490 1032 omnibus
1506 992 1699 1034 cavere
1719 980 2081 1049 przecipimus.

485 1070 587 1140 Qui
628 1081 810 1124 autem
838 1066 941 1123 hoc
979 1069 1149 1123 vitare
1194 1068 1458 1136 noluerit,
1506 1072 2081 1129 exrommunicandum

484 1174 607 1221 esse
632 1163 991 1232 decrevimus,
1018 1177 1188 1235 usque
1208 1162 1274 1217 ad
1298 1178 1594 1234 congruam
1620 1165 2080 1225 emendationem.

1191 1270 1391 1313 NONUI.

928 1370 1026 1435 (Ex
1050 1372 1247 1436 eodem,
1273 1374 1439 1437 capite
1462 1373 1657 1438 tertio.)

488 1472 640 1542 Quod
687 1475 913 1548 episcopi
958 1485 1007 1532 et
1045 1477 1143 1533 Dei
1182 1478 1406 1533 nsinistri
1450 1479 1693 1536 ebrietate
1730 1494 1835 1536 non
1873 1480 2089 1536 debeant

1183 1588 1409 1645 gravari.

558 1726 809 1799 Episcopi
836 1736 891 1784 et
927 1727 1019 1785 Dei
1051 1729 1323 1795 ministri,
1368 1743 1477 1785 non
1507 1729 1707 1786 debent
1732 1730 2089 1786 comessatio-

487 1823 648 1879 nibus
672 1832 729 1880 et
758 1822 1068 1880 vinolentiis
1097 1823 1280 1880 nimiis
1322 1823 1657 1889 incumbere,
1693 1824 1789 1880 sed
1830 1823 2085 1879 conside-

487 1927 611 1973 rent
662 1917 986 1973 sententiam
1044 1914 1290 1985 Domini,
1342 1915 1637 1973 dicentes:
1680 1916 1972 1981 Attendite,
2025 1932 2088 1970 ne

493 2020 769 2084 graventur
815 2013 975 2067 corda
1012 2020 1178 2067 vestra
1212 2013 1264 2067 in
1304 2014 1522 2084 crapula
1550 2021 1598 2067 et
1641 2012 1880 2067 ebrietate
1908 2010 2086 2082 (Lua,

494 2122 623 2173 xxi;
656 2106 675 2160 ι
704 2104 907 2174 Thess.,
936 2104 1043 2178 tu).
1075 2106 1352 2163 Moderata
1399 2106 1545 2163 enim
1575 2104 1785 2172 cibum,
1825 2114 1880 2160 et
1910 2120 2095 2160 neces-

1430 316 1558 378 ‘DE
1587 308 1858 380 sancto
1892 321 2058 381 (me
2097 318 2384 382 ROMANO
2418 312 2803 385 remmota.

2103 430 2157 506 Α
2183 446 2383 500 sarium
2413 454 2682 518 sumptum
2714 453 2947 515 sumant,
2979 455 3036 503 ut
3060 448 3211 518 juxta
3241 449 3561 522 apostolum,
3591 455 3744 513 sobrii

3654 341 3743 399 180
3801 362 3809 369 '

2182 536 2312 608 sint,
2344 544 2399 597 et
2426 542 2599 612 parati
2628 540 2694 596 ad
2724 536 3134 597 serviﬁdeei.

2844 670 3098 712 DECIIUI.

2591 771 2686 838 (Ex
2712 773 2908 835 eodem
2944 774 3106 838 capite
3137 774 3377 838 desino.)

2189 882 2380 951 Quales
2414 892 2645 954 persancte
2686 886 3005 938 sacerdotum
3045 884 3213 954 epulis
3256 885 3496 939 interesse
3540 886 3747 943 debeant.

2190 992 2203 1033 .·
2241 977 2667 1034 Observandum
2688 986 2771 1032 est
2790 977 2964 1043 nobis,
2983 985 3109 1031 utet
3129 991 3224 1030 vos
3249 977 3317 1031 ab
3338 976 3589 1031 ebrietate
3608 980 3748 1034 absti-

2191 1077 2365 1129 uentis
2386 1114 2401 1140 ,
2431 1082 2487 1128 et
2516 1082 2569 1126 ut
2604 1071 2788 1140 plebes
2824 1070 3053 1126 subdita:
3081 1071 3412 1135 abstineant,
3453 1072 3749 1141 prmdiretis.

2190 1166 2260 1222 Et
2285 1181 2458 1236 neque
2478 1180 2576 1235 per
2595 1166 2848 1220 tabernas
2867 1165 3004 1220 eatis
3026 1164 3279 1228 bibendo,
3302 1174 3396 1219 aut
3418 1166 3750 1233 comedenda,

2190 1274 2366 1330 neque
2392 1258 2581 1313 domos
2597 1267 2687 1311 aut
2709 1258 2857 1312 vicos
2878 1256 3191 1311 curiositate
3209 1255 3449 1326 qualibet
3467 1259 3750 1328 peragretis,

2193 1366 2367 1423 neque
2405 1366 2526 1406 cum
2567 1348 2814 1414 feminis,
2867 1357 2959 1402 aut
2993 1363 3113 1402 cum
3171 1347 3497 1414 quibuslibet
3536 1350 3753 1417 personis

2192 1444 2437 1515 impuris,
2467 1441 2709 1497 convivia
2734 1440 3054 1507 exerceatis,
3090 1439 3193 1493 nisi
3223 1438 3365 1494 forte
3402 1439 3756 1509 paterfamilias

2192 1537 2417 1610 quilibet
2460 1552 2557 1591 vos
2599 1533 2903 1591 invitaverit
2944 1531 3011 1587 ad
3054 1531 3274 1587 domum
3326 1549 3509 1599 suam,
3556 1542 3609 1589 et
3645 1549 3748 1590 cum

2194 1636 2424 1704 conjuge
2466 1646 2594 1698 sua,
2641 1641 2695 1684 et
2739 1645 2859 1684 cum
2904 1626 3056 1698 plebe
3082 1622 3214 1681 velit
3241 1625 3515 1681 vobiscum
3559 1625 3758 1696 spiritali

2196 1726 2391 1799 gaudio
2440 1724 2646 1792 lictari,
2680 1733 2735 1779 et
2764 1724 3050 1778 verborum
3088 1731 3394 1775 vestrorum
3438 1719 3753 1775 refectionem

2197 1819 2474 1890 accipere,
2507 1828 2563 1873 et
2602 1816 2753 1872 vobis
2801 1812 3150 1870 refectionem
3198 1813 3468 1868 carnalem
3511 1806 3756 1867 cbaritatls

2197 1912 2379 1969 officio
2407 1910 2690 1968 exhibere.
2713 1908 2941 1981 Oportet
2968 1908 3108 1963 enim
3130 1952 3143 1972 ,
3171 1908 3228 1961 ut
3252 1906 3297 1960 si
3328 1905 3539 1976 quando
3564 1905 3758 1976 quilibet

2198 2004 2435 2062 ﬁdelium
2480 2000 2786 2059 carnalibus
2827 2014 2923 2057 vos
2970 1998 3146 2056 reiicit
3172 1998 3384 2069 epulis,
3413 2014 3443 2051 a
3472 1997 3615 2052 vobis
3651 1995 3753 2051 rcfl-

2198 2103 2371 2157 ciatur
2400 2097 2769 2171 spiritualibus
2796 2094 2990 2167 epulis.

500 2201 3752 2235 _______________________________________._.

1372 2301 1737 2365 SYNODUS
1796 2292 2431 2365 MESOPOTAMICA
2477 2294 2909 2362 ARCHELAI.

561 2425 814 2497 Synodus
859 2423 1041 2480 divina
1070 2433 1124 2480 et
1152 2438 1305 2480 sacra
1349 2422 1727 2495 partlcularis,
1774 2425 1999 2482 collecta
2032 2425 2085 2481 in

490 2518 873 2587 Mesopotamia
906 2517 974 2572 ab
1004 2517 1271 2573 Archelao
1290 2516 1689 2573 Careharorum
1719 2519 2007 2589 episcopo,
2036 2527 2091 2573 et

492 2612 730 2669 Diodoro
773 2611 1089 2679 sacerdote,
1137 2621 1328 2669 contra
1372 2612 1582 2669 Maneto
1633 2611 1987 2679 infernalem,
2036 2625 2093 2668 et

492 2704 861 2762 Diodonadem
909 2706 1284 2779 presbyterum
1316 2724 1328 2760 :
1362 2722 1485 2777 qua:
1529 2705 1716 2763 multis
1758 2706 1934 2764 modis
1963 2720 2093 2764 con-

491 2800 688 2857 futatos
714 2799 881 2857 hosce
908 2800 1199 2857 abdicavit.

2261 2422 2473 2485 Σύνοδος
2519 2428 2626 2481 θεία
2663 2428 2748 2479 καὶ
2787 2426 2902 2501 ἱερὰ
2958 2430 3135 2502 μερική
3184 2428 3599 2501 συναθροισθεῖσα
3634 2426 3673 2478 ἰν

2188 2523 2580 2593 Μεσοποταμία.
2612 2520 2715 2575 ἀπὸ
2742 2519 3015 2594 Δρχελὰου
3052 2519 3342 2576 inenarrata
3367 2521 3665 2596 Καρχὰρων,
3692 2503 3757 2571 καί

2192 2611 2445 2690 Διοδώρου
2494 2615 2690 2691 ἱερέως,
2744 2615 2871 2669 κατὰ
2922 2614 3174 2674 Maturare;
3228 2619 3327 2669 τοῦ
3376 2610 3653 2688 ἐρεϐὠδοις,
3694 2614 3755 2663 καὶ

2194 2707 2533 2784 Διθδωριάδου
2592 2709 2976 2786 πρεσϐυτέροψ
3026 2708 3138 2768 ἥτις
3199 2708 3539 2781 πολυτρόπως
3587 2707 3756 2763 τούτοις

2202 2804 2442 2876 ἐλέγξασα
2470 2804 2769 2880 ἁπικέρυξσ.

1628 2966 1633 2990 ,
2280 2966 2291 2971 -
2308 2966 2316 2970 .

694 3101 937 3217 DE
1012 3096 1155 3215 S.
1233 3084 1667 3214 (ιωο
1744 3093 2542 3209 ROMANO
2614 3091 3595 3208 PONTII‘ICE

1535 3297 2028 3383 NOTITIA
2098 3297 2768 3382 HISTOBICA.

593 3492 707 3550 Caii
732 3504 883 3563 papa:
912 3486 1242 3560 pontiﬁcatus
1266 3492 1315 3539 et
1342 3482 1527 3538 obitus.
1548 3510 1621 3523 —-
1642 3481 1873 3537 Sanctus
1899 3479 2059 3536 Caius
2080 3520 2096 3548 ,
2125 3480 2171 3544 Ο
2204 3482 2408 3547 quievit.
2440 3480 2587 3536 Inter
2614 3490 2884 3553 martyres
2929 3491 3106 3537 tamen
3144 3482 3264 3551 ejus
3306 3483 3555 3538 memoria
3577 3482 3626 3535 in
3647 3493 3755 3534 non-

498 3601 659 3660 quem
706 3580 1023 3641 Pontilicale
1052 3578 1263 3633 Damasi
1311 3574 1493 3639 tradit,
1526 3572 1741 3639 natione
1780 3571 1947 3626 fuisse
1977 3570 2102 3626 Dal-

500 3689 721 3744 matem,
747 3692 814 3733 ex
839 3688 1041 3747 genere
1059 3670 1394 3735 Diocletiani,
1421 3684 1484 3724 ex
1510 3668 1669 3723 Patre
1691 3665 1843 3734 Caio,
1877 3673 1934 3720 ut
1952 3668 2106 3737 putat

500 3769 821 3829 Coutantius
844 3806 860 3835 ,
898 3781 1059 3837 quem
1104 3772 1403 3833 sequuntur
1424 3757 1868 3816 AuctoresL’Art
1893 3759 1956 3813 de
1985 3758 2108 3812 ceri-

504 3868 600 3937 ﬁer
628 3866 701 3919 les
727 3862 891 3924 dates,
926 3860 980 3913 in
1007 3859 1187 3916 locum
1217 3853 1532 3926 Eutyebiani
1561 3850 1817 3908 suffectus
1844 3849 1944 3905 Fuit
1962 3865 2106 3904 anno

500 3956 720 4016 Domini
752 3955 882 4020 183,
907 3952 995 4008 die
1046 3962 1162 4006 xvu
1191 3945 1527 4012 decembris,
1583 3943 1713 4001 feria
1740 3942 1973 3999 secunda
2004 3940 2106 4014 (l).

504 4051 637 4109 Erat
675 4049 755 4105 vir
781 4061 984 4119 magna
1007 4042 1311 4116 prudentiae,
1342 4052 1639 4111 nugaeque
1675 4035 1893 4100 virtutis,
1942 4044 1999 4089 ut
2027 4045 2111 4088 ess

504 4150 561 4203 in
610 4144 760 4202 Actis
785 4142 821 4198 8
850 4137 1151 4199 Sebastiani
1177 4135 1279 4209 (2).
1312 4134 1397 4191 Ab
1421 4146 1491 4189 eo
1514 4130 1888 4189 confirmatum
1917 4129 2111 4186 dicitur

506 4239 806 4295 institutum
836 4232 1097 4295 Ecclesia;
1123 4239 1299 4295 vetus,
1331 4238 1392 4283 ut
1429 4224 1621 4282 Clerici
1664 4239 1758 4295 per
1785 4232 1992 4294 septem
2019 4237 2110 4278 or-

510 4331 695 4387 dinum
720 4325 920 4399 gradus
960 4324 1343 4380 documentum
1376 4319 1451 4375 fui
1478 4319 1700 4383 dantes;
1731 4316 2015 4372 tenderent
2042 4314 2111 4369 ad

511 4422 882 4493 episcopatum
933 4415 1038 4489 (5).
1088 4415 1221 4482 Quae
1267 4420 1529 4484 praeterea
1587 4409 1756 4480 gessit
1800 4407 2109 4479 pontificem

513 4526 682 4584 agens
702 4525 799 4581 per
826 4522 1000 4563 annos
1027 4503 1334 4570 duodecim,
1366 4515 1581 4557 menses
1608 4510 1861 4571 quatuor,
1900 4511 1954 4555 et
1995 4499 2114 4555 dies

518 4606 776 4677 quinque,
807 4602 977 4656 latent
1018 4596 1254 4653 tenebris
1280 4596 1468 4651 obruta
1496 4593 1795 4659 vetustatis,
1820 4593 2003 4650 vivere
2027 4593 2116 4649 de-

516 4699 609 4755 siit
646 4714 678 4753 ιι
716 4693 978 4751 kalendas
1023 4691 1185 4754 mali,
1227 4688 1556 4745 Diocletiano
1600 4686 1666 4743 VI
1697 4696 1753 4743 et
1798 4684 2115 4744 Constantio

518 4792 739 4848 Caesare
763 4786 809 4843 ll
833 4783 1167 4850 consulibus,
1189 4790 1247 4839 ut
1275 4781 1330 4837 in
1358 4781 1603 4853 catalogo
1624 4778 1962 4835 Bueheriano
1985 4776 2115 4849 legi-

517 4894 609 4937 tur
640 4899 654 4935 :
685 4880 755 4936 de
782 4892 890 4950 quo
919 4876 1080 4933 etiam
1104 4874 1373 4931 indiculus
1398 4871 1748 4945 depositionis
1778 4870 1927 4927 addit
1955 4890 1970 4924 :
2008 4869 2114 4925 De-

522 4975 657 5030 cimo
697 4971 798 5027 Ital.
823 4970 966 5033 maii,
1016 4968 1127 5024 Caii
1158 4969 1213 5022 in
1238 4964 1460 5023 Callisti.
1501 4965 1767 5022 Caeterum
1798 4967 1845 5020 si
1869 4964 2003 5021 lides
2027 4980 2119 5021 ca-

523 5065 714 5138 talogis
730 5077 1078 5121 romanorum
1103 5060 1411 5131 pontificum
1444 5059 1688 5116 habenda
1714 5057 1902 5116 :Caius
1915 5059 2118 5131 fugiens

526 5159 925 5231 persecutionem
952 5154 1258 5209 Diocletiani
1289 5154 1344 5207 in
1379 5153 1572 5224 cryptis
1586 5153 1820 5208 habitans
1856 5156 2119 5224 confessor

600 5338 680 5411 (1)
706 5335 982 5411 Coutant.,
1033 5333 1374 5411 Epistarom’.
1396 5329 1624 5411 _pontif.,
1665 5340 1800 5411 tom.
1834 5346 1871 5411 ιε
1898 5327 2111 5411 μρθϐ,

527 5400 623 5493 (ξιξῖ
643 5400 806 5465 etiam
834 5400 1189 5475 adstipulatur
1208 5401 1376 5458 Μαιιεὶ
1393 5403 1446 5456 in
1476 5412 1588 5456 not.
1613 5400 1681 5457 ad
1708 5400 1932 5457 annales
1954 5400 2117 5456 Bari»

530 5498 679 5625 ml(.2)
712 5553 828 5606 Act.
855 5548 1198 5615 Sanctorum,
1237 5544 1377 5616 apud
1402 5543 1671 5611 Bolland.,
1693 5543 1781 5600 die
1800 5543 1871 5601 20
1887 5542 2119 5615 januarii

528 5625 1055 5763 ggﬂigeptenarius
1107 5689 1337 5763 Odinum
1357 5759 1367 5763 _
1387 5703 1643 5763 numerus
1668 5698 1755 5744 est
1785 5687 1851 5763 in
1879 5687 2117 5763 Epistola

528 5756 971 5890 congruam
1013 5762 1157 5833 apud
1209 5759 1436 5828 Euseb,
1498 5756 1637 5817 Hist.
1690 5759 1837 5830 eccl.,
1889 5756 1987 5818 lib.
2032 5772 2115 5830 Νι,

520 5851 640 5906 cap.
746 5872 760 5888 .

2209 3574 2367 3629 nullis
2399 3575 2793 3646 martyrologiis
2837 3587 3169 3631 recensctur.
3204 3578 3315 3633 Nec
3343 3579 3553 3642 mirum,
3579 3590 3683 3632 cum
3707 3588 3759 3626 eo

2210 3666 2360 3721 titulo
2402 3666 2436 3720 ii
2460 3668 2621 3723 etiam
2670 3668 2959 3737 aliquando
3001 3681 3416 3735 exornarentur,
3463 3669 3548 3740 qui
3570 3668 3658 3724 etsi
3682 3679 3756 3734 pro

2208 3757 2405 3813 ChriSIi
2438 3758 2543 3814 lide
2569 3770 2857 3825 certantes,
2888 3760 3048 3813 vitam
3078 3776 3197 3815 cum
3230 3774 3400 3818 morte
3422 3778 3524 3817 non
3552 3772 3756 3817 commu-

2212 3854 2437 3917 taSscnt,
2473 3852 2818 3909 nihilominus
2860 3869 2957 3924 pro
2985 3855 3199 3922 pietate,
3231 3857 3358 3911 dum
3391 3857 3637 3921 viverent,
3661 3867 3759 3924 per-

2218 3946 2546 4013 secutiones,
2579 3946 2825 4013 ludibria,
2872 3946 3087 4002 labores
3128 3951 3393 4018 perpessi,
3421 3949 3471 4003 in
3502 3962 3619 4018 pace
3642 3942 3763 4015 quie-

2212 4053 2400 4100 verant
2439 4064 2451 4097 :
2490 4043 2632 4115 quod
2664 4044 2795 4099 Caio
2835 4044 3073 4115 pontifici
3101 4044 3389 4115 contigisse
3426 4041 3641 4099 dubitari
3678 4051 3762 4092 non

2214 4147 2411 4210 potest,
2432 4139 2520 4207 qui
2539 4139 2636 4192 sub
2652 4137 3066 4206 imperatoribus
3082 4137 3405 4193 Diocletiano
3423 4145 3475 4192 et
3488 4131 3765 4190 Maximiano

2215 4232 2579 4301 pontificatum
2612 4232 2799 4287 tenuit.
2829 4232 2999 4287 Minus
3024 4232 3183 4288 etiam
3211 4242 3460 4289 accurata
3484 4241 3561 4288 εει
3583 4221 3766 4283 Eusebii

2214 4324 2574 4395 Chronologia
2618 4323 2697 4397 (I)
2756 4324 2883 4380 dum
2938 4327 3093 4382 annis
3141 4328 3445 4396 quindecim
3493 4324 3687 4381 circiter
3724 4326 3768 4372 et

2216 4432 2385 4489 usque
2433 4418 2500 4472 ad
2546 4432 2641 4473 sua
2682 4420 2794 4474 fere
2846 4431 3085 4490 tempora
3120 4437 3397 4479 romanam
3428 4423 3601 4478 sedem
3629 4430 3763 4474 occu-

2218 4527 2377 4584 passe
2397 4515 2506 4579 ait;
2533 4528 2693 4584 quem
2712 4530 2913 4570 annum
2935 4515 3199 4572 decimum
3230 4518 3445 4574 tertium
3460 4518 3543 4571 vix
3560 4511 3766 4583 attigisse

2217 4617 2450 4663 constat.

2291 4700 2402 4754 Caii
2450 4690 2728 4758 Decretalis
2770 4703 2995 4760 subdita.
3022 4735 3096 4745 -——
3125 4704 3349 4763 Unicum
3392 4704 3519 4761 Caio
3574 4709 3768 4757 romano

2141 4806 2194 4873 Ῑ)
2224 4794 2457 4867 pontifici
2489 4797 2844 4866 decretalem,
2878 4798 3040 4854 Felici
3081 4801 3335 4870 episcopo
3381 4799 3572 4861 datam,
3604 4788 3767 4848 inseri.

2222 4888 2326 4956 psit
2369 4884 2637 4954 Isidorus,
2688 4904 2780 4945 sex
2821 4893 2996 4959 Capita
3043 4892 3507 4961 complectentem.
3541 4886 3765 4945 Primum,

2222 4996 2459 5052 paganos
2482 4991 2536 5037 et
2562 4981 2846 5037 haereticos
2869 4998 2973 5038 non
3002 4998 3159 5055 posse
3181 4963 3434 5041 accusare
3460 4980 3765 5035 christianos.

2221 5073 2524 5130 Secundum
2550 5117 2565 5141 ,
2607 5076 2918 5145 episcopum
2960 5092 3065 5130 non
3110 5093 3234 5134 esse
3262 5074 3608 5133 accusandum
3650 5059 3767 5138 apud

2219 5166 2429 5236 judices
2457 5166 2762 5222 smculares.
2798 5154 3035 5223 Tertium
3080 5168 3148 5224 de
3176 5171 3447 5240 episcolio,
3495 5162 3767 5236 presbytero

2224 5270 2279 5317 et
2307 5259 2555 5325 diacono,
2588 5260 2674 5314 vel
2706 5262 2922 5332 reliquis
2970 5263 3206 5330 clericis,
3252 5262 3391 5333 apud
3419 5260 3677 5331 episcopos
3695 5260 3769 5302 ac-

2219 5350 2492 5406 cusandis.
2517 5348 2775 5417 Quartum
2806 5350 2879 5409 de‘
2920 5344 3025 5421 liis,
3070 5355 3163 5425 qui
3195 5363 3391 5427 negant
3422 5351 3569 5407 Verbi
3602 5343 3682 5401 Dei
3707 5341 3766 5394 in-

2220 5444 2605 5500 earnationem.
2641 5444 2926 5514 Quintum,
2959 5448 3098 5516 quod
3139 5448 3206 5504 ad
3251 5460 3399 5519 spem
3430 5444 3545 5498 vita:
3578 5436 3763 5495 ωιετηίε

2223 5537 2493 5609 perveniri
2543 5554 2648 5593 non
2703 5541 2891 5609 possit,
2924 5541 3025 5595 nisi
3085 5558 3179 5609 per
3225 5542 3560 5597 mediatorem
3591 5528 3674 5586 Dei
3719 5530 3764 5578 ει

2224 5618 2498 5693 hominum
2525 5632 2705 5689 Jcsum
2732 5632 3025 5689 Christum.
3058 5634 3299 5704 Sextum,
3326 5635 3391 5689 de
3416 5625 3669 5687 ordinibus
3686 5628 3761 5673 ec—

2298 5834 2377 5912 (1)
2402 5838 2626 5909 Euseb.,
2658 5837 2796 5897 Hist.
2826 5838 2974 5908 eccl.,
3007 5838 3100 5898 lib.
3128 5854 3224 5910 vn,
3252 5852 3368 5909 cap.
3397 5833 3481 5891 59.
