3994 6318
219 315 297 373 ιιι
927 315 1014 374 ou
1053 315 1373 375 uacuare
1409 317 1572 376 caro
1610 316 2001 378 sescntrro
2025 313 2234 380 uruca
2261 304 2719 382 onorﬁiﬂbtis.

3382 327 3484 385 189.

214 429 506 487 clesiasticis.
527 429 657 514 [tata
685 439 768 488 est
786 432 1030 489 kalendis
1055 433 1254 501 martii,
1286 433 1613 489 diocletiane
1639 432 1709 489 Vl
1722 436 1779 490 et
1803 439 1857 498 Α
1885 437 2232 507 testimoniis,
2265 442 2458 512 "quibus
2506 440 2572 498 ad
2618 440 2854 500 Leonem
2901 441 3202 517 Augustum
3266 455 3493 502 constat

214 520 492 578 Constantio
521 503 566 578 Ii
594 522 726 579 viris
745 523 1059 580 clarissimis
1088 539 1226 581 coss.
1247 524 1378 592 Quae
1411 526 1490 581 vel
1516 539 1620 580 una
1645 526 1772 580 sub-

214 615 398 684 scriptio
417 615 655 673 fraudem
688 618 884 688 prodit.
918 619 1025 674 Sed
1069 619 1426 688 imprudentia
1463 620 1776 690 imposto'ris

213 724 311 764 cum
339 709 595 779 pravitate
619 721 809 778 certat,
838 722 1021 783 utpote
1047 713 1136 782 qui
1159 712 1425 782 integrum
1447 712 1642 768 lacertis
1661 711 1773 766 Ma-

212 802 281 872 gni
307 811 470 872 caput,
503 805 646 875 quod
675 807 729 860 in
764 807 998 876 Epistula
1021 806 1114 870 97,
1146 807 1440 863 secundum
1471 816 1574 872 est,
1613 821 1770 860 suum

212 895 400 964 iecerit,
438 905 492 953 et
531 897 753 956 totidem
801 901 983 957 verbis
1026 902 1079 956 in
1131 901 1462 956 Decretalem
1511 900 1770 956 intulerit.

211 989 315 1058 Qua:
338 993 378 1045 si
406 991 572 1048 Leoni
614 994 789 1065 Magni
835 994 994 1051 Caius
1035 996 1383 1062 fenerasset,
1419 995 1470 1048 in
1519 1001 1762 1050 veterum

223 1109 521 1126 —

1884 529 2118 602 Epistula
2147 555 2162 597 -,
2195 541 2256 586 ea
2287 534 2448 589 dttbio
2478 536 2664 604 procul
2714 533 2822 591 Leo
2873 549 3007 607 papa
3053 548 3482 594 annumerasset.

1885 624 2049 679 Multo
2081 627 2249 697 magis
2278 629 2418 682 enim
2450 629 2635 684 Caium
2662 640 2715 685 et
2737 629 3096 696 decessorem,
3143 639 3196 685 et
3223 631 3488 704 antiquio-

1884 729 2000 773 rem
2031 726 2332 774 memorare
2361 720 2564 789 debuit,
2608 738 2766 793 quam
2817 721 3168 777 Athanasium
3192 766 3206 790 ,
3253 721 3484 778 Ambro-

1882 812 2042 877 sium,
2076 815 2461 884 AuguStinum,
2493 819 2716 884 quorum
2749 812 3119 872 auctoritatem
3147 811 3370 888 usurpat
3396 815 3489 872 de-

1879 903 2140 962 bellaudis
2165 906 2449 963 haereticis.
2477 907 2716 963 Luupua.

2765 1103 2769 1104 ,
2785 1103 2791 1104 ,

931 1091 3048 1319 Μ

995 1399 1181 1472 QUOD
1221 1394 1382 1459 caro
1425 1387 1912 1469 auscltrotrun,
1955 1383 2162 1458 Cinea
2208 1386 2670 1462 oRuuNAqus.

215 1524 222 1536 '
272 1517 311 1578 ἰ.
343 1503 488 1594 i’apa:
519 1519 682 1595 hujus
719 1539 823 1580 non
859 1522 1018 1579 modo
1049 1519 1193 1578 nulla
1223 1519 1287 1575 ad
1323 1536 1421 1576 nos
1454 1521 1769 1576 transmissa
1800 1521 1850 1582 B
1879 1519 2146 1584 Ecclesia,
2175 1535 2239 1576 ac
2276 1522 2593 1578 nominatim
2630 1523 2905 1592 Romana,
2941 1525 3010 1580 ab
3039 1527 3294 1582 omnibus
3323 1541 3484 1582 exac-

213 1605 278 1671 est
293 1615 474 1672 sincera
503 1617 758 1687 epistola,
782 1613 876 1672 sed
908 1632 1006 1672 nec
1035 1615 1137 1671 ulla
1163 1627 1386 1686 usquam
1419 1607 1764 1670 memoratur.

213 1711 399 1767 Tantum
430 1712 481 1768 in
530 1711 822 1784 pontificali
856 1709 994 1766 libro
1023 1710 1218 1766 dicitur
1245 1709 1624 1788 constituisse;
1660 1727 1679 1760 ι
1716 1719 1774 1762 ιιι

209 1807 360 1861 omnes
401 1806 623 1862 ordines
648 1803 702 1860 in
731 1805 972 1860 Ecclesia
1002 1805 1080 1860 sic
1108 1789 1506 1860 ascenderem:
1553 1803 1608 1859 Si
1653 1802 1773 1872 quis

207 1901 449 1972 cpiscOpns
478 1899 596 1956 fieri
637 1911 959 1965 mereretur,
993 1911 1048 1954 ut
1086 1908 1233 1955 esset
1261 1897 1544 1961 ostiarius,
1580 1897 1768 1963 lector,

206 1994 457 2060 exorcista,
485 1991 793 2064 acolythus,
819 2007 1052 2060 sequens
1079 1990 1464 2056 subdiaconus,
1493 1989 1775 2056 diaconus,

205 2083 465 2159 presbyter,
503 2095 557 2140 et
582 2082 778 2140 exinde
806 2084 1091 2154 episcopus
1117 2084 1479 2138 ordinaretur.
1523 2101 1541 2133 ι

254 2178 296 2233 2.
326 2178 440 2245 Quo
468 2177 690 2232 decreto
719 2181 761 2231 si
801 2177 1149 2232 constituisse
1190 2175 1520 2246 intelligatur
1559 2163 1776 2252 decere,

207 2270 465 2342 utquisque
498 2286 594 2337 per
622 2269 989 2325 ecclesiastica
1020 2269 1105 2323 illa
1135 2268 1334 2336 oflicia,
1366 2283 1472 2322 non
1511 2266 1776 2336 prtecipiti

203 2365 329 2428 saltu,
357 2363 423 2418 ad
455 2363 826 2433 episcopatum
867 2361 1191 2426 adsceudat;
1230 2361 1340 2430 jam
1375 2359 1478 2416 hoc
1506 2370 1630 2414 ante
1660 2358 1775 2412 Caii

203 2459 408 2527 tempora
457 2473 556 2510 usu
588 2467 864 2526 receptum
905 2454 1074 2511 fuisse
1101 2453 1262 2510 fidem
1300 2454 1426 2510 facit
1452 2454 1772 2526 Cyprianus,

203 2566 298 2604 cum
343 2550 580 2606 Cornelii
638 2551 1036 2605 ordinationem
1089 2549 1381 2619 legitimam
1432 2546 1595 2602 fuisse
1651 2545 1776 2602 inde

203 2643 359 2711 probat
407 2642 660 2716 (ϐω-ηομ,
705 2659 786 2715 ep.
843 2641 932 2706 10,
976 2647 1030 2695 n.
1060 2641 1136 2711 7),
1181 2640 1368 2711 quodi
1411 2656 1514 2694 non
1563 2640 1664 2694 iste
1707 2636 1773 2693 ad

203 2737 540 2806 episcopatum
569 2735 750 2790 subito
777 2736 1136 2806 pervenisset.
1161 2734 1254 2789 sed
1279 2750 1376 2803 per
1397 2734 1576 2806 omnia
1601 2733 1776 2789 eccle-

205 2805 390 2882 siastica
420 2827 592 2882 officia
625 2805 920 2897 promotus;
955 2817 1009 2882 et
1041 2826 1093 2880 iri
1121 2805 1321 2880 divinis
1347 2805 1774 2881 adhtinisir‘atio:

204 2917 340 2972 nibus
363 2919 516 2974 Deum
547 2935 693 2988 saepe
723 2919 1068 2988 promeritus,
1114 2917 1179 2972 ad
1223 2917 1508 2972 sacerdotii
1548 2919 1778 2973 sublime

201 3008 435 3081 fastigium
464 3011 676 3067 cunctis
704 3012 980 3081 religionis
1006 3011 1263 3079 gradibus
1289 3009 1590 3066 adscendit.
1631 3011 1649 3062 ὁ
1677 2991 1780 3079 Qui

1880 1624 1993 1667 tum
2036 1629 2143 1669 non
2171 1629 2292 1670 esse
2331 1615 2656 1684 probemus,
2686 1628 2743 1672 ιιι
2787 1628 2994 1688 septem
3033 1618 3324 1689 praedictos
3362 1633 3492 1688 gra-

1882 1705 1982 1761 dus
2036 1707 2184 1780 prius
2236 1706 2467 1776 obeant,
2514 1725 2674 1780 quam
2730 1711 2798 1765 ad
2852 1712 3220 1782 episcopatum
3277 1711 3491 1765 valeant

1881 1799 2080 1854 efferri.

1952 1893 2012 1947 4.
2044 1892 2264 1948 Siricius
2292 1895 2454 1964 epist.
2486 1897 2537 1960 i,
2571 1897 2638 1951 ad
2669 1895 2988 1964 Himerium,
3019 1913 3074 1953 n.
3110 1897 3143 1953 9
3173 1908 3227 1953 et
3251 1898 3338 1966 10,
3368 1911 3495 1953 nec-

1885 2002 1992 2043 non
2021 1987 2269 2043 Zosimus
2295 1988 2457 2060 epist.
2489 1989 2544 2064 9,
2574 1989 2640 2045 ad
2671 1989 3021 2062 Hesychium,
3047 2008 3100 2046 n.
3133 1991 3170 2046 2
3196 1999 3250 2046 et
3283 1991 3338 2057 5,
3364 1991 3486 2062 qui-

1887 2080 1990 2137 bus
2045 2083 2269 2154 quisque
2321 2083 2576 2153 gradibus
2631 2083 2696 2139 ad
2743 2085 2981 2155 episcopi
3033 2091 3127 2139 aut
3182 2081 3481 2156 presbyteri

1887 2173 2202 2245 dignitatem
2249 2175 2629 2245 provehendus
2677 2187 2823 2233 esset
2873 2176 3228 2240 definientes,
3281 2183 3387 2230 non
3427 2175 3483 2230 in

1887 2266 2115 2329 ostiarii,
2140 2266 2236 2322 sed
2263 2289 2281 2319 ι
2312 2267 2363 2322 ἰιι
2393 2268 2653 2324 lectorum
2680 2269 2927 2339 primitus
2952 2268 3140 2340 gradu,
3174 2269 3192 2320 ι
3221 2278 3279 2322 ιιι
3307 2267 3483 2323 verbis

1887 2373 2102 2418 utamur
2145 2363 2382 2429 Zosimi,
2421 2382 2440 2415 ι
2488 2363 2657 2420 divini
2709 2364 3010 2419 rudimenta
3061 2361 3262 2419 servitii
3305 2377 3326 2416 ι
3361 2360 3486 2432 poni

1885 2456 2223 2526 pmeipiunt.
2247 2456 2416 2510 Immo
2443 2456 2570 2510 dum
2599 2456 2825 2512 Siricius
2845 2457 2912 2512 de
2939 2471 3025 2523 eo,
3051 2457 3138 2526 qui
3165 2455 3488 2527 grandaevus

1883 2548 2207 2618 baptizatur,
2237 2549 2539 2614 constituit,
2574 2558 2634 2604 ut
2664 2551 2708 2604 si
2740 2549 2805 2603 ad
2837 2564 3045 2604 sacram
3079 2549 3323 2603 militiam
3358 2564 3481 2617 per-

1888 2641 2070 2696 venire
2096 2639 2335 2709 festinat,
2371 2642 2550 2696 statim
2599 2641 2649 2713 (a
2681 2651 2932 2711 suscepto
2983 2639 3274 2711 baptismo)
3319 2639 3483 2693 lecto-

1882 2734 2003 2788 rum
2030 2743 2120 2788 aut
2147 2734 2537 2788 exorciStat'ttm
2583 2734 2810 2788 ildiitel'ti
2835 2733 3090 2798 societur,
3134 2751 3153 2784 ι
3190 2747 3294 2786 non
3325 2731 3393 2785 ab
3417 2745 3483 2786 eo

1881 2827 2168 2895 utrurlt‘que
2217 2821 2466 2896 gra‘dlim,
2504 2823 2599 2879 sed
2645 2821 2964 2880 alterbt‘riii'n
3013 2834 3222 2878 tantum
3265 2821 3483 2878 videtur

1883 2920 2120 2990 exigere.
2153 2918 2250 2974 Cui
2290 2919 2583 2976 concinens
2622 2919 2872 2975 Zosimus
2901 2919 2970 2975 de
2997 2917 3187 2973 eodem
3220 2917 3481 2983 decernit,

1891 3034 1909 3067 ι
1949 3007 2006 3069 ιιι
2037 3026 2156 3085 post
2184 3014 2510 3085 baptismum
2537 3016 2742 3081 statim,
2789 3014 2832 3068 si
2857 3013 3052 3068 divina:
3093 3012 3299 3067 militia:
3339 3010 3487 3065 desi-

201 3105 560 3159 autemsintilli
581 3104 803 3176 gradus,
827 3105 938 3174 ipse
958 3118 1056 3157 nos
1072 3101 1551 3180 docetCornelius,
1576 3117 1696 3158 cum
1722 3104 1778 3158 in
1805 3117 1850 3179 ί]
1885 3111 2038 3166 derat
2065 3109 2394 3180 ngancipari,
2420 3111 2536 3165 sive
2565 3109 2709 3164 inter
2751 3108 2983 3164 ιεειοι-ρδ
3007 3110 3122 3163 sive
3152 3107 3293 3162 ίηιει·
3326 3119 3487 3160 emr-

201 3196 394 3256 ecclesia
420 3213 518 3252 sua
547 3208 671 3250 tunc
693 3197 938 3251 extitisse
958 3195 1362 3266 memorat(Ep.
1383 3197 1437 3263 9,
1459 3214 1512 3250 ιι.
1535 3196 1590 3266 4)
1613 3215 1631 3248 ι
1661 3212 1780 3265 prc-

203 3293 410 3365 sbyteros
437 3293 530 3360 46,
558 3291 817 3348 diaconos
847 3293 900 3358 7,
935 3275 1298 3348 subdiaconos
1328 3294 1569 3358 totidem,
1595 3293 1779 3365 acoly-

203 3383 299 3440 thus
335 3387 420 3450 42,
464 3386 760 3442 exorcistas
806 3395 860 3440 et
910 3385 1141 3441 lectores
1185 3401 1308 3441 cum
1359 3386 1593 3440 estiariis
1622 3385 1713 3439 52.
1751 3405 1771 3438 ι

201 3476 481 3534 Cornelium
517 3487 696 3533 tamen
740 3477 981 3532 omnium
1023 3477 1236 3532 illorum
1266 3477 1528 3548 graduum
1553 3463 1774 3552 ciliciis,

202 3570 323 3625 nullo
349 3581 616 3640 excepto,
654 3570 894 3624 functum
925 3585 1079 3634 esse,
1123 3585 1229 3623 non
1263 3571 1432 3625 ausim
1476 3570 1773 3626 afﬁrmare.

203 3709 205 3712 .
255 3663 300 3718 ’5.
325 3663 375 3719 Si
411 3680 551 3720 vero
581 3664 831 3734 superius
859 3664 1208 3717 constitutum
1242 3662 1408 3718 veluti
1441 3663 1527 3716 lex
1557 3677 1778 3718 censea-

203 3765 270 3810 tur
303 3755 694 3821 ecclesiastica,
725 3773 754 3811 a
786 3773 886 3827 qua
930 3773 1110 3821 neruo,
1139 3758 1238 3811 nisi
1272 3773 1366 3827 per
1410 3773 1533 3811 eum
1563 3758 1652 3829 qui
1696 3758 1777 3814 le-

203 3864 296 3920 gem
335 3851 458 3907 tulit
485 3895 498 3916 ,
535 3851 788 3905 immunis
831 3851 954 3916 ﬁat,
987 3850 1116 3904 illud
1162 3850 1292 3904 Caio
1322 3850 1480 3921 longe
1511 3851 1782 3907 recentius

202 3959 297 4000 esse
341 3944 591 4016 pluribus
618 3942 880 4014 exemplis
932 3942 1087 3996 facile
1133 3942 1556 3997 demonstratur.
1589 3943 1802 3998 l‘osle-'

202 4037 288 4092 rius
341 4047 418 4094 est
483 4037 585 4091 hoc
641 4051 773 4106 papa
829 4031 1114 4090 concilium
1174 4033 1532 4098 Sardicense,
1595 4043 1782 4103 utpote

202 4144 315 4186 anno
344 4134 476 4197 547,
506 4130 778 4198 habitum,
824 4129 976 4199 cujus
1018 4145 1228 4184 canone
1269 4129 1334 4183 '10
1378 4125 1606 4201 (Isidoro
1635 4127 1778 4181 Mer-

204 4227 333 4280 catori
353 4227 466 4295 i3),
485 4226 754 4290 sancitur,
785 4243 802 4275 ι
831 4233 886 4278 ιιι
906 4222 949 4278 si
974 4224 1093 4294 quis
1116 4239 1181 4277 ex
1209 4222 1327 4277 foro
1344 4211 1456 4277 sive
1478 4203 1650 4288 dives,
1670 4223 1782 4276 sive

205 4319 566 4386 scholasticus,
611 4319 898 4388 cpiscopus
941 4317 1057 4372 fieri
1104 4316 1297 4386 dignus
1343 4315 1622 4381 habeatur,
1677 4329 1784 4378 non

204 4414 324 4482 prius
353 4416 738 4477 constituatur,
786 4427 942 4482 quam
975 4411 1192 4464 lecturis
1220 4418 1274 4464 et
1312 4407 1523 4463 diaconi
1555 4419 1607 4463 et
1634 4423 1783 4476 pres-

205 4505 345 4576 byteri
396 4505 764 4563 ministerium
813 4504 1114 4574 peregerit;
1165 4523 1183 4554 ›
1242 4502 1460 4572 vultque
1513 4520 1531 4553 ι
1590 4501 1785 4556 habeat

205 4603 602 4673 uniuscujusque
648 4600 849 4654 ordinis
879 4598 1075 4668 gradus
1128 4614 1234 4651 non
1279 4597 1484 4652 minimi
1526 4597 1783 4666 temporis

204 4690 593 4762 longitudinem,
623 4707 718 4762 per
745 4675 888 4761 quod
916 4700 968 4744 et
1001 4689 1134 4743 fides
1159 4699 1212 4743 et
1236 4705 1442 4743 morum
1473 4685 1778 4756 probitas...

204 4786 344 4850 possit
364 4784 647 4858 cognosci.
676 4803 694 4835 ι
721 4781 915 4837 Tribus
940 4781 1043 4835 illis
1063 4780 1315 4852 gradibus
1338 4779 1780 4834 subdiaconatum

205 4875 428 4945 adjiciunt
481 4875 699 4944 erci,
734 4878 822 4947 qui
870 4885 1074 4929 tantum
1124 4873 1223 4928 hos
1257 4882 1488 4942 quatuor
1530 4872 1781 4927 ordinum

205 4971 374 5037 gradus
399 4989 524 5028 cum
573 4971 885 5040 cpisc0patu
929 4975 1249 5038 agnoscunt,
1283 4975 1339 5019 ut
1370 4981 1435 5020 ex
1467 4965 1631 5018 variis
1671 4980 1786 5020 mo-

207 5064 430 5119 nimentis
471 5064 684 5134 liquet,
739 5078 800 5117 ac
846 5061 1162 5116 nominatim
1205 5075 1272 5113 cx
1318 5059 1400 5113 his
1438 5059 1650 5135 synodi
1678 5058 1782 5112 0c-

208 5165 339 5223 tavte,
361 5173 466 5215 act.
491 5159 584 5223 10,
616 5172 737 5226 cap.
772 5156 806 5211 5
840 5174 852 5209 :
891 5174 908 5208 ι
945 5155 997 5210 Si
1029 5157 1217 5226 quis...
1256 5170 1348 5224 per
1373 5170 1562 5210 omnes
1588 5155 1786 5226 gradus

207 5253 584 5309 ecclesiasticos
627 5249 862 5306 definitis
901 5249 1231 5319 temporibus
1257 5251 1418 5302 vitam
1459 5249 1784 5317 inculj'tatam

207 5350 441 5403 transisse
467 5344 792 5415 reperiatur,
821 5345 888 5398 ita
922 5352 977 5397 ut
1007 5343 1059 5397 in
1089 5342 1306 5398 lectoris
1335 5358 1559 5398 munere
1588 5360 1782 5409 unum,

208 5436 250 5490 in
291 5427 606 5494 subdiaconi
659 5437 815 5502 duos,
871 5435 922 5488 in
957 5431 1166 5490 diaconi
1211 5443 1339 5500 tres,
1392 5435 1443 5490 lu
1496 5421 1789 5491 sacerdotii

209 5529 419 5600 quatuor
467 5545 642 5587 annos
682 5515 1013 5598 expleverit,
1045 5528 1110 5583 ad
1156 5528 1497 5599 cpiSCOpatus
1527 5531 1787 5585 honorem

211 5626 468 5683 evehatur.
510 5645 530 5677 ι
565 5623 718 5679 Nunc
764 5624 926 5695 igitur
971 5633 1168 5690 restat,
1221 5633 1276 5678 ut
1321 5623 1480 5678 etiam
1528 5623 1582 5676 in
1629 5608 1790 5678 latina

1886 3205 2050 3258 cistas
2076 3211 2341 3256 teneatur.
2373 3221 2392 3254 ι
2420 3201 2756 3272 Quamquam
2785 3203 2886 3257 iste
2913 3201 3115 3256 Zosimi
3137 3201 3290 3256 locus
3313 3197 3485 3267 expli-

1884 3297 2021 3361 cari,
2072 3294 2151 3350 sic
2206 3303 2412 3364 potest,
2471 3301 2528 3348 ut
2578 3293 2802 3363 perinde
2853 3296 2951 3365 ipsi
3001 3294 3072 3349 sit
3113 3311 3132 3345 ι
3177 3292 3292 3346 sive
3345 3291 3484 3345 inter

1883 3389 2136 3456 lectores,
2169 3389 2283 3444 sive
2331 3389 2470 3444 inter
2518 3389 2833 3453 exorcistas,
2873 3410 2892 3442 ι
2928 3399 3087 3460 atque
3119 3406 3136 3438 ι
3187 3398 3294 3440 tum
3346 3385 3488 3439 inter

1882 3483 2114 3538 lectores
2168 3493 2277 3536 tum
2300 3521 2315 3549 ,
2361 3491 2494 3547 etc.-,
2527 3500 2546 3532 ι
2581 3482 2814 3536 maxime
2863 3499 2986 3538 cum
3039 3480 3124 3534 bis
3150 3479 3438 3549 praemittat
3471 3494 3485 3530 :

1887 3595 1907 3629 ι
1945 3577 2241 3633 Assuescat
2269 3577 2322 3630 in
2352 3575 2562 3630 Domini
2597 3575 2822 3642 castris,
2864 3576 2917 3631 in
2948 3575 3207 3629 lectorum
3239 3569 3485 3639 primitus

1884 3669 2050 3725 divini
2081 3669 2383 3724 rudimenta
2409 3668 2648 3736 servitii;
2681 3685 2780 3724 nec
2803 3669 2876 3722 illi
2907 3669 3008 3722 vile
3035 3667 3105 3719 sit
3129 3661 3484 3726 exorcistam,

1885 3763 2227 3834 acolythum,
2285 3761 2709 3828 subdiaconum,
2763 3761 3046 3816 diaconum
3099 3772 3193 3828 per
3239 3755 3482 3810 ordinem

1887 3857 2025 3912 fieri.
2061 3877 2080 3910 ι
2115 3857 2249 3912 [llud
2279 3856 2492 3921 mirum,
2542 3855 2686 3927 quod
2713 3871 2835 3913 cum
2878 3851 3102 3910 Siricius
3138 3859 3193 3906 et
3239 3848 3486 3904 Zosimus

1887 3951 1941 4004 in
1971 3950 2202 4004 laudatis
2232 3950 2476 4020 epistolis
2503 3948 2745 4020 singulos
2774 3956 2881 4002 tam
2908 3955 3157 4002 accurate
3177 3942 3486 3998 describant

1888 4042 2108 4114 gradus,
2137 4043 2332 4114 quibus
2359 4042 2427 4098 ad
2457 4042 2745 4098 sacerdotii
2765 4041 2975 4111 apicem
3003 4037 3271 4110 perveniri
3295 4035 3481 4099 velint,

1889 4135 2170 4190 estiarium
2201 4146 2376 4190 tamen
2419 4144 2730 4190 constanter
2773 4142 3009 4189 taceant.
3040 4131 3194 4186 Hunc
3219 4146 3350 4186 sane
3376 4145 3484 4183 non

1891 4227 2279 4300 praeteriissent
2319 4228 2568 4295 silentio,
2599 4227 2646 4282 si
2687 4243 2717 4282 a
2759 4225 2890 4283 Caio
2929 4225 3206 4281 decretum
3240 4221 3486 4292 superius

1891 4321 2198 4393 prodiisset.
2225 4320 2360 4374 Cum
2387 4321 2518 4390 ipsis
2537 4321 2681 4376 eain
2704 4337 2764 4376 re
2790 4319 3060 4376 consentit
3087 4315 3484 4387 supposititium

1891 4415 2108 4489 quidem
2131 4455 2145 4479 ,
2175 4413 2269 4468 sed
2301 4422 2478 4470 tamen
2511 4413 2790 4485 antiquum
2819 4407 3062 4468 Silvestri
3089 4408 3446 4465 Constitutum
3472 4448 3488 4473 ,

1891 4526 1987 4566 seu
2043 4509 2344 4565 Romanum
2397 4507 2463 4576 ll,
2513 4508 2614 4564 sub
2661 4508 2924 4565 Silvestre
2974 4503 3283 4566 concilium,
3336 4499 3489 4569 cujus

1889 4606 2064 4672 capite
2116 4603 2208 4668 11,
2253 4609 2514 4656 statutum
2545 4608 2629 4656 est
2668 4617 2682 4654 :
2718 4618 2737 4652 ι
2776 4597 2845 4656 Ut
2888 4596 3065 4653 nullus
3103 4611 3169 4651 ex
3201 4594 3333 4649 laica
3362 4607 3489 4662 per-

1890 4710 2023 4752 sona
2065 4695 2131 4750 ad
2177 4696 2440 4751 honorem
2485 4692 2768 4764 acolythus
2793 4702 2818 4730 τι
2847 4705 3014 4763 usque
3035 4689 3101 4746 ad
3123 4688 3490 4760 episcopatum

1891 4789 2286 4854 sublevaretur,
2349 4788 2452 4844 nisi
2498 4789 2646 4858 prius
2698 4785 2889 4842 fuisset
2939 4785 3107 4840 lector
3155 4783 3313 4838 annis
3360 4797 3490 4848 xxx,

1890 4882 2087 4939 deinde
2113 4897 2218 4937 una
2244 4880 2333 4937 die
2357 4881 2645 4945 cxorcista,
2671 4888 2727 4936 et
2752 4889 2940 4950 postea
2967 4887 3186 4948 caperet
3213 4890 3350 4932 onus
3376 4890 3499 4930 aco.

1893 4968 2050 5041 lytbi,
2082 4980 2137 5023 et
2165 4968 2370 5023 iaceret
2400 4967 2451 5021 in
2481 4966 2670 5023 eodem
2695 4967 2898 5020 ordine
2923 4963 3155 5036 acolytbi
3183 4975 3356 5017 annos
3392 4959 3461 5014 de
3484 4985 3497 5000 ο

1891 5079 2034 5126 cem,
2064 5071 2120 5116 ut
2150 5063 2419 5132 acciperet
2445 5077 2582 5116 onus
2603 5058 2937 5125 subdiaconi,
2957 5057 3080 5113 etin
3103 5055 3492 5111 subdiaconatu

1893 5166 2037 5213 esset
2080 5171 2252 5211 annos
2294 5156 2550 5227 quinque,
2583 5164 2686 5210 etc.
2723 5171 2742 5205 ι
2778 5151 2849 5208 Ut
2889 5151 2975 5206 hic
2999 5150 3201 5204 nullum
3231 5155 3491 5218 praetcrea

1891 5249 1960 5306 de
1988 5249 2210 5306 ostiario
2238 5248 2299 5304 ﬁt
2325 5249 2570 5317 verbum,
2598 5248 2671 5304 ita
2709 5261 2808 5302 nec
2835 5245 2886 5300 in
2915 5245 2981 5299 iis
3010 5241 3250 5314 ejusdem
3277 5235 3491 5293 Consti-

1893 5344 2027 5411 tuti,
2074 5359 2194 5414 cap.
2224 5344 2294 5399 7:
2357 5362 2375 5393 ι
2414 5342 2483 5400 Ut
2529 5358 2559 5396 a
2610 5341 2938 5398 subdiacono
2983 5351 3150 5408 usque
3195 5333 3262 5387 ad
3314 5331 3486 5385 lecto-

1892 5453 2006 5493 rem
2047 5450 2235 5491 omnes
2290 5435 2489 5492 subditi
2539 5442 2726 5491 essent
2766 5433 2995 5489 diacono
3045 5423 3304 5484 cardinali
3337 5422 3490 5478 urbis

1896 5529 2103 5596 Romae,
2130 5528 2184 5584 in
2213 5529 2453 5586 Ecclesia
2505 5529 2766 5585 honorem
2817 5531 3212 5596 repraesentans
3256 5527 3486 5584 tantum,

1893 5621 2134 5692 pontifici
2184 5637 2318 5678 vero
2345 5621 2672 5694 presbyteri,
2704 5613 3044 5682 subdiaConi,
3100 5612 3338 5679 diaconi,
3365 5619 3491 5668 aco”-

1433 5729 1811 5797 IJECTIONES
1848 5727 2259 5797 VARIANTES.

269 5845 336 5911 (⁸)
371 5848 520 5899 Forte
543 5844 856 5912 Acolythatus
879 5837 1105 5894 Galland.
