3994 6318
713 167 822 198 θ’θ’-ἱ

225 271 314 326 185

1008 270 1342 330 EPISTOLA
1377 269 1512 327 CAII
1555 267 1756 347 ΡᾼΡᾹὯ
1795 269 1887 327 AD
1927 267 2226 328 FELICEM
2268 265 2676 332 EPISCOPUM.

3371 271 3474 331 186

284 391 345 447 li.
387 390 575 447 Deinde
599 405 758 446 nemo
787 407 1038 463 umquam
1067 392 1378 462 episcopum
1409 390 1548 462 apud
1569 389 1777 462 judices
1802 395 1853 452 Α
1883 391 1982 446 Dei
2008 392 2228 464 aequalis
2254 405 2337 450 est
2362 393 2505 450 Patri
2558 393 2849 463 (Philipp.,
2891 393 2950 464 ιι)
2996 394 3050 449 in
3101 393 3276 450 forma
3329 395 3474 450 servi

216 485 504 549 saeCuIares,
534 496 624 539 aut
650 484 784 540 alios
812 486 1059 551 clericos,
1090 500 1342 540 accusare
1375 482 1681 554 pratsuntat.

279 579 363 635 ill.
396 581 455 634 Et
479 580 520 634 si
550 581 670 648 quis
699 582 1002 651 cpiscopus,
1030 581 1335 653 presbyter,
1367 591 1458 636 aut
1489 581 1747 636 diaconus
1767 622 1781 646 ,

215 674 288 729 vel
330 673 538 740 quilibet
587 674 793 738 clerici,
819 675 961 744 apud
1003 676 1284 746 episcopos
1324 675 1466 749 (quia
1517 675 1642 730 alibi
1675 690 1781 730 non

215 775 411 835 Oportet
437 782 463 820 a
488 768 725 834 qualibet
755 783 979 836 persona
1011 785 1131 839 quzr.
1178 771 1278 825 rite
1319 771 1621 839 recipienda
1675 772 1782 842 cst)

214 860 392 916 fuerint
436 863 670 916 accusati
699 860 841 934 (btec
882 873 936 917 et
979 865 1171 918 similia
1222 880 1287 920 ex
1335 866 1455 919 cod.
1488 865 1695 920 Theod.
1730 876 1784 920 et

214 955 407 1009 Aniano
435 955 618 1020 liadr.,
651 971 770 1025 eap.
815 957 930 1026 29.),
977 959 1300 1029 quieumque
1330 958 1506 1023 fuerit,
1551 961 1662 1013 sive
1692 958 1783 1014 ille

213 1051 274 1104 sit
299 1050 532 1104 sublimis
551 1052 630 1104 vir
655 1052 894 1113 honoris,
925 1053 1036 1108 sive
1066 1053 1222 1108 ullius
1244 1053 1463 1107 alterius
1487 1051 1778 1122 dignitatis,

211 1146 290 1216 qui
319 1145 415 1200 hoc
439 1161 610 1215 genus
637 1145 956 1200 illaudahilis
977 1146 1289 1200 intentionis
1315 1145 1606 1214 arripuerit
1632 1162 1647 1210 ;
1683 1160 1782 1199 no-

210 1238 350 1304 verit,
396 1239 722 1308 probationis
771 1239 1093 1295 documenta
1138 1256 1196 1295 se
1226 1239 1424 1295 debere
1472 1239 1690 1294 inferre.
1724 1241 1782 1296 Si

214 1334 318 1403 quis
354 1349 477 1404 ergo
516 1334 662 1388 circa
712 1333 1016 1401 hujusmodi
1065 1348 1324 1404 personas
1365 1349 1471 1388 non
1505 1333 1779 1403 probanda

218 1427 461 1491 detulerit,
517 1429 838 1484 auctoritate
884 1428 1042 1497 hujus
1072 1428 1368 1484 sanctionis
1415 1428 1674 1498 intelligat
1721 1443 1780 1483 se

217 1521 445 1592 jacturam
478 1521 714 1576 infami-.e
734 1522 1027 1587 sustinere,
1054 1531 1112 1576 ut
1137 1521 1335 1576 damno
1363 1521 1600 1592 pudoris,
1630 1522 1777 1576 testi-

217 1617 437 1670 mationis
479 1615 764 1685 dispendio
806 1616 1015 1679 discat,
1067 1615 1167 1669 sibi
1203 1615 1391 1670 alicam
1442 1613 1778 1670 verecundia:

214 1707 404 1774 impune
426 1707 707 1773 insidiari,
749 1708 940 1763 saltem
971 1708 1040 1764 de
1066 1717 1267 1763 caetero
1295 1723 1398 1762 non
1428 1708 1609 1763 licere.
1645 1709 1775 1762 Nam

1888 487 2153 556 particeps
2181 496 2403 543 essetet
2427 489 2620 553 nostri,
2655 497 2712 543 ut
2741 487 2931 543 mortis
2979 487 3284 551 vinculum.
3313 487 3474 546 unius

1886 580 2324 647 praevaricatione
2362 588 2722 644 contractum,
2753 580 2912 635 ttnius
2939 593 3115 638 morte
3163 580 3276 653 (qui
3322 582 3473 640 solus

1887 669 2046 723 morti
2093 671 2222 724 nihil
2275 671 2480 743 debuit)
2528 672 2868 727 solveretur?
2900 673 3100 729 Eliusio
3145 675 3288 730 enim
3329 675 3464 744 justi

1888 763 2165 831 sanguinis
2213 762 2454 831 Christi,
2506 775 2610 820 tam
2646 765 2743 820 fuit
2773 767 2924 822 dives
2964 767 3029 821 ad
3065 769 3315 838 pretium,
3347 768 3473 824 utsi

1887 855 2209 910 universitas
2235 857 2566 925 captivorum
2602 859 2652 912 in
2683 859 3076 929 redemptorem
3105 874 3257 915 suum
3288 860 3476 918 crede-

1885 959 1987 1009 ret.
2023 951 2222 1004 tmllum
2256 951 2452 1006 diaboli
2486 953 2695 1010 vincula
2726 953 3053 1009 retinerent:
3081 957 3356 1025 queniam,
3401 955 3476 1011 si-

1884 1052 1976 1098 cut
2008 1045 2296 1112 Apostolus
2333 1045 2409 1100 ait
2441 1063 2452 1098 :
2493 1045 2593 1101 Ubi
2627 1048 2900 1102 abundavit
2931 1060 3232 1120 peccatum,
3263 1067 3476 1120 supera-

1883 1135 2125 1190 bundavit
2151 1146 2196 1191 et
2221 1140 2388 1208 gratia
2416 1137 2615 1210 (Rana,
2642 1139 2721 1211 v).
2745 1140 2810 1195 Et
2828 1156 2948 1195 cum
2980 1143 3079 1197 sub
3108 1145 3310 1212 peccati
3337 1159 3474 1213 pra:-

1878 1231 2080 1300 judicio
2113 1233 2221 1286 nati
2250 1275 2264 1299 ,
2303 1243 2622 1302 potestatem
2673 1236 2984 1304 acceperint
3009 1238 3075 1291 ad
3099 1237 3360 1307 justitiam
3391 1253 3473 1294 re-

1882 1327 2160 1393 nascendi,
2193 1328 2418 1383 validius
2443 1327 2638 1383 factum
2669 1339 2752 1384 est
2771 1330 2971 1385 donum
3003 1331 3284 1396 libertatis,
3315 1347 3475 1404 quam

1883 1420 2120 1476 debitum
2149 1423 2442 1477 sorvitutis.
2471 1423 2642 1490 Quam
2677 1424 2860 1495 itaque
2890 1425 2992 1481 sibi
3029 1427 3080 1480 in
3113 1427 3270 1497 hujus
3300 1442 3482 1482 sacra-

1882 1515 2050 1570 nteuti
2101 1516 2350 1585 prtcsidio
2394 1532 2545 1587 spem
2591 1517 2926 1589 relinquunt,
2961 1520 3051 1590 qui
3101 1521 3153 1575 in
3198 1520 3480 1577 Salvatore

1883 1620 2069 1663 nostro
2095 1622 2292 1681 negant
2311 1612 2528 1667 humani
2556 1611 2800 1681 corporis
2813 1613 3136 1668 veritatem?
3167 1612 3352 1668 Dii-ant
3371 1627 3477 1684 quo

1881 1704 2147 1759 sacriﬁcio
2179 1706 2540 1762 reconciliati:
2575 1707 2757 1762 dicant
2800 1722 2904 1777 quo
2934 1705 3195 1778 sanguine
3240 1707 3346 1762 siut
3383 1721 3471 1764 re-

213 1799 414 1869 qualiler
461 1801 526 1855 ad
556 1801 843 1856 concilium
893 1801 1159 1867 veniatur,
1189 1810 1283 1856 aut
1321 1801 1548 1872 qualiter
1575 1801 1642 1856 de
1669 1802 1781 1856 suis
1809 1792 1857 1853 B
1885 1796 2107 1867 dempti.
2143 1799 2268 1865 Quis
2295 1810 2392 1866 est,
2425 1809 2479 1854 ut
2512 1801 2585 1855 ait
2609 1801 2917 1872 Apostolus,
2946 1802 3032 1871 qui
3053 1801 3264 1855 tradidit
3291 1813 3477 1856 semet-

213 1893 347 1948 rcbus
391 1894 653 1963 expoliati
706 1896 782 1967 (5.
813 1912 866 1965 q.
895 1897 945 1951 1.
980 1896 1270 1965 Episcopus
1303 1897 1410 1950 suis
1443 1897 1593 1950 rebus
1621 1913 1779 1966 expo-

215 1989 382 2062 litum},
416 1991 501 2044 vel
533 1990 690 2060 cjecti
721 2007 751 2045 a
779 1991 997 2047 sedibus
1023 1992 1284 2062 pr0priis,
1323 2001 1413 2046 aut
1441 1991 1530 2059 qui
1555 2005 1776 2047 accusa-

215 2091 332 2136 tores
367 2084 480 2137 sint
528 2084 843 2153 reeipiendi,
895 2085 1056 2154 quive
1112 2099 1218 2140 non
1249 2085 1375 2148 sint,
1419 2095 1508 2138 aut
1552 2084 1780 2152 qualiter

219 2176 370 2243 ejectis
392 2185 451 2231 et
478 2176 761 2245 eXpoliatis
783 2177 891 2232 sint
910 2177 1090 2231 omnia
1116 2177 1323 2246 legibus
1347 2175 1774 2246 redintegranda,

215 2253 308 2338 qua:
331 2270 407 2324 eis
437 2269 616 2324 ablata
659 2280 817 2324 sunt:
863 2279 917 2324 et
958 2271 1080 2340 quia
1113 2271 1420 2340 priusquam
1450 2269 1550 2324 hoc
1579 2268 1778 2324 factum

214 2361 363 2429 fuerit,
404 2364 620 2418 nullum
651 2365 852 2419 crimen
883 2365 965 2419 eis
998 2364 1158 2433 objici
1205 2364 1440 2433 poterit,
1473 2372 1527 2418 et
1553 2365 1780 2433 qualiter

213 2453 303 2508 illis
331 2455 566 2510 induciae
591 2467 713 2526 post
737 2457 1000 2526 integram
1035 2457 1480 2511 instaurationem
1523 2456 1778 2511 anniver-

211 2550 364 2615 saria,
388 2550 478 2605 vel
502 2565 600 2604 sex
627 2551 915 2616 mensium,
943 2549 1285 2620 indulgenda:
1311 2552 1437 2615 sint,
1470 2561 1524 2604 et
1553 2550 1780 2620 qualiter

209 2655 288 2694 sua
315 2643 489 2696 omnia
540 2643 768 2696 licenter
809 2653 865 2697 et
897 2643 1138 2712 paciﬁce,
1175 2643 1379 2712 absque
1425 2643 1582 2697 ullius
1631 2644 1778 2711 gravi

210 2732 574 2802 impedimento
595 2735 886 2805 disponere
905 2778 919 2801 ,
948 2745 1004 2790 et
1028 2751 1245 2790 suorum
1275 2736 1570 2791 amicorum
1609 2745 1663 2790 et
1691 2751 1779 2790 ec-

211 2824 611 2882 clesiasticorum
634 2838 844 2898 patrum
864 2828 1111 2884 conciliis
1133 2829 1207 2882 uti
1237 2828 1487 2894 debeant,
1511 2827 1780 2883 sufﬁcien-

211 2927 285 2973 ter
309 2919 370 2973 ab
390 2922 672 2989 apostolis,
705 2936 1004 2992 eorumque
1034 2922 1461 2988 successoribus,
1491 2936 1555 2976 ac
1581 2922 1779 2978 nostris

210 3013 680 3080 prrcdecessoribus
719 3024 976 3068 statutum
1017 3028 1139 3068 esse
1169 3026 1437 3083 putanms.
1485 3014 1658 3085 Super
1694 3015 1778 3072 his

208 3117 357 3162 autem
381 3124 492 3162 non
517 3123 644 3163 reor
665 3108 894 3177 amplius
918 3123 1062 3162 nunc
1088 3107 1205 3162 fore
1225 3107 1641 3178 disputandum,
1671 3110 1774 3164 nisi

1881 1891 2050 1963 ipsum
2095 1909 2188 1962 pro
2217 1893 2360 1948 nobis
2397 1894 2702 1949 oblationem
2729 1906 2775 1948 et
2803 1896 3024 1950 hostium
3059 1895 3164 1950 Deo
3194 1895 3249 1948 in
3271 1895 3478 1949 odorem

1881 1986 2144 2040 suavitatis
2182 1984 2424 2058 (Ephes.,
2459 1985 2511 2058 v)
2537 1987 2559 2040 ?
2589 1991 2693 2042 Aut
2724 1988 3128 2061 quodlunquam
3154 1989 3479 2044 sacrificium

1882 2081 2147 2132 sacratius
2177 2078 2297 2144 fuit,
2325 2095 2484 2148 quam
2512 2079 2654 2150 quod
2681 2096 2840 2134 verus
2888 2090 2944 2136 et
2981 2091 3215 2136 aeternus
3241 2080 3480 2151 pontifex

1882 2172 2038 2225 altari
2066 2173 2244 2227 crucis
2272 2190 2366 2242 per
2395 2173 2814 2229 immolationem
2844 2189 2956 2229 sure
2978 2174 3160 2230 carnis
3187 2172 3477 2243 imposuit?

1884 2265 2034 2321 Licet
2063 2265 2116 2318 in
2142 2277 2414 2335 conspectu
2444 2265 2656 2320 Domini
2685 2269 2903 2332 pretiosa
2938 2269 3193 2336 iustorum
3219 2282 3356 2322 mors
3383 2266 3479 2328 fuit

1883 2360 2053 2433 (Psal.
2086 2361 2208 2434 cxv)
2236 2404 2250 2428 ,
2288 2363 2487 2416 nullius
2515 2372 2690 2417 tamen
2720 2360 2947 2418 insontis
2972 2362 3192 2428 occisio,
3223 2359 3478 2432 redemp-

1885 2458 1958 2511 tio
1985 2456 2087 2511 fuit
2115 2456 2318 2511 mundi.
2352 2455 2690 2526 Acceperunt
2714 2456 2878 2526 justi,
2913 2471 3018 2510 non
3062 2455 3360 2522 dederunt,
3387 2469 3481 2512 co-

1883 2566 2067 2606 ronas.
2101 2552 2176 2605 De
2207 2549 2522 2606 fortitudine
2551 2550 2786 2606 ﬁdelium
2815 2550 3059 2620 exempla
3088 2559 3210 2604 nata
3237 2559 3361 2603 sunt
3385 2563 3480 2620 pa-

1884 2645 2109 2711 tientiae,
2140 2661 2245 2698 non
2274 2646 2412 2700 dona
2439 2645 2679 2716 jusﬁtiar.
2710 2645 3022 2715 Singulares
3046 2647 3243 2714 quippe
3279 2644 3330 2698 in
3362 2643 3476 2699 sitt-

1883 2740 2022 2808 gulis
2051 2740 2240 2793 mortis
2267 2739 2513 2805 fuerunt,
2550 2753 2648 2794 nec
2675 2738 2898 2793 alterius
2927 2738 3208 2807 quisquam
3239 2735 3475 2790 debitum

1883 2849 1984 2888 suo
2030 2833 2134 2888 ﬁne
2164 2833 2460 2904 persolvit,
2511 2848 2632 2887 cum
2679 2832 2820 2886 ﬁlius
2850 2831 3083 2886 hominis
3105 2873 3120 2897 ,
3155 2844 3296 2886 unus
3328 2829 3478 2884 solus

1884 2925 2145 2980 Dominus
2166 2935 2350 2981 noster
2373 2925 2533 2981 Jesus
2565 2925 2836 2990 Christus,
2865 2926 2956 2995 qui
2996 2939 3122 2980 vere
3146 2934 3264 2979 erat
3288 2924 3478 2994 Agnus

1883 3019 2282 3083 immaculatus,
2309 3017 2566 3085 extiterit,
2593 3017 2644 3072 in
2667 3033 2774 3087 quo
2796 3031 2984 3071 omnes
2999 3016 3265 3079 cruciﬁxi,
3288 3028 3478 3070 omnes

1882 3115 2101 3178 mortui,
2142 3129 2332 3168 onmes
2372 3113 2606 3184 sepulti,
2636 3127 2828 3166 omnes
2859 3111 3019 3168 etiam
3063 3121 3188 3166 sunt
3213 3109 3477 3165 sust-itati.

208 3201 243 3253 si
268 3202 594 3257 surrexerint
625 3202 750 3256 talia
769 3243 784 3266 ,
819 3215 939 3270 qua:
968 3201 1144 3255 adhuc
1175 3216 1280 3255 non
1321 3213 1445 3256 sunt
1473 3203 1774 3260 manifesta.
1805 3189 1850 3251 (ἶ
1885 3208 1961 3262 De
1987 3208 2180 3276 quibus
2209 3207 2325 3274 ipse
2353 3206 2566 3261 dicebat
2597 3223 2616 3260 :
2647 3203 2776 3260 Cum
2804 3204 3058 3259 exaltatus
3093 3210 3237 3273 [uero
3262 3219 3294 3256 a
3321 3211 3474 3268 terra,

207 3293 249 3346 Si
275 3309 456 3350 eorum
485 3308 669 3350 autem
717 3303 915 3349 statuta
955 3310 1060 3349 non
1094 3294 1392 3351 habueritis
1421 3297 1617 3350 mittite
1647 3296 1780 3352 lide-

208 3386 410 3444 lissimos
444 3390 764 3459 scriptores,
796 3391 886 3459 qui
915 3389 1031 3445 haec
1057 3406 1238 3445 coram
1274 3391 1524 3448 ﬁdelibus
1553 3393 1778 3448 testibus

205 3483 446 3548 excipere,
468 3483 734 3555 vobisque
755 3496 1032 3554 reportare
1053 3484 1154 3539 sub
1168 3485 1518 3554 stipulatione
1541 3487 1773 3542 valeant.

259 3575 335 3631 IV.
366 3576 668 3644 Caeterum,
696 3587 755 3631 ut
774 3577 1102 3633 satisfaciam
1135 3579 1398 3634 consultis
1430 3582 1535 3634 tuis
1565 3579 1633 3635 de
1657 3597 1776 3635 ver-

205 3669 259 3724 bo
280 3671 666 3727 incarnationis
691 3682 744 3727 et
767 3672 1008 3726 veritatis
1030 3713 1044 3732 .
1088 3672 1414 3743 quicumque
1442 3673 1517 3727 illi
1547 3673 1625 3745 (l)
1652 3684 1777 3730 sunt

205 3763 257 3816 ita
275 3766 530 3821 obcaecati
555 3764 656 3838 (ἓ),
683 3776 737 3821 et
757 3780 787 3819 a
814 3766 1018 3820 lumine
1047 3767 1294 3819 veritatis
1322 3765 1503 3830 alieni,
1535 3779 1591 3820 ut
1618 3768 1775 3824 Verbi

205 3854 278 3911 Dei
304 3875 330 3912 a
359 3870 610 3928 tempore
641 3859 1027 3914 incarnationis
1051 3859 1322 3930 denegem
1355 3863 1657 3929 veritatem,
1686 3880 1774 3919 os-

203 3951 389 4008 tendant
418 3955 480 4008 in
509 3967 620 4023 quo
645 3953 744 4008 sibi
771 3953 1126 4009 christianum
1176 3969 1371 4010 nomen
1403 3969 1689 4026 usurpent,
1721 3970 1776 4016 et

205 4057 298 4097 cum
325 4046 634 4116 Evangelia
661 4047 900 4103 veritatis
932 4063 1033 4116 qua
1075 4049 1286 4103 ratione
1332 4051 1688 4116 concordent,
1726 4053 1772 4109 si

201 4133 339 4192 beata
369 4138 612 4206 Virginis
633 4151 808 4209 partu,
836 4149 926 4194 aut
944 4155 1070 4218 caro
1092 4141 1209 4195 sine
1231 4143 1452 4207 deitate,
1481 4155 1573 4198 aut
1600 4144 1773 4200 deitas

203 4244 267 4285 est
290 4246 394 4289 orta
426 4233 554 4288 sine
584 4249 770 4289 carne.
814 4236 963 4290 Sicut
993 4236 1136 4290 enim
1171 4239 1352 4306 negari
1397 4253 1502 4292 11011
1552 4250 1769 4308 potest,

203 4329 501 4395 evangelista
535 4327 768 4390 dicente,
801 4329 943 4398 quod
982 4327 1204 4383 Verbum
1233 4347 1352 4384 curo
1383 4332 1576 4399 factum
1597 4343 1693 4398 est,
1726 4345 1774 4388 et

201 4418 407 4474 habitavit
464 4422 519 4474 in
567 4420 712 4474 nobis
758 4421 962 4491 (Joan.,
992 4421 1056 4488 t),
1093 4423 1162 4476 ita
1208 4425 1390 4494 negari
1441 4441 1544 4480 non
1598 4438 1774 4496 potest

202 4509 330 4568 beato
356 4515 608 4584 apostolo
638 4514 801 4570 Paulo
837 4515 1198 4585 praediCante,
1231 4517 1372 4586 quod
1421 4519 1555 4574 Deus
1583 4533 1690 4574 erat
1719 4524 1773 4576 in

1884 3301 2058 3355 omnia
2087 3299 2290 3352 traham
2339 3299 2408 3351 ad
2459 3298 2708 3366 meipsum
2759 3299 2963 3369 (Joan.,
2996 3294 3114 3367 xtl).
3149 3295 3312 3351 Fides
3361 3305 3477 3352 ete-

1883 3401 1991 3454 nim
2019 3399 2326 3467 justiﬁcaus
2355 3399 2569 3467 impios,
2601 3406 2654 3452 et
2679 3412 2872 3452 creatis
2897 3396 3094 3466 justos,
3127 3396 3195 3450 ad
3233 3395 3477 3451 humaui-

1885 3495 2008 3549 tatis
2034 3503 2267 3548 retracta
2299 3493 2662 3568 participium,
2718 3492 2771 3545 in
2816 3491 2910 3545 illo
2939 3491 3170 3560 acquirit
3200 3490 3432 3546 salutem
3456 3531 3474 3556 ,

1879 3590 1932 3644 in
1963 3604 2070 3659 quo
2095 3589 2212 3644 solo
2244 3587 2405 3642 homo
2431 3602 2489 3641 se
2517 3585 2718 3640 invenit
2737 3585 3098 3642 innocentem.
3127 3583 3353 3638 liberum
3382 3581 3480 3637 ba-

1883 3684 2016 3738 beus
2045 3697 2138 3752 per
2162 3681 2388 3752 gratiam
2438 3681 2532 3736 Dei
2563 3679 2630 3735 de
2661 3682 2780 3748 ejus
2809 3679 3046 3750 potentia
3091 3677 3340 3748 gloriari,
3385 3678 3478 3748 qui

1880 3783 2068 3831 contra
2099 3775 2310 3830 hostem
2331 3775 2562 3828 .bumani
2603 3773 2818 3842 generis
2847 3772 2901 3825 in
2941 3770 3120 3826 carnis
3145 3779 3344 3825 nostrtc
3371 3769 3474 3824 hu-

1881 3871 2110 3925 militate
2154 3884 2512 3939 congressus,
2546 3867 2630 3921 his
2656 3866 2934 3920 victoriam
2967 3879 3118 3920 suam
3169 3865 3392 3930 tribuit,
3419 3865 3474 3920 in

1883 3983 2113 4038 quorum
2146 3981 2378 4036 corpore
2411 3963 2779 4032 triumphavit.
2810 3962 2963 4018 Licet
2993 3977 3124 4032 ergo
3154 3961 3206 4015 in
3231 3975 3337 4015 uno
3365 3959 3474 4016 Do-

1880 4065 2026 4116 mino
2069 4073 2257 4115 nostro
2296 4060 2423 4115 Jesu
2471 4059 2711 4121 Christo,
2742 4072 2870 4112 vero
2916 4058 3007 4111 Dei
3052 4064 3215 4126 atque
3243 4055 3474 4110 hominis

1879 4156 2036 4217 Filio,
2064 4153 2225 4209 Verbi
2253 4165 2306 4208 et
2333 4153 2513 4207 carnis
2539 4167 2643 4206 una
2666 4164 2897 4222 persona
2929 4151 3018 4216 sit,
3046 4164 3166 4218 quae
3199 4149 3473 4218 insepara-

1879 4247 2062 4302 biliter
2105 4255 2265 4313 atque
2321 4244 2550 4298 indivise
2601 4258 2916 4300 communes
2963 4241 3154 4297 habeat
3195 4242 3470 4309 actiones,

1881 4343 2238 4413 intelligenda:
2268 4351 2444 4396 tamen
2473 4351 2597 4395 sunt
2626 4343 2864 4411 ipsorum
2895 4354 3116 4408 operum
3147 4339 3433 4409 qualitates
3454 4381 3471 4405 ,

1878 4448 1932 4493 et
1962 4439 2190 4492 sincerm
2238 4435 2358 4490 fidei
2403 4435 2865 4504 contemplatione
2893 4433 3223 4489 cernendum
3252 4442 3335 4487 est
3355 4475 3371 4499 ,
3403 4433 3472 4487 ad

1879 4547 1999 4604 qum
2035 4532 2362 4601 provehatur
2386 4530 2660 4585 humilitas
2690 4531 2889 4595 carnis,
2908 4539 2971 4587 et
2995 4528 3061 4583 ad
3093 4543 3212 4597 quze
3241 4528 3470 4583 incline-

201 4603 386 4675 Cltristo,
431 4599 680 4661 mundun:
724 4608 1060 4662 reconcilians
1099 4609 1193 4664 sibi
1239 4609 1308 4681 (Il
1338 4608 1483 4678 Car.,
1515 4611 1591 4686 v).
1641 4614 1770 4682 Qum

1879 4592 1962 4681 tur
1991 4592 2217 4680 altitudo
2246 4625 2462 4680 deitatis
2493 4642 2508 4680 :
2537 4623 2662 4692 quid
2699 4624 2788 4684 sit,
2820 4592 2961 4692 quod
2993 4592 3124 4676 caro
3145 4621 3262 4676 sine
3294 4620 3472 4676 Verbo

199 4707 345 4753 autem
388 4700 763 4756 reconciliatio
792 4711 973 4768 posset
1000 4715 1122 4754 esse
1171 4717 1274 4772 qua
1323 4703 1557 4759 humano
1583 4709 1770 4773 generi

200 4797 616 4862 repropitiaretur
663 4795 826 4859 Deus,
876 4795 921 4849 si
968 4795 1202 4851 hominis
1243 4811 1460 4852 causam
1504 4800 1770 4855 mediator

202 4880 274 4939 Dei
299 4885 682 4958 hominumque
729 4903 836 4944 non
882 4890 1214 4958 susciperet?
1242 4890 1356 4957 Qua
1399 4908 1529 4947 vero
1556 4893 1765 4950 ratione

202 4987 453 5044 veritatem
503 4989 820 5045 mediatoris
851 4989 1140 5060 impleret,
1193 4991 1297 5046 nisi
1346 4993 1437 5062 qui
1485 4993 1538 5047 in
1592 4993 1764 5051 forma

257 5122 324 5190 (l)
382 5126 699 5201 Quicumque
741 5128 821 5180 illi
856 5138 991 5201 sunt.
1023 5128 1147 5182 "me
1195 5132 1355 5185 verba
1393 5133 1586 5201 quibus
1613 5135 1764 5190 Pauli

202 5188 507 5251 Samosaieni
541 5188 879 5266 aliorumque
913 5200 1286 5256 haereticorum
1317 5188 1432 5257 Filii
1471 5206 1559 5258 Det
1588 5188 1763 5262 iocur-—

201 5268 438 5345 nationem
459 5271 765 5345 negantium
789 5273 1052 5345 sententia
1069 5273 1379 5328 doctissime
1397 5292 1462 5330 ex
1487 5277 1760 5345 Scriptura

201 5339 504 5419 FODVlttCilI-ll‘
527 5356 590 5419 ac
621 5341 904 5419 refutatur.
941 5343 1064 5419 hinc
1092 5361 1260 5419 usque
1286 5350 1351 5400 ad
1385 5347 1541 5402 linem
1567 5339 1758 5419 episto-

201 5404 252 5486 ire
295 5409 466 5490 haberi
508 5413 732 5490 epistola
779 5430 794 5490 1
843 5415 1035 5490 Leonis
1064 5417 1128 5490 ad
1163 5404 1396 5472 LeOuetn
1438 5404 1757 5490 Augustum,

202 5484 242 5600 il?
269 5484 492 5624 margine
522 5484 682 5553 hujus
710 5486 951 5552 epistolae.
984 5487 1170 5542 Surius
1198 5491 1493 5545 annotavit.
1526 5484 1758 5564 ’(ὃενειιζ

240 5567 377 5606 istos.

240 5567 377 5606 INIUS.

261 5624 330 5694 (Et)
439 5627 568 5705 Leo,
597 5631 807 5705 cp.‘9_7,
834 5646 901 5685 ex
935 5647 1034 5700 qua
1073 5631 1182 5705 jam
1206 5647 1365 5702 supra
1386 5634 1629 5705 quaedam
1659 5637 1757 5693 de-

203 5690 424 5777 lib'amnin
470 5690 858 5777 lhEutvchiano
886 5690 1038 5774 pa'ptc
1073 5690 1286 5760 'tributa'
1332 5690 1581 5777 epistola.
1623 5690 1783 5767 Vide

205 5779 304 5836 pag.
333 5766 453 5837 9M,
479 5769 539 5826 C.

1875 4739 1982 4776 non
2022 4726 2166 4793 agit;
2202 4730 2258 4775 et
2288 4719 2412 4789 quid
2449 4720 2537 4783 sit,
2567 4717 2711 4789 quod
2746 4716 2978 4772 Verbum
3024 4716 3141 4770 sine
3170 4730 3333 4768 carne
3363 4729 3470 4770 non

1873 4815 2056 4871 elﬁrit.
2087 4815 2214 4870 Sine
2242 4813 2403 4868 Verbi
2430 4813 2574 4866 enim
2609 4811 2844 4881 potentia
2874 4823 2972 4863 nec
3001 4807 3311 4878 conciperet
3337 4804 3464 4861 Vir-

1873 4923 1962 4979 go,
2011 4921 2108 4961 nec
2136 4915 2380 4976 pareret,
2431 4912 2486 4959 et
2531 4903 2648 4958 sine
2693 4901 2922 4956 veritate
2964 4902 3167 4964 carnis,
3215 4898 3469 4952 obvoluta

1875 5003 2067 5073 pannis
2099 5000 2322 5054 infantia
2349 4999 2712 5067 nonjaceret;
2738 4997 2854 5050 sine
2876 4994 3039 5050 Verbi
3067 4993 3323 5063 potentia,
3359 5006 3467 5046 non

1870 5095 2159 5151 adorarent
2189 5092 2327 5162 magi
2377 5107 2597 5160 puerum
2623 5133 2638 5158 ,
2687 5090 2840 5144 stella
2882 5088 3056 5143 indice
3083 5087 3458 5152 declaratum;

1868 5194 1988 5248 sine
2014 5193 2237 5246 veritate
2256 5186 2454 5250 carnis,
2472 5201 2575 5241 non
2588 5186 2870 5255 juberetur
2887 5181 3160 5236 transferri
3182 5181 3233 5233 in
3254 5178 3463 5248 IEgyp-

1870 5295 1980 5340 tum
2012 5299 2164 5351 puer,
2195 5291 2247 5338 et
2273 5283 2341 5337 ab
2369 5281 2603 5337 ilerodio
2635 5278 3008 5348 persecutione
3055 5274 3276 5330 subduci
3304 5289 3319 5337 ;
3347 5272 3466 5327 sine

1869 5378 2033 5433 Verbi
2075 5377 2310 5447 potentia
2363 5392 2465 5428 non
2517 5374 2724 5428 diceret
2772 5387 2873 5425 vox
2923 5368 3131 5431 Patris,
3181 5367 3346 5420 missa
3394 5365 3465 5421 de

1865 5471 2005 5528 caelo
2033 5488 2047 5526 :
2084 5469 2187 5524 llic
2215 5479 2285 5523 est
2319 5467 2492 5522 Filius
2518 5483 2659 5521 meus
2685 5466 2897 5520 dilectus
2919 5506 2933 5528 ,
2963 5463 3015 5515 in
3045 5477 3144 5532 quo
3169 5459 3294 5512 mihi
3322 5474 3465 5512 com-

1865 5566 2059 5638 ptas-ui,
2091 5565 2260 5636 ipsum
2293 5562 2466 5616 audite
2496 5559 2708 5635 (Matth.
2739 5575 2794 5613 111
2827 5568 2871 5610 et
2899 5555 3059 5625 xvn),
3091 5562 3144 5608 et
3164 5553 3281 5607 sine
3308 5552 3456 5608 veri-

1863 5671 1972 5718 tate
1994 5663 2170 5716 carnis
2188 5675 2292 5714 non
2313 5664 2702 5729 proteStarctur
2722 5651 2990 5706 Joannes:
3023 5646 3156 5700 Ecce
3175 5663 3340 5719 agnus
3362 5645 3466 5701 Dei

1864 5774 1978 5814 ecce
2029 5755 2117 5827 qui
2159 5753 2293 5809 tollit
2344 5760 2550 5822 peccata
2576 5746 2754 5802 mundi
2805 5742 3013 5817 (Joau.,
3046 5739 3109 5812 t).
3142 5741 3272 5800 Sine
3299 5740 3461 5798 Verbi
