3904 6316
1807 193 1962 202 3-,...—
1991 196 2031 202 -..

495 311 589 368 191

3163 223 3242 240 ’κο

1412 323 1502 386 DE
1539 325 1993 393 COMMODIANO
2031 332 2302 410 GAZ/EO,
2343 338 2622 401 ORIGINE
2647 343 2852 404 AFRO.
3640 359 3731 418 ιη

490 429 803 489 voluntariae
843 438 1171 508 paupertatis
1199 455 1438 498 amorem
1469 446 1670 516 optime
1715 463 2068 520 prosecutus,
2101 458 2146 516 A
2176 455 2482 514 christiana:
2511 475 2700 529 expers
2719 506 2734 530 ,
2766 463 2997 520 ethnicae
3023 481 3154 523 vero
3181 471 3535 541 superstitioni
3573 476 3723 538 adhuc

490 521 830 580 studentibus
874 527 1238 586 inculcavit».
1286 534 1412 591 Haec
1456 538 1762 597 Gennadius
1797 562 1810 596 :
1859 561 1926 601 ex
1967 562 2076 615 quo

487 616 710 683 paucula
755 617 1020 678 Honorius
1049 640 1262 696 quoque
1291 631 1794 701 Augustodunensis
1823 637 1925 710 (l).
1969 639 2076 696 Sed

487 715 612 776 post
641 711 1024 770 massiliensem
1057 720 1430 793 presbyterum
1462 727 1703 784 meminit
1730 730 1889 785 etiam
1913 733 2074 789 Com-

486 799 720 857 modiani
747 801 994 863 Gelasius
1018 824 1275 868 romanus
1302 817 1571 885 pontifex,
1601 821 1744 877 illius
1772 838 1908 896 opus
1933 827 2076 885 inter

484 897 814 968 aprocrypha
843 900 896 954 in
924 915 1025 956 suo
1051 904 1276 962 decreto
1301 925 1614 968 recensens.

553 985 745 1043 Auctor
770 990 1010 1049 Castrum
1032 1013 1086 1052 se
1111 1001 1372 1069 nominat,
1393 1020 1485 1058 cur
1509 1021 1624 1060 vero
1638 1007 1664 1061 Ξ)
1681 1037 1752 1048 -
1767 1008 1926 1082 Cujus
1945 1030 2074 1072 vero

480 1077 639 1138 fuerit
662 1082 749 1141 hic
778 1098 982 1157 auctor,
1014 1093 1170 1162 plane
1200 1097 1622 1170 incompertum,
1667 1077 1965 1164 tacentibus
2003 1111 2073 1167 de

479 1176 648 1243 patria
680 1179 797 1247 ejus
825 1183 1062 1255 antiquis
1090 1187 1465 1259 scriptoribus.
1494 1193 1744 1251 Nonnulli
1773 1213 1894 1254 eum
1927 1201 2072 1260 Italis

477 1282 540 1323 ac
571 1268 826 1330 Romanis
850 1278 1145 1335 ascribunt.
1171 1282 1270 1350 Qui
1296 1298 1418 1339 eum
1443 1285 1628 1342 Afrum
1656 1287 1822 1347 fuisse
1849 1303 2067 1364 putant,

476 1363 839 1432 conjecturam
859 1367 1126 1427 ‘adhibent
1155 1389 1261 1430 non
1292 1377 1448 1448 plane
1473 1384 1943 1442 contemnendam.
1969 1363 2073 1443 Ga-

481 1469 643 1508 sarum
681 1458 894 1527 quidem
936 1477 996 1520 se
1037 1465 1212 1536 ipsum
1257 1481 1411 1525 vocat
1453 1471 1530 1545 (2)
1560 1491 1574 1528 :
1605 1485 1782 1531 utrum
1818 1489 1998 1536 autem
2038 1497 2069 1536 a

474 1545 615 1603 Gaza
661 1551 957 1612 Palaestinae
1001 1559 1167 1624 urbe,
1209 1564 1330 1633 quis
1372 1574 1486 1621 tuto
1527 1567 1864 1628 adlirmarit?
1905 1575 2069 1648 Atqui

471 1654 604 1700 vero
631 1647 848 1715 propius
874 1650 1098 1708 eruditis
1124 1654 1335 1712 videtur
1361 1656 1464 1730 (5),
1495 1661 1666 1731 ipsum
1693 1675 1974 1736 propterea
1998 1647 2070 1724 ita

473 1747 534 1792 se
559 1739 898 1810 appellasse,
929 1746 1072 1814 quod
1103 1746 1155 1802 in
1187 1747 1602 1809 Christianorum
1633 1769 1831 1813 cretum
1863 1761 2066 1818 admis-

2177 552 2423 610 addictus
2446 565 2590 610 esset
2607 554 3043 628 Commodianus,
3071 572 3125 618 et
3151 563 3206 620 in
3236 565 3465 624 wnebris
3490 577 3720 642 supersti-

2179 645 2430 702 tiosarum
2457 658 2510 703 et
2533 650 2816 720 impiarum
2839 654 3078 723 gentium
3098 668 3421 728 versaretur,
3452 662 3536 719 Dci
3560 682 3722 727 mune-

2176 755 2236 796 re
2254 742 2478 808 accidit,
2508 753 2566 798 ut
2589 747 2754 802 sacris
2778 747 2974 804 litteris
2993 751 3305 808 evolvendis
3327 753 3626 815 incumbens
3640 803 3655 825 ,
3670 779 3726 818 ex

2175 848 2357 890 earum
2388 837 2619 894 lectione
2644 855 2674 894 e
2702 850 2860 898 nocte
2886 843 2975 899 illa
2998 848 3199 903 sensim
3221 862 3540 922 emergeret,
3559 869 3618 911 ac
3638 873 3732 916 rte-

2176 927 2293 984 lesli
2328 931 2528 988 lumine
2565 934 2940 1002 collustratus,
2973 937 3191 995 Christo
3219 957 3409 998 nomen
3447 944 3592 1002 daret
3628 947 3726 1023 (l):

2174 1022 2317 1092 quod
2340 1024 2555 1094 quidem
2583 1028 2830 1085 evenisse
2853 1030 2980 1086 item
3007 1030 3218 1089 Justino
3244 1035 3487 1109 Martyri,
3512 1022 3726 1109 Tatiano,

2173 1115 2427 1189 aliisque,
2456 1134 2522 1174 ex
2547 1135 2734 1176 eorum
2766 1126 3129 1180 monumentis
3157 1129 3325 1197 probe
3353 1130 3604 1190 novimus.
3634 1134 3725 1192 Do-

2173 1209 2346 1264 ctrina
2386 1209 2568 1282 itaque
2598 1214 2816 1270 salutari
2847 1216 3200 1274 conﬁrmatus
3219 1262 3235 1284 ,
3268 1222 3491 1295 ﬁdeique
3518 1227 3628 1281 zelo
3652 1243 3728 1286 aco

2172 1317 2400 1373 census,
2441 1306 2506 1359 ad
2545 1311 2930 1381 expugnandos
2973 1313 3241 1384 imprimis
3283 1317 3474 1375 divina:
3517 1322 3728 1380 veritatis

2174 1396 2406 1453 hostium
2449 1415 2665 1458 errares
2707 1419 2766 1459 se
2804 1408 3105 1473 convertit,
3153 1425 3479 1483 operamque
3513 1429 3651 1470 suam
3687 1416 3731 1474 in

2174 1490 2481 1547 refellendis
2512 1493 2725 1550 illorum
2752 1499 3034 1554 erroribus
3060 1501 3274 1572 posuit;
3306 1501 3464 1573 hujus
3489 1504 3636 1575 igitur
3659 1507 3730 1562 in-

2173 1581 2342 1636 stituti
2371 1597 2530 1638 causa
2564 1584 2802 1641 libellum
2832 1590 3153 1660 conscripsit
3181 1591 3285 1647 sub
3327 1594 3508 1651 titulo:
3555 1594 3731 1650 Instru-

2172 1673 2360 1728 ctiones
2378 1675 2622 1731 adversus
2642 1682 2866 1749 gentium
2887 1677 3028 1734 Deos
3050 1698 3144 1749 pro
3168 1684 3448 1740 christiana
3466 1686 3726 1756 disciplina.

2171 1763 2494 1821 Persnrinxit
2535 1769 2590 1822 in
2635 1784 2697 1823 ea
2738 1769 2872 1826 falsa
2907 1773 3146 1843 gentium
3179 1777 3430 1844 numina,
3463 1794 3730 1850 pravosque

470 1843 562 1884 sus
581 1872 597 1897 ,
646 1848 678 1887 e
715 1836 1104 1909 gazophylacio
1125 1883 1140 1906 ,
1170 1858 1267 1899 seu
1297 1843 1558 1904 Ecclesia:
1586 1849 1839 1909 thesauro
1867 1857 2066 1913 victum
2097 1861 2146 1920 B
2172 1859 2370 1927 cultus,
2392 1872 2447 1915 et
2467 1863 2712 1932 quamvis
2739 1864 2937 1935 ingenii
2967 1877 3130 1938 atque
3150 1870 3285 1926 artis
3312 1875 3608 1941 pra-Stantia
3635 1872 3732 1930 heic

470 1925 761 1996 acciperet.
796 1933 964 1997 Quam
998 1935 1214 2004 quidem
1255 1939 1619 2010 conjecturam
1661 1946 1890 2016 ipsemet
1929 1964 2062 2006 con-

469 2015 682 2074 ﬁrmare
707 2035 981 2091 censetur,
1011 2025 1140 2082 dum
1168 2031 1455 2088 mendicum
1483 2015 1756 2095 Christiise
1784 2042 2061 2109 nominat,

470 2110 547 2165 uti
579 2125 644 2167 ex
675 2112 1046 2174 instructionis
1083 2121 1287 2180 ultimae
1321 2126 1550 2196 litteris,
1581 2147 1701 2202 qua:
1745 2149 1935 2191 versus
1980 2136 2063 2192 in-

466 2202 668 2261 cboant
692 2249 707 2274 ,
738 2221 886 2265 retro
914 2227 1130 2270 sursum
1163 2219 1435 2290 legendis,
1467 2229 1848 2296 comperimus.

537 2296 663 2368 Afer
686 2301 1024 2360 existimatur.
1054 2306 1184 2364 Utut
1208 2311 1309 2379 sit,
1343 2314 1658 2375 Dodwellus
1681 2320 1868 2378 Afrum
1898 2325 2064 2383 fuisse

465 2389 910 2452 Commodianum
935 2415 1006 2454 ex
1029 2415 1096 2456 eo
1123 2406 1343 2474 conjicit
1367 2409 1450 2480 (4)
1479 2413 1620 2483 quod
1649 2416 1818 2472 multa
1844 2419 1956 2474 suis
1982 2421 2063 2476 in-

463 2485 848 2545 structionibus
871 2490 1068 2549 habeat
1087 2510 1210 2553 cum
1231 2511 1420 2558 sancto
1440 2505 1710 2577 Cypriano
1732 2514 2061 2570 communia.

465 2573 524 2632 In
547 2579 792 2637 eamdem
818 2598 981 2654 porro
1001 2593 1323 2648 sententiam
1349 2573 1632 2666 praeiverat
1657 2602 1915 2676 Rigaltius
1947 2608 2060 2682 (5):

465 2683 575 2741 quo
600 2671 784 2742 judice
804 2717 820 2742 ,
851 2679 1026 2747 stylus
1055 2686 1294 2742 auctoris
1321 2687 1576 2748 africana:
1603 2694 1816 2752 ferocia:
1847 2701 2064 2756 rustici-

465 2773 628 2826 tatem
657 2771 831 2844 sapit;
860 2789 981 2846 qua:
1014 2788 1190 2836 tamen
1223 2782 1290 2838 ad
1322 2787 1570 2844 acumina
1600 2789 1932 2861 Tertulliani,
1960 2794 2064 2868 Cy-

463 2863 673 2934 priani,
724 2866 939 2926 Minucii
992 2889 1098 2930 non
1151 2876 1520 2950 infrequenter
1561 2884 1772 2942 alludit.
1823 2863 2064 2948 Suadere

463 2955 685 3028 insuper
709 2961 960 3020 videntur
983 2968 1167 3036 judice
1205 2972 1384 3031 Gaveo
1415 2976 1529 3047 (6),
1560 2993 1680 3050 qua:
1710 2996 1937 3053 usurpat
1967 3001 2062 3041 vo-

463 3053 674 3122 cabula,
705 3058 839 3115 afris
867 3061 1219 3134 scriptoribus
1245 3084 1383 3140 pene
1411 3073 1647 3142 propria,
1677 3074 1932 3146 Zabulus,
1963 3081 2062 3136 Za—

460 3160 627 3203 cones
649 3191 665 3217 ,
704 3161 806 3208 etc.

2171 1952 2350 2009 minus
2389 1965 2679 2025 appareat,
2726 1958 2858 2014 satis
2899 1969 3076 2016 tamen
3108 1961 3436 2033 singularem
3467 1966 3726 2021 sanctimo-

2171 2046 2314 2102 niam
2331 2089 2348 2114 ,
2372 2063 2683 2122 verumque,
2713 2065 2814 2107 nec
2838 2052 3148 2110 simulatum
3174 2071 3302 2128 erga
3331 2058 3496 2115 Deum
3521 2072 3727 2114 amorem

2170 2137 2484 2197 declaravit.

2168 2253 2186 2293 ι.
2240 2230 2461 2304 Tempus
2489 2235 2783 2304 inquiritur,
2813 2254 2911 2306 quo
2941 2239 3129 2295 claruit
3159 2239 3569 2298 Commodianus.
3589 2272 3653 2284 —
3671 2242 3727 2299 De

2167 2333 2348 2390 :etate,
2379 2344 2484 2398 qua
2511 2332 2706 2386 vixerit
2729 2332 3182 2402 Commodianus,
3210 2337 3408 2393 eruditi
3437 2353 3539 2393 non
3564 2351 3730 2393 conre-

2170 2419 2344 2475 niunl.
2377 2421 2636 2494 Rigaltius
2669 2424 2771 2498 ('2),
2805 2426 3060 2497 Dupinius
3088 2429 3194 2500 (5),
3228 2429 3531 2486 Ceillierius
3557 2430 3731 2504 (4)110-

2168 2512 2344 2568 ruisse
2373 2527 2496 2567 eum
2531 2524 2717 2583 putant
2747 2518 3083 2573 Constantini
3116 2519 3294 2592 Magni
3337 2521 3576 2592 imperio,
3601 2532 3732 2592 atque

2169 2605 2270 2660 sub
2311 2606 2625 2676 pontiﬁcatu
2665 2611 2836 2664 sancti
2877 2609 3172 2682 Sylvestri,
3205 2616 3378 2685 cujus
3415 2613 3658 2686 pontiﬁcis
3688 2614 3730 2668 in

2167 2696 2381 2766 scriptis
2433 2698 2543 2752 suis
2595 2697 3038 2758 Commodianum
3091 2705 3446 2772 meminisse,
3500 2705 3731 2762 communi

2167 2791 2497 2847 eruditorum
2538 2793 2789 2864 opinione
2833 2794 3022 2852 fertur.
3071 2797 3446 2870 Antiquiorem
3490 2809 3650 2855 tamen
3683 2812 3731 2852 ac

2165 2884 2436 2956 Cypriane
2462 2886 2546 2941 vel
2570 2888 2830 2958 aequalem
2850 2931 2866 2954 ,
2895 2890 2980 2945 vel
3009 2905 3300 2961 supparem
3331 2893 3495 2950 fuisse
3523 2891 3734 2948 Dodwel-

2167 2979 2253 3034 lus
2295 2982 2502 3036 censuit
2540 2982 2655 3053 (5');
2700 2997 2867 3053 quare
2894 2983 3136 3051 Caveus,
3170 3000 3294 3040 cum
3325 2986 3378 3042 in
3410 2987 3572 3055 prima
3599 2984 3732 3040 Com-

2165 3074 2413 3128 mentarii
2455 3075 2538 3128 sui
2577 3073 2647 3129 de
2684 3075 3035 3145 scriptoribus
3075 3076 3460 3133 ecclesiasticis
3499 3075 3729 3140 editione,

2166 3165 2306 3221 inter
2341 3167 2517 3238 quarti
2556 3167 2737 3223 saeculi
2779 3168 3072 3238 scriptores
3099 3167 3544 3225 Commodianunt
3572 3181 3732 3224 recen—

540 3239 623 3297 Ex
649 3246 852 3304 ειιιηίεα
879 3255 1239 3323 σπρενειίιίοηε
1264 3261 1334 3313 αα
1361 3262 1515 3329 ﬁdem
1540 3262 1733 3320 Clu-5m-
1755 3283 2060 3339 convmu,’
2088 3261 2132 3324 C
2167 3258 2394 3325 suisset,
2423 3260 2476 3314 in
2505 3260 2671 3315 altera
2701 3260 2992 3316 Oximiensi
3021 3260 3259 3319 editione
3295 3262 3551 3319 Dodvvelli
3575 3259 3731 3330 conje-

462 3333 687 3391 libellum
709 3356 821 3394 com
825 3344 1012 3412 posuit.
1033 3344 1061 3399 1
1070 3351 1410 3408 nstructiones
1425 3353 1667 3412 adversus
1685 3360 1910 3429 gentium
1927 3361 2063 3419 Deos

459 3427 779 3502 inscriptum.
803 3466 876 3477 —
895 3437 1028 3495 Ortu
1054 3451 1104 3497 el
1134 3444 1279 3499 cultu
1306 3445 1476 3504 fuisse
1500 3452 1795 3513 cthnicum.
1823 3457 1955 3510 satis
1981 3459 2062 3514 in-

461 3521 605 3579 dicat
631 3526 745 3597 ipse
762 3544 894 3604 ‘cum
924 3531 976 3587 in
989 3536 1324 3604 praefatione
1349 3541 1452 3614 (7),
1482 3551 1593 3598 tum
1619 3543 1746 3602 dum
1772 3548 1901 3604 alibi
1924 3564 2056 3620 gen-

461 3615 581 3673 tiles
610 3620 687 3674 sic
716 3622 1010 3694 alloquitur
1040 3626 1121 3700 (8)
1147 3647 1161 3684 :

635 3736 697 3789 Et
720 3751 834 3803 ego,
861 3744 944 3805 qui
968 3757 1165 3809 moueo,
1190 3749 1322 3800 idem
1343 3750 1440 3813 fui,
1468 3755 1669 3804 nescius
1691 3766 1879 3806 errans.

460 3839 590 3900 lnde
619 3844 978 3907 Instruclione
1010 3869 1131 3922 LXI,
1165 3873 1220 3910 se
1248 3858 1312 3910 de
1341 3859 1518 3912 cloaca
1547 3861 1768 3916 levatum
1805 3863 1971 3928 dicit,
2003 3864 2056 3920 id

458 3946 561 4006 est,
606 3939 675 3996 de
706 3947 905 4000 sreculo
924 3986 940 4012 ,
969 3945 1039 4004 de
1070 3949 1399 4008 idololatria.
1433 3953 1565 4010 Cum
1594 3956 1756 4026 igitur
1782 3958 2057 4030 religionis

457 4077 779 4160 adcinsIruct.
802 4098 990 4160 xxxiii,
1010 4083 1132 4140 huic
1146 4089 1427 4145 sententiae
1451 4091 1564 4160 ipse
1584 4106 1687 4146 non
1709 4094 1935 4151 multum
1958 4098 2055 4152 tri-

457 4148 623 4222 buit)
663 4154 752 4222 qui
796 4148 1058 4226 SylveStri
1109 4162 1377 4229 pontilicis
1423 4148 1750 4219 mentionem
1801 4148 1934 4222 fieri
1962 4148 2053 4223 iii.

456 4230 634 4276 struet.
661 4239 858 4289 χχχιιι,
881 4243 930 4280 v.
957 4229 1012 4293 5,
1037 4245 1141 4284 non
1171 4232 1464 4293 dubitavit:
1497 4236 1564 4288 ita
1585 4238 1728 4290 enim
1750 4239 1896 4293 illum
1928 4256 2051 4294 ver-

456 4305 575 4380 sum
619 4295 744 4380 legit
756 4313 777 4380 Ξ
808 4296 1010 4380 Intrate
1034 4304 1250 4380 stabulis
1279 4306 1534 4378 Sylvestri
1559 4308 1629 4361 ad
1655 4325 1883 4380 prazsepe
1911 4310 2047 4366 Pas-

456 4364 602 4440 toris:
633 4365 836 4440 (_‘._onfer
863 4369 1064 4426 Barthii
1098 4364 1388 4432 Adversa}.
1421 4394 1542 4440 LIII,
1576 4379 1631 4435 5.

643 4435 844 4520 ﬂonor.
867 4444 1188 4520 Augustudu
1211 4447 1274 4501 de
1305 4434 1558 4520 Scriptor.
1580 4434 1734 4518 eccl.,
1754 4452 1792 4506 l.
1813 4469 1869 4519 ιι,
1890 4468 1940 4508 c.
1960 4454 2048 4510 15.

563 4435 610 4499 l)
643 4435 844 4492 Honor.
867 4444 1188 4511 Augustud..
1211 4447 1274 4501 de
1305 4449 1441 4520 Scrij

528 4435 610 4649 g2)
640 4505 947 4572 Cmnmod.,
981 4513 1228 4570 Instruct.
1263 4535 1441 4574 Lxxx.

553 4579 609 4642 5)
654 4577 895 4635 Gazam»:
935 4599 994 4640 se
1039 4599 1222 4649 vocat,
1270 4607 1374 4644 nun
1407 4608 1432 4643 a

553 4579 609 4642 5)
654 4577 895 4662 Gaswum
935 4599 994 4640 se
1039 4599 1222 4662 vocat,
1270 4607 1374 4644 null
1407 4592 1474 4645 ab
1500 4592 1634 4649 urbe
1661 4595 1869 4662 aliqua,
1908 4595 2051 4652 Gaza

2165 3353 2332 3408 cturis
2361 3365 2538 3410 motus
2561 3355 2616 3410 iu
2639 3355 2828 3411 eadem
2854 3371 2975 3411 cum
3007 3356 3123 3428 ipso
3148 3361 3474 3415 sententiam
3503 3358 3638 3414 abiit.
3665 3353 3729 3410 Ad

2167 3456 2406 3516 tempora
2455 3449 2634 3504 εωοιιιί
2687 3450 2910 3505 secundi
2960 3453 3262 3522 vergentis,
3317 3454 3432 3510 sive
3477 3448 3730 3509 desinentis

2163 3539 2412 3596 eumdem
2446 3543 2606 3596 refert
2637 3542 2974 3598 Sebastianus
3006 3542 3165 3599 Pauli
3195 3547 3318 3619 (6),
3348 3547 3574 3602 clericus
3600 3557 3730 3614 regu-

2161 3631 2290 3688 laris
2317 3634 2368 3688 in
2399 3634 2775 3690 dissertatione
2800 3636 2981 3692 italice
3005 3636 3145 3694 edita
3169 3637 3422 3710 Neapoli,
3450 3640 3601 3702 l7“,
3623 3637 3669 3694 in
3685 3635 3729 3689 8“

2162 3728 2225 3781 de
2259 3726 2407 3782 Ροεεὶ
2435 3727 2542 3783 SS.
2579 3726 2796 3783 Patrum
2820 3747 3134 3802 grwcorum,
3169 3731 3546 3804 latinorumque
3570 3733 3620 3786 in
3643 3728 3728 3801 pri-

2133 3857 2136 3876 ;
2160 3825 2254 3877 mis
2284 3822 2524 3878 Ecclesia:
2547 3821 2738 3878 Christi
2757 3827 2976 3881 sarculis.

2232 3916 2524 3973 Gennadius
2554 3935 2823 3989 expensus.
2853 3951 2924 3961 —
2951 3920 3004 3976 Si
3035 3937 3161 3976 vero
3190 3921 3532 3979 Gennadium
3573 3918 3728 3976 audia-

2158 4027 2309 4077 mus,
2362 4013 2701 4069 statuendum
2758 4015 2969 4071 videtur
3015 4017 3213 4072 smculo
3265 4035 3343 4085 tv,
3397 4028 3456 4073 ut
3503 4015 3728 4077 nimium.

2158 4106 2352 4163 vixisse
2371 4107 2816 4164 Goutmodianum
2837 4128 2852 4165 :
2875 4111 2947 4164 ait
2967 4111 3109 4165 enim
3128 4153 3144 4178 ,
3175 4113 3356 4181 ipsum
3391 4111 3731 4167 Tertulliamun

2157 4212 2202 4258 et
2234 4202 2586 4271 Laclantium,
2617 4214 2665 4258 et
2695 4203 2916 4274 Papiam
2946 4215 3175 4259 auctores
3201 4207 3366 4276 fuisse
3393 4217 3629 4261 secutum.
3657 4203 3732 4255 At-

2155 4311 2262 4366 que
2288 4294 2428 4352 hanc
2459 4296 2623 4352 fuisse
2651 4296 2867 4367 quidem
2890 4297 3150 4353 Gennadii
3173 4299 3498 4354 sententiam
3524 4295 3730 4368 plerique

2156 4389 2546 4446 existimarunt.
2578 4390 2773 4445 Verum
2805 4391 2850 4445 si
2877 4391 2994 4460 ejus
3017 4391 3178 4446 verba
3205 4393 3441 4460 penitius
3468 4388 3730 4461 iuSpician-

2156 4492 2262 4548 tur,
2293 4499 2398 4538 non
2428 4493 2553 4539 sunt
2579 4483 2807 4541 fortasse
2830 4486 2898 4541 de
2921 4486 3088 4540 nostri
3118 4487 3404 4557 scriptoris
3425 4493 3580 4540 aetate
3601 4478 3733 4535 intel-

2154 4577 2366 4649 ligenda
2384 4619 2400 4644 ,
2424 4578 2518 4635 sed
2549 4581 2726 4650 potius
2754 4580 2821 4636 dc
2847 4580 3056 4652 placitis
3079 4581 3378 4648 nonnullis,
3404 4595 3524 4652 qua:
3550 4593 3604 4633 re
3626 4586 3730 4630 vera

454 4648 595 4732 dicta
618 4655 756 4732 ;nsed
784 4670 810 4704 :t
839 4669 993 4723 gazo,
1040 4673 1133 4714 seu
1166 4648 1421 4718 Ecclesia:
1451 4648 1723 4730 thesauro,
1753 4648 1869 4721 in};
1899 4648 2049 4724 οἶὶὲιὶῐ
2071 4663 2126 4722 1)
2152 4687 2274 4728 cum
2304 4673 2370 4727 iis
2394 4675 2703 4729 auctoribus
2731 4673 2982 4730 habuisse
3006 4676 3313 4732 communia
3340 4671 3732 4731 Commodianus

455 4720 617 4809 [trudit
641 4720 1055 4809 Cttuatltddianus
1080 4731 1377 4809 dicebatur.
1412 4735 1525 4809 Hoc
1555 4720 1748 4793 nomen
1765 4720 1893 4794 erat
1920 4756 2050 4809 gen-

455 4791 660 4880 tilium;
707 4795 874 4880 illud,
921 4798 1252 4880 fhristianus
1295 4805 1406 4873 jam
1456 4807 1628 4863 factus
1668 4791 2043 4880 stn':.‘.’ai‘an‘;

455 4862 616 4946 idque
647 4880 753 4920 non
785 4867 884 4921 alia
918 4869 1098 4951 forsan
1132 4862 1342 4932 ratione
1366 4920 1380 4939 .
1409 4895 1566 4946 quam
1595 4862 1742 4949 quoii
1769 4893 1888 4951 post
1917 4862 2048 4939 con:

453 4936 759 5012 versionem
791 4954 990 5008 pauper
1016 4944 1207 5012 foetus,
1235 4963 1300 5002 ex
1329 4936 1882 5009 con-tinuui'Et-clesite
1911 4971 2044 5009 tera-

452 5007 536 5084 rio
565 5007 880 5084 nutriretur.
909 5012 1062 5070 Unde
1090 5029 1144 5073 ot
1170 5007 1458 5073 mendicum
1481 5021 1671 5078 Christi
1695 5007 2040 5084 senominat.

451 5077 608 5161 Ca'vn
640 5079 779 5161 {list
811 5083 1052 5161 lit_terar.,
1083 5097 1219 5146 tom.
1251 5107 1299 5155 ι,
1334 5108 1453 5161 pag.
1490 5095 1590 5149 156
1616 5105 1671 5150 et
1697 5077 1827 5151 ~2‘37.

523 5150 609 5293 (4;
640 5153 922 5225 Dmlwell.,
955 5159 1212 5216 dissertat.
1245 5150 1309 5218 de
1335 5150 1509 5219 Ἀῗὲαι.
1541 5150 1831 5239 Commod,
1865 5169 1893 5243 §
1923 5171 1978 5227 9.

551 5225 582 5275 5
643 5225 860 5293 lligalt.,
895 5233 1099 5293 pra‘fal.
1132 5235 1198 5288 ad
1227 5234 1507 5292 Commnd.

551 5225 609 5302 ᾗ)
643 5225 860 5302 lligalt.,
895 5233 1099 5302 praefat.
1132 5235 1198 5288 ad
1227 5234 1507 5292 Commnd.

521 5295 604 5364 (6)
634 5297 839 5352 Caveus
859 5342 874 5366 ,
895 5295 1027 5357 loco
1054 5306 1146 5360 cit.

535 5386 608 5448 (7)
697 5387 810 5458 ligo
830 5390 1058 5442 similiter
1081 5399 1242 5448 erravi
1269 5405 1492 5458 tempore
1523 5403 1676 5454 multo

697 5449 840 5500 Fama
864 5460 1214 5562 {,rosequendo
1235 5474 1247 5508 :
1274 5449 1568 5522 parentibus
1580 5449 1766 5516 insiciis
1788 5469 1908 5531 ipsis

704 5513 858 5562 Abstu
882 5518 895 5562 ί
922 5531 1002 5562 me
1028 5521 1225 5562 [antle
1252 5525 1366 5562 inth
1426 5525 1637 5562 Innunrln
1661 5530 1726 5562 da
1755 5530 1869 5562 Iano

704 5513 895 5564 Abstuli
922 5513 1226 5594 meliandem
1252 5513 1366 5594 inde
1383 5564 1397 5583 ,
1416 5513 1889 5594 legendoidewlege:

983 5583 1288 5651 (Commod.
1318 5587 1369 5641 in
1405 5583 1649 5660 Prin/at”
1685 5607 1741 5648 ν.
1773 5583 1907 5648 tl:—
1929 5595 2010 5667 6.)

520 5662 598 5734 (8)
624 5663 908 5751 Commod.
939 5673 1172 5732 instruct.
1219 5694 1433 5748 xxxnt,
1465 5696 1518 5736 v.
1543 5682 1670 5751 491,
1721 5694 1778 5741 et
1807 5662 2042 5746 instruet.

449 5747 660 5805 χχχιιι,
690 5753 743 5794 v.
775 5742 917 5798 574:

699 5828 838 5884 Gens
863 5843 916 5886 et
937 5851 1035 5900 ego
1057 5843 1131 5892 sui
1155 5856 1391 5908 perversa
1412 5854 1582 5904 mente
1605 5853 1838 5913 moratus,
1937 5837 2047 5911 .1“..-
2080 5922 2088 5926 _

2149 4767 2516 4836 comperitur:
2560 4767 2794 4838 alioquin
2841 4766 3098 4822 dicendus
3143 4777 3294 4824 esset
3341 4769 3620 4839 presbyter
3654 4759 3732 4818 ille

2151 4861 2502 4916 massiliensis
2549 4863 2861 4928 censuisse,
2913 4861 3129 4933 Papiam
3178 4862 3516 4918 Tertulliano
3551 4868 3603 4914 et
3641 4856 3730 4910 La-

2149 4955 2353 5009 ctantio
2373 4953 2535 5009 fuisse
2558 4955 2934 5024 posteriorem,
2955 4971 3112 5026 quem
3134 4955 3385 5012 videlicet
3405 4950 3731 5024 scriptoribus

2149 5050 2255 5105 illis
2295 5051 2570 5121 subjiciat;
2613 5051 2756 5121 quod
2797 5067 2927 5106 sane
2971 5051 3246 5108 affirmare
3294 5069 3402 5108 non
3447 5052 3732 5146 ausimuttt

2149 5144 2405 5214 proinde,
2440 5157 2563 5199 meo
2589 5142 2802 5213 quidem
2830 5142 3064 5213 judicio,
3105 5144 3238 5200 illud
3271 5145 3451 5201 solum
3482 5143 3544 5198 iis
3570 5135 3728 5196 verbis

2229 5342 2309 5428 (1)
2338 5342 2701 5428 Ερωςηοάλίη
2722 5342 2977 5428 ,ιξναξιαω
3004 5343 3206 5428 Versus
3231 5347 3267 5400 4
3295 5376 3367 5388 -
3393 5345 3448 5401 6.

2227 5413 2309 5545 (Ξ)
2339 5414 2556 5483 Rig:tlt.,
2593 5414 2807 5498 Prtefat.
2836 5417 2890 5470 in
2916 5413 3389 5472 Commodianum.

2228 5488 2285 5545 (5
2345 5488 2562 5545 υιιυίη..
2605 5486 2739 5542 Bibl.
2781 5488 2866 5540 des
2906 5489 3144 5545 Auteurs.
3188 5499 3321 5545 tom.
3366 5507 3414 5545 ι.
3457 5504 3510 5545 D.
3548 5483 3648 5545 526
3678 5489 3726 5537 el

2228 5486 2309 5614 (ὃ)
2345 5488 2562 5555 Dupin.,
2605 5486 2739 5542 Bibl.
2781 5488 2866 5540 des
2906 5489 3144 5570 Auteurs,
3188 5499 3321 5545 tom.
3366 5507 3414 5554 ι,
3457 5504 3510 5563 p.

2155 5558 2302 5641 52”:
2327 5560 2377 5641 in
2404 5558 2525 5641 ﬁgit.
2557 5560 2688 5641 edit.
2719 5558 2918 5641 Colon:
2942 5559 3142 5641 latium.
3473 5633 3498 5641 Α

2229 5629 2308 5716 (ξ)
2334 5631 2592 5716 Geillier.,
2617 5629 2753 5716 lli-st.
2781 5628 3050 5716 General:
3067 5642 3197 5686 tom.
3223 5648 3300 5716 ιχ,
3327 5647 3447 5716 cap.
3466 5633 3519 5716 6,
3543 5645 3578 5701 p

2227 5697 2305 5774 (5)
2326 5702 2649 5793 "laudae";
2671 5699 2887 5756 Dissert.
2917 5702 2982 5756 de
3010 5703 3367 5760 Commodiani
3395 5697 3570 5770 irate,
3596 5697 3724 5756 Oxo-

2153 5773 2258 5836 nii,
2288 5773 2460 5840 71698,
2493 5773 2671 5830 ili-8°.

2225 5845 2304 5917 (6)
2330 5845 2543 5903 Sebast.
2566 5844 2752 5914 Pauli,
2771 5843 2991 5904 Dissert.
3012 5847 3076 5902 de
3090 5847 3244 5906 Ροεεὶ
3261 5847 3350 5904 SS
3359 5887 3375 5905 .
3396 5845 3512 5902 PP.
3535 5838 3714 5917 p.180.
