3904 6316
173 225 261 284 195

1095 222 1184 284 ne
1207 177 1662 284 'couuomsso
1693 225 1969 298 samo,
2009 220 2294 292 omnium
2332 223 2536 292 AFRO.

3329 229 3430 293 194

169 339 442 396 insinuasse
483 335 791 394 Gennadius
832 336 1092 405 videatur,
1147 340 1590 398 Commodianum
1637 343 1739 397 ali-
1764 347 1815 406 Λ
1842 354 2010 400 strum
2043 348 2181 404 intra
2213 350 2353 404 tertii
2384 348 2568 405 saeculi
2624 347 2824 405 limites
2878 362 3002 406 esse
3051 349 3430 407 coercendum.

169 434 274 489 cubi
312 441 565 488 sectatum
608 431 800 500 fuisse,
845 450 964 505 qua:
1006 433 1197 502 Papias
1239 437 1501 506 primum,
1543 437 1740 492 deinde

169 526 501 582 Tcrtullianus
523 567 538 591 ,
564 541 627 581 ac
655 535 839 597 postea
868 526 1177 584 Lactantius
1202 530 1378 584 minus
1403 538 1547 586 recte
1573 530 1738 586 tradi-

171 620 363 678 derunt.

228 710 431 784 Rigaltii
456 713 704 768 sententia
729 713 896 769 minus
924 713 1190 785 probatur.
1214 746 1285 756 —
1305 715 1606 789 Utcumque
1634 718 1738 782 sit,

170 805 406 876 Rigaltius
433 805 698 862 Gennadii
729 807 1067 876 auctoritate,
1092 809 1166 864 uti
1190 809 1420 876 videtur,
1446 819 1740 882 permotus,

169 900 368 970 ejusque
406 901 573 956 verba
603 901 671 958 de
700 901 1070 958 Conunodiani
1110 912 1267 960 aetate
1295 905 1595 976 accipiens;
1624 922 1742 962 eam

169 1005 403 1064 praeterea
448 1012 518 1051 ex
564 996 730 1067 ipsius
776 998 1013 1053 auctoris
1060 998 1498 1069 instructiooibus
1543 1001 1743 1056 conﬁr-

1920 479 1938 512 ‹
1966 459 2187 530 Scripsit
2234 460 2648 518 Commodiauus
2693 463 2776 518 vel
2827 478 2958 533 pace
3010 463 3225 519 vixdum
3280 462 3437 534 plene

1842 552 2050 608 reddita
2073 597 2087 619 ,
2119 554 2202 609 vel
2236 557 2606 624 persecutione
2635 571 2758 610 mox
2789 556 3140 626 expectanda.
3177 555 3310 612 llinc
3339 573 3436 628 pa-

1842 662 1949 700 cem
1980 647 2244 701 subdolam
2276 657 2451 714 vocat,
2482 648 2731 705 Instruct.
2762 664 2890 714 va;
2924 659 2978 705 et
3008 650 3435 721 persecutionem

1843 738 2045 796 instare
2073 739 2230 794 dicit:
2261 741 2445 812 agonia
2471 758 2663 797 summe
2691 743 2993 814 propinqua,
3029 743 3277 800 Instruct.
3311 760 3402 800 Lm
3421 786 3438 812 ,

1845 849 1900 887 v.
1927 834 2014 889 lo.
2049 834 2263 890 Fideles
2295 846 2472 891 monet
2493 877 2508 900 ,
2539 845 2596 890 ut
2627 838 2952 908 martyribus
2982 839 3273 906 assistant,
3307 854 3439 908 seu,

1846 936 1905 981 ut
1945 926 2108 997 ipsius
2147 929 2314 983 verbo
2357 939 2492 996 utar,
2535 930 2954 1002 admartyrizent,
2995 931 3248 988 lnstroct.
3289 937 3441 1001 uno,

1846 1033 1899 1072 ν.
1938 1019 2036 1083 l9,
2079 1020 2164 1074 ubi
2197 1023 2360 1076 etiam
2399 1022 2654 1078 describit
2693 1041 2919 1094 pugnam
2954 1041 3070 1079 cum
3108 1027 3349 1088 tristitia,
3391 1035 3446 1082 et

169 1103 299 1144 mare
339 1103 627 1160 aggressus
673 1099 757 1146 est
803 1090 923 1164 (l):
977 1100 1128 1147 ratus
1181 1093 1434 1149 nimirum
1489 1095 1746 1164 temporis

1870 1114 2094 1180 patinam,
2125 1131 2243 1184 qua:
2269 1117 2488 1170 victoria:
2511 1090 3040 1183 donatum-lustrum.
3071 1135 3200 1174 Lxu.
3230 1117 3352 1190 Agit
3377 1118 3447 1175 dc

170 1185 480 1240 notationem
522 1184 623 1240 sibi
655 1183 822 1241 fuisse
856 1186 1121 1246 detectam
1153 1204 1256 1255 qua
1288 1190 1434 1244 illum
1470 1190 1747 1261 SylveStro

1871 1205 2039 1276 is,qui
2066 1209 2380 1278 martyrium
2407 1208 2658 1264 affectare
2687 1225 2796 1280 prae
2820 1226 2879 1266 se
2899 1210 3158 1277 ferebant,
3187 1210 3444 1268 Instruct.

171 1290 371 1331 romano
425 1277 705 1350 pontifici,
757 1286 918 1348 atque
965 1279 1102 1335 adeo
1150 1279 1502 1336 Constantino
1556 1282 1748 1353 Magno

1870 1312 1945 1363 .x,
1973 1313 2026 1352 v.
2058 1298 2081 1351 l
2112 1315 2124 1350 :
2159 1277 2349 1353 Pastor
2375 1300 2420 1353 si
2447 1277 2708 1372 confessus
2739 1300 2932 1369 fuerit,
2962 1303 3013 1357 id
3046 1312 3150 1364 est.
3182 1304 3449 1374 interpre-

175 1383 385 1424 coaevum
417 1376 698 1424 statueret.
733 1368 788 1424 In
820 1386 978 1440 quam
1010 1371 1225 1443 quidem
1256 1372 1589 1443 rigaltianam
1618 1389 1745 1430 sen-

182 1461 368 1518 tentiam
419 1470 630 1518 tantum
679 1477 788 1519 non
837 1478 1027 1520 omnes
1075 1464 1269 1521 eruditi
1319 1465 1574 1538 deinceps
1622 1483 1750 1525 con-

180 1568 383 1610 cessere.

1853 1397 1999 1443 tante
2030 1389 2290 1461 Rigaltio,
2323 1391 2368 1446 si
2406 1391 2472 1447 de
2515 1393 2731 1449 nomine
2770 1394 3164 1466 interrogatus,
3208 1397 3354 1452 clare
3395 1405 3452 1452 et

1851 1492 2164 1539 constanter
2217 1486 2590 1554 responderit,
2625 1488 2753 1543 Sum
2806 1486 3177 1552 Christianus;
3231 1490 3276 1546 si
3329 1490 3450 1546 thus

1852 1591 2025 1632 acera:
2077 1576 2422 1648 profanorum
2486 1579 2765 1650 imponere
2812 1581 3036 1652 jussus.
3091 1583 3302 1639 fortiter
3353 1584 3451 1640 ab-

234 1644 580 1704 Dodwelliana
633 1650 801 1720 potior
862 1650 1082 1705 videtur.
1123 1681 1193 1692 —-
1231 1649 1428 1708 Verum
1483 1653 1752 1709 Henricus

1870 1671 2072 1724 tuendo
2104 1671 2439 1738 clamaverit,
2477 1688 2583 1728 non
2615 1673 2771 1734 facio.
2795 1676 3070 1746 geminavit
3098 1693 3332 1748 agonem.
3363 1677 3450 1744 Et,

173 1739 464 1797 Dodwellus
490 1742 543 1796 in
568 1742 899 1814 antiquitatis
927 1742 1268 1814 iudagatione
1298 1745 1521 1801 rimator
1549 1746 1746 1802 acerri.

1873 1778 1921 1818 te
1948 1763 2095 1832 plura
2123 1780 2412 1836 congeram
2435 1807 2450 1832 ,
2481 1766 2747 1823 Caesarem
2783 1767 3078 1840 Tyrannum
3106 1779 3260 1826 Vocat
3291 1771 3450 1826 Instr.

173 1849 306 1896 mus.
361 1845 648 1906 posmuam
706 1851 848 1891 verae
907 1835 1161 1900 lectioni,
1227 1836 1518 1894 Sirmondo
1566 1848 1749 1895 tamen

173 1936 448 1998 praenute,
477 1928 849 1984 Commodiani
876 1929 1053 1984 locum
1087 1930 1433 2000 restituisset,
1464 1949 1494 1987 a
1524 1933 1753 2005 Rigaltio

171 2021 534 2088 sollicitatum,
584 2038 693 2092 quo
739 2039 854 2078 sua:
884 2039 1060 2080 causa:
1111 2025 1420 2096 praesidium
1453 2039 1750 2098 qumreret;

169 2115 422 2188 integrum
450 2116 649 2172 deinde
679 2118 1015 2187 perlustrans
1036 2120 1351 2188 opusculum
1370 2163 1386 2186 ,
1411 2122 1756 2177 saevientibus

168 2208 322 2265 adhuc
357 2209 618 2265 Ecclesia:
653 2211 1118 2280 persecutionibus
1151 2211 1276 2268 illud
1320 2212 1486 2270 fuisse
1515 2217 1757 2271 conscri-

171 2311 295 2371 ptum
344 2303 662 2373 perspexit;
711 2302 956 2374 adeoque
999 2301 1442 2359 Commodianum
1486 2303 1758 2378 Cypriano

171 2395 326 2463 potius
346 2435 365 2460 ,
398 2410 558 2466 quam
587 2394 866 2466 Sylvestro
891 2396 1138 2452 extitisse
1163 2397 1495 2468 propriorem
1521 2398 1756 2454 edocuit.

172 2488 227 2544 Et
247 2490 342 2545 viri
370 2489 588 2561 quidem
614 2489 797 2545 Critici
829 2489 1083 2562 pleraque
1113 2500 1425 2562 argumenta
1457 2501 1583 2546 sunt
1611 2491 1760 2560 ejus-

170 2581 327 2648 modi,
375 2598 500 2652 quae
549 2580 616 2637 ad
666 2596 949 2636 assensum
997 2581 1423 2652 extorquendum
1472 2580 1760 2652 plurimum

173 2677 334 2733 valere
372 2677 692 2732 videantur:
734 2691 906 2747 eaque
944 2675 1172 2732 strictim
1207 2676 1398 2731 saltem
1431 2676 1484 2730 in
1525 2675 1760 2732 medium

172 2770 398 2840 proferre
432 2771 646 2826 animus
683 2781 800 2833 est,
832 2784 954 2825 cum
995 2769 1240 2839 plurimis
1280 2768 1418 2824 haud
1459 2780 1656 2840 praesto
1694 2771 1766 2827 sit

173 2863 464 2920 dissertatio
495 2863 560 2918 de
590 2861 946 2918 Commodiani
978 2871 1158 2930 (etate,
1191 2877 1348 2933 quam
1382 2861 1446 2916 V.
1479 2860 1541 2917 C.
1584 2864 1766 2919 Anna-

172 2957 297 3014 libus
326 2957 653 3022 Velleianis,
687 2956 1096 3026 Quiutilianeis,
1146 2964 1200 3012 et
1241 2955 1498 3012 Statianis
1537 2957 1769 3028 subjecit

170 3053 342 3109 Oxonii
365 3095 383 3119 ,
419 3052 583 3118 $698,
616 3053 670 3108 in
686 3050 782 3108 -8°.

236 3146 482 3202 Dodwelti
521 3147 769 3202 sententia
805 3146 1098 3201 summatim
1135 3163 1168 3200 a
1209 3144 1373 3202 Careo
1411 3148 1659 3217 exposita.
1693 3177 1764 3188 —-—-
1791 3149 1837 3213 C

174 3238 424 3296 Dodvrelli
473 3241 800 3296 sententiam
853 3240 1158 3294 summatim
1208 3239 1428 3311 exponit
1476 3239 1767 3310 perdoctus

172 3329 366 3390 Careus
391 3332 466 3388 ita
493 3332 769 3388 disserens
796 3331 876 3403 (ἓ)
909 3351 924 3387 :
953 3349 972 3384 ι
997 3330 1300 3388 Notandum
1343 3333 1503 3405 igitur
1529 3334 1584 3389 1°
1611 3331 1769 3390 Com-

174 3427 477 3484 modianum
492 3426 736 3483 ducentos
754 3434 961 3481 tantum
982 3443 1010 3482 a
1031 3426 1249 3481 Christo
1268 3442 1440 3482 annos
1459 3443 1764 3485 numerare.

173 3517 413 3580 lnstruct.
447 3538 524 3587 vn,
553 3536 697 3577 vers.
726 3520 792 3587 2,
833 3519 1059 3593 gentiles
1098 3521 1170 3576 ita
1208 3521 1534 3594 alloquitur:

340 3641 412 3693 Et
435 3643 477 3692 si
503 3639 766 3704 parvulitas
787 3640 859 3690 sic
877 3639 1064 3699 sensit,
1085 3651 1174 3690 cur
1195 3639 1336 3688 annis
1356 3639 1586 3690 ducentis

341 3716 539 3775 Fuistis
561 3720 814 3774 infantes?
841 3721 1079 3785 numquid
1105 3728 1159 3772 et.
1181 3735 1380 3784 semper
1405 3721 1580 3772 eritis?

176 3827 464 3888 Fatendum
495 3836 608 3894 est,
639 3827 901 3884 ducentos
933 3825 1036 3882 hoc
1075 3826 1193 3882 loco
1230 3841 1400 3882 annos
1438 3841 1543 3882 non
1583 3825 1768 3882 stricte

174 3941 281 3982 esse
306 3921 710 3995 intelligendos,
739 3922 893 3992 quasi
919 3937 1024 3978 non
1051 3921 1247 3978 fuerint
1265 3920 1426 3992 paulo
1448 3921 1644 3989 plures.
1666 3919 1768 3974 Ve-

175 4021 417 4078 resenim
446 4018 682 4074 nondum
709 4016 996 4072 adinventa
1019 4029 1268 4070 accurata
1302 4028 1428 4069 aera:
1457 4011 1768 4067 Christianae

175 4110 419 4184 Epocha,
458 4124 628 4168 annos
654 4126 683 4165 a
715 4108 933 4166 Christo
965 4117 1092 4163 nato
1128 4106 1195 4162 ad
1234 4121 1388 4162 suam
1428 4120 1594 4171 usque
1634 4112 1766 4158 zela-

175 4214 270 4262 tem
309 4213 721 4278 computantes,
754 4217 979 4259 numero
1009 4201 1322 4272 plerumque
1354 4195 1585 4254 rotundo
1621 4195 1768 4267 loqui

176 4301 369 4369 solent,
413 4311 468 4354 et
507 4300 559 4354 in
597 4299 704 4354 fine
739 4297 906 4353 seculi
947 4295 1190 4366 proxime
1229 4291 1395 4362 elapsi
1435 4289 1767 4356 subsistere,

177 4403 378 4450 resecto
400 4435 416 4455 .
451 4392 570 4462 plus
601 4391 887 4460 minusque
926 4386 1119 4451 fuerit,
1149 4383 1289 4454 quod
1326 4382 1594 4448 excurrit,
1629 4391 1768 4436 tem-

177 4498 314 4554 pore.
347 4481 685 4553 Quandoque
712 4491 766 4537 et
797 4481 870 4535 ita
899 4493 960 4534 se
991 4477 1225 4547 explicat
1254 4475 1545 4540 Arnobius,
1587 4472 1680 4528 lib.
1713 4487 1766 4538 ι,

181 4589 288 4648 pag.
318 4576 353 4632 9
378 4595 392 4630 :
430 4575 661 4630 Trecenti
697 4580 816 4629 sunt
853 4571 975 4625 anni
1004 4570 1193 4641 ferme,
1224 4567 1393 4622 minus
1420 4566 1498 4621 vel
1528 4565 1643 4635 plus
1671 4563 1768 4616 ali-
1796 4555 1849 4616 D

181 4672 325 4740 quid,
358 4688 427 4727 ea:
452 4687 553 4741 quo
591 4668 833 4738 coepimus
859 4683 966 4722 esse
1003 4662 1286 4718 christiani.
1314 4660 1425 4716 Nec
1462 4659 1616 4714 aliter
1641 4657 1769 4714 olim

182 4763 414 4832 Ennius,
442 4763 748 4835 septingenti
775 4770 925 4827 sunt,
961 4759 1114 4828 paulo
1145 4757 1258 4825 plus
1284 4764 1369 4810 aut
1399 4756 1594 4820 minus,
1626 4752 1768 4808 anni.

182 4854 370 4914 Verum
401 4856 505 4913 hoc
535 4869 826 4927 numquam
857 4852 927 4910 ab
956 4852 1024 4907 iis
1054 4851 1249 4906 factum
1279 4855 1392 4910 est,
1429 4845 1516 4901 ubi
1551 4844 1643 4914 qui
1682 4858 1773 4898 su-

184 4968 268 5025 pra
299 4967 581 5010 numerum
615 4957 908 5006 excurrunt
931 4948 1092 5011 anni,
1122 4946 1384 5015 integrum
1415 4941 1564 4997 istius
1592 4937 1771 4994 smculi

185 5051 406 5120 spatium
443 5054 745 5117 occupant;
784 5043 956 5099 multo
983 5043 1193 5104 minus,
1233 5037 1320 5092 ubi
1352 5035 1580 5091 alterum
1610 5033 1773 5086 etiam

187 5139 662 5211 comprehendunt.
692 5136 910 5192 Etiamsi
936 5135 1094 5206 igitur
1114 5130 1350 5188 nondum
1371 5135 1562 5184 exacto
1579 5124 1778 5180 saeculo

188 5235 372 5298 tertio,
401 5233 664 5289 ducentos
701 5243 872 5284 annos
911 5227 1090 5282 dicere
1122 5222 1293 5296 potuit
1322 5217 1771 5283 Cominodianus,

190 5335 359 5382 tamen
388 5329 525 5383 ultra
553 5325 822 5381 labentem
851 5321 1116 5378 currentis
1145 5315 1327 5376 saeculi
1362 5325 1566 5388 partem
1589 5356 1604 5379 ,
1636 5309 1778 5368 nulla

191 5426 391 5482 ratione
438 5422 657 5482 extendi
719 5429 942 5491 queunt.
1003 5417 1207 5472 luvicto
1268 5412 1432 5484 plane
1490 5423 1779 5480 argumen-

194 5526 277 5586 to,
333 5520 583 5591 nulloque
633 5514 961 5586 sophismatc
1009 5506 1304 5573 eludendo,
1353 5511 1628 5560 auctorem
1679 5515 1778 5554 no-

291 5653 345 5726 l)
370 5649 685 5726 lligalt.,__ad
718 5649 967 5726 Instruat.
996 5633 1542 5726 ιιιωιιιιθλιειέλεξξὶξζ

373 5704 988 5788 ξειῗιῖίὶιίἆξιὲἐιετατη
1022 5731 1141 5790 pag.
1173 5704 1299 5781 137,
1329 5707 1460 5767 edit.
1489 5704 1665 5762 Oxon.
1690 5717 1782 5760 sc-

197 5796 384 5860 cundae
401 5840 417 5870 ,
451 5796 608 5857 1740.

1855 1870 1994 1910 χχιιι
2012 1897 2025 1918 ,
2052 1872 2106 1913 v.
2142 1857 2229 1912 Η.
2263 1857 2388 1913 [Lee
2414 1858 2622 1930 aliaque
2650 1860 2800 1931 plura
2830 1863 3029 1916 saeculo
3058 1862 3216 1918 tertio
3244 1863 3446 1934 Optime

1856 1959 2196 2018 congruunt,
2230 1951 2448 2020 quando
2476 1962 2726 2008 cessante
2767 1955 3142 2024 persecutione
3185 1956 3452 2024 Deciana,

1856 2059 2043 2114 pacem
2073 2045 2172 2100 sub
2202 2044 2448 2102 Gallieno
2480 2046 2745 2102 redditam
2767 2088 2783 2112 ,
2815 2048 3082 2104 inﬁrmam
3111 2049 3328 2122 quidem
3352 2091 3368 2117 ,
3400 2059 3457 2107 et

1859 2137 2191 2205 instabilem,
2219 2140 2526 2210 persecutio
2551 2141 2650 2196 sub
2668 2143 2964 2198 Aureliano
2987 2160 3112 2200 mox
3139 2144 3453 2221 interrupit;

1861 2231 2122 2302 Sylvestri
2151 2250 2283 2290 vero
2311 2236 2647 2306 temporibus
2671 2238 2970 2294 convenire
2998 2251 3292 2310 nequeunt.
3318 2239 3459 2296 Con-

1861 2327 2098 2381 stantino
2137 2327 2281 2383 enim
2315 2343 2494 2384 rerum
2528 2329 2578 2383 in
2612 2327 2906 2386 Occidente
2937 2331 3113 2402 potito
3134 2375 3150 2400 ,
3183 2331 3365 2403 quieta
3395 2349 3460 2389 ac

1861 2419 2150 2490 tranquilla
2190 2431 2346 2476 erant
2385 2422 2603 2487 omnia;
2647 2422 2829 2478 nullus
2859 2439 2888 2476 a
2936 2424 3250 2495 gentilibus’
3271 2441 3459 2496 perse-

1863 2515 2096 2570 cutionis
2135 2527 2334 2572 metus.
2372 2516 2638 2573 Vivebaut
2666 2516 2960 2574 Christiani
3001 2519 3101 2575 sub
3132 2520 3248 2592 ejus
3278 2531 3463 2592 patro-

1863 2609 2008 2664 cinio
2033 2610 2166 2675 tuti,
2198 2609 2406 2682 legibus
2435 2611 2626 2666 muniti
2649 2653 2662 2676 ,
2690 2611 2986 2682 privilegiis
3012 2613 3190 2667 ornati
3214 2655 3229 2676 ,
3257 2613 3461 2669 divitiis

1865 2711 1922 2756 et
1941 2701 2294 2774 dignitatibus
2313 2705 2476 2769 aucti,
2502 2704 2848 2775 magistratus
2876 2706 3094 2776 ubique,
3118 2706 3463 2778 imperatoris

1867 2797 2117 2867 exetnplo
2138 2842 2151 2864 ,
2182 2799 2442 2868 propitios
2470 2809 2526 2854 et
2555 2799 2847 2854 benevolos
2876 2800 3110 2870 experti.

1947 2928 1965 2960 ι
1997 2909 2131 2964 Tota
2175 2910 2444 2966 scribendi
2494 2910 2632 2966 ratio
2681 2911 2781 2965 xcvi
2829 2909 3083 2984 Cypriani
3138 2911 3412 2983 ingenium
3443 2954 3461 2981 ,

1869 3021 2050 3061 mores
2079 3046 2094 3071 ,
2136 3015 2192 3061 et
2230 3005 2568 3073 disciplinam
2625 3006 2883 3061 imitatur.
2916 3006 3109 3062 Iisdem
3157 3023 3294 3078 pene
3340 3023 3463 3064 cum

1870 3101 2200 3158 Tertulliano
2247 3110 2304 3157 et
2349 3099 2620 3172 Cypriano
2665 3100 2919 3167 loquendi
2963 3101 3137 3156 modis
3187 3117 3294 3157 non
3341 3117 3465 3159 raro

1870 3196 2058 3262 utitur,
2089 3204 2144 3250 ut
2172 3194 2369 3266 ubique
2397 3197 2653 3252 observat
2684 3194 2961 3266 Rigaltius.
2987 3194 3177 3250 Novati
3229 3196 3465 3252 schisma

1869 3301 2094 3357 carpere
2137 3287 2375 3353 videtur,
2430 3286 2683 3344 lnstruct.
2737 3303 2863 3343 χιιι.
2917 3286 3286 3358 Reprehendit
3331 3304 3462 3358 eos,

1871 3379 2123 3436 lnstruct.
2157 3397 2272 3448 mn,
2295 3381 2384 3452 qui
2413 3380 2538 3437 dum
2569 3381 2762 3437 fratres
2789 3381 3092 3438 aduersante
3119 3383 3331 3450 mundo,
3365 3383 3468 3440 sub

1869 3473 2032 3528 armis
2056 3473 2384 3538 laborarent,
2418 3473 2519 3542 ipsi
2550 3474 2675 3546 farti
2695 3473 2895 3543 apibus,
2925 3491 3015 3528 nec
3037 3485 3343 3546 pugnarent,
3373 3490 3466 3530 nec

1872 3567 2122 3636 pugnanti
2163 3583 2218 3621 se
2236 3567 2488 3628 sisterent,
2517 3575 2573 3620 et
2613 3582 2735 3622 cum
2765 3567 3013 3622 viderent
3056 3571 3274 3624 fratrem
3305 3582 3470 3624 causa

1870 3658 2176 3715 schismatis
2219 3659 2563 3720 absteutum,
2597 3661 2858 3730 optabant
2882 3660 3231 3716 nihilominus
3261 3663 3314 3716 in
3346 3678 3468 3718 cas-

1871 3752 1971 3807 tris
1998 3766 2207 3820 pacem,
2240 3751 2626 3822 indulgentiam
2657 3769 2852 3822 nempe
2883 3752 3046 3823 lapsis
3077 3753 3308 3809 dandam
3331 3796 3346 3820 ,
3374 3771 3472 3810 an-

1872 3854 2085 3914 tequam
2114 3859 2217 3914 pax
2249 3843 2503 3900 Ecclesiae
2531 3843 2870 3901 redderetur.
2906 3844 3163 3901 lnstruct.
3190 3863 3318 3912 LVII,
3353 3848 3467 3903 dis-

1870 3937 2120 4008 ciplinam
2160 3953 2268 3992 non
2313 3953 2437 3994 esse
2478 3937 2638 3993 nimia
2663 3938 2994 4010 indulgentia
3025 3939 3310 3996 laxaudam
3340 3955 3470 3996 con-

1871 4033 2062 4090 tendit.
2088 4033 2338 4087 lnstruct.
2369 4048 2460 4096 LII,
2505 4031 2612 4087 duo
2652 4033 2991 4088 desertorum
3031 4048 3229 4104 genera
3268 4033 3473 4090 consti-

1872 4126 1974 4181 tuit
2004 4143 2018 4180 :
2053 4125 2145 4180 Est
2171 4125 2306 4180 alius
2351 4142 2588 4194 nequam,
2615 4126 2705 4196 qui
2744 4126 2949 4182 scilicet
2974 4127 3246 4183 sacrificat
3288 4126 3468 4192 idolo;

1871 4221 2005 4276 alius
2025 4221 2076 4275 in
2100 4230 2244 4291 parte
2269 4219 2476 4282 recedit,
2508 4221 2595 4290 qui
2624 4219 2838 4290 praesidi
2861 4219 3020 4275 offert
3048 4220 3308 4285 libellum,
3333 4234 3470 4274 con-

1870 4316 2080 4372 cussori
2129 4315 2410 4385 pecuniam
2438 4356 2453 4380 ,
2510 4329 2577 4368 ne
2603 4313 2656 4367 in
2704 4313 3029 4382 Capitolium
3065 4313 3470 4370 sacrificaturus

1870 4408 2233 4482 pertrahatur.
2265 4407 2526 4478 Respicit,
2561 4407 2735 4478 inquit
2763 4407 3058 4478 Rigaltius,
3102 4407 3422 4476 thuriﬁcatos
3448 4445 3466 4474 ,

1872 4513 1929 4560 et
1968 4504 2307 4570 tibeltaticos;
2348 4511 2406 4559 et
2451 4503 2503 4558 bi
2549 4501 2768 4574 quidem
2817 4503 3147 4573 posteriores
3195 4503 3283 4557 vix
3323 4501 3467 4568 alio,

1873 4614 2034 4671 quam
2057 4616 2172 4655 aevo
2201 4598 2544 4671 Cyprianico,
2577 4605 2964 4654 memorantur.
2997 4597 3242 4654 Infinitns
3269 4613 3470 4666 essem,

1873 4695 1920 4749 si
1947 4693 2122 4749 omnia
2157 4707 2521 4758 recenserem,
2549 4706 2670 4764 qua:
2697 4693 2766 4748 de
2797 4691 3195 4762 pmoitentibus,
3228 4691 3296 4746 de
3327 4706 3472 4745 mar-

1876 4789 1998 4860 tyrii
2024 4789 2164 4855 zelo,
2193 4788 2262 4844 de
2291 4788 2412 4859 fuga
2439 4789 2494 4843 in
2519 4786 2895 4858 persecutione
2919 4829 2934 4853 ,
2981 4786 3050 4844 de
3096 4786 3471 4843 schismatico-

1878 4899 1996 4939 rum
2021 4883 2242 4950 studiis,
2275 4884 2342 4938 de
2372 4897 2567 4954 pompa
2607 4882 2854 4939 funerum
2884 4925 2899 4950 ,
2931 4883 3002 4940 de
3019 4883 3140 4938 filiis
3168 4884 3268 4940 sub
3286 4897 3473 4954 perse-

1879 4977 2098 5033 cutione
2123 4977 2390 5032 defunctis
2420 4991 2526 5032 non
2558 4976 2823 5048 lugendis,
2843 4977 3148 5045 deJudmis,
3179 4987 3312 5044 etc.,
3348 4991 3471 5032 cum

1881 5069 2151 5143 Cypriano
2176 5069 2482 5126 communia
2504 5069 2683 5126 habet.

1957 5204 1978 5237 ι
2007 5184 2194 5250 Nulla,
2237 5198 2306 5240 ne
2358 5183 2572 5255 quidem
2616 5183 2887 5241 levissima
2939 5185 2992 5241 in
3025 5195 3138 5242 toto
3161 5187 3264 5243 hoc
3291 5184 3477 5242 libello

1884 5281 2122 5337 victoria:
2149 5295 2177 5333 a
2203 5278 2581 5347 Constantino,
2601 5279 2669 5335 de
2687 5279 2956 5336 Maxentio
2974 5297 3145 5348 nuper
3165 5289 3474 5350 reportata},

1890 5373 2040 5431 nulla
2083 5372 2220 5444 signi
2270 5373 2449 5428 crucis
2486 5375 2540 5429 in
2591 5373 2734 5430 cmlo
2775 5373 3098 5428 miraculose
3134 5374 3501 5450 apparentis,

1879 5467 2034 5544 (nulla
2075 5466 2261 5538 gloria:
2288 5475 2343 5522 et
2379 5464 2646 5521 felicitatis
2664 5463 3020 5530 Constantini,
3051 5465 3135 5519 vel
3163 5463 3486 5524 immunita-.

1888 5570 1999 5617 tum
2041 5559 2293 5616 Ecclesiae
2339 5572 2717 5616 concessarum
2751 5557 2973 5624 mentio,
3014 5556 3158 5628 quod
3201 5567 3386 5615 tamen
3415 5559 3484 5616 ab

1891 5655 2108 5713 homine
2148 5655 2414 5712 immenso
2444 5669 2559 5711 suae
2586 5649 2860 5721 religionis
2885 5650 3002 5706 zelo
3033 5649 3294 5724 flagrante
3315 5694 3332 5721 ,
3367 5669 3485 5709 mc-

1886 5750 1993 5807 rito
2035 5747 2309 5820 expectari
2349 5754 2581 5819 poterat.
2625 5743 3019 5815 Argumentum
3058 5742 3232 5803 fateor
3277 5742 3485 5818 negati-
