3904 6316
531 238 635 318 ius

1447 248 1538 311 DE
1571 249 2022 317 CWDIANO
2057 250 2115 311 Gl

2226 248 2355 316 uo,
2393 245 2672 307 ORIGINE
2702 244 2907 305 AFBO.
3677 254 3759 315 .95

523 386 674 438 vum,
704 370 801 433 sed
825 370 969 443 (illud
996 384 1101 426 non
1122 371 1321 439 levem,
1365 370 1509 441 apud
1541 387 1731 443 aequos
1759 388 1939 428 rerum
1976 370 2121 426 :esti-
2149 372 2195 433 Α
2226 368 2391 441 gallie
2442 368 2741 439 interprete
2771 365 2852 439 (i)
2888 382 2902 421 :
2939 384 2959 419 ι
2986 363 3243 421 Versibus
3273 362 3518 422 faciendis
3538 381 3629 425 nec
3646 371 3761 443 leges

522 471 780 529 liiillOl‘CS,
821 464 927 518 vim
956 472 1119 535 atque
1150 462 1533 521 auctoritatem
1568 463 1751 520 habet.

598 577 616 609 ι
673 557 762 621 liis
814 557 884 623 ita
928 557 1225 628 expositis,
1280 567 1492 622 restat,
1539 569 1596 613 ut
1656 572 2000 613 communem
2054 554 2123 611 de

525 659 767 719 tempore
814 651 1084 724 Sylvestri
1123 667 1275 727 papa:
1350 652 1678 709 sententiam
1722 651 1961 709 breviter
2029 665 2123 706 ex-

518 743 797 801 cutiamus.
825 744 956 815 Ejus
984 745 1140 811 unica
1170 745 1386 818 quidem
1420 747 1567 807 basis
1614 755 1670 802 et
1711 744 2120 801 fundamentum

519 846 601 888 est
623 835 789 904 ipsius
812 834 1194 897 Commodiaui
1237 838 1409 904 locus,
1443 826 1603 910 prcut
1625 837 1680 893 in
1702 836 1864 893 editis
1896 836 2123 905 habetur

518 924 771 987 InStruct.
826 945 1017 998 xum,
1064 946 1119 987 v.
1169 930 1224 1000 5,
1258 930 1349 989 ubi
1386 929 1617 1005 gentiles
1637 930 1706 987 ad
1723 928 2125 989 Ecclesiamin-

519 1021 687 1079 vitat:

608 1140 797 1194 Intrate
821 1141 1028 1205 stabulis
1047 1142 1281 1208 sylvestri
1306 1142 1365 1193 ad
1390 1155 1619 1207 presepe
1641 1144 1866 1206 pastoris.

522 1248 721 1305 Verum
779 1250 896 1306 haec
931 1267 1039 1306 non
1079 1260 1205 1306 sunt
1230 1250 1397 1321 ipsius
1434 1246 1829 1311 Commodiani,
1888 1244 1983 1302 sed
2038 1244 2120 1299 in-

519 1346 663 1416 genii
709 1346 884 1415 potius
925 1344 1211 1414 Rigaltiani
1238 1354 1604 1400 commentum
1635 1384 1651 1410 ,
1682 1352 1737 1397 et
1780 1342 1941 1411 longe
1976 1338 2121 1394 aliud

515 1440 789 1509 respicere
816 1439 1090 1497 videntur.
1123 1438 1179 1494 In
1221 1437 1413 1494 codice
1456 1436 1839 1493 Sirmondiano
1861 1476 1876 1499 ,
1909 1447 1976 1488 ex
2013 1446 2121 1503 quo

512 1530 797 1600 descripsit
848 1531 1107 1603 ltigaltius
1135 1574 1151 1601 ,
1211 1533 1415 1601 verba,
1460 1530 1694 1602 ipsomet
1759 1529 1960 1583 latente
1984 1568 1998 1590 ,
2047 1525 2121 1581 ita

513 1640 575 1682 se
605 1625 806 1681 habent
835 1642 851 1681 :

605 1740 797 1792 Intrate
816 1739 1025 1791 stabulis
1045 1740 1276 1806 sylvestri
1299 1740 1358 1791 ad
1394 1741 1635 1804 praesepia
1660 1738 1805 1790 tauri.

513 1848 817 1920 Alloquitur
905 1849 1134 1920 gentiles
1217 1864 1454 1920 nempe,
1529 1859 1801 1918 tamquam
1869 1841 2121 1900 helluinis

519 1943 735 2009 animis,
758 1942 1105 2017 moribusque
1133 1942 1410 2013 praeditos.
1432 1941 1565 1997 Hinc
1586 1956 1746 1996 versu
1769 1935 2119 2011 praecedenti,

508 2036 665 2091 corda
684 2038 794 2110 fera
813 2046 860 2089 et
874 2047 1197 2106 exasperata;
1222 2035 1473 2091 lnstruct.
1496 2050 1660 2093 xxxv.
1688 2049 1741 2089 v.
1775 2033 1824 2097 ι,
1861 2030 2125 2084 Indomita

519 2146 700 2195 cervis;
728 2145 786 2183 v.
814 2129 868 2193 5,
898 2126 1024 2182 Noli
1044 2146 1197 2199 pecus
1226 2145 1333 2185 esse
1353 2128 1600 2201 ferinum;
1630 2142 1685 2193 v,
1719 2124 1806 2190 I7,
1829 2122 1987 2188 Quasi
2010 2119 2123 2174 bes-

508 2223 607 2277 tius
635 2239 832 2276 errans.
858 2221 969 2276 Hos
994 2222 1173 2301 igitur,
1205 2221 1375 2277 instar
1393 2234 1693 2288 taurorum,
1718 2219 1772 2273 iu
1802 2216 1967 2289 Sylvis
1983 2230 2123 2271 cam-

509 2315 698 2388 pisque
724 2315 968 2393 palantes
999 2315 1208 2381 invitat,
1233 2328 1291 2370 ut
1310 2313 1568 2375 Ecclesia:
1586 2312 1794 2368 stabula
1827 2310 2120 2374 intrarent,

508 2419 565 2463 ιιι
610 2409 676 2463 ad
723 2409 923 2466 Christi
974 2425 1220 2485 prtesepe
1255 2408 1616 2474 accederent;
1664 2406 1777 2471 ubi,
1829 2417 1887 2460 ut
1935 2401 2125 2459 verbis

514 2502 762 2573 proxime
791 2502 1145 2575 sequentibus
1173 2501 1409 2573 loquitur
1428 2542 1443 2567 ,
1474 2498 1761 2556 latronibus
1794 2497 1890 2553 tuti
1920 2494 2013 2550 sub
2040 2510 2121 2548 re-

504 2596 591 2665 gia
640 2604 770 2650 tecta
798 2606 1080 2652 manerent.
1106 2594 1223 2651 Non
1270 2594 1459 2651 dubito
1489 2593 1652 2666 igitur
1673 2636 1688 2661 ,
1718 2591 1846 2665 quin
1879 2606 2008 2646 cum
2048 2588 2119 2644 cl.

508 2688 790 2751 Dodvvello
820 2689 929 2745 levi
979 2688 1276 2747 mutatione
1302 2686 1588 2761 legendum
1620 2686 1690 2742 sit
1722 2704 1736 2740 :
1770 2683 1971 2739 Intrate
2015 2692 2124 2736 sta-

503 2782 625 2838 bula
650 2784 927 2855 Syl'vestris
970 2783 1039 2838 ad
1081 2783 1333 2855 praesepia
1372 2782 1511 2839 tauri
1549 2801 1563 2837 :
1600 2779 1880 2853 Syluestris
1924 2776 2122 2850 plurali

505 2893 732 2933 numero
765 2893 861 2948 pro
894 2877 1265 2949 Sylvestreis:
1315 2886 1548 2947 utroque
1581 2875 1725 2931 enim
1776 2872 1939 2928 modo
1981 2871 2119 2927 scri-

503 2970 705 3026 hebant
754 2980 985 3026 veteres.
1026 2990 1046 3024 ι
1100 2969 1320 3024 —ll;cc
1349 2968 1650 3036 hactenus,
1692 2975 1749 3022 et
1794 2963 2120 3034 lorsan‘plus

511 3064 644 3118 satis
664 3080 731 3119 ex
760 3063 1077 3119 doctissimo
1101 3061 1301 3120 Cavea.
1335 3061 1433 3117 Hic
1459 3058 1801 3117 solummodo
1820 3057 2001 3113 adhuc
2022 3054 2120 3110 oh-

2229 476 2332 516 nec
2353 460 2598 516 modulos
2628 450 2811 514 servat
2835 476 2848 514 :
2877 457 3049 528 major
3067 456 3263 527 ubique
3277 457 3623 513 acrostichidis
3634 463 3760 529 ratio,

2230 571 2389 626 quam
2444 556 2623 610 metri.
2664 551 3065 609 Acrostichides
3120 565 3250 606 vero
3286 561 3406 606 sunt
3443 566 3505 607 ex
3547 554 3763 626 cujusque

2230 648 2471 717 poematii
2505 646 2673 701 titulis
2694 653 3018 701 constructa:
3045 686 3060 710 ,
3091 646 3169 699 sic
3190 644 3458 715 adsignata
3479 651 3762 716 culquever-

2225 746 2306 801 sui
2332 745 2505 800 littera
2524 784 2541 811 ,
2572 753 2631 798 ut
2659 760 2690 798 a
2725 743 2898 812 primo
2941 741 3203 813 cujusque
3231 740 3461 812 ptematii
3489 757 3631 798 versu
3653 752 3765 801 totus

2228 836 2488 907 deinceps
2518 835 2768 906 poematii
2796 834 2980 890 titulus
3003 850 3098 905 per
3125 835 3330 890 litteras
3346 849 3583 889 versuum
3606 836 3765 906 primas

2225 929 2497 985 decurrat.
2533 946 2553 980 ι
2602 926 2818 982 Alicubi
2845 936 3024 981 tamen
3053 925 3235 980 deﬁcit
3260 924 3375 980 hinc
3395 940 3592 992 norma,
3614 936 3663 981 ut
3681 929 3765 981 suis

2224 1021 2359 1077 locis
2395 1019 2831 1076 animadversum
2884 1027 2968 1075 est
3000 1033 3030 1073 a
3069 1018 3199 1073 viris
3225 1017 3443 1072 eruditis
3469 1016 3567 1089 (2).
3606 1017 3764 1074 Versus

2223 1122 2405 1169 autem
2435 1110 2813 1168 Commodiani
2854 1110 2926 1166 ita
2957 1119 3083 1166 sunt
3114 1110 3407 1179 comparati
3432 1151 3446 1175 ,
3477 1120 3531 1164 ut
3558 1124 3764 1164 numerus

2223 1207 2536 1264 Hexatnetri
2556 1205 2812 1262 carminis
2837 1215 3125 1275 utrumque
3152 1211 3414 1265 servetur.
3445 1203 3664 1273 neglecta
3684 1203 3767 1273 syl-

2222 1303 2467 1359 labarum
2497 1299 2819 1373 quantitate,
2848 1299 2988 1355 sicut
3016 1300 3071 1353 in
3095 1299 3303 1369 psalmo
3334 1296 3591 1351 trocitaico
3610 1297 3661 1351 S.
3679 1295 3766 1352 Διι-

2223 1399 2424 1470 gustini
2448 1407 2638 1454 contra
2666 1408 2875 1467 partem
2906 1393 3120 1458 Donati,
3152 1393 3241 1464 qui
3260 1393 3375 1462 ejus
3400 1391 3599 1461 scriptis
3619 1399 3767 1445 contra

2227 1492 2518 1559 Donatum,
2569 1502 2702 1547 tom.
2733 1506 2786 1545 ιιι
2812 1504 3035 1559 operum
3065 1485 3405 1558 praemittitur
3438 1501 3451 1536 :
3484 1482 3563 1539 vel
3590 1485 3707 1537 sicut
3728 1482 3766 1536 in

2227 1587 2350 1642 aliis
2408 1586 2549 1657 apud
2604 1585 2871 1639 illustrem
2920 1581 3228 1651 Scipionem
3294 1576 3551 1632 Malleium
3595 1574 3765 1630 dissert.

2232 1680 2498 1751 (subjecta
2540 1681 2659 1750 ejus
2711 1676 2955 1734 historia:
2992 1672 3371 1747 diplomaticre)
3424 1671 3584 1742 Soprtt
3621 1670 3637 1724 ἱ
3671 1670 3767 1723 mu

2148 1778 2197 1839 Β
2224 1775 2411 1829 ritmici
2437 1817 2453 1841 ,
2503 1788 2625 1844 pag.
2648 1772 2752 1827 186
2775 1813 2790 1837 ,
2823 1787 2976 1842 seqq.
3011 1780 3062 1824 ct
3095 1771 3149 1824 in
3182 1764 3505 1826 hexametris
3539 1763 3687 1818 codici
3711 1762 3767 1816 la-

2232 1868 2580 1923 tino-biblico
2634 1866 2927 1937 praemissis
2968 1863 3111 1919 circa
3154 1877 3353 1918 annum
3385 1859 3574 1916 Christi
3612 1858 3715 1926 750,
3745 1871 3767 1909 ιι

2230 1960 2492 2030 Gregorio
2528 1956 2789 2015 cardinali
2847 1955 2988 2027 apud
3047 1954 3258 2010 iustum
3320 1952 3690 2015 Fontaninum,
3731 1948 3769 2001 in

2230 2054 2529 2126 appendice
2560 2052 2629 2107 ad
2657 2052 2866 2108 discum
2910 2059 3227 2121 argenteum
3257 2048 3489 2103 votivum
3514 2090 3527 2112 ,
3558 2059 3664 2115 pag.
3685 2039 3768 2108 86,

2233 2149 2314 2205 vel
2345 2158 2403 2203 ut
2449 2149 2502 2202 in
2534 2145 2864 2203 carminibus
2907 2143 3139 2215 politicis
3177 2142 3415 2199 recentis
3436 2137 3643 2196 Grecis
3668 2134 3772 2189 solet

2230 2242 2369 2306 ﬁeri,
2400 2241 2486 2297 vel
2516 2241 2675 2311 quale
2704 2254 2923 2295 carmen
2952 2237 3311 2293 hexametron
3340 2248 3565 2307 graecum
3585 2246 3641 2287 ex
3660 2229 3768 2300 psal-

2232 2336 2368 2393 terio
2410 2335 2510 2390 Ms.
2553 2334 2897 2389 mnrbacensi
2942 2331 3113 2388 edidit
3156 2329 3537 2387 celeberrimus
3559 2321 3770 2383 liontlau-

2230 2429 2420 2485 conius
2447 2428 2500 2482 in
2525 2426 2924 2495 Palaeographia
2957 2423 3168 2486 Graeca,
3195 2438 3318 2494 pag.
3340 2420 3467 2478 220.

2306 2521 2388 2577 Ad
2418 2520 2683 2577 rationem
2714 2529 2894 2575 autem
2928 2517 3198 2577 scribendi
3231 2516 3376 2587 quod
3406 2513 3607 2577 attinet,
3628 2507 3772 2565 durior

2229 2614 2318 2671 illa
2344 2614 2586 2686 quidem,
2631 2613 2757 2685 quia
2783 2622 2838 2668 et
2862 2612 3156 2667 insolentes
3182 2611 3238 2665 in
3264 2609 3418 2664 Latio
3447 2618 3596 2661 voces
3620 2600 3772 2673 passim

2229 2707 2491 2764 adhibitae
2537 2723 2554 2762 :
2589 2706 2685 2761 sed
2731 2704 2967 2760 vicissim
3005 2717 3199 2773 graeca:
3225 2717 3291 2758 ac
3311 2701 3487 2755 latina:
3500 2688 3771 2765 antiquitatis

2227 2802 2363 2857 scita
2391 2815 2498 2857 non
2530 2799 2773 2870 vulgaria
2806 2797 3085 2853 interserit
3115 2806 3306 2851 auctor
3329 2836 3346 2863 ,
3392 2801 3451 2849 ut
3491 2788 3611 2845 viris
3634 2781 3771 2841 doctis

2226 2897 2597 2954 observatum.

2295 2988 2476 3060 Operi:
2505 2987 2743 3059 pretium,
2773 2997 2821 3041 et
2845 2981 3430 3041 censura.—C:eterum
3453 2980 3506 3035 in
3530 2979 3621 3032 hoc
3638 2969 3772 3030 eccle-

2228 3084 2463 3139 siastica:
2490 3081 2775 3137 vetustatis
2789 3066 3145 3136 monumento
3166 3086 3440 3148 spectatur
3465 3068 3771 3144 impr'nisan-

505 3171 665 3213 servo
695 3199 711 3223 ,
757 3158 902 3230 quod
937 3157 1262 3213 Sirmondus
1291 3156 1418 3227 legit
1448 3172 1462 3209 :
1492 3153 1697 3209 Intrate
1724 3150 2123 3249 stabilesvestra
2145 3185 2192 3249 C
2227 3176 2373 3246 “qua
2414 3176 2587 3246 pietas
2615 3191 2628 3228 ε
2649 3176 2766 3243 ejus
2791 3174 2936 3228 enim
2964 3173 3165 3226 Auctor
3192 3171 3393 3241 ubique
3436 3182 3495 3223 se
3530 3162 3685 3235 puum
3711 3157 3767 3211 νί-

507 3254 576 3305 ad
616 3251 866 3322 praeepia
888 3251 1045 3305 tauri.
1078 3250 1137 3305 In
1163 3249 1476 3323 apographo
1508 3259 1690 3302 autem
1716 3253 1834 3302 erat
1868 3262 1881 3297 :
1912 3241 2117 3297 Intrate

503 3345 704 3400 stabilis
735 3344 985 3416 Sylvestri
1011 3345 1079 3397 ad
1126 3347 1373 3416 prwsepia
1400 3343 1553 3398 tauri.
1588 3340 1827 3397 Tandem
1863 3337 2115 3403 observo,

504 3439 649 3511 quod
671 3439 742 3495 ci.
779 3436 1166 3496 Schroeckhius
1190 3438 1243 3494 in
1264 3438 1487 3494 historia
1516 3435 1811 3492 christiana
1842 3442 1998 3504 parte
2020 3447 2074 3487 tv
2099 3474 2115 3499 ,

504 3545 631 3602 pag.
683 3530 790 3588 489
838 3531 982 3588 etcl.
1041 3530 1398 3605 Deiricth)
1427 3528 1711 3587 sententiae
1740 3525 2116 3583 dodwellianm

502 3624 781 3682 accedant.

1130 3753 1427 3796 ARTICULUS
1452 3752 1510 3793 11.

737 3830 817 3888 De
840 3832 1008 3891 libello
1026 3848 1171 3904 quem
1200 3829 1591 3886 Contmodianus
1615 3827 1917 3899 composuit.

586 3970 839 4043 Opusculi
871 3967 1059 4027 divisio
1089 3976 1136 4023 et
1163 3982 1371 4038 scapus.
1393 3994 1467 4008 -—-
1490 3964 1824 4035 Opuscnlum
1852 3963 2111 4020 Commo-

508 4067 657 4125 diatti
688 4064 1050 4123 instructiones
1077 4062 1327 4127 adversus
1352 4062 1581 4133 gentium
1609 4059 1747 4116 Deos
1773 4059 2110 4131 inscriptum,

503 4160 773 4232 octoginta
797 4158 880 4231 (ἢ)
901 4155 1192 4214 universint
1218 4153 1596 4225 complectitur
1625 4152 1801 4224 capita
1835 4170 1851 4207 :
1882 4165 2113 4223 quorum

503 4255 684 4324 priora
712 4270 809 4309 sex
830 4263 885 4309 et
912 4252 1130 4323 triginta
1145 4250 1216 4306 ad
1241 4249 1490 4309 homines
1518 4248 1856 4319 potissimm
1876 4245 2112 4317 dirigun-

505 4361 594 4407 tur
627 4366 660 4405 a
698 4348 999 4405 christiana
1045 4345 1310 4416 religione
1357 4344 1600 4409 alienos;
1648 4341 1842 4411 quibus
1876 4341 2112 4394 vanitate

504 4442 796 4512 impiorum
842 4440 1125 4499 numinum
1169 4437 1559 4501 demonstrata,
1588 4449 1685 4489 eos
1712 4433 1783 4486 ad
1815 4430 2113 4501 suscipien‘

506 4537 629 4593 dant
655 4533 857 4589 Christi
882 4532 1200 4602 religionem
1231 4530 1501 4594 hortatur;
1524 4540 1645 4597 quae
1667 4534 1845 4581 autem
1873 4538 2109 4592 sequun-

507 4639 594 4685 tur
634 4641 804 4697 usque
837 4624 909 4683 ad
950 4621 1424 4695 quadragesimum
1451 4628 1723 4690 quantum,
1753 4615 1972 4673 Judzeos
1990 4629 2107 4675 res-
2136 4616 2188 4677 D

507 4721 712 4792 piciunt
731 4759 747 4786 ,
777 4731 917 4788 quos
939 4724 1128 4773 auctor
1153 4714 1221 4771 ad
1246 4710 1525 4773 ebriatiani
1547 4708 1783 4771 nominis
1798 4708 2108 4767 societatem

505 4813 741 4886 graviter
763 4810 998 4877 invitat;
1047 4808 1138 4867 ubi
1159 4807 1317 4865 simul
1343 4806 1414 4863 de
1444 4802 1782 4869 antichristo,
1819 4801 1889 4863 de
1904 4801 2109 4871 iudicio

510 4918 564 4965 et
615 4905 1012 4971 resurrectione
1061 4903 1225 4960 verba
1282 4900 1410 4961 facit
1454 4917 1468 4954 :
1501 4897 1706 4969 reliqua
1736 4911 1866 4953 veno
1893 4895 1958 4950 ad
1987 4909 2109 4955 eru-

512 5001 743 5063 diendos
794 4997 1067 5069 praecipue
1113 4994 1554 5063 catechumenos,
1595 4989 1797 5058 Deique
1832 4988 2110 5059 religiosos

507 5098 764 5159 cultores,
796 5101 853 5148 et
877 5089 1183 5161 singillatim
1230 5088 1296 5143 ad
1337 5087 1664 5158 pmoitenteS
1711 5084 2000 5154 pertinent;
2040 5098 2108 5138 ne

506 5189 658 5257 obliti
689 5186 896 5257 scilicet
930 5181 1350 5251 christianorum
1381 5178 1684 5243 ciliciorum
1732 5174 1799 5230 ad
1825 5174 2106 5241 saecularia

505 5283 748 5351 redeant-

580 5376 760 5449 Stylus
783 5371 1024 5437 auctoris.
1048 5398 1122 5412 ——
1151 5368 1379 5439 Scripsit
1404 5366 1826 5427 Commodianus
1857 5365 2105 5429 mediocri

504 5488 753 5537 sermone,
782 5468 931 5545 quasi
963 5481 1131 5530 versu,
1163 5463 1338 5534 inquit
1356 5461 1689 5521 Gennadius.
1717 5458 1980 5523 Nimirum
2005 5458 2099 5513 Bi-

577 5582 819 5655 (iv)_.‘rlale
833 5581 909 5655 ad
930 5578 1189 5655 saeculum
1214 5586 1474 5655 quartum
1492 5571 2104 5655 reﬁciturnCotnmpdia-

504 5643 916 5721 ntts.'0elrichs,
949 5643 1317 5721 Commentarii
1342 5650 1412 5721 ac
1435 5643 1690 5717 Scriptor.
1722 5643 1924 5709 Eccles.
1950 5643 2095 5701 latin.

507 5717 852 5800 prioruinsex
873 5722 1109 5800 sitienter,
1140 5736 1259 5792 pag.

580 5795 658 5868 (2)
679 5786 1153 5857 Schurtzlleiscb.,'
1172 5786 1373 5861 picfat.
1397 5788 1464 5846 ad
1489 5786 1953 5846 Commodianum.

2219 3285 2339 3324 rum
2371 3269 2594 3333 bonum,
2629 3282 2761 3323 vere
2805 3266 3159 3321 christianum
3182 3307 3197 3331 ,
3243 3264 3315 3319 ab
3341 3260 3484 3317 omni
3504 3257 3672 3330 gloria
3691 3263 3769 3307 5:8-

2219 3361 2421 3419 cularis
2479 3361 2620 3414 fastu
2675 3359 2940 3425 alienum,
2990 3368 3048 3413 et
3091 3356 3409 3418 charitatis,
3446 3364 3562 3423 qua:
3603 3341 3773 3417 proprie

2220 3455 2573 3527 christianum
2615 3453 2793 3519 decet,
2844 3452 3111 3507 cultorem
3137 3451 3441 3520 egregium.
3464 3446 3531 3501 At
3558 3438 3670 3498 illud
3691 3447 3771 3527 non

2220 3558 2304 3604 est
2322 3544 2783 3603 dissimulandum
2807 3586 2823 3611 ,
2847 3544 3020 3598 nmvis
3044 3542 3257 3612 aliquot
3286 3543 3582 3611 inspersum
3603 3544 3704 3588 esse
3723 3525 3770 3578 li-

2219 3642 2444 3708 bellum,
2498 3656 2636 3712 quos
2686 3655 2811 3697 cum
2866 3637 3136 3703 nonnullis
3174 3636 3526 3694 vetustiorum
3594 3627 3769 3682 Patrum

2219 3749 2535 3792 communes
2555 3733 2718 3790 habet
2735 3730 3158 3789 Commodianus
3184 3748 3201 3786 :
3227 3726 3526 3800 cuiusmodi
3541 3728 3667 3783 sunt.
3680 3726 3770 3786 qui”

2220 3836 2511 3884 narrantur
2559 3825 2627 3882 dc
2673 3824 2897 3897 Angelis
2917 3822 3313 3894 desertoribus,
3342 3820 3484 3877 unde
3502 3814 3605 3873 nati
3624 3812 3770 3887 δίεπ’

2218 3931 2300 3979 tes
2330 3920 2439 3993 (5);
2467 3919 2538 3976 de
2566 3917 2869 3984 chiliasmo,
2909 3915 2977 3971 de
2998 3914 3235 3971 anastasi
3262 3914 3455 3987 prima,
3486 3909 3551 3965 de
3570 3901 3772 3993 felicitate

2217 3987 2456 4082 terrena,
2484 4022 2590 4068 etc.
2636 4009 2714 4085 (4)
2750 4022 2915 4081 :qua:
2940 4007 3155 4079 quidem
3213 4008 3266 4060 in
3326 4018 3486 4061 causa
3524 3997 3670 4055 fuisse
3714 3987 3770 4043 vi.

2218 4108 2440 4175 dentur,
2490 4121 2587 4161 cur
2631 4101 2953 4175 opusculum
2990 4100 3134 4154 inter
3180 4095 3383 4153 Gelasii
3410 4085 3767 4166 apocryphare-

2216 4208 2533 4257 censeretur
2563 4214 2576 4250 :
2602 4194 3055 4265 quemadmodum
3093 4191 3147 4247 in
3180 4189 3438 4247 eumdem
3479 4194 3676 4241 censum
3702 4186 3763 4228 re-

2214 4292 2459 4348 feruntur
2490 4292 2618 4344 item
2646 4288 2716 4342 ob
2743 4301 2871 4341 suos
2893 4300 3080 4341 ntevos
3108 4284 3371 4340 Clemens
3403 4268 3766 4335 Alexandrinus.

2217 4381 2508 4447 Arnobius,
2541 4376 2871 4444 Lactantius,
2901 4375 3167 4448 Sulpicius
3191 4374 3451 4438 Severus,
3473 4366 3649 4437 aliique
3663 4369 3769 4431 ἱππ·

2214 4473 2531 4530 stantissinti
2562 4473 2844 4537 Auctores.
2879 4470 3076 4527 Verum
3125 4469 3270 4529 haud
3306 4469 3377 4523 ita
3405 4474 3489 4523 est
3510 4449 3768 4528 accipienda

2216 4568 2421 4625 Gelasii.
2443 4582 2696 4634 censura,
2726 4575 2787 4624 ut
2813 4565 3079 4638 ejusmodi
3108 4563 3466 4621 vestutiorum
3494 4555 3768 4644 scriptorum

2215 4676 2377 4731 Opera
2407 4677 2631 4731 prorsus
2659 4659 2951 4732 rejit'ienda
2982 4658 3361 4714 existimentur
3386 4673 3400 4722 ;
3429 4648 3634 4727 perinde
3660 4656 3709 4697 ac
3731 4650 3764 4690 st

2213 4771 2277 4812 ea
2305 4771 2548 4811 summus
2575 4755 2664 4811 ille
2684 4752 2922 4825 pontifex
2937 4754 2999 4808 ab
3024 4752 3257 4808 Ecclesia
3279 4750 3485 4805 omnino
3508 4735 3764 4817 proscribah

2211 4846 2386 4916 inquit
2407 4862 2631 4919 magnus
2661 4847 2925 4903 Baronius
2947 4844 3050 4917 (ὅ),
3082 4846 3179 4900 sed
3209 4853 3268 4899 ut
3296 4841 3506 4915 publica
3535 4836 3582 4891 in
3613 4825 3763 4919 Eccle-

2209 4938 2286 4992 sia
2340 4938 2572 4994 lectione
2623 4937 2919 5008 priventur.
2961 4936 3074 5005 Qua
3128 4936 3196 4992 de
3241 4912 3310 4990 rev
3344 4948 3442 4988 nos
3466 4926 3589 4985 alibi
3622 4936 3678 4977 ex
3710 4912 3763 5008 Cl-

2208 5029 2530 5087 Fontaninio
2564 5027 2643 5103 (6)
2675 5030 2823 5101 plura
2852 5031 3171 5086 observasse
3198 5027 3542 5085 meminimus
3566 5062 3584 5090 ,
3614 5006 3766 5074 scrib“

2282 5144 2301 5215 (
2311 5142 2363 5215 ι)
2388 5143 2603 5213 Rigalt..
2631 5143 2737 5199 loc.
2764 5143 2859 5200 cit.
3198 5214 3201 5215 ν
3547 5206 3558 5215 _

2285 5199 2365 5287 (2’)
2396 5199 2686 5287 Ιηῗιιιιὶιιιο
2735 5216 2910 5287 Capite
2962 5214 3280 5271 acrostichis
3325 5226 3429 5287 non
3463 5218 3517 5287 u_t
3545 5206 3596 5261 in
3618 5199 3758 5287 aliis}

2208 5280 2386 5356 primo
2411 5285 2477 5339 ad
2506 5285 2746 5340 ultimum
2767 5328 2781 5351 ,
2804 5280 2912 5342 'sed
2953 5302 2983 5341 a
3028 5299 3298 5356 postremo
3334 5282 3400 5337 ad
3427 5282 3636 5350 primum
3663 5280 3760 5356 get:

2207 5340 2328 5483 iii")-
2358 5357 2607 5482 !!egenda
2647 5340 2813 5414 refert
2852 5340 3061 5414 verba}
3095 5340 3492 5415 Commodian'us
3539 5340 3762 5404 mendicus

2266 5445 2355 5484 ινιε
2379 5446 2417 5482 ι.

2283 5499 2363 5576 (ὅ)
2388 5499 2784 5576 Cotnmodian.,
2811 5501 3058 5556 Instruct.
3091 5518 3170 5559 ιιι.

2290 5564 2369 5645 Μ)
2401 5571 2505 5634 Id..
2533 5564 2781 5645 Iusti-nrt.
2810 5589 2957 5630 xvttt.
2992 5590 3135 5645 mv.
3176 5564 3195 5581 “

2299 5643 2378 5717 (5)
2409 5645 2627 5717 Darem,
2650 5643 2718 5700 ad
2748 5661 2873 5717 :_t_nn.
2898 5645 2989 5710 3i,
3014 5644 3160 5717 ςδο.

2287 5712 2367 5789 (Si
2397 5716 2710 5789 Fonteium,
2740 5714 2879 5781 ιιιίει.
2908 5712 3129 5789 Aquites.
3164 5717 3397 5789 litterat.,
3436 5712 3528 5773 lib.
3560 5726 3624 5778 ν,
3657 5715 3756 5773 εει)-

2206 5787 2356 5859 tt,'§
2387 5790 2452 5857 s,
2486 5803 2607 5860 pag.
2634 5788 2761 5845 554.
