3904 6316
177 351 263 408 209
360 351 429 426 (ν.
457 351 612 427 iss.)

175 469 475 540 Repudiatus
498 470 646 526 enim
675 471 923 530 discessit
967 475 1091 532 inde
1118 476 1348 534 divinus.

174 561 362 616 Terruit
397 563 538 618 hunc
569 564 721 633 virgo
750 568 964 635 specie,
991 585 1150 640 quam
1179 572 1268 627 ille
1294 572 1537 628 deberet.

171 651 248 708 Illa
273 653 408 721 prior
432 668 552 722 quae
582 655 846 712 debuerat
867 659 1027 716 deum
1058 664 1322 719 amavisse
1341 705 1356 730 ,

173 742 452 800 Lasciviens
475 747 564 816 qui
598 747 877 817 Daphnem
911 753 990 807 sic
1019 755 1182 823 cmpit
1205 771 1390 812 amare
1419 775 1430 810 :

147 837 226 893 ’Et
251 847 412 892 tamen
451 839 777 912 insequitur,
825 843 952 900 dum
985 848 1099 903 vult
1128 849 1332 904 violare
1365 853 1630 920 puellam;

172 927 324 984 Gratis
351 941 491 985 amat
521 934 750 1000 stultus,
781 951 880 992 nec
908 940 1079 1006 potuit
1107 944 1363 1011 consequi
1393 959 1580 1000 cursu.

172 1022 251 1078 Vel
271 1064 285 1089 ,
315 1024 356 1077 si
383 1024 518 1079 deus
548 1037 664 1080 erat
689 1070 704 1093 ,
737 1041 1045 1087 occurreret
1073 1033 1149 1088 illi
1178 1044 1272 1104 per
1299 1052 1478 1091 auras.

178 1113 270 1170 Sub
293 1116 440 1170 tectis
466 1116 557 1171 illa
591 1117 740 1188 prior
768 1122 946 1187 venit,
981 1127 1370 1195 remansitque
1404 1127 1637 1184 divinus.

172 1205 310 1262 Fallit
347 1222 438 1262 vos
471 1224 608 1280 gens
655 1209 930 1268 hominum
953 1257 968 1282 ,
999 1201 1122 1270 nam
1163 1219 1303 1272 victu
1334 1221 1471 1276 tristi
1498 1225 1733 1282 fuerunt.

167 1300 352 1356 Admeti
394 1318 586 1372 pecora
616 1320 832 1377 quoque
862 1309 1074 1377 pavisse
1105 1310 1355 1367 refertur.

166 1393 366 1449 Lusibus
395 1396 664 1466 impositis
708 1399 836 1454 dum
868 1400 1099 1457 mitteret
1128 1402 1334 1458 discum
1372 1405 1425 1460 in
1455 1407 1621 1462 altum
1641 1451 1656 1476 ,

167 1486 456 1556 Sublapsum
489 1504 596 1543 non
629 1491 802 1560 potuit
841 1494 1103 1550 retinere:
1136 1497 1427 1564 prostravit
1453 1500 1687 1556 amicum
1714 1519 1726 1553 τ

165 1578 368 1635 Ultimus
389 1581 480 1638 ille
507 1582 627 1638 dies
655 1583 754 1639 fuit
786 1585 1070 1658 Hyacinthi
1099 1589 1325 1647 sodalis.

162 1672 211 1731 Si
231 1673 429 1732 divinus
460 1685 578 1732 erat
597 1718 614 1744 ,
649 1689 879 1736 mortem
911 1684 1217 1752 praescisset
1238 1686 1416 1741 amici.

483 1833 838 1876 Ill.—LIBEB
874 1837 1064 1891 PATER,
1108 1837 1361 1882 BACCHUS.

166 1945 392 2004 Liberum
415 1957 626 2020 patrem
657 1959 808 2007 certe
831 1951 915 2007 bis
939 1953 1178 2023 genitum
1202 1953 1382 2009 dicitis
1410 1954 1545 2025 ipsi,

164 2035 210 2094 In
232 2037 364 2095 ludia
393 2049 554 2096 natus
581 2056 646 2098 ex
670 2040 806 2099 Jove
827 2042 1149 2115 Proserpina
1176 2043 1430 2114 primum.

1282 362 1654 422 ADVERSUS
1692 365 2004 426 GENTIUM
2049 371 2243 430 DEOS.

1757 1885 1804 1944 B

2963 382 3036 458 (ν.
3069 384 3223 457 ist.)
3335 383 3445 440 ato

1760 486 1811 546 A
1838 485 2169 559 Belligerans
2198 503 2382 550 contra
2414 497 2607 554 titanas
2636 500 2859 569 profuso
2885 517 3080 558 cruore
3103 544 3118 567 ,

1843 578 2150 649 Exspiravit
2179 585 2322 639 enim
2348 585 2483 641 sicut
2513 605 2577 644 ex
2605 593 2921 648 mortalibus
2945 609 3085 650 unus

1841 673 2050 731 Rursus
2079 677 2188 733 fato
2220 695 2318 734 suo
2347 683 2590 739 redditus
2617 685 2670 739 in
2698 687 2870 741 altero
2898 699 3084 744 ventre

1841 768 2080 834 Percipit
2109 771 2210 826 hoc
2237 771 2449 829 Semele
2485 775 2678 830 iterum
2719 778 2868 834 Jovis
2897 781 3067 835 altera
3097 780 3252 835 Maia.

1841 861 2096 918 Abscisso
2120 864 2273 935 cujus
2313 877 2487 929 utero,
2537 885 2704 940 prepe
2737 883 2944 939 partum
2988 873 3277 938 defunctae,

1839 954 2090 1016 Tollitur.
2119 968 2174 1013 et
2196 959 2357 1014 datur
2382 961 2510 1017 Niso
2543 964 2859 1019 nutriendus
2885 965 3153 1029 alumnus,

1839 1048 1916 1103 Ex
1950 1064 2016 1101 eo
2041 1049 2122 1106 bis
2155 1060 2329 1116 natus,
2361 1054 2624 1126 Dionysus
2651 1057 2743 1111 ille
2785 1069 3024 1128 vocatur,

1839 1139 2051 1208 Religio
2075 1143 2226 1210 cujus
2255 1143 2307 1198 in
2333 1161 2503 1200 vacuo
2535 1147 2660 1202 falsa
2694 1160 2933 1204 curatur.
3051 1209 3067 1227 ο

1838 1231 2178 1290 Bacchantur
2203 1245 2257 1290 et
2297 1237 2392 1300 illi,
2420 1239 2594 1309 qualia
2631 1257 2771 1296 nunc
2801 1243 2899 1311 ipsi
2929 1243 3176 1298 videntur

1837 1327 1942 1380 Aut
1971 1328 2310 1396 periculones
2339 1331 2850 1406 Mimnermonisque
2890 1337 3118 1401 fntores,

1836 1417 2160 1490 Conspirant
2188 1425 2238 1477 in
2269 1425 2431 1490 malo,
2463 1428 2746 1494 proludunt
2784 1430 2907 1482 licto
2932 1444 3146 1495 surore,

1837 1513 2060 1568 Ceteros
2086 1525 2141 1569 ut
2170 1515 2374 1578 fallant.
2405 1518 2647 1574 dicturos
2679 1537 2878 1576 numen
2907 1521 3122 1577 adesse.

1838 1605 1974 1661 Hinc
2003 1609 2284 1666 manifeste
2312 1611 2462 1667 vides
2490 1613 2735 1668 homines
2764 1615 2942 1669 simile
2971 1615 3235 1681 viventes,

1837 1698 1974 1754 Vino
2002 1704 2282 1770 permotati
2311 1706 2516 1775 primus
2563 1707 2704 1776 quod
2725 1718 3066 1777 expresserat
3090 1709 3181 1764 ille
3202 1751 3216 1774 ,

1839 1790 1950 1847 Sub
1978 1792 2184 1850 ludicro
2210 1810 2309 1852 suo
2336 1797 2597 1853 honorem
2630 1797 2708 1853 illi
2743 1798 2962 1854 dedere.

2329 1948 2440 1988 XIII.
2483 1962 2554 1974 -
2592 1949 2854 1992 INVICTUS.

1833 2067 2066 2125 Invictus
2114 2068 2181 2124 de
2213 2077 2362 2138 petra
2395 2079 2573 2137 natus,
2607 2071 2653 2125 si
2680 2070 2813 2126 deus
2839 2070 3087 2140 habetur,

1511 2204 2067 2264 COMMENTARIUS.

193 2326 263 2394 tta:
295 2316 490 2394 duplici
517 2320 684 2377 corde
715 2322 843 2387 fuit,
879 2321 1177 2394 fefellitque
1205 2332 1501 2388 amatorem
1534 2339 1712 2379 suum.

203 2399 262 2439 no
301 2391 463 2465 corde
528 2394 774 2455 promisit
827 2391 1106 2465 amplexus
1151 2411 1276 2450 suos
1327 2397 1604 2465 Apollini,
1663 2406 1721 2450 ut

159 2455 216 2536 ξιξ
255 2473 312 2536 eo
340 2461 598 2536 Adisceret
631 2475 801 2519 artem
855 2455 1130 2536 divinandi
1158 2485 1171 2521 :
1200 2455 1388 2522 altero'
1404 2468 1569 2522 corde
1594 2455 1719 2536 per-

159 2524 246 2580 ﬁda
283 2530 408 2606 fait;
465 2546 747 2604 postquam
777 2535 997 2599 didicit,
1044 2539 1255 2606 negavit
1285 2537 1424 2604 quod
1461 2524 1722 2605 promise-

159 2607 246 2683 rat.
283 2602 510 2683 _Bicut[s,
553 2602 805 2683 ambiguo
855 2609 1048 2683 corde,
1100 2602 1405 2683 Hesychius
1441 2602 1675 2683 Διψυχία
1702 2651 1719 2677 ,

157 2669 345 2749 suam.
415 2669 839 2749 Coinmodianus
893 2669 1151 2741 dixisset,
1209 2669 1479 2740 'birordia.
1510 2669 1519 2683 ’
1551 2669 1617 2732 υτ
1670 2669 1722 2736 in

156 2744 375 2826 Epistolis
421 2748 680 2826 Barnaba:
723 2759 778 2805 et
804 2750 1096 2806 Cletnetttis
1119 2793 1134 2818 ,
1166 2751 1418 2824 διψύχος,
1452 2751 1725 2826 διγνὼμος,

157 2808 438 2886 δεινῶς-σος.
482 2820 604 2876 RIG.

215 2885 413 2962 Ter-mit
452 2894 587 2944 hunc
613 2893 755 2962 uirgo
780 2895 966 2959 specie.
999 2893 1126 2962 Leg.
1158 2892 1381 2947 Torruit.
1416 2894 1536 2949 Βία.

219 2957 315 3014 Illa
343 2964 487 3029 prior
508 2979 622 3030 qua
647 2957 908 3019 dEbuerat.
936 2968 972 3018 A
1000 2957 1107 3034 quo
1133 2974 1238 3019 tam
1257 2965 1530 3020 el'licacem
1558 2965 1731 3021 scien-

156 3028 265 3104 tiam
307 3028 587 3104 percipere
617 3037 885 3102 cupiebat.
923 3028 1039 3091 um:

215 3101 320 3157 Nec
359 3101 525 3175 potuit
553 3101 790 3176 consequi
819 3124 993 3160 cursu.
1019 3107 1190 3161 Julius
1222 3107 1486 3162 Firmicus
1517 3126 1528 3160 :
1565 3127 1584 3159 ι
1618 3108 1723 3164 Sed

155 3187 212 3227 ex
260 3176 360 3230 isto
419 3178 705 3231 mulierum
761 3190 1136 3246 eorruptarum
1187 3195 1350 3249 grege
1401 3195 1506 3232 una
1551 3180 1722 3247 puella

158 3257 430 3319 amatorem
471 3250 630 3302 deum
681 3261 730 3302 et
763 3250 951 3303 vitavit
981 3260 1034 3304 et
1073 3250 1215 3303 vicit.
1259 3249 1532 3319 Daphnem
1577 3253 1722 3305 enim

159 3314 386 3374 divinans
425 3319 560 3374 deus
617 3329 670 3372 et
719 3319 892 3374 futura
950 3319 1284 3390 pra-dicens,
1341 3314 1442 3376 nec
1483 3323 1725 3377 invenire

159 3390 309 3461 potuit
352 3406 453 3444 nec
483 3401 753 3458 stuprare.
795 3411 814 3444 ι
864 3391 1062 3447 Euseb.
1093 3391 1182 3461 qui
1211 3407 1371 3459 supra
1403 3410 1417 3447 :
1456 3411 1473 3444 ι
1512 3392 1556 3448 Ο
1581 3393 1722 3460 inju-

158 3460 304 3535 r_i_am!
345 3461 514 3530 Virgo
564 3463 635 3516 ob
675 3462 984 3535 pudicitiam
1031 3460 1162 3532 fugit
1200 3464 1375 3517 :deus
1414 3473 1593 3519 autem
1631 3466 1720 3535 qui

156 3529 349 3598 dicitur,
377 3529 710 3590 oh’amorem
746 3534 984 3588 libidinis
1011 3529 1325 3603 insequitur,
1360 3544 1413 3588 et
1440 3552 1544 3590 non
1576 3529 1723 3591 coin-

157 3603 418 3670 prehendit
442 3648 456 3665 ,
484 3615 590 3660 etc.
616 3623 635 3656 ι
659 3607 723 3659 Et
751 3607 910 3676 paulo
941 3614 1088 3671 po~t:
1115 3625 1132 3656 ι
1167 3605 1270 3660 Sed
1307 3607 1444 3661 forte
1476 3607 1719 3671 quzedam

158 3685 297 3746 poeta
337 3676 511 3730 l‘acilis
549 3689 603 3732 et
652 3677 1048 3732 inconsiderate
1097 3677 1320 3746 loquens
1358 3679 1612 3734 mentitus
1652 3677 1721 3734 de

157 3744 246 3818 diis
286 3757 366 3802 est
409 3749 568 3813 talia,
617 3759 673 3804 et
719 3763 824 3803 non
878 3756 962 3802 est
1014 3744 1286 3803 insecutus
1330 3749 1588 3818 virginem
1639 3751 1720 3805 ci-

157 3813 355 3874 tharista
378 3860 393 3883 ,
427 3828 533 3874 etc.
573 3839 591 3872 ι

218 3889 348 3943 Nam
376 3892 511 3944 victu
534 3892 666 3945 tristi
693 3892 913 3962 fuerunt.
944 3891 1000 3944 ln
1023 3890 1333 3962 apographo
1356 3891 1546 3963 legitur
1573 3892 1684 3947 bizo
1703 3936 1715 3957 ,

159 3959 488 4027 depravatum
515 3979 579 4016 ex
609 3959 758 4016 vicia.
794 3964 911 4017 ltro.

217 4031 383 4086 Tristi.
416 4033 543 4088 Diro
565 4075 580 4095 ,
613 4032 843 4098 misero,
876 4033 1078 4098 crudo,
1109 4033 1219 4087 sive
1235 4033 1460 4088 crudeli.
1495 4035 1617 4091 th.

216 4104 409 4178 Admeti
436 4121 646 4178 pecora
691 4120 907 4178 quoque.
956 4103 1202 4178 Baluzms
1244 4106 1294 4157 in
1327 4106 1466 4178 notis
1495 4107 1560 4159 ad
1591 4105 1714 4178 ‘Cy-

157 4176 380 4241 priannm
408 4177 473 4229 de
492 4176 662 4230 idalor
707 4177 861 4229 venit.
887 4215 901 4236 ,
943 4187 1122 4229 tnonet
1150 4177 1200 4229 in
1221 4191 1321 4228 ms.
1345 4176 1716 4232 Commodia'ni

156 4248 427 4313 exemplari
463 4248 523 4303 S.
572 4247 746 4300 Albini
793 4246 1180 4315 andegavensis
1213 4248 1470 4317 scriptum
1521 4263 1642 4304 esse
1685 4265 1717 4302 a

157 4318 360 4384 primitia
391 4335 488 4383 pro
519 4319 735 4371 Admeti.
770 4318 949 4372 DAVIS.

215 4387 444 4445 Liberum
496 4400 689 4459 patrem
749 4400 882 4442 certe
936 4390 1010 4442 bis
1062 4389 1307 4457 genitum.
1367 4389 1713 4445 Consimilem

157 4457 370 4531 fabulam
431 4457 616 4516 narrat
665 4459 834 4515 Julius
889 4461 1157 4531 Hyginus,
1211 4463 1428 4516 Astron.
1486 4477 1711 4517 cuxvu:

1823 2339 1889 2378 ex
1922 2325 2250 2400 Philostrato
2300 2325 2557 2400 colligere
2583 2334 2704 2394 est,
2752 2327 3112 2400 Nysamiesse
3139 2330 3303 2386 veluti
3346 2332 3427 2387 fe«

1825 2410 1947 2450 mur
1999 2396 2223 2451 Caucasi
2266 2414 2280 2450 :
2332 2397 2469 2451 hanc
2523 2413 2653 2452 vero
2702 2396 2905 2465 partem
2954 2399 3120 2455 fuisse
3168 2403 3431 2457 eoositam

1824 2467 1951 2534 vite,
2004 2467 2249 2532 Baccho,
2300 2469 2593 2540 Dionysio;
2635 2479 2794 2538 atque
2825 2470 2948 2524 inde
3001 2471 3233 2527 fabulam
3283 2473 3432 2530 Jovis

1824 2540 2084 2607 gestantis
2126 2541 2176 2593 in
2236 2541 2468 2617 femore,
2521 2544 2570 2595 ἐν
2597 2550 2743 2617 μηρῷ
2811 2541 3096 2617 Bicchum.
3155 2544 3430 2617 Mensores

1827 2623 2111 2682 agrorum;
2170 2623 2225 2664 ut
2278 2613 2508 2665 vertices
2553 2624 2606 2665 et
2660 2613 2942 2682 Supereilia
2996 2616 3298 2679 montium,
3350 2617 3431 2670 sic

1827 2681 1987 2734 etiam
2017 2681 2200 2756 _l'emu_r
2230 2692 2284 2735 et
2327 2697 2505 2756 suram
2549 2692 2604 2737 et
2659 2681 3018 2750 crepidinem,
3051 2697 3104 2740 et
3143 2687 3429 2756 corrigiam
3480 2707 3483 2710 ‘

1835 2760 1889 2826 et
1931 2753 2117 2826 pedem
2148 2752 2365 2826 dixere_
2388 2753 2553 2808 Undae
2597 2762 2651 2807 et
2700 2765 2870 2824 poeta.-
2901 2757 3192 2826 Dionysum
3238 2752 3427 2812 femori

1834 2821 1982 2876 Jovis
2011 2824 2291 2878 insertum.
2337 2823 2455 2882 RIG.

1907 2894 2008 2970 ᾼηι
2039 2893 2374 2970 periculones.
2410 2893 2614 2970 Glossm
2645 2898 3246 2970 νθιΘΓθΒ,Ριφοκινδυνοκ,
3281 2898 3425 2966 peri-

1834 2965 2069 3019 culosus.
2099 2965 2198 3018 Alii
2223 2967 2428 3021 dixere.
2465 2969 2772 3028 pat'aholum
2800 2979 2848 3020 et
2881 2965 3431 3035 pai'alndanttml’au-

1834 3035 1917 3088 lus
1945 3037 2010 3088 ad
2027 3035 2229 3113 fliipp.
2249 3039 2763 3113 napaéoisna'auavoc
2790 3045 2852 3098 τὴ
2875 3062 3017 3113 φηχη
3043 3039 3231 3095 Versio
3262 3041 3425 3095 latina

1833 3116 1988 3161 vetus
2027 3107 2122 3160 Ms.
2156 3107 2484 3177 parubblatus
2506 3110 2568 3163 de
2591 3107 2763 3164 anima
2788 3107 2900 3163 sua'.
2941 3107 3053 3166 lito.

1907 3178 2396 3253 Mimnermom'sque
2446 3194 2658 3238 sutores.
2714 3181 2804 3236 Sic
2851 3182 3042 3250 legitur
3086 3183 3144 3253 in,
3200 3198 3428 3253 apogra-

1831 3247 1956 3317 pho,
1992 3249 2221 3304 Furteau
2269 3253 2560 3319 scripserat
2607 3247 3060 3319 Comutmlianus,
3097 3247 3428 3307 .llimner'mo-

1827 3323 2054 3401 nteriqtte
2095 3331 2309 3401 sutores.
2340 3325 2662 3401 γελῳιςᾳποιορ
2685 3321 2904 3401 praecidat
2933 3325 3020 3394 qui
3072 3341 3134 3378 ex
3179 3325 3429 3401 Mitliner-

1828 3392 1898 3444 mi
1927 3404 1976 3446 et
2008 3392 2225 3447 Homeri
2273 3392 2600 3448 carminibus
2639 3392 2696 3448 iu'
2725 3392 2882 3450 alium
2929 3392 3146 3448 sensum
3187 3398 3429 3450 consulis

1825 3470 1879 3536 et
1898 3465 2236 3536 cont-innatis
2270 3465 2433 3519 risum
2473 3467 2758 3536 captabant
2783 3467 2832 3518 in
2881 3467 3122 3520 theatris.
3156 3465 3428 3520 Videndus

1823 3533 2115 3607 Atla-utens
2160 3536 2253 3589 lih.
2296 3552 2410 3607 xtn.
2460 3533 2576 3607 pag',
2630 3538 2757 3592 620.
2808 3537 2895 3590 tibi
2943 3536 3011 3591 de
3065 3536 3324 3591 hilarodis
3371 3548 3424 3592 et

1827 3601 2278 3676 ltilarotragtndis.
2319 3606 2437 3663 RIG.

1900 3675 2368 3749 Simile’viventes.
2410 3677 2480 3733 Ut
2524 3693 2719 3749 supra,
2772 3679 2873 3733 hac
2929 3680 3043 3748 ipsa
3097 3678 3259 3733 lnSIr.
3304 3680 3425 3732 bac-

1825 3750 2044 3802 chantur
2077 3748 2271 3818 qualia.
2321 3748 2634 3813 .Iuvenalis,
2691 3750 3023 3804 bacchanalia
3069 3751 3260 3804 vivunt.
3320 3752 3429 3806 Aut

1822 3819 1989 3872 simile
2017 3819 2391 3874 adverbialiter
2413 3820 2567 3887 dixit,
2600 3822 2738 3875 unde
2779 3821 3071 3876 simillime.
3105 3821 3224 3876 lito.

1907 3889 2037 3945 Vino
2091 3893 2379 3962 perntotati.
2431 3891 2702 3946 Motantur
2756 3893 2894 3947 bene
2941 3893 3082 3958 poti,
3137 3893 3422 3962 perpotati.

1823 3960 2050 4026 Mutari,
2092 3960 2431 4032 ‘l‘requenter
2496 3965 2720 4026 tnotari,
2779 3963 3112 4032 Frequenter
3181 3960 3422 4029 moveri;

1822 4033 2018 4156 ppltare
2048 4033 2179 4088 Hor.
2235 4031 2299 4087 Ut
2330 4035 2472 4104 festis
2501 4046 2735 4089 matrona
2795 4031 2982 4088 moveri
3023 4034 3176 4102 jussa
3223 4033 3421 4090 diebus.

1872 4119 1942 4156 IG.

1847 4105 1942 4160 hc.

1895 4173 2103 4229 Primus
2149 4175 2286 4244 quod
2352 4187 2668 4245 expresserat
2718 4176 2824 4230 ille.
2878 4175 3117 4230 Bacchus
3170 4177 3221 4229 itt
3275 4175 3424 4231 India

1824 4247 2024 4312 primus
2075 4247 2182 4300 vini
2211 4260 2363 4300 usum
2397 4257 2726 4301 monstrasse
2767 4247 2982 4302 dicitur.
3017 4245 3169 4301 Unde
3213 4257 3263 4302 et
3293 4247 3421 4301 viti-

1820 4328 1985 4378 sator,
2018 4328 2072 4371 et
2103 4318 2289 4371 vitium
2338 4329 2600 4387 repertor.
2643 4318 2810 4374 GALL.

1889 4387 2112 4442 Ludrico
2129 4405 2239 4459 suo.
2269 4389 2450 4453 Ludis,
2481 4389 2645 4459 orgiis
2676 4389 2980 4444 trietericis.
3013 4387 3129 4443 Βία.

1894 4461 2140 4514 Invictus.
2191 4458 2480 4514 Historiam
2528 4458 2773 4529 Agdestis
2823 4459 3045 4527 hujusce
3072 4458 3280 4522 invicti,
3328 4460 3423 4528 qui

162 4530 374 4612 inhiber,
419 4531 572 4612 Jovis
612 4541 666 4586 et
712 4529 1044 4612 Proserpina:
1097 4531 1268 4612 ﬁlius,
1296 4547 1343 4612 na
1385 4532 1588 4612 Titanis
1629 4543 1788 4612 estD
1820 4530 1926 4612 iuit
1969 4547 2176 4612 magnae
2233 4531 2418 4612 matris
2469 4532 2653 4612 lilius._
2679 4531 2811 4598 Audi
2848 4541 3047 4612 petrae,
3099 4532 3148 4582 in
3177 4529 3423 4612 Phrygiae

157 4601 456 4667 distractus,
489 4603 640 4670 cujus
666 4618 759 4656 cor
783 4607 1088 4666 contritum,
1119 4602 1265 4656 Jovis
1294 4603 1522 4657 Semelzc
1556 4603 1705 4659 dedit

158 4671 200 4744 in
229 4678 515 4744 potionem.
553 4675 630 4728 Ex
661 4690 726 4727 eo
756 4688 1035 4743 przrgnans
1065 4688 1185 4726 cum
1211 4683 1355 4728 esset
1381 4674 1516 4728 facta
1543 4675 1702 4740 Juno,

157 4742 200 4796 in
230 4742 445 4801 ‘Beroeu
491 4745 754 4800 nutricem
812 4742 1042 4799 Semelae
1095 4760 1154 4800 se
1219 4747 1598 4814 comumtavit,
1654 4758 1704 4802 et

156 4816 215 4887 ait
236 4834 249 4868 :
271 4819 524 4882 Alumna,
556 4825 674 4884 pete
703 4831 731 4868 a
771 4816 936 4882 Jove,
971 4818 1128 4870 utsic
1151 4816 1216 4869 ad
1253 4826 1302 4869 te
1329 4817 1507 4870 veniat
1531 4834 1710 4887 quem-

156 4886 421 4942 admodum
451 4890 516 4942 ad
548 4888 812 4942 JunOnem
835 4929 851 4954 ,
904 4897 961 4940 ut
1001 4888 1140 4940 scias
1177 4903 1295 4956 quae
1334 4886 1581 4956 voluptas
1627 4899 1710 4945 est

157 4972 262 5029 cum
293 4961 390 5015 deo
427 4962 806 5014 coaeumbere.
853 4958 945 5013 Illa
986 4967 1162 5012 autem
1207 4959 1450 5027 instigata
1502 4961 1635 5029 petit
1681 4976 1708 5012 a

158 5026 301 5099 Jove,
353 5043 404 5085 ct
456 5032 679 5086 lulmine
725 5038 807 5084 est
858 5032 992 5095 icta;
1044 5045 1110 5084 ex
1161 5026 1518 5099 cujus’utero
1564 5030 1712 5084 Jovis

157 5097 387 5156 Liberum
415 5102 594 5167 exuit,
617 5112 671 5155 et
698 5100 840 5172 Nyso
864 5101 1010 5154 dedit
1039 5097 1401 5156 nutriendum.
1423 5102 1713 5172 undeDio-

158 5173 324 5240 nysius
349 5183 430 5228 est
453 5171 790 5243 appellatus.
825 5184 876 5227 et
909 5172 1143 5226 Bimater
1167 5172 1462 5227 estdietus.
1505 5191 1523 5224 ι
1569 5171 1712 5228 Idem

161 5257 299 5297 num.
325 5260 536 5300 cuxrx.
566 5243 706 5298 Non.
753 5243 1118 5314 Dionysiacor.
1153 5259 1266 5308 vn),
1314 5243 1482 5297 initio.
1520 5243 1641 5300 th.

217 5315 352 5369 Jovis
390 5316 556 5370 altera
592 5314 752 5368 Maia.
797 5314 946 5368 Jovis
994 5315 1080 5368 hic
1129 5317 1303 5382 primo
1330 5329 1489 5377 casu,
1520 5325 1579 5368 ut
1620 5331 1716 5370 su-

161 5398 239 5452 pra
295 5387 492 5442 Glossae
529 5385 735 5440 lsidori.
772 5385 903 5438 Maia
930 5427 945 5449 ,
977 5387 1182 5439 medica
1207 5427 1223 5451 ,
1255 5386 1533 5440 obstetrix.
1593 5385 1714 5442 th.

218 5454 300 5510 Ea:
328 5458 455 5511 Jove
483 5456 796 5520 Proserpina
829 5457 1066 5519 primum.
1100 5456 1362 5525 Absorpta
1389 5467 1471 5509 est
1501 5459 1713 5512 vocula.

161 5523 274 5591 Leg.
300 5546 360 5583 ex
385 5528 512 5582 Jove
549 5538 595 5582 et
645 5526 953 5598 Proserpina
998 5529 1237 5598 primunt.
1280 5523 1467 5581 Davls.

222 5599 299 5654 Ex
328 5617 386 5654 eo
433 5601 508 5654 bis
538 5609 686 5652 natus
744 5597 1018 5668 Dionysus.
1065 5599 1189 5653 Ha'c
1230 5601 1435 5667 poetica
1490 5598 1722 5653 nominis

161 5672 315 5736 origo.
365 5674 531 5726 Aliam
578 5670 792 5723 tradidit
841 5669 1219 5730 Philostratus,
1268 5668 1377 5723 Vit.
1432 5669 1608 5735 Apoll.
1655 5669 1718 5725 11.

161 5747 324 5804 Nucio;
347 5748 443 5821 γὰρ
474 5745 500 5799 ὁ
522 5742 773 5821 διοννσιίος
802 5742 902 5796 ἀπὸ
921 5751 1011 5802 τῆς
1101 5741 1248 5821 ἰνδὸις
1272 5744 1450 5821 won;
1473 5747 1720 5821 rsaces,

165 5812 423 5871 Armenia?
453 5831 544 5870 rex
580 5814 816 5883 pardaltn
843 5815 1071 5867 sacravit
1099 5812 1303 5882 elogio:
1339 5813 1451 5866 Rex
1486 5815 1726 5867 Ausaces

166 5897 254 5936 lim
279 5887 460 5941 Nrs-ro
488 5884 792 5953 Stephanus
837 5899 851 5937 :
894 5895 1071 5957 Αεγται
1108 5889 1188 5938 καὶ
1212 5906 1376 5938 νυκεκ.
1429 5883 1539 5937 lloe
1568 5884 1727 5953 igitur

1816 4603 2011 4656 linihus
2034 4645 2049 4668 ,
2095 4603 2345 4673 inauditzr
2387 4617 2485 4673 per
2510 4603 2690 4657 oinnia
2725 4603 2987 4656 vasmatis
3015 4617 3182 4670 nepos
3203 4642 3226 4673 ,_
3241 4610 3426 4655 narrat

1810 4689 1873 4726 ex
1908 4673 2232 4728 Tbiinmht-o
2281 4671 2558 4739 ’l‘hcolugo
2613 4674 2880 4727 Arnobius
2931 4673 3023 4726 lib.
3078 4686 3132 4725 ν.
3164 4671 3424 4725 adversus

1812 4743 2034 4808 Gentes,
2073 4744 2139 4798 ad
2187 4759 2414 4812 eamque
2463 4743 2739 4798 historiam
2790 4744 3211 4798 Commodianus
3239 4755 3424 4797 uoster

1811 4817 2070 4885 respexit,
2125 4831 2224 4870 nec
2265 4815 2482 4869 aliunde
2526 4815 2750 4881 petenda
2789 4826 2867 4869 est
2914 4818 3035 4868 huic
3082 4812 3422 4867 in~tructioni

1815 4886 1924 4940 lux.
1966 4887 2127 4940 Valde
2169 4901 2345 4940 antem
2378 4885 2582 4939 abludit
2610 4887 2922 4940 Timotheus
2965 4886 3032 4937 ab
3081 4885 3168 4948 iis,
3197 4899 3316 4949 quae
3354 4885 3421 4938 de

1815 4957 2004 5011 eodem
2058 4958 2273 5027 Adgesti
2308 4957 2613 5011 referuntur
2640 4957 2691 5012 in
2720 4956 2975 5021 Achaicis,
2996 4955 3270 5010 Pausania:
3299 4969 3418 5022 pag.

1815 5027 2390 5083 225.1ho.——lnrictus
2411 5027 2473 5080 de
2500 5038 2641 5098 petra
2657 5040 2825 5089 tratus,
2857 5028 2994 5081 Deus
3023 5028 3271 5098 invii-tus,
3301 5039 3423 5098 per:

1817 5112 2032 5168 petitum
2051 5099 2190 5154 Solis
2207 5109 2289 5154 est
2307 5093 2612 5166 epitheton:
2649 5099 2872 5168 ideoque
2897 5113 3000 5152 non
3032 5096 3297 5168 Aedestis,
3325 5093 3422 5148 Sed

1817 5167 2037 5246 blithras
2083 5171 2394 5246 de_notatur.
2435 5169 2570 5224 Vide
2613 5172 2686 5224 sis
2727 5167 2974 5246 luseript.
3003 5167 3271 5246 Gruteria
3299 5180 3419 5246 pag.

1819 5244 1908 5316 315.
1961 5256 2095 5316 seq._
2132 5241 2200 5295 Et
2255 5243 2430 5316 nuntia
2485 5256 2640 5316 sane
2683 5256 2802 5311 quae
2871 5241 2937 5294 de
3002 5253 3214 5316 nmero
3261 5237 3422 5316 tradit

1818 5308 2237 5366 Cornutiodianits
2262 5352 2276 5370 .
2320 5311 2529 5366 Mithrae
2560 5308 2798 5367 tribuunt
2839 5322 3068 5366 veteres.
3137 5308 3231 5361 Hic
3274 5308 3420 5360 enim

1821 5385 1885 5437 de
1915 5398 2057 5454 petra
2098 5393 2250 5436 natus
2277 5381 2564 5454 ferebatur,
2594 5384 2935 5454 l-lierunitnus
2962 5383 3012 5434 in
3081 5378 3418 5454 Jttvitii-Ittuttt

1824 5447 1926 5508 lib:
1954 5472 1966 5508 t
1995 5455 2097 5509 col.
2135 5455 2259 5510 M9.
2289 5453 2418 5507 edit.
2449 5454 2552 5509 BB.
2605 5453 2836 5508 Narrant
2885 5462 2932 5504 et
2983 5451 3203 5522 gentium
3231 5447 3421 5519 fubulte

1823 5525 2037 5580 MITBAM
2080 5537 2126 5579 et
2170 5527 2580 5592 Erichthonium,
2609 5525 2688 5579 vel
2714 5529 2762 5578 in
2796 5538 2984 5578 LAPIDE
3036 5524 3135 5592 vel
3167 5521 3218 5592 in
3247 5529 3382 5592 terra
3403 5560 3418 5582 ,

1825 5598 1890 5650 de
1963 5599 2072 5651 solo
2138 5607 2243 5650 estu
2324 5589 2708 5672 libidinis-esse
2763 5605 3044 5672 generatos.
3097 5590 3271 5672 Etiam
3338 5589 3424 5672 fur

1826 5671 2146 5722 censebatur
2184 5688 2196 5723 :
2248 5667 2385 5721 unde
2434 5670 2704 5728 ϐονκ).ὁπος
2754 5662 2927 5720 dictus
2973 5675 3054 5718 est
3097 5662 3418 5733 Porphyrio.

1826 5745 1947 5817 περὶ
1970 5748 2067 5795 τῶν
2094 5749 2296 5813 νυμφῶν
2321 5737 2523 5816 ἄντρον,
2559 5755 2671 5807 pag.
2705 5737 2831 5817 292.
2860 5737 3040 5817 limus:

1903 5803 2249 5886 ‘lrwictus'dc
2289 5803 2430 5886 petra
2476 5803 2647 5886 natus:
2707 5806 2978 5886 Arnobius
3019 5806 3155 5886 (lib.
3223 5820 3274 5859 v.
3319 5803 3425 5886 sub.

1830 5882 1947 5938 init.
1977 5886 2016 5953 ):
2054 5904 2071 5934 ι
2105 5884 2237 5939 l-luic
2287 5879 2451 5938 robur
2492 5881 2780 5948 invictum,
2835 5886 2891 5937 et
2958 5879 3206 5937 ieroeitas
3258 5879 3429 5934 animi
