3904 6316
460 342 568 399 an;
680 341 753 414 (ν.
780 339 933 407 224.)

697 473 844 514 XVIII.
873 483 945 496 —
970 469 1038 509 DE
1067 466 1359 508 AIIUDATE
1389 465 1454 505 ΕΤ
1481 463 1586 504 υεο
1605 461 1800 504 MAGNO.

459 595 700 652 Diximus
719 592 830 664 jam
860 591 1024 646 multa
1048 589 1115 645 de
1141 587 1518 659 superstitione
1545 583 1768 640 nefanda
1787 625 1802 650 ,

347 700 361 712 ‘
459 687 529 744 Et
557 698 731 742 tamen
760 685 1127 756 exsequimur,
1163 698 1228 738 ne
1250 681 1375 750 quid
1400 680 1703 752 praeterisse
1724 679 1985 734 dicamur.

458 779 944 848 Ammudatemque
975 792 1131 831 suum
1163 775 1400 830 cultores
1430 787 1583 828 more
1619 770 1871 826 colebant
1904 787 1916 822 :

457 871 680 942 Magnus
709 879 824 924 erat
847 868 973 933 illis,
999 866 1214 937 quando
1244 864 1344 919 fuit
1367 879 1558 919 aurum
1592 868 1644 917 in
1673 861 1811 917 tnde.

458 961 737 1016 Mittebant
755 959 928 1028 capita
953 957 1055 1013 sub
1083 956 1302 1010 numine
1322 955 1474 1026 quasi
1504 951 1777 1024 praesenti.

459 1055 690 1109 Ventum
721 1062 804 1108 est
823 1052 888 1106 ad
915 1066 1209 1115 summum,
1233 1059 1290 1104 ut
1314 1047 1496 1104 Caesar
1521 1049 1733 1104 tolleret
1754 1062 1941 1103 aurum
1973 1065 1987 1102 :

459 1145 664 1202 Defecit
685 1160 906 1209 numen,
936 1153 1029 1198 aut
1055 1142 1210 1211 fugit,
1238 1151 1331 1196 aut
1357 1143 1552 1196 transit
1585 1142 1638 1196 in
1658 1141 1857 1211 ignem.

457 1241 660 1294 Auctor
689 1235 848 1305 hujus
870 1235 1092 1292 sceleris
1115 1244 1347 1300 constat,
1377 1235 1467 1304 qui
1497 1233 1759 1288 formabat
1787 1231 2037 1288 eumdem

459 1328 564 1386 Tot
602 1330 746 1384 viros
773 1339 826 1384 ct
855 1344 1076 1399 magnos
1099 1328 1309 1384 seducit
1335 1327 1468 1382 false
1494 1326 1825 1398 prophetans
1849 1341 1863 1390 ;

454 1422 526 1478 Et
553 1420 713 1476 modo
734 1421 947 1476 reticuit
972 1419 1062 1490 qui
1090 1419 1299 1474 solebat
1319 1434 1440 1474 esse
1467 1419 1700 1472 divinus.

460 1515 835 1584 Erumpebant
857 1515 1000 1568 enim
1033 1527 1217 1577 voces,
1246 1513 1399 1582 quasi
1427 1521 1608 1568 mente
1638 1520 1880 1575 mutata;

459 1607 739 1677 Tanquam
777 1606 856 1661 illi
885 1606 1019 1661 deus
1047 1606 1174 1676 ligni
1205 1605 1514 1676 loqueretur
1555 1605 1606 1658 in
1633 1619 1841 1660 aurem.

461 1699 635 1756 Dicite
662 1715 804 1754 nunc
828 1700 951 1768 ipsi,
982 1697 1028 1754 si
1058 1713 1163 1752 non
1191 1699 1300 1752 sint
1331 1698 1548 1753 numina
1571 1696 1742 1752 falsa?

457 1791 542 1848 Ex
573 1806 639 1847 eo
673 1790 918 1862 prodigio
946 1801 1078 1861 quot
1100 1789 1331 1861 perdidit
1361 1789 1450 1845 ille
1474 1789 1781 1860 propheta?

459 1884 674 1942 Oblitus
694 1892 777 1938 est
807 1883 908 1937 iste
933 1881 1278 1952 prephetarc,
1311 1883 1402 1952 qui
1428 1893 1554 1937 ante
1584 1881 1814 1938 solebat.

460 1975 699 2032 Monstra
724 1972 862 2028 adeo
889 1975 991 2028 ista
1031 1973 1151 2029 ficta
1179 1984 1304 2029 sunt
1327 1989 1423 2044 per
1443 1974 1817 2041 vinivoraces;

463 2069 703 2128 Audacia
730 2084 959 2141 quorum
983 2067 1306 2122 damnabilis
1326 2067 1546 2122 numina
1575 2066 1746 2138 fingit.

463 2161 762 2220 Gestabant
803 2163 973 2228 enim,
1013 2171 1066 2217 et
1094 2162 1236 2216 aruit
1264 2161 1368 2216 tale
1395 2161 1672 2232 sigillum:

463 2255 599 2312 Nam
626 2266 682 2312 et
703 2257 818 2327 ipse
839 2256 983 2322 silet,
1013 2269 1113 2310 nec
1141 2255 1282 2310 ullus
1310 2255 1378 2311 de
1409 2256 1502 2311 illo
1533 2235 1819 2326 prophetat

467 2349 724 2418 Omnino,
754 2349 851 2406 sed
881 2365 978 2406 vos
1009 2350 1155 2420 ipsos
1188 2350 1416 2420 perdere
1441 2350 1624 2406 vultis.

902 2483 1015 2522 XIX.
1042 2496 1112 2510 —-
1136 2480 1448 2522 NEIESIACIS
1466 2482 1643 2522 VANIS.

472 2580 590 2637 Non
616 2580 967 2652 ignominium
991 2588 1093 2646 est,
1132 2580 1308 2634 virum
1337 2577 1522 2636 seduci
1555 2580 1899 2652 prudentem,

473 2672 543 2730 Et
568 2672 748 2730 colere
779 2673 961 2740 talem,
989 2681 1084 2727 aut
1111 2672 1334 2729 Dianam
1366 2671 1549 2729 dicere
1575 2673 1782 2746 lignum
1808 2676 1831 2730 ?

1581 327 2007 386 COMMODIANI
2050 321 2622 381 INS'I‘RUCTIONES

2073 445 2126 504 Α
2151 439 2302 496 Mane
2327 439 2496 505 ebrio,
2519 437 2706 503 crudo,
2741 437 2980 509 perituro
3003 435 3228 492 creditis
3254 434 3403 500 viro;

3295 323 3368 390 (ν.
3391 315 3532 388 illi.)
3631 317 3720 374 216
3749 391 3751 393 ι

2165 531 2242 588 Ex
2267 541 2384 588 arte
2405 531 2497 602 qui
2523 531 2645 586 ficte
2674 530 2912 601 loquitur
2941 529 3067 600 quid
3095 528 3171 584 illi
3196 526 3406 582 videtur
3443 543 3458 580 :

2165 624 2362 680 Severe
2390 623 2516 678 dum
2545 623 2684 692 agit,
2717 623 2817 678 sibi
2851 623 3055 677 viscera
3087 620 3278 690 pascit.

2163 717 2433 787 Incopriat
2462 717 2606 772 cives
2633 733 2770 772 unus
2796 715 3130 771 detestabilis
3161 726 3373 769 omnes.

2166 809 2541 880 Adplicuitque
2566 808 2690 876 sibi,
2722 808 2884 863 simili
2913 807 3142 878 collegio
3171 806 3334 868 facto,

2163 899 2299 958 Cum
2328 902 2522 971 quibus
2549 900 2827 956 historiam
2855 899 3028 970 ﬁngit,
3061 908 3120 954 ut
3147 898 3306 952 deum
3334 895 3574 952 adornet.

2164 992 2285 1064 Ipse
2307 993 2411 1048 sibi
2443 995 2614 1048 nescit
2639 991 2883 1048 ditinare
2913 1035 2926 1057 ,
2956 990 3168 1046 czeteris
3194 989 3375 1044 audet.

2167 1086 2459 1150 Succollat,
2487 1084 2702 1156 quando
2728 1085 2876 1147 hbet.
2900 1099 3048 1150 eum,
3080 1092 3136 1138 et
3155 1080 3368 1152 quando
3392 1079 3617 1150 deponit.

2164 1181 2458 1237 Vertitura
2485 1195 2546 1235 se
2575 1189 2760 1234 rotans
2794 1194 2914 1234 cum
2953 1178 3102 1248 ligno
3133 1175 3359 1242 bifurci;
3402 1211 3416 1242 λ

2167 1277 2245 1329 Ac
2268 1274 2312 1328 si
2343 1283 2500 1342 putes
2523 1271 2674 1326 illum
2703 1269 2942 1325 afﬂatum
2977 1269 3198 1323 numine
3225 1267 3379 1338 ligni.

2166 1364 2284 1421 Non
2306 1363 2438 1420 deos
2465 1377 2559 1417 vos
2585 1362 2762 1417 colitis
2791 1377 2927 1432 quos
2965 1361 3064 1431 ipsi
3092 1358 3229 1415 false
3257 1363 3603 1430 prophetam;

2171 1457 2321 1528 Ipsos
2351 1455 2662 1511 sacerdotes
2687 1454 2866 1510 colitis
2885 1495 2899 1518 ,
2925 1454 2978 1508 in
3008 1467 3147 1508 vano
3181 1453 3448 1509 timentes.

2170 1548 2280 1606 Sed
2307 1549 2352 1604 si
2377 1547 2542 1603 corde
2571 1550 2739 1618 viges,
2764 1545 2886 1617 fuge
2911 1545 3024 1616 jam
3055 1544 3288 1600 sacraria
3322 1544 3528 1598 mortis.

2738 1677 2828 1716 XX.
2853 1691 2924 1701 --
2943 1676 3196 1717 τιτΑιηι-ῖε.

2171 1777 2393 1834 Titanas
2416 1777 2569 1834 vobis
2595 1777 2836 1832 Tutanos
2860 1775 3038 1832 dicitis
3060 1789 3202 1832 esse.

2098 1843 2146 1902 Β
2175 1868 2414 1925 Immites
2442 1871 2633 1926 tacitos
2663 1869 2764 1924 sub
2789 1868 3026 1924 culmine
3055 1875 3240 1924 vestro
3270 1867 3497 1939 rogatis.

2172 1961 2278 2019 Tot
2308 1963 2469 2029 lares,
2499 1960 2776 2026 :ediculas,
2810 1960 3100 2016 simulacra
3130 1961 3252 2016 ﬁcta
3282 1958 3494 2014 Titano.

2178 2055 2430 2112 Adoratis
2453 2056 2599 2111 enim
2623 2055 2770 2110 stulti
2802 2055 2944 2110 malo
2971 2054 3082 2110 leto
3109 2052 3426 2118 defunCtos;

2172 2151 2292 2208 Non
2323 2151 2493 2222 legem
2523 2151 2760 2221 ipsorum
2789 2150 3027 2221 legentes
3055 2164 3069 2201 :
3107 2163 3211 2203 non
3244 2149 3346 2218 ipsi
3377 2149 3662 2220 loquuntur.

2175 2243 2245 2300 Et
2263 2244 2396 2300 deos
2433 2243 2645 2299 audetis
2677 2243 2932 2298 :eramine
2968 2241 3150 2296 dicere
3179 2240 3350 2297 fusos.

2182 2337 2466 2395 Solveritis
2493 2352 2588 2394 eos
2618 2337 2788 2408 magis
2817 2337 2869 2392 in
2898 2335 3116 2391 vascula
3141 2337 3324 2392 vobis.

2682 2469 2715 2509 Χ
2727 2469 2781 2510 XI
2791 2494 2804 2507 .
2834 2483 2902 2493 --
2929 2467 3300 2508 ιοκτεςιυιε.

2187 2587 2394 2643 Montes
2423 2597 2477 2643 et
2505 2586 2638 2644 deos
2667 2586 2844 2642 dicitis
2868 2604 2881 2641 :
2913 2586 3258 2642 dominentur
3283 2587 3337 2641 in
3362 2600 3511 2642 auro.

2186 2680 2470 2738 Obscurati
2489 2681 2654 2749 malo,
2678 2681 2854 2737 aliena
2882 2689 3063 2736 mente
3085 2679 3362 2751 juvantes.

1824 2833 2382 2898 COMMENTARIUS.

474 2968 668 3024 nempe
693 2953 1105 3024 simulacrorum
1127 2951 1194 3005 de
1227 2950 1425 3024 quibus
1441 2958 1524 3024 est
1542 2950 1924 3024 ‘lnstructionis
1946 2953 2070 3024 tito-

478 3028 583 3086 lus.
605 3021 755 3078 nulla
781 3025 950 3078 locum
977 3033 1068 3085 est,
1095 3023 1198 3077 hoc
1230 3033 1334 3090 est,
1378 3021 1508 3076 nihil
1541 3021 1715 3076 locuta
1746 3033 1828 3077 est
1871 3039 1883 3076 :
1925 3023 2070 3079 nulla

476 3096 615 3152 fudit
639 3097 876 3151 oracula.
908 3095 1028 3151 th.

2179 2971 2308 3026 puts
2329 2966 2412 3011 est
2443 2955 2721 3027 Rigaltius.
2752 2955 2878 3010 Vult
2923 2956 3067 3010 enim
3091 2953 3529 3027 Commodianus
3550 2995 3564 3018 ,
3593 2949 3756 3006 Neme-

2178 3025 2379 3082 siacnm
2408 3025 2534 3082 duni
2563 3044 2732 3082 severe
2777 3027 2922 3097 agit,
2955 3042 3051 3082 seu
3079 3025 3264 3097 flagris
3291 3036 3348 3080 et
3377 3025 3550 3096 gladio
3590 3035 3756 3092 corpus

2181 3099 2420 3164 lacerat,
2478 3100 2674 3154 vietum
2735 3096 2838 3156 sibi
2897 3113 3160 3169 qumrere.
3229 3096 3369 3153 Hinc
3432 3097 3587 3152 lustr.
3637 3109 3758 3157 xvn,

557 3168 634 3222 De
674 3182 988 3222 annuens.
1021 3165 1346 3221 Gratulahor
1381 3165 1700 3219 monstranti
1747 3164 1908 3219 alium
1945 3168 2083 3221 scri-
2109 3173 2155 3236 C
2190 3187 2242 3224 v.
2273 3169 2384 3226 2l5
2415 3187 2429 3224 :

486 3249 731 3310 ptorem,
789 3238 878 3310 qui
942 3237 1164 3310 hujusce
1216 3236 1460 3310 numinis
1500 3236 1826 3290 mentionem
1872 3235 2080 3310 fecerit.

485 3307 816 3364 Terminatio
847 3308 1116 3362 Persicam
1143 3323 1326 3361 vocem
1356 3307 1588 3367 indicat;
1621 3320 1675 3360 ut
1704 3318 1846 3369 sunt,
1875 3307 2083 3363 Mithri-

486 3382 663 3445 dates,
693 3379 1015 3445 Orondates,
1039 3378 1327 3441 Tiridates,
1370 3377 1726 3432 Meherdates.
1764 3379 1928 3433 Etest
1948 3380 2085 3448 apud

487 3453 810 3521 Procopium
840 3451 890 3504 in
921 3451 1153 3523 Persicis
1177 3453 1478 3523 ᾁμμουδίος,
1497 3466 1622 3517 ager
1635 3448 1783 3523 haud
1813 3450 2080 3523 ignobilis,

486 3523 652 3599 δαράς
673 3520 863 3599 μετρὸν
893 3520 1056 3599 sinuat
1079 3520 1302 3599 σταδίῥςδ
1329 3525 1426 3576 ἀπε
1433 3524 1565 3599 χΑὼγ2
1597 3521 1686 3575 ubi
1701 3531 1879 3599 castra
1900 3522 2089 3599 .liersa—

491 3591 610 3650 ru'm
643 3591 902 3648 adversus
930 3593 1218 3647 Romanos.
1250 3593 1318 3646 Et
1346 3591 1485 3662 apud
1522 3591 1868 3663 IIesychium,
1905 3593 2052 3649 Datis
2072 3637 2086 3659 ,

492 3681 688 3720 nomen
716 3665 1055 3734 imperatoris
1072 3664 1246 3719 Persa:
1273 3682 1285 3716 :
1310 3665 1403 3716 sed
1433 3663 1547 3717 haec
1569 3679 1729 3733 quam
1749 3674 1872 3718 sunt
1890 3666 2086 3731 inania,

494 3737 540 3793 si
564 3753 670 3792 non
698 3736 915 3790 aliunde
944 3734 1368 3790 confirmentur?
1400 3735 1515 3789 llic.

565 3809 908 3862 Neuesucns.
945 3808 1018 3862 De
1054 3807 1222 3861 Gallis
1262 3806 1510 3877 Cybeles,
1541 3805 1713 3877 Itla'is.
1755 3805 2090 3873 Bellonariis,

496 3879 678 3934 Isiacis
699 3888 752 3934 et
789 3877 1119 3932 Nemesiacis
1147 3875 1317 3932 etiam
1335 3879 1531 3944 scripta
1561 3875 1810 3930 Gentium
1841 3879 2092 3944 profana-

496 3965 616 4006 rum
647 3950 875 4012 confuse
913 3949 1206 4004 disserunt.
1265 3947 1636 4001 Nemesiacum
1664 3949 1918 4003 describit
1953 3955 2096 4012 Aou-

497 4022 636 4077 leius
664 4021 775 4076 Mil.
808 4037 899 4076 vttt
927 4038 938 4073 :
972 4039 991 4072 ι
1021 4021 1151 4075 lnsit
1181 4019 1558 4073 vaticinatione
1583 4020 1840 4083 clamosa,
1865 4022 2095 4076 cooficto

499 4093 821 4157 mendacio,
876 4093 1224 4160 semetipsum
1277 4092 1545 4145 incessere
1598 4101 1761 4158 atque
1800 4093 2092 4157 criminari,

497 4165 648 4234 quasi
679 4173 868 4219 contra
890 4163 969 4217 fas
986 4173 1186 4217 sancta:
1214 4162 1486 4234 religionis
1512 4162 1846 4232 tlesignassct
1873 4164 2092 4234 aliquid,

498 4233 555 4290 et
583 4235 802 4303 insuper
829 4235 1000 4303 justas
1027 4249 1210 4302 plenas
1241 4233 1386 4288 noxii
1426 4233 1680 4287 facinoris
1725 4234 1838 4302 ipse
1867 4234 1934 4288 de
1987 4234 2097 4288 suis

499 4307 748 4360 manibus
786 4320 1102 4376 exposcere.
1147 4309 1399 4376 Arrepto,
1424 4303 1653 4372 denique
1691 4303 1891 4376 flagro,
1931 4315 2091 4376 etc”)

499 4391 621 4445 quae
649 4392 809 4448 supra
838 4374 918 4448 Vde
936 4376 1324 4448 ADindymariis
1352 4375 1755 4448 observavimus
1783 4414 1795 4437 ,
1829 4374 1894 4429 ad
1939 4374 2097 4448 lustr.

502 4462 617 4502 xvn
664 4445 767 4503 Uni
819 4447 886 4502 de
926 4445 1136 4516 fragore
1162 4462 1270 4516 quo
1315 4446 1554 4500 luxurias
1592 4445 1807 4516 ineunt,
1841 4454 1894 4498 et
1937 4447 2100 4500 furias

505 4521 759 4588 fingunt:
801 4520 889 4588 qui
933 4515 1112 4587 fragor
1149 4515 1204 4572 et
1248 4517 1396 4570 furor
1451 4517 1610 4588 etiam
1665 4515 2100 4588 Nemesiacorum

2722 3239 2848 3290 Dum
2873 3240 3025 3291 furias
3048 3239 3240 3302 lingere
3266 3246 3516 3302 quaerunt,

2315 3304 2414 3354 Aul
2436 3317 2546 3354 cum
2569 3304 2712 3354 dorsa
2734 3315 2821 3351 sua
2846 3303 3054 3366 allidunt
3077 3315 3252 3366 spurca
3275 3303 3518 3366 bipenne.
3550 3337 3578 3349 ..

2315 3367 2625 3418 Obumbrant
2649 3366 2878 3430 poliulum
2904 3359 3198 3431 simplicem,
3227 3359 3434 3427 perituri
3457 3364 3505 3412 ni
3531 3359 3728 3412 credant.

2190 3452 2470 3522 Apuleius,
2515 3451 2745 3516 Metam,
2782 3451 2875 3505 lib.
2909 3465 3018 3512 vin,
3053 3464 3170 3519 pag.
3196 3449 3328 3522 7173
3361 3465 3374 3498 :
3416 3467 3434 3501 ‹
3473 3445 3566 3502 Ubi
3594 3444 3765 3522 tandem

2193 3518 2396 3594 fatigati
2442 3518 2516 3576 uel
2536 3534 2668 3576 certe
2692 3538 2784 3577 suo
2806 3522 3002 3595 laniatu
3029 3518 3223 3583 satiati,
3256 3537 3472 3590 pausam
3493 3518 3767 3595 carniﬁcina

2194 3587 2410 3656 dedcrc;
2437 3609 2619 3648 STIPES
2642 3611 2800 3648 cereas
2818 3635 2833 3658 ,
2870 3593 3026 3646 immo
3069 3607 3186 3644 vero
3212 3587 3265 3645 et
3295 3603 3584 3660 argenteas,
3626 3587 3764 3640 multis

2195 3667 2427 3720 certatim
2451 3664 2801 3730 o/fct’entibns,
2821 3666 2937 3718 sinu
2961 3679 3196 3734 recepere
3228 3663 3432 3729 patulo,
3455 3673 3589 3716 etc.»
3621 3661 3766 3713 υυίς.

2269 3735 2536 3803 lncoprt‘at
2578 3739 2730 3790 cives.
2771 3735 3041 3789 Conviciis
3065 3775 3081 3799 ,
3111 3736 3423 3804 opprobriis
3449 3737 3764 3804 COIIspuI-cal-t

2197 3817 2253 3863 et
2278 3798 2427 3872 quasi
2455 3817 2696 3862 stercore
2722 3806 3049 3876 conspergit.
3068 3798 3232 3860 ’Gl'o's.
3268 3803 3460 3859 lsidori
3488 3823 3514 3857 a
3551 3798 3770 3876 Vulcania

2199 3877 2358 3933 edita:
2395 3896 2406 3931 :
2443 3877 2653 3941 Scurra,
2687 3879 2773 3947 qui
2814 3873 3154 3942 ἱηέοιὶνὲαιιιν.
3201 3877 3496 3939 Scurrula,
3547 3873 3625 3943 qui
3659 3874 3772 3947 inco-

2201 3950 2356 4020 priat.
2385 3948 2612 4004 St'urt'as
2637 3944 2808 4002 dictos
2855 3947 3020 4020 fuisse
3056 3947 3246 4002 Grzeco
3277 3949 3544 4002 vocabulo
3568 3944 3770 4020 nonpioﬁ

2197 4015 2542 4091 jampridem
2581 4036 2647 4072 ex
2694 4021 2862 4074 Dione
2900 4032 2948 4073 et
2999 4018 3262 4072 Svetonio
3312 4021 3414 4091 viri
3465 4015 3770 4091 crnilili§stn_ll_

2202 4082 2455 4166 docuere.
2477 4091 2709 4166 ASAuidaS}
2745 4093 2953 4166 κοπρίος
2985 4093 3109 4166 ἀνὴρ
3155 4093 3222 4166 ᾡς
3251 4092 3356 4166 ἀπὸ
3383 4089 3565 4166 δημοῦ,
3593 4089 3709 4166 λέγει
3733 4082 3772 4136 δέ

2202 4163 2643 4238 τὸν-κοπρολόγοι
2677 4161 2733 4216 In
2764 4159 3288 4238 apogl'apho'lcgitnr
3309 4159 3558 4238 incopiat.
3587 4159 3698 4238 llic.

2287 4229 2508 4287 Vertitur
2530 4229 2560 4286 ὰ
2590 4250 2643 4287 se
2670 4229 3090 4288 rotans.'Pl.inns
3116 4229 3202 4285 ille
3227 4229 3460 4286 artificio
3477 4232 3597 4300 ligni
3615 4229 3773 4282 decus-

2205 4305 2364 4358 satim
2389 4303 2576 4358 bifurci
2607 4314 2748 4358 rotat
2777 4319 2916 4365 sese.
2944 4313 2999 4357 ut
3030 4304 3276 4370 imperita
3311 4304 3585 4371 plebecula
3620 4312 3773 4371 corre-

2207 4385 2353 4444 ptnm
2381 4392 2411 4430 a
2439 4377 2657 4430 numine
2688 4375 2978 4438 existimet,
3010 4368 3292 4428 caducaria
3314 4368 3594 4444 passione.
3632 4368 3773 4424 subita

2208 4447 2666 4513 ruina,vertigine
2691 4447 2973 4501 utratione
3008 4445 3214 4510 divina,
3254 4462 3356 4499 axe
3380 4447 3561 4500 divino
3579 4444 3778 4497 circnm-

2209 4527 2410 4572 actum.
2459 4521 2528 4574 At
2556 4520 2731 4572 nasuti
2773 4518 2950 4586 rident
2979 4518 3351 4586 impastorem,
3381 4526 3438 4572 et
3478 4515 3773 4586 inclamant:

503 4571 716 4653 fuitut
743 4571 924 4644 videre
949 4571 1045 4643 esi.)
1061 4571 1111 4642 in
1134 4571 1268 4642 estis
1299 4586 1606 4656 Apuleianis
1639 4603 1652 4640 :
1703 4605 1721 4638 ι
1758 4586 1841 4640 Ab
1863 4587 2103 4658 ingressu
2129 4571 2181 4630 Ῑ)
2212 4571 3075 4658 Quanepereqi'inumfet,‘Tollai
3106 4599 3154 4642 te
3183 4589 3269 4657 qui
3298 4571 3401 4642 non
3431 4588 3588 4642 novit.
3620 4583 3723 4658 th.

505 4659 683 4728 primo
705 4661 884 4714 statim
911 4660 1131 4714 absonis
1161 4659 1450 4713 ululatibus
1475 4667 1881 4728 constrepentes
1908 4657 2102 4713 fanati-

503 4727 569 4784 ce
596 4730 897 4799 pervolant,
929 4739 1031 4784 etc.
1050 4749 1068 4783 ι
1100 4731 1388 4798 Ρνονῑετθει
1416 4729 1665 4784 Nemesin
1692 4727 1929 4784 Catullus
1945 4729 2102 4785 deam

504 4801 880 4871 vehementem
923 4815 1043 4855 esse
1091 4801 1253 4861 dixit.
1287 4801 1671 4871 epigrammate
1697 4800 1762 4853 ad
1808 4799 2052 4855 Licinum
2085 4818 2100 4855 :

509 4869 593 4924 Ne
617 4887 790 4941 poenas
821 4871 1054 4926 Nemesis
1103 4869 1335 4940 reposcat
1367 4869 1400 4925 ἀ
1426 4882 1490 4925 te.
1534 4869 1630 4924 Est
1677 4872 1936 4924 vehemens
1985 4872 2100 4934 dea,

505 4943 694 5017 [cedere
721 4943 853 5017 hanc
878 4954 1072 5017 caveto.
1102 4943 1346 5017 Babrius,
1367 4941 1757 5017 apudsuidam
1786 4959 1800 4993 :
1829 4941 2056 5017 napus?
2073 4944 2103 5004 ἦ

503 5016 732 5086 uspiam,
752 5017 783 5072 ἡ
808 5015 852 5068 τ’
885 5012 1019 5086 δίδως’
1043 5015 1341 5086 ἐποπτεύει(
1367 5011 1433 5067 Et
1461 5013 1562 5086 alia
1587 5011 1885 5086 ltujusmodi
1903 5011 2104 5069 ibidem

507 5084 730 5139 in‘hanc
768 5085 1089 5139 sententiam
1135 5085 1200 5138 de
1244 5084 1596 5154 scriptoribus
1638 5084 1870 5153 antiquis
1919 5087 2100 5140 citata.

507 5157 828 5210 Ammianus
854 5154 1192 5208 Marcellinus
1211 5155 1302 5208 lib.
1328 5171 1415 5210 xlv
1450 5173 1462 5210 :
1495 5173 1513 5205 ‹
1542 5155 1686 5216 Ιιωο.
1714 5165 1768 5209 et
1799 5156 2108 5224 hujosmodi

509 5225 728 5296 quidem
774 5226 1183 5280 innumerabilia
1236 5225 1395 5280 ultrix
1443 5226 1740 5281 facinorum
1795 5226 2104 5295 impiorum,

510 5298 888 5368 bonorumque
945 5297 1575 5368 prmmiatrigoperatur
1619 5297 1895 5368 Adrastia;
1947 5312 2106 5368 quam

508 5369 776 5423 vocabulo
806 5367 1006 5436 duplici
1053 5370 1210 5422 etiam
1255 5366 1504 5423 Nemesin
1547 5367 1917 5437 appellamus,
1962 5366 2102 5423 etc.)

511 5385 776 5423 vocaouto
799 5385 1006 5450 μιυριιει
1053 5385 1210 5448 etiam
1256 5385 1504 5423 uemesm
1547 5385 1650 5491 ε]ρῇ

511 5437 664 5510 Hanc
689 5441 921 5509 denique
949 5439 1130 5510 Apul.,
1153 5439 1245 5510 lib.
1273 5440 1339 5494 de
1366 5437 1580 5504 Mundo,

513 5509 646 5581 dicit
666 5511 876 5565 ultionis
897 5509 1280 5581 ine/[ugibilenn
1307 5510 1429 5566 RIG.

588 5578 713 5633 Non
739 5578 1075 5653 ignominiam
1097 5592 1191 5637 est.
1223 5581 1458 5636 Isidorus
1483 5578 1578 5653 lib.
1610 5593 1684 5641 tv,
1716 5593 1835 5653 cap.
1866 5579 1988 5653 ult.,
2016 5579 2114 5653 ubi

515 5647 785 5723 depastus
805 5695 820 5718 ,
873 5669 994 5722 qua:
1021 5665 1147 5708 sunt
1176 5653 1383 5723 legibus
1409 5649 1736 5716 constitutm,
1767 5649 2115 5719 Ignominiam

513 5729 560 5771 et
581 5721 874 5790 infantium.
896 5721 1020 5779 'th.

584 5792 698 5844 Sibi
729 5795 923 5846 viscera
951 5795 1132 5862 pascit.
1161 5792 1420 5860 Apuleius
1445 5809 1457 5845 :
1493 5790 1747 5846 uorsibus
1783 5808 1904 5847 suos
1933 5793 2111 5847 incur-

505 5871 623 5913 sant
655 5864 930 5927 musculos,
954 5861 1169 5917 brachia
1195 5866 1468 5917 dissecant.
1504 5861 1625 5918 Rm.
1658 5890 1732 5905 ——-
1769 5862 2002 5918 Omnino
2036 5865 2111 5918 la-

1655 5439 1965 5492 ecessitatcm
1990 5453 2112 5494 esse

2282 4655 2590 4730 Cuniligno
2621 4659 2823 4728 bifurci.
2860 4655 3271 4730 Agrimensores
3301 4659 3590 4714 terminum
3625 4655 3778 4710 dixere

2211 4729 2521 4796 bifurciuni,
2549 4732 2802 4798 ungulam
2837 4731 3116 4785 hifurcam.
3151 4729 3275 4785 th.

2286 4800 2494 4872 Titanas
2525 4795 2661 4855 vobis
2688 4801 2937 4856 Tutanos.
2969 4820 2989 4853 ι
3016 4802 3233 4855 Titanas
3263 4800 3430 4856 Mauri
3463 4817 3556 4872 pro
3598 4795 3778 4869 regibus

2211 4871 2450 4927 colunt.»
2481 4873 2708 4937 Arnob.,
2745 4873 2836 4928 lib.
2867 4889 2904 4927 ι.

2283 4941 2535 5018 hinnites,
2569 4946 2746 4998 tacitos
2775 4946 2868 4998 sub
2895 4945 3115 5018 culmine
3155 4953 3320 4999 vestro
3349 4945 3569 5016 rogatis.
3607 4940 3693 4997 Tot
3719 4937 3776 5018 [av

2211 5031 2314 5069 res.
2345 5015 2600 5085 Exempla
2630 5031 2698 5069 an
2729 5029 2828 5068 ms.
2863 5030 2878 5067 :
2916 5017 3012 5068 Aut
3052 5024 3242 5082 mutas,
3283 5015 3504 5079 tacitas;
3539 5031 3569 5069 a
3596 5029 3691 5084 quo
3715 5015 3780 5061 ni-

2212 5087 2376 5140 mium
2401 5089 2624 5141 recessit
2645 5086 2924 5156 Rigaltius.
2945 5085 3148 5158 Forsan
3173 5085 3276 5158 leg.
3303 5086 3388 5140 lla
3411 5089 3580 5142 Mora:
3595 5088 3779 5158 lactis:

2208 5159 2304 5211 sub
2324 5159 2548 5229 culmine
2573 5151 2739 5229 uestro
2764 5163 2974 5229 rogatis.
3011 5156 3106 5229 To_t
3134 5151 3268 5213 lanis
3297 5175 3316 5212 :
3344 5173 3466 5212 nam
3497 5158 3671 5229 Lares,
3694 5151 3783 5229 Mn;

2214 5236 2281 5281 ta:
2308 5228 2423 5300 dea:
2446 5229 2562 5282 lilii.
2589 5219 2900 5284 Lactantius
2930 5226 3204 5300 Div.‘1nst.
3226 5229 3376 5300 1,20.
3400 5229 3548 5283 Hanc
3571 5219 3782 5300 (Mutati!)

2213 5315 2320 5370 e_sse
2341 5299 2536 5364 dicunt,
2589 5316 2653 5353 ea:
2681 5317 2778 5370 qua
2811 5301 2910 5354 sint
2952 5301 3057 5353 nati
3101 5293 3277 5354 Lares.
3318 5299 3451 5356 Vide
3502 5293 3589 5354 sis'
3618 5293 3778 5370 Ovid-i

2215 5367 2400 5449 Fest,
2428 5385 2485 5434 ll,
2531 5367 2846 5449 572,;585,‘
2893 5386 3047 5449 seqq.
3100 5371 3292 5426 Statim
3349 5387 3494 5449 vero
3534 5367 3780 5449 legendqu

2213 5439 2446 5495 aedicula:
2492 5458 2505 5494 :
2549 5442 2690 5513 quod
2736 5443 2909 5498 Latini
2957 5439 3225 5498 s'ermoms
3270 5444 3408 5498 ratio
3463 5439 3779 5496 demonstrat.

3346 5516 3534 5569 DAVIS.

2290 5582 2556 5657 Solveritis
2583 5601 2667 5638 eos
2693 5585 2874 5657 magis.
2909 5585 3104 5641 Utilius
3134 5589 3387 5640 aeramina
3433 5585 3520 5639 illa
3559 5578 3778 5657 Conﬂata,

2219 5663 2271 5708 et
2291 5654 2658 5724 colliquefacta
2689 5644 3048 5711 dissolvet-itis
3069 5698 3085 5722 ,
3137 5658 3281 5711 unde
3313 5659 3446 5711 flant
3471 5653 3666 5711 urceoli,
3696 5644 3783 5718 pel.

2219 5739 2580 5798 vesLsarlago,
2611 5729 2832 5792 pate/Iw.
2863 5727 3142 5798 Iuvenalis
3165 5768 3180 5791 ,
3209 5736 3309 5782 sat.
3347 5743 3400 5791 ι,
3434 5727 3522 5782 δι.
3555 5725 3665 5798 Iitq.

2297 5790 2712 5852 Montes'et'deos
2730 5798 2918 5853 dicitis.
2949 5797 3005 5852 In
3033 5790 3348 5868 apographo
3377 5790 3594 5866 legitur,
3625 5790 3777 5868 Mente

2224 5883 2300 5921 ses
2322 5868 2442 5920 deos
2473 5868 2676 5928 dicitis,
2711 5868 2851 5936 quod
2884 5860 3395 5924 acccdéreWi-letur
3422 5860 3485 5922 ad
3520 5868 3642 5921 deos
3678 5860 3773 5916 Non
