3904 6316
1264 287 1633 346 ADVERSUS
1671 285 1978 355 GENTIUM
2025 285 2218 347 DEOS.
2938 282 3013 357 (v.
3045 282 3201 355 59L)
3316 280 3425 337 ἱεὶὲ

2024 417 2189 456 XXVII.
2230 429 2301 441 --
2338 415 2540 457 STULTE
2581 413 2681 457 NON
2720 413 3056 457 PERIORERIS
3094 412 3221 457 DEO.

166 295 246 352 991
347 289 419 361 (v.
443 286 600 361 357.)

166 410 278 467 Anni
302 417 352 465 te
377 421 480 463 non
507 414 732 478 possunt
760 404 867 476 iam
898 404 1112 476 triginta
1137 403 1363 461 reddere
1392 402 1647 460 doctum?
1744 406 1795 464 A

165 503 353 559 Nescius
376 500 423 555 si
453 499 684 568 primum
710 496 923 564 errasti,
948 484 1155 568 respice
1185 511 1400 553 canum.

166 596 225 651 Τιι
247 602 390 665 putas
414 604 558 646 nunc
583 589 747 644 vitam
778 588 902 645 istic
932 586 1134 659 perfrui
1163 589 1341 644 laetam

166 686 359 754 Iniurias
386 683 564 738 inter:
590 681 661 737 ibi
688 691 813 737 sunt
836 680 1030 736 damna
1060 689 1294 746 tuorum,

165 779 305 845 Bella,
334 776 415 833 vel
443 775 680 831 infanda:
708 774 946 843 fraudes,
981 790 1103 830 cum
1132 775 1393 845 sanguine
1421 772 1579 842 furta,

165 870 410 928 Ulceribus
436 882 632 939 corpus
659 877 903 934 vexatur,
937 868 1274 939 gemiturque
1305 867 1565 938 ploratur,

164 962 250 1019 Seu
274 962 413 1017 leves
434 960 661 1026 invadit,
691 968 781 1015 aut
812 961 970 1032 longo
998 960 1189 1016 morbo
1218 961 1442 1026 teneris,

163 1056 247 1113 Aut
269 1055 401 1110 natis
425 1054 657 1120 orbaris,
685 1064 773 1107 aut
806 1053 1012 1125 perdita
1038 1055 1267 1124 conjuge
1297 1052 1484 1109 defles.

163 1147 407 1203 Deseritur
436 1155 603 1201 totum
635 1164 650 1201 :
680 1146 817 1201 heu!
853 1156 1016 1201 ruunt
1044 1147 1333 1217 dignitates
1362 1147 1430 1203 ab
1450 1148 1581 1219 alto,

163 1239 309 1304 Vitiis,
338 1239 613 1310 pauperie,
651 1237 933 1307 dupliciter
953 1250 1122 1305 certe,
1154 1240 1198 1293 si
1230 1240 1475 1309 languis:

161 1333 214 1389 Et
233 1333 357 1388 dicis
387 1332 570 1399 vitam,
605 1332 693 1387 ubi
719 1334 889 1388 vitrea
914 1333 1020 1387 vita
1054 1331 1335 1387 mortalis?

161 1426 358 1496 Respice
378 1425 488 1495 jam
518 1425 736 1480 tandem
770 1425 872 1482 hoc
901 1434 1112 1495 tempus
1141 1425 1351 1480 irritum
1382 1440 1505 1481 esse
1531 1441 1548 1480 :

160 1518 246 1573 Sed
272 1519 322 1574 in
347 1516 526 1573 futuro
556 1518 648 1572 tibi
678 1530 803 1589 spes
832 1527 913 1574 est
941 1521 1056 1574 sine
1087 1517 1210 1574 dolo
1239 1518 1477 1575 vivendi.

160 1612 325 1669 Vivere
353 1612 601 1669 volebant
623 1614 805 1684 utique
830 1614 1040 1684 parvuli
1068 1615 1229 1686 rapti,

157 1705 241 1762 Sed
263 1706 363 1760 vita
393 1706 588 1776 privati
614 1705 841 1775 juvenes
869 1721 1154 1763 senescere
1176 1707 1335 1775 forte,

157 1796 365 1852 Lmlitios
393 1798 531 1865 dies,
558 1797 866 1868 perfruique
890 1798 990 1868 ipsi
1013 1796 1304 1869 parabant;
1388 1822 1395 1825 -

158 1891 211 1946 Ει
237 1902 401 1947 tamen
426 1891 578 1947 inviti
611 1893 924 1963 reponimus
938 1894 1116 1948 omnia
1147 1895 1367 1950 mundo.

158 1984 279 2041 Gens
303 1995 356 2040 et
384 2000 485 2058 ego
518 1986 592 2041 fui
617 2003 869 2057 perversa
898 1999 1078 2043 mente
1109 1970 1370 2059 moratus,

155 2078 208 2133 Et
230 2080 380 2133 vitam
414 2081 569 2136 istius
600 2080 784 2137 saeculi
818 2097 1001 2137 veram
1042 2100 1165 2139 esse
1194 2085 1482 2157 putabam;

154 2169 455 2241 Martemque
483 2173 736 2229 similiter
762 2174 900 2229 sicut
929 2190 1026 2229 vos
1050 2174 1356 2245 judicabant
1389 2177 1614 2247 adesse;

154 2261 263 2318 Cum
289 2265 454 2320 semel
476 2266 697 2331 exisset,
725 2266 963 2321 animum
994 2266 1219 2337 periisse
1244 2264 1576 2325 defunctum.

155 2356 258 2412 llaec
281 2370 458 2413 autem
486 2359 566 2415 sic
595 2375 700 2415 non
727 2371 873 2427 sunt,
904 2361 997 2415 sed
1017 2362 1267 2417 conditor
1287 2361 1434 2418 orbis
1461 2372 1516 2418 et
1540 2372 1729 2419 auctor

155 2452 425 2523 Requisivit
454 2454 598 2508 enim
624 2452 843 2509 fratrem
868 2469 896 2508 a
931 2454 1094 2509 fratre
1122 2467 1481 2526 peremptum.

157 2546 296 2615 Impie
325 2544 433 2609 dic,
469 2544 663 2616 inquit,
703 2542 933 2600 Ubinam
962 2541 1168 2600 frater?
1197 2545 1285 2601 ille
1317 2547 1548 2617 negavit.

155 2639 356 2710 Sanguis
383 2640 527 2695 enim
551 2638 734 2696 fratris
762 2640 830 2696 ad
864 2655 948 2696 me
978 2643 1328 2710 proclamavit
1357 2644 1409 2698 in
1436 2645 1622 2699 altum.

156 2731 449 2803 ’I‘orqueris,
481 2732 660 2799 video,
688 2733 776 2787 ubi
805 2733 874 2786 nil
907 2734 1113 2789 sentire
1143 2736 1368 2805 putabas
1398 2756 1411 2789 :

154 2824 236 2881 Ille
258 2837 431 2882 autem
464 2826 613 2894 vivit,
647 2838 699 2883 et
728 2825 844 2882 loca
875 2826 1098 2883 dextera
1124 2839 1297 2897 tenet;

156 2921 360 2977 Delicias
393 2920 612 2985 fruitur,
645 2935 779 2991 quas
803 2930 855 2974 tu
884 2919 1190 2990 perdidisti,
1223 2920 1481 2991 nefande;

155 3015 349 3071 Etcum
379 3015 648 3071 revocasti
674 3015 967 3081 smcuium;
996 3023 1050 3069 et
1081 3015 1170 3069 ille
1204 3032 1552 3088 prargressus,

155 3108 462 3165 Immortalis
492 3110 627 3176 erit;
661 3125 781 3163 nam
815 3120 867 3164 tu
899 3109 1000 3166 sub
1027 3119 1222 3164 tartara
1247 3112 1482 3184 planges.

156 3202 281 3258 Vivit
305 3216 458 3260 certe
487 3206 645 3271 Deus,
670 3207 759 3276 qui
792 3204 1072 3260 defunctos
1092 3206 1274 3263 vivere
1304 3210 1446 3275 fecit;

157 3294 494 3366 Inuocuisque
525 3298 680 3353 bouis
706 3307 761 3353 nt
788 3299 975 3353 reddat
1002 3302 1224 3370 praemia
1247 3302 1404 3375 digna
1435 3321 1448 3358 :

155 3386 365 3444 Vesanis
386 3400 566 3445 autem
597 3402 653 3447 et
680 3391 859 3460 impiis
888 3401 1084 3446 tartara
1117 3408 1279 3449 saeva.

156 3479 313 3553 Incipe
332 3484 537 3539 sentire
553 3482 753 3557 judicia
782 3484 896 3551 Dei,
922 3485 1165 3543 seducte.

1830 538 2026 606 Stulte,
2059 553 2166 595 non
2195 537 2542 607 permoreris,
2587 551 2687 593 nec
2728 543 2974 593 mortuus
3002 532 3193 603 elusis
3220 530 3426 591 Altum.

1802 614 1805 617 γ
1829 631 1908 686 Tu
1939 632 2063 686 licet
2090 630 2345 699 dispenas
2374 628 2508 684 nihil
2540 637 2592 684 te
2613 628 2815 684 sentire
2839 626 3175 693 defunctum,

1829 722 2073 779 Vinceris
2098 722 2353 794 insipiens
2384 739 2396 774 :
2432 721 2563 776 vivit
2592 721 2730 777 Deus
2759 719 3008 776 conditor
3037 720 3206 788 orbis,

1830 815 2089 886 Legitima
2115 813 2267 883 cujus
2295 812 2530 867 clamant
2561 813 2738 866 valere
2763 812 3065 889 defunctos.

1831 905 1912 961 Τιι
1942 916 2118 960 autem
2142 905 2269 960 dum
2301 918 2540 974 prteceps
2562 903 2676 958 sine
2710 903 2819 958 Deo
2846 902 3028 959 vivere
3066 906 3284 975 quaeris,

1832 997 2141 1054 Extinctam
2174 998 2225 1051 in
2256 995 2376 1051 fatis
2398 995 2623 1064 indicas,
2654 1003 2709 1052 et
2725 995 2885 1053 fatale
2907 996 3104 1055 credis.

1831 1088 1947 1144 Non
1981 1089 2048 1143 ita
2077 1088 2361 1159 disposuit,
2394 1097 2450 1142 ut
2476 1097 2530 1145 tu
2560 1098 2736 1157 putas,
2764 1089 2904 1145 Deus
2934 1100 3170 1147 :eternns
3189 1131 3206 1159 ,

1831 1181 2094 1236 Oblivitos
2116 1196 2236 1239 esse
2259 1190 2502 1239 mortuos
2522 1180 2591 1237 de
2619 1191 2772 1252 gesto
2799 1183 3003 1252 priore.

1830 1275 1982 1331 Nunc
2010 1276 2165 1333 nobis
2189 1274 2504 1345 imperitans
2535 1274 2661 1331 fecit
2690 1275 3026 1346 receptacula
3058 1276 3283 1342 mortis;

1831 1368 1964 1425 Post
1990 1370 2203 1425 cineres
2225 1378 2403 1423 autem
2437 1376 2650 1423 nostros
2678 1366 2979 1423 videbimus
3018 1368 3131 1423 illa.

1834 1461 2050 1519 Exuere
2076 1462 2261 1527 stulte,
2294 1462 2384 1531 qui
2414 1469 2569 1530 putas
2596 1474 2690 1530 per
2712 1457 2901 1517 funera
2926 1471 2986 1514 ut
3015 1475 3122 1515 non
3140 1459 3215 1515 sis
3240 1478 3256 1527 ;

1832 1554 2128 1612 Rectorem
2155 1553 2540 1629 dominumque
2571 1562 2720 1608 tuum
2742 1552 2815 1608 nil
2840 1568 3000 1623 posse
3030 1552 3204 1609 fecisti
3235 1570 3250 1607 :

1830 1647 1976 1703 Mors
2005 1657 2185 1705 autem
2213 1646 2266 1702 in
2298 1660 2523 1701 vacuum
2556 1660 2662 1701 non
2695 1654 2799 1709 est,
2828 1645 2875 1700 si
2902 1644 3070 1700 corde
3095 1654 3381 1702 retractes.

1832 1740 2136 1813 Optandum
2169 1755 2364 1797 noscas
2390 1757 2406 1794 :
2440 1753 2563 1795 nam
2586 1753 2710 1795 sero
2738 1738 2944 1794 senties
2970 1737 3143 1793 illum.

1757 1803 1806 1883 Β
1836 1834 2038 1890 Rector
2064 1849 2187 1890 eras
2209 1834 2390 1890 carnis
2414 1849 2555 1899 ;non
2582 1840 2636 1888 te
2661 1839 2809 1889 certe
2825 1847 2954 1887 caro
2975 1831 3217 1901 regebat.

1832 1930 2126 2000 Exemptus
2156 1928 2225 1984 ab
2254 1927 2365 1993 illa,
2391 1925 2702 1983 reconditur
2728 1926 2841 1989 illa,
2860 1936 2915 1981 tu
2942 1924 3164 1981 horsum
3195 1941 3210 1978 :

1831 2023 1999 2078 Recte
2030 2021 2273 2078 mortalis
2303 2020 2467 2077 homo
2488 2028 2770 2088 separatur
2796 2034 2824 2071 a
2852 2033 3017 2074 carne
3052 2036 3065 2072 :

1831 2114 2037 2170 Idcirco
2060 2129 2166 2170 non
2190 2122 2443 2184 poterunt
2463 2111 2604 2167 oculi
2631 2110 2890 2166 mortales
2917 2108 3142 2179 aequari.

1831 2207 1921 2264 Sic
1951 2208 2113 2263 habet
2140 2207 2370 2279 abyssus
2399 2213 2583 2260 noster
2611 2203 2680 2259 de
2711 2202 2808 2259 Dei
2830 2212 3065 2259 secreto.

1832 2300 1908 2355 Da
1937 2315 2077 2354 nunc
2105 2314 2235 2369 ergo
2268 2298 2395 2361 Deo,
2421 2297 2626 2367 fragilis
2652 2296 2780 2351 dum
2806 2294 3057 2359 moreris,
3080 2295 3346 2350 honorem
3377 2308 3391 2346 :

1832 2392 1903 2447 Et
1927 2390 2089 2447 crede
2121 2390 2264 2462 quod
2306 2388 2556 2445 Christus
2581 2390 2760 2443 vivum
2791 2397 2841 2442 te
2868 2388 2936 2445 de
2964 2397 3179 2443 mortuo
3216 2386 3432 2443 reddet.

1833 2482 2200 2556 Omnipotenti
2222 2483 2409 2539 laudes
2430 2482 2483 2538 in
2506 2481 2750 2538 Ecclesia
2779 2480 3007 2536 reddere
3032 2480 3215 2537 debes.

2233 2612 2263 2650 Χ
2274 2610 2338 2651 Χῖ
2348 2611 2427 2651 III.
2456 2609 2672 2655 -ιυδτι
2713 2608 3049 2650 ιιεευιιαυκτ.

1841 2734 2054 2791 Justitia
2092 2742 2147 2789 et
2167 2731 2403 2795 bonitas,
2432 2747 2535 2802 pax
2566 2738 2621 2784 et
2649 2731 2904 2800 patientia
2934 2745 3057 2784 vera

1846 2828 2043 2884 Vivere
2071 2838 2194 2898 post
2222 2826 2330 2881 fata
2363 2827 2582 2890 faciunt,
2618 2832 2673 2880 et
2696 2838 2824 2879 cura
2853 2823 2921 2877 de
2950 2832 3097 2877 actu.

1840 2920 2075 2978 Subdola
2109 2934 2262 2975 mens
2288 2928 2489 2983 autem,
2511 2918 2694 2984 noxia,
2719 2914 2942 2987 perfida,
2962 2931 3146 2985 prava,

1842 3016 2006 3072 Tollit
2032 3031 2091 3071 se
2121 3014 2174 3071 in
2208 3024 2411 3087 partes,
2443 3025 2497 3069 et
2520 3012 2628 3067 fera
2660 3020 2832 3066 morte
2854 3019 3115 3065 moratur.

1842 3109 2030 3179 ltnpie,
2066 3122 2205 3161 nunc
2235 3105 2381 3173 audi,
2407 3105 2532 3179 quid
2572 3119 2666 3174 per
2693 3102 2972 3158 malefacta
3003 3102 3232 3159 lucraris
3261 3119 3275 3168 ;

1840 3202 2071 3272 Respice
2101 3212 2342 3257 terrenos
2364 3200 2595 3270 jmlices,
2626 3201 2678 3253 in
2707 3212 2935 3265 corpore
2966 3198 3054 3268 qui
3082 3212 3225 3252 nunc

1839 3298 2161 3357 Excruciant
2195 3295 2366 3365 poenis
2396 3294 2579 3347 diros:
2614 3301 2704 3345 aut
2730 3292 2873 3346 ferro
2902 3300 3162 3362 parantur

1839 3388 2109 3459 Supplicia
2134 3388 2360 3454 meritis,
2384 3397 2476 3439 aut
2506 3386 2666 3454 longo
2684 3399 2906 3439 carcere
2934 3382 3082 3439 flere.

1840 3482 2041 3539 Ultime
2069 3490 2126 3537 ttt
2152 3495 2340 3553 speras
2372 3479 2539 3535 Deum
2571 3478 2795 3533 irridere
2835 3462 3135 3543 cmlesmm,

1840 3554 2239 3645 Rectoremque
2269 3571 2396 3644 poli,
2417 3586 2516 3642 per
2546 3585 2709 3643 quem
2736 3576 2863 3625 sunt
2889 3568 3070 3624 omnia
3100 3566 3282 3627 facta?

1514 3756 2075 3816 COMMENTARIUS.

218 3938 505 4015 Dupliciter
547 3949 681 3995 certe
703 3941 747 3994 si
775 3941 998 4015 latiguis.
1031 3942 1085 3997 Si
1117 3942 1340 4014 langues
1359 3986 1375 4012 ,
1406 3943 1452 4000 si
1483 3945 1746 4015 languore

160 4010 321 4086 aliqua
362 4012 623 4086 diuturno
648 4010 1015 4086 οοιιξιιιιιςιιτίω
1059 4010 1232 4086 atque
1260 4024 1316 4069 ut
1351 4010 1512 4086 supra
1548 4010 1749 4073 d‘ixitsi

159 4082 294 4152 longa
315 4083 494 4137 morbo
527 4086 733 4138 teneris.
758 4082 913 4138 Unde
931 4085 1058 4139 illud
1089 4105 1101 4139 :
1126 4084 1297 4141 Genus
1323 4082 1435 4144 esse
1453 4089 1745 4144 miscricoro

161 4154 267 4220 dite,
297 4156 396 4208 cito
414 4156 602 4210 occidi.
631 4155 750 4211 Ille.

232 4243 396 4320 Viti-ea
426 4247 568 4320 rita.
615 4247 766 4313 Quod
798 4247 867 4302 de
895 4248 1105 4303 fortuna
1134 4249 1270 4303 dixit
1313 4259 1466 4305 vetus
1493 4250 1746 4320 scriptor,

160 4312 253 4370 hoc
277 4319 344 4371 de
383 4319 495 4371 vita
539 4312 768 4373 humana
801 4320 1083 4375 verissime
1124 4321 1376 4375 dicatur:
1417 4320 1533 4375 Vita
1574 4312 1750 4378 nostra

160 4388 301 4441 vitrea
318 4399 391 4443 est
423 4404 445 4442 :
470 4399 590 4443 tunc
615 4406 768 4460 quum
783 4390 1068 4459 splendent.
1104 4394 1379 4463 frangitur.
1413 4393 1533 4449 Illa.

221 4476 449 4535 Laetitia:
471 4481 597 4535 dies.
618 4480 861 4549 Lzetitiae,
892 4482 1177 4551 Ltetiiiens,
1207 4484 1401 4540 Laetos.
1426 4484 1594 4541 Valde
1617 4488 1749 4545 mihi

160 4562 405 4629 suSpecta
428 4562 515 4608 est
542 4553 698 4607 istius
726 4555 994 4629 vocabuli,
1035 4557 1347 4629 formatura,
1383 4573 1482 4613 nec
1513 4574 1748 4629 pronun—

162 4622 574 4699 tiariqnidqnam
597 4634 790 4699 potest,
808 4627 908 4699 nisi
929 4625 1169 4699 inspecto
1184 4628 1368 4699 codice
1383 4622 1623 4699 antiquo.
1645 4628 1746 4685 Ve-

164 4698 235 4769 tus
259 4692 535 4764 luterpres
554 4694 775 4769 Latinus
806 4692 1079 4765 Epistolfig
1105 4715 1223 4765 qltzu
1256 4698 1451 4754 dicitur
1469 4692 1747 4769 Barnaine,

163 4765 461 4843 βξφροσνγὴν
486 4768 647 4843 vertit
673 4767 997 4843 lcgtationem.
1025 4769 1078 4823 lo
1106 4769 1238 4824 edit.
1271 4770 1438 4826 Paris.
1475 4786 1638 4843 prave
1668 4765 1749 4829 le;

162 4837 290 4902 gitur
318 4855 331 4890 ε
367 4839 665 4908 legationes.
699 4837 817 4895 RIG.

227 4927 325 4983 Ille
347 4932 571 5001 negavit.
600 4931 808 4985 Etenim
826 4932 1133 5002 respondit:
1159 4935 1345 4987 nescio.
1366 4934 1589 5003 Negavit
1611 4938 1752 4992 scire

166 5013 235 5065 se,
281 5004 425 5071 quod
464 5003 769 5058 certissime
797 5003 1033 5066 sciebat;
1068 5022 1188 5058 nam
1222 5005 1336 5072 ipse
1367 5022 1556 5062 recens
1577 5008 1752 5063 adhuc

166 5083 269 5125 erat
293 5088 321 5126 a
343 5074 526 5148 fratris
572 5089 734 5138 nece;
767 5086 928 5148 atque
953 5076 1053 5148 hoc
1085 5079 1338 5148 mentitus
1368 5078 1480 5132 Deo
1506 5078 1556 5131 in
1589 5090 1751 5148 quem

167 5156 260 5195 non
286 5144 432 5198 cadit
464 5147 785 5216 ignorantia,
817 5146 1281 5214 impudentissime
1313 5149 1524 5215 negavit
1551 5144 1748 5215 Deum;

166 5223 213 5266 et
254 5216 520 5285 sacrilego
560 5217 863 5278 mendacio,
912 5217 1004 5273 Dei
1054 5219 1333 5273 screntiam
1379 5220 1652 5285 suifurari,
1697 5231 1755 5279 et

167 5287 303 5351 quasi
333 5288 587 5343 Occidere
613 5299 835 5360 cijinatus
860 5299 944 5345 est
976 5306 990 5343 :
1020 5292 1226 5360 optavit
1250 5291 1385 5360 eripi
1425 5292 1535 5348 Deo
1560 5292 1755 5349 divini-

168 5362 338 5423 tatem,
355 5360 416 5414 τὸ
438 5361 601 5414 Θείον.
629 5359 749 5415 th.

234 5426 295 5506 Et
317 5446 437 5506 cum
460 5447 625 5485 revoc.
643 5431 906 5506 circulum.
932 5430 1260 5504 Repugnans
1282 5434 1545 5490 adversus
1575 5434 1750 5506 legem

169 5495 376 5563 Christi,
407 5503 670 5555 revocasti
704 5502 959 5557 sacculum
986 5495 1293 5571 {revocasti
1343 5495 1659 5570 diabolum:
1666 5506 1753 5561 cui

171 5573 585 5627 renuntiavcras.
622 5574 740 5628 1116.

234 5656 329 5696 nos
358 5658 691 5715 Psauonaats
711 5660 833 5700 0E0.
884 5644 1002 5700 Non
1027 5648 1105 5703 sic
1134 5650 1382 5715 moreris,
1412 5656 1472 5701 ut
1496 5649 1577 5705 vel
1608 5665 1753 5704 mor-

174 5717 312 5791 tuus,
337 5714 559 5791 effugias
584 5716 926 5791 Dei_m_.mus_:
962 5727 1017 5772 ut
1042 5720 1151 5791 jam
1185 5721 1241 5777 in
1270 5720 1580 5777 defunctum
1610 5720 1752 5779 Deus

176 5788 270 5836 non
297 5782 494 5842 habeat
517 5785 646 5856 quid
667 5785 846 5844 faciat.
876 5786 1000 5844 Rte.

1936 3948 2161 4003 Vinceris
2179 3947 2443 4023 insipiens.
2466 3947 2640 4004 Etiam
2669 3948 2868 4004 invitus
2888 3949 3212 4074 insipilqntiie
3233 3951 3453 4008 teneris.

3096 4038 3165 4074 rc.

3096 4038 3165 4078 Ιοι

1923 4111 2172 4185 Legitima
2213 4114 2361 4185 cujus
2410 4110 2653 4185 clamant.
2712 4113 2972 4184 Legitima
3028 4114 3158 4169 dicit
3205 4115 3350 4181 leges
3401 4126 3458 4173 et

1852 4187 2099 4239 mandata
2126 4184 2324 4241 Christi
2349 4201 2363 4241 :
2392 4184 2671 4257 disciplina
2700 4203 2766 4241 ex
2799 4187 2900 4241 fide
2930 4186 3219 4242 custodita.
3254 4187 3379 4244 th.

1937 4278 2116 4335 Valere
2160 4279 2445 4349 defunctos.
2483 4278 2711 4335 Vocatos
2756 4279 2964 4337 scilicet
3003 4278 3068 4334 ad
3105 4281 3269 4334 vitam
3299 4290 3458 4337 arter-

1858 4365 2002 4407 nam.

1770 4410 1827 4472 Β
1929 4446 2224 4501 Extinctam
2253 4448 2304 4500 in
2338 4446 2477 4517 fatis.
2506 4446 2902 4500 Extinctionem
2924 4487 2939 4514 ,
2973 4459 3221 4501 mortem.
3270 4444 3451 4503 Davus.

1929 4539 2172 4611 Oblivitos
2217 4558 2323 4596 esse
2352 4550 2596 4595 mortuos.
2630 4538 2894 4595 Oblivinni
2933 4542 3125 4595 tradita
3153 4556 3304 4609 esse,
3336 4555 3456 4611 qum

1853 4604 2138 4667 defunctus
2184 4614 2410 4685 quiSque
2457 4613 2623 4683 gessit
2665 4613 2814 4677 olim,
2848 4611 2976 4667 dum
3004 4612 3207 4668 viveret
3243 4604 3300 4666 in
3330 4604 3453 4667 c'or-

1853 4699 2007 4755 pore.

1929 4775 2135 4832 Exuere
2161 4777 2312 4833 stulte
2334 4776 2420 4844 qui
2445 4786 2611 4847 putas.
2642 4775 2743 4845 Qui
2770 4785 2822 4832 te
2850 4792 2945 4845 per
2969 4786 3195 4831 mortem
3221 4776 3299 4830 sic
3325 4777 3455 4847 exui

1855 4858 2032 4973 pulpis,
2078 4856 2133 4902 ut
2176 4849 2286 4919 jam
2337 4848 2412 4904 sis
2461 4848 2660 4914 nullus,
2695 4864 2796 4902 nec
2851 4847 3084 4920 amplius
3113 4849 3186 4903 tui
3220 4846 3457 4918 supersit

1860 4936 1949 4989 qm
1992 4935 2175 4989 quam.

1860 4936 2175 4990 quicquam.

1929 5011 2229 5082 Optandum
2251 5027 2452 5066 noscas.
2480 5010 2633 5065 Illum
2659 5010 2913 5068 videlicet
2947 5013 3111 5067 Deum
3148 5012 3360 5069 Patrem
3390 5025 3454 5066 ac

1858 5083 2138 5138 Dominum
2171 5092 2437 5136 nostrum.
2472 5082 2781 5138 thALrtus.

1928 5154 2246 5209 Recondilur
2267 5155 2380 5208 illa.
2416 5154 2700 5224 Sepulcro.

1932 5225 2029 5282 Tu.
2051 5229 2240 5281 Anima
2272 5236 2391 5288 tua;
2417 5213 2863 5295 pri'ncipalissima
2898 5242 3016 5294 pars
3034 5227 3129 5281 tui.
3149 5224 3265 5281 Rm.

1937 5297 2180 5353 ﬂoreum.
2216 5298 2445 5351 liorsum
2476 5314 2534 5350 se
2560 5298 2818 5367 capessit.
2850 5298 2924 5352 In.

1930 5368 2054 5423 Non
2073 5378 2310 5439 poterunt
2336 5372 2551 5438 (aquari.
2577 5370 2800 5424 Divinis.

1927 5439 2068 5496 Cum
2096 5442 2160 5495 de
2188 5451 2328 5495 actu:
2355 5440 2528 5510 Supra
2559 5440 2701 5495 dixit
2729 5457 2742 5492 :
2782 5440 2857 5493 De
2886 5448 3026 5511 gesto
3054 5440 3243 5508 priore.

1928 5512 2244 5567 Emerita-iant
2286 5514 2448 5583 paruis
2503 5512 2662 5565 diros.
2696 5512 2791 5583 Sic
2814 5511 2881 5565 de
2936 5512 3053 5578 ipso
3095 5511 3331 5583 Christo,
3363 5511 3452 5566 ln-

1857 5592 2046 5639 slruct.
2078 5584 2170 5651 '56,
2205 5582 2295 5651 per
2320 5599 2521 5637 crucem
2569 5583 2730 5637 dirus.
2765 5582 2971 5637 Glossae
2999 5594 3216 5637 veteres
3245 5600 3258 5635 :
3295 5582 3454 5638 Dii-us

1855 5658 2209 5726 Θεοχοὶὼτος,
2243 5654 2403 5716 δεῖνος
2447 5654 2643 5709 Diritas
2678 5694 2691 5719 ,
2746 5654 2994 5713 Δεινότῆς.
3026 5653 3156 5726 Alia
3196 5652 3403 5709 Glossm
3437 5672 3450 5709 :

1857 5724 2036 5795 eam,
2064 5728 2376 5793 Malitiosus,
2401 5727 2622 5796 iniquus,
2656 5740 2840 5792 savus,
2861 5734 3001 5793 trux,
3024 5724 3255 5793 acerbus,
3279 5736 3449 5781 atrox.
