3904 6316
167 263 256 320 225
352 265 424 336 (ν.
453 263 612 336 iss.)

164 387 391 456 Tempera
422 397 474 444 te
498 387 756 454 Christo;
785 395 837 444 et
867 387 1138 445 cervicem
1168 387 1240 444 illi
1270 389 1502 459 depone.

165 479 238 533 Isti
262 480 419 534 honor
446 490 690 535 remanet
719 488 773 536 et
795 491 905 536 tota
937 481 1128 537 litlucia
1161 498 1361 536 rerum.

163 571 408 626 Blauditur
428 573 646 643 quando
676 573 770 628 tibi
805 584 1038 642 tempus,
1065 576 1272 630 cautior
1293 586 1432 630 esto.

165 663 329 719 Ultima
349 664 576 720 latorum
611 681 716 721 non
741 667 1028 737 providens
1056 684 1174 739 qua:
1203 679 1255 724 te
1276 679 1512 739 oportet,

162 756 268 813 Sine
289 755 494 813 Christo
520 760 848 817 reviviscere
880 776 984 816 non
1015 773 1171 833 potes
1201 779 1454 838 unquam.

581 869 772 910 XXXIII.
811 886 882 896 —-
919 873 1254 913 GENTILIBUS.

163 947 281 1003 Gens
303 948 412 1003 sine
428 956 647 1018 pastore
676 947 853 1016 ferox,
881 951 990 1018 jam
1018 953 1126 1006 noli
1155 968 1372 1023 vagare.

162 1039 215 1094 Et
239 1053 326 1111 ego
348 1042 645 1109 quitnoneo
676 1041 818 1096 idem
842 1042 934 1110 lui,
966 1044 1200 1110 nescius,
1227 1060 1436 1102 errans.

157 1131 284 1187 Nunc
314 1132 430 1187 ideo
457 1133 667 1187 Domini
695 1133 918 1204 liguram
945 1137 1142 1191 sumite
1167 1139 1333 1192 vestri
1367 1155 1380 1192 :

158 1224 322 1280 Tollite
346 1225 506 1280 corda
536 1226 648 1280 lera
681 1239 735 1281 et
757 1239 1071 1298 exasperata
1104 1244 1316 1284 sursum
1347 1248 1360 1283 :

156 1315 327 1371 Intrate
346 1317 571 1372 stabiles
596 1317 841 1374 Silvestri
875 1320 940 1374 ad
970 1336 1216 1392 praesepe
1248 1323 1503 1392 pastoris,

155 1408 442 1465 Latronibus
466 1411 563 1464 tuti
591 1411 693 1464 sub
723 1411 869 1483 regia
889 1421 1028 1467 tecta
1057 1424 1362 1470 manentes.

153 1501 198 1557 In
221 1503 350 1572 sylva
377 1503 486 1574 lupi
513 1512 669 1570 sunt;
699 1505 820 1560 ideo
842 1507 1070 1577 relugite
1095 1508 1196 1561 sub
1217 1519 1394 1564 antro.

153 1593 347 1648 Bellaris
369 1595 596 1661 inSanis,
623 1612 722 1652 nec
751 1597 978 1666 respicis
1001 1600 1088 1653 ubi
1110 1601 1358 1653 moraris.

151 1685 232 1741 Uni
251 1687 402 1743 crede
437 1689 568 1756 Deo,
593 1692 668 1744 uti
693 1701 940 1744 mortuus
962 1691 1144 1746 vivere
1174 1693 1350 1760 possis
1380 1709 1394 1759 ;

151 1782 318 1852 Surgas
341 1791 394 1836 et
421 1783 472 1836 in
498 1798 665 1855 regno
685 1799 808 1839 cum
844 1786 933 1840 liet
966 1787 1290 1840 resurrectio
1315 1787 1496 1855 justis.

399 1895 583 1935 χχχιν.
607 1911 678 1921 -
699 1896 828 1936 Ιτεὶί
860 1895 1170 1937 σεατιωιςυε
1200 1896 1430 1937 ιοΝΑιιιε.

149 1969 376 2027 indomita
400 1974 582 2029 cervix
613 1975 822 2045 respuit
849 1973 1034 2044 iugum
1066 1974 1208 2030 ferre
1238 1974 1436 2029 laboris
1463 1990 1478 2041 ;

1304 265 1670 328 ADVERSUS
1708 262 2017 329 GENTIUM
2057 269 2257 334 DEOS.

2945 283 3024 360 (v.
3053 285 3208 364 5'01.)
3314 288 3424 350 see

1746 394 1798 452 Α
1828 391 1977 446 Tunc
2002 393 2153 464 juvat
2171 398 2222 448 in
2247 394 2452 466 campis
2470 398 2667 454 crassis
2692 398 2876 456 satiari
2896 400 3139 474 siliquis:

1828 483 1896 538 Et
1927 495 2102 539 tamen
2131 487 2290 539 invita
2314 487 2565 543 domatur
2587 490 2732 545 utilis
2763 508 2922 563 equa,

1827 577 2189 648 Minuiturquc
2212 578 2358 634 ferox
2392 597 2533 648 esse,
2565 584 2794 652 primum
2823 585 3132 644 dedomata.

1826 670 1990 737 Gens,
2016 672 2198 736 homo,
2236 683 2288 728 tu
2313 672 2498 741 frater,
2524 678 2631 731 noli
2662 693 2822 747 pecus
2854 695 2976 736 esse
3002 683 3259 753 ferinum,

1825 765 1969 823 Erue
1999 776 2048 820 te
2083 767 2316 832 tandem,
2349 778 2403 824 et
2441 778 2616 825 tecum
2649 771 2765 841 ipse
2792 784 3057 843 retraeta;

1823 858 1942 914 Non
1973 863 2152 932 utique
2183 877 2364 929 pecus,
2394 878 2495 918 nec
2523 864 2688 918 bestia
2716 881 2796 931 es,
2827 867 2923 922 sed
2952 867 3117 924 homo
3139 880 3335 940 natus;

1827 953 1906 1007 Tu
1936 962 1987 1008 te
2012 953 2126 1023 ipse
2151 954 2310 1009 doma
2337 955 2576 1025 sapiens.
2606 966 2660 1010 et
2682 957 2819 1012 intra
2860 960 2962 1014 sub
2990 976 3166 1032 arma,

1828 1045 1972 1100 ldola
1997 1049 2086 1117 qui
2109 1049 2375 1118 sequeris,
2404 1049 2537 1104 nihil
2561 1050 2663 1105 nisi
2687 1053 2896 1108 vanitas
2923 1056 3024 1110 aevi
3053 1073 3067 1111 :

1827 1137 1990 1193 Levia
2021 1155 2115 1194 vos
2144 1140 2306 1195 corda
2341 1141 2571 1210 perdunt
2600 1158 2758 1214 poene
2787 1145 3065 1204 liberatos.

1825 1219 1902 1286 lbi
1933 1248 2146 1301 aurum,
2179 1244 2381 1299 vestes,
2414 1247 2695 1308 argentum
2728 1239 2869 1294 ulnis
2893 1244 3159 1304 refertur:

1825 1326 2072 1382 Bellator
2099 1329 2194 1395 ibi,
2225 1330 2350 1385 dein
2374 1343 2624 1389 cantatur
2644 1350 2744 1406 pro
2772 1339 2990 1407 psalmis
3015 1343 3204 1399 Amor.

1830 1419 2156 1480 Vitamesse
2184 1436 2359 1493 putas,
2392 1428 2483 1484 ubi
2510 1429 2675 1495 ludis,
2709 1442 2799 1488 aut
2831 1438 3094 1506 prospicis
3118 1439 3216 1495 ista
3242 1441 3266 1494 ’ἔ

1826 1512 2071 1578 Sorliris,
2107 1518 2311 1587 ignare,
2343 1522 2601 1588 extincta,
2631 1540 2794 1581 aurea
2822 1530 3020 1598 quaeris
3052 1549 3067 1593 ;

1825 1607 1954 1663 Inde
1983 1624 2088 1664 non
2120 1610 2346 1682 effugies
2376 1629 2608 1683 pestem,
2640 1619 2766 1675 licet
2797 1624 2911 1692 ipse.
2938 1624 3174 1682 divinus.

1825 1697 2062 1758 Gratiam
2096 1719 2254 1772 quam
2291 1709 2432 1762 misit
2460 1711 2717 1768 Dominus
2740 1715 2790 1768 itt
2826 1725 2966 1771 terra
2993 1717 3296 1792 legendam,

1745 1803 1793 1863 Β
1820 1791 1937 1848 Non
1955 1795 2187 1863 requiris
2206 1811 2347 1864 eam,
2367 1802 2459 1855 sed
2487 1803 2564 1858 sic
2588 1807 2738 1874 quasi
2769 1806 2973 1863 bestius
2996 1825 3207 1868 errans.

1824 1887 1999 1943 Aurea
2028 1889 2246 1959 prtclata
2268 1895 2488 1950 venient
2519 1896 2614 1952 tibi
2631 1899 2814 1967 smela,
2848 1901 2892 1955 si
2916 1902 3118 1972 credis,

1484 2107 2052 2170 COMMENTARIUS.

147 2233 400 2288 vocitatam
455 2231 621 2310 inisse
667 2226 1455 2310 basilicampaﬁConstantino
1499 2226 1715 2310 Caesare

146 2307 394 2373 magnilice
464 2303 733 2358 excultum
765 2307 1018 2373 ,Wnarrat
1060 2299 1360 2373 Eucherius
1426 2299 1712 2368 episcopus

144 2371 464 2446 lugdunensis
489 2375 671 2429 libello
699 2374 763 2426 de
795 2371 948 2446 Urbis
973 2371 1608 2446 Hierosolymitanw‘situ.
1632 2373 1711 2427 Ex

145 2442 335 2503 caveto
361 2452 411 2503 in
457 2447 714 2502 Vaticana
744 2445 926 2499 libello
950 2445 1295 2498 doctissimus
1319 2442 1432 2497 Jac.
1458 2443 1707 2498 Sirmon-

145 2522 224 2571 dus
251 2523 556 2575 observavit
599 2518 824 2572 alteram
871 2531 1085 2586 quoque
1135 2513 1408 2568 basilicam
1462 2515 1706 2585 ejusdem

144 2590 452 2646 Constantini
502 2589 972 2668 ertsctatt1__ftti3se,
1005 2586 1439 2668 appellatamque
1489 2591 1708 2658 proprio

143 2664 334 2719 nomine
366 2682 380 2718 :
408 2662 704 2718 Auastasin.
739 2661 888 2715 Hanc
938 2670 1088 2739 certe
1117 2658 1268 2711 latini
1319 2660 1613 2740 scriptores
1640 2678 1706 2740 eo

137 2737 240 2806 jure
267 2735 692 2805 nuncupaverint
727 2733 1179 2806 resurrectionem
1207 2769 1222 2793 ,
1263 2745 1369 2806 quo
1395 2733 1518 2799 jure
1544 2735 1704 2801 graeci

140 2803 330 2866 crucem
385 2803 572 2865 dixere
617 2806 973 2876 martyrium,
1008 2805 1239 2876 basilica:
1284 2803 1428 2876 illius
1483 2819 1702 2873 nomen,

626 2859 973 2952 mentionem,
1006 2874 1134 2952 fecit
1173 2874 1489 2952 Eucherius.
1535 2859 1704 2934 Ροηοὸ
1731 2859 1776 2922 C

139 2945 431 3009 vocabulum
468 2945 620 3014 illud,
646 2951 960 3027 ρεναστὰσιν,
994 2962 1091 3016 pro
1117 2948 1228 3027 ipsa
1261 2945 1500 3027 {idelium
1531 2965 1702 3006 resur-

137 3028 376 3092 rectione,
397 3022 822 3080 Commodianus
851 3023 1126 3101 noaterad
1151 3034 1244 3101 sua
1269 3017 1432 3101 latina
1467 3028 1701 3078 transtu-

139 3098 204 3164 lit,
230 3091 376 3154 instr.
403 3113 560 3152 thtt.
589 3096 756 3150 Nemo
790 3103 968 3164 tamen
1001 3091 1200 3145 idcirco
1229 3091 1460 3144 basilicae
1488 3109 1701 3164 quoque

138 3163 308 3224 nomen
340 3169 506 3225 fuisse
535 3166 831 3238 negaverit.
865 3163 971 3219 Sed
1003 3178 1278 3238 nummum
1308 3165 1408 3238 sub
1436 3163 1703 3238 Constan-

137 3242 231 3297 tino
258 3257 466 3306 cusum,
499 3234 654 3309 cujus
701 3252 824 3306 pars
854 3236 1089 3309 anterior
1109 3234 1324 3288 exhibet
1349 3236 1702 3309 viri,pabsque

136 3315 329 3369 nomine
369 3315 502 3380 ttllu,
553 3307 800 3373 vultum;
833 3308 1101 3380 posterior
1143 3321 1298 3380 vero,
1333 3307 1522 3380 templi
1561 3307 1703 3366 inter

134 3384 252 3439 duos
294 3378 494 3440 milites
540 3393 868 3438 structuram
909 3378 1155 3436 :Christi
1216 3378 1421 3433 Domini
1469 3379 1700 3451 cfligietn

135 3457 390 3524 praeferre,
412 3474 517 3510 non
537 3455 643 3509 alin
663 3455 830 3522 magis
851 3461 1170 3524 argumento
1187 3451 1515 3520 probabitur,
1537 3469 1697 3524 quam

133 3522 256 3596 quod
298 3522 542 3583 Christus
588 3525 705 3597 ipse
749 3525 986 3588 dixerit,
1031 3522 1432 3597 destruetur-um
1460 3539 1520 3579 se
1556 3522 1701 3581 tem-

135 3595 261 3666 plum
289 3600 408 3664 hoc,
440 3615 500 3655 se
530 3595 705 3668 ipsum
736 3598 1134 3658 demonstrans,
1161 3603 1219 3668 et
1250 3595 1426 3648 triduo
1457 3607 1580 3667 post
1606 3614 1697 3654 re-

133 3682 418 3737 paraturum
446 3689 461 3736 ;
512 3667 617 3725 hoc
646 3676 763 3733 est,
793 3682 851 3721 se
893 3679 1108 3736 quoque
1160 3667 1331 3736 ipsum
1365 3681 1699 3725 resurrectu-

131 3759 266 3810 rum,
310 3744 642 3815 signiﬁcans.
679 3740 896 3815 Absque
939 3738 1206 3815 illo__certe
1247 3739 1568 3808 signiﬁcatu,
1597 3743 1694 3796 ad-

132 3809 298 3870 versus
339 3809 434 3871 eos
479 3815 569 3883 qui
598 3812 733 3867 forte
765 3810 970 3864 vultum
1020 3809 1183 3883 illum
1216 3824 1356 3883 esse
1380 3815 1698 3880 negaverint

131 3883 332 3954 Christi,
365 3881 538 3942 multo
576 3883 868 3954 levioribus
919 3891 1041 3950 aget
1065 3881 1413 3954 dimicaturis,
1445 3886 1534 3953 qui
1565 3901 1696 3940 con-

130 3951 489 4013 tradicet..lam
521 3957 564 4010 si
593 3971 774 4009 verum
795 3952 901 4006 illic
931 3951 1540 4024 esseChristiefligiem,
1575 3973 1694 4024 per-

129 4045 216 4095 que
235 4046 405 4086 annos
435 4037 706 4084 trecentos
736 4032 1006 4080 servatam
1039 4023 1202 4077 fuisse
1223 4026 1494 4094 archetypi
1531 4023 1690 4083 [idem

128 4102 397 4165 credimus,
424 4117 522 4156 Cur
555 4097 755 4152 tamdiu
795 4097 1058 4164 premitur
1085 4109 1172 4148 res
1195 4103 1342 4148 tanto
1373 4097 1549 4150 studio
1579 4101 1692 4152 cul-

130 4180 275 4242 taque
302 4172 609 4227 Christianis
647 4167 897 4242 omnibus
943 4166 1361 4242 constticieuda?
1387 4184 1482 4220 cur
1500 4179 1688 4242 autem

126 4236 248 4311 apud
280 4244 397 4299 illos
428 4243 631 4297 tamdiu
671 4241 840 4304 latuit,
873 4240 960 4307 qui
991 4249 1100 4311 tum
1131 4236 1426 4311 formosum
1466 4241 1566 4296 sibi
1592 4243 1688 4297 deo

129 4308 252 4386 pingi
280 4316 552 4371 Christum
573 4313 793 4366 volunt?
826 4311 1037 4386 Etenim
1069 4309 1389 4386 Sit-mundus
1415 4314 1692 4386 quinum-
1715 4308 1769 4368 D

128 4381 253 4441 mum
283 4390 431 4450 vidit,
469 4387 570 4440 hoc
601 4395 804 4438 tantum
853 4384 927 4436 ait
955 4422 968 4441 ,
1015 4381 1200 4436 faciem
1230 4395 1351 4436 esse
1389 4384 1618 4440 vividam
1641 4396 1692 4442 et

126 4473 345 4526 gravem.
378 4465 665 4513 Austeratn
708 4455 902 4510 alicubi
932 4453 1063 4519 dixi,
1097 4463 1153 4506 ut
1180 4455 1258 4507 sic
1287 4469 1445 4523 quam
1480 4458 1698 4514 minime

127 4532 417 4602 derogarent
451 4528 832 4586 traditionibus
860 4537 1100 4602 patrum,
1153 4527 1325 4602 primo
1351 4598 1359 4602 _
1381 4526 1471 4602 illo
1499 4529 1697 4586 Christi

125 4597 310 4658 saeculo
360 4599 986 4674 proximormn,_‘quihus‘
1012 4612 1137 4674 _t;ec_
1177 4597 1361 4674 pudori
1397 4597 1495 4674 fuit
1525 4616 1699 4671 neque

126 4675 302 4738 fraudi,
330 4667 502 4742 neque
535 4674 660 4727 item
693 4667 835 4732 odio,
863 4671 931 4724 Τὸ
962 4667 1217 4738 δύσειδες,
1246 4673 1304 4725 τὸ
1331 4669 1517 4738 ἀεῖδες,
1541 4667 1699 4728 «rate-

124 4747 243 4808 τέλες
274 4753 355 4802 καί
380 4753 470 4806 τήν
491 4743 606 4816 ὅφιν
637 4745 904 4824 αἰσχρήγε-
926 4742 1044 4798 l’dG.
1227 4812 1280 4824 Ν
1336 4814 1346 4824 θ
1436 4802 1440 4805 1

182 4819 422 4886 Τεηιρετιι
471 4812 1166 4886 te'ChristoiObtempera
1223 4812 1486 4868 Christo:
1535 4814 1700 4870 Com-

123 4904 244 4959 pone
277 4884 436 4946 vitam
469 4902 614 4943 tuam
644 4888 712 4941 ad
762 4884 963 4940 Christi
995 4886 1162 4956 leges,
1192 4887 1490 4941 secundum
1543 4903 1701 4942 man-

123 4963 226 5017 data
248 4963 464 5018 ChriSIi.
511 4963 627 5016 RIG.

182 5069 506 5111 eranunus.
531 5051 794 5107 Omnibus
839 5049 1054 5119 quidem
1085 5065 1099 5112 ;
1130 5049 1224 5104 sed
1257 5049 1320 5104 iis
1377 5049 1698 5120 prmscrtim,

123 5129 198 5194 qui
231 5126 400 5182 adhuc
429 5142 525 5196 per
551 5123 756 5204 Italiam
789 5123 991 5204 passim
1017 5129 1095 5203 et.
1115 5121 1300 5204 Romae
1323 5122 1700 5204 .szuviebantiu

125 5193 448 5262 christianos,
482 5208 574 5250 aut
603 5195 803 5249 Christi
837 5209 1032 5249 nomen
1056 5193 1170 5248 sive
1200 5193 1542 5263 disciplinam
1571 5194 1703 5249 ode-

126 5281 229 5323 rant
256 5287 318 5325 ac
341 5268 682 5325 deridebant.
710 5265 826 5322 llic.

188 5357 391 5416 Domini
443 5363 685 5434 ﬁguram,
715 5360 896 5434 sumite
945 5358 1370 5434 vestritglttduite
1395 5357 1700 5434 _Cltristum

127 5429 415 5487 Dominum.
440 5429 596 5488 Paul.
624 5432 689 5487 ad
714 5431 898 5492 Rom.,
929 5447 1052 5492 xut,
1086 5431 1173 5495 Η,
1205 5439 1260 5486 et
1286 5431 1351 5483 ad
1385 5429 1541 5485 Galat
1572 5472 1584 5492 ,
1618 5446 1699 5494 ιιι,

124 5502 219 5575 Ξῖτ
250 5504 314 5558 1η
339 5505 591 5575 baptismo
621 5503 896 5575 Christum
921 5502 1181 5575 induistis.
1217 5503 1424 5556 Sumite
1453 5503 1699 5571 ﬁguram,

125 5572 470 5631 characterem
502 5574 725 5630 Christi.
787 5574 899 5628 Hoc
929 5584 1012 5626 cst
1042 5590 1055 5625 :
1089 5572 1312 5627 Servate
1370 5575 1620 5626 mandata
1650 5582 1705 5627 et

124 5659 393 5718 praecepta.
444 5647 564 5716 Ipse
613 5644 884 5718 Christus.
925 5642 1358 5718 Ahlatth.,x1_,_29
1394 5662 1406 5697 :
1449 5641 1704 5718 Discitea

124 5731 211 5788 uae,
250 5714 364 5788 quia
404 5714 542 5772 mitis
573 5729 757 5788 suntet
795 5716 1002 5788 humilis
1031 5715 1390 5788 cordeLUnde
1426 5714 1702 5785 subjungit

122 5784 522 5846 Cumtnodianus
551 5806 566 5844 :
602 5787 786 5844 Tollite
813 5787 974 5843 corda
1004 5788 1136 5858 fera.
1184 5785 1304 5843 th.

1894 2228 2081 2287 Tollite
2127 2235 2285 2288 carda
2325 2251 2551 2290 sursum.
2601 2236 2805 2293 Alludit
2859 2238 2927 2295 ad
2985 2239 3285 2298 solemnem
3314 2241 3422 2299 for-

1819 2304 2042 2369 mulam,
2078 2305 2303 2360 Sursum
2328 2309 2504 2361 corda.
2536 2310 2654 2366 illo.

1889 2375 2091 2451 Intrate
2118 2379 2343 2432 stabiles.
2376 2379 2432 2434 lu
2464 2383 2778 2451 apograplto
2813 2401 2828 2437 :
2861 2382 3066 2438 Intrate
3090 2385 3289 2440 stabilis
3318 2387 3420 2441 sil-

1813 2447 1965 2500 vestri
1981 2451 2048 2524 all
2063 2451 2327 2524 prwswpia
2345 2447 2851 2524 tttttri.'1u'pt'otttpttt
2872 2455 2967 2510 fuit
2983 2451 3290 2511 emendatio
3308 2473 3324 2513 :
3341 2461 3423 2513 in-

1813 2526 1943 2594 trate
1959 2519 2192 2588 sylvestrt’
2209 2519 2278 2574 ad
2296 2539 2522 2592 prwsepe
2543 2519 2782 2590 pastoris.
2809 2527 2940 2594 Qua:
2959 2527 3120 2582 Verba
3139 2529 3206 2583 ad
3235 2529 3422 2584 Eccle-

1812 2588 2157 2662 siarromanze
2178 2588 2550 2662 praestantiam
2569 2588 2896 2652 l'aciunt‘non
2918 2601 3411 2657 tttediocriter.RtG.

1885 2660 2410 2740 Nitniumprolecto
2452 2671 2747 2722 recessisse
2791 2671 3007 2724 videtur
3057 2669 3321 2740 Rtgaltius
3349 2674 3418 2729 ab

1769 2749 1774 2756 ’
1811 2734 2103 2803 apographi
2134 2734 2384 2803 lectione,
2427 2753 2545 2808 qua:
2569 2740 2687 2808 ipso
2716 2749 2852 2795 teste
2881 2740 2959 2795 sic
2980 2755 3039 2795 se
3070 2734 3231 2798 habet
3259 2759 3275 2795 :

1932 2868 2121 2920 Intrate
2145 2872 2334 2922 stabilis
2357 2873 2568 2924 silvestri
2593 2875 2650 2923 ad
2680 2877 2916 2939 praesepia
2945 2880 3093 2927 tauri.

1807 2973 2130 3059 Sirnmonndus
2169 2979 2310 3059 apud
2367 2979 2668 3038 Fabricium
2727 2983 2780 3036 in
2831 2981 3025 3036 Delect.
3075 2998 3358 3059 argument.
3393 3027 3413 3058 ,

1807 3061 1860 3116 p.
1899 3046 2029 3114 2:19,
2062 3046 2275 3120 legebat
2304 3068 2319 3106 :

1934 3161 2125 3214 Intrate
2149 3164 2357 3217 stabiles
2380 3172 2544 3217 vestra
2567 3170 2624 3218 ad
2649 3173 2892 3233 praesepia
2922 3173 3068 3222 tauri.

1805 3269 1938 3338 Quae
1961 3273 2129 3343 magis
2162 3273 2340 3342 placet
2367 3291 2527 3345 quam
2557 3275 2923 3332 Dodwelliana
2961 3291 2976 3332 τ

1929 3409 2116 3462 Intrate
2139 3412 2330 3462 stabula
2353 3413 2609 3465 silvestres
2630 3415 2689 3465 ad
2715 3419 2955 3482 praesepia
2975 3418 3124 3468 tauri.

1807 3559 2060 3641 pavisius
2097 3569 2275 3641 tamen
2312 3562 2588 3641 podwello
2609 3565 2850 3641 accedit;
2876 3570 2966 3632 qui
2997 3569 3211 3637 quidem
3241 3571 3414 3641 pluri-

1803 3630 1904 3686 bus
1933 3647 2084 3687 suatn
2128 3632 2286 3700 hujus
2317 3634 2416 3689 loci
2445 3630 3084 3697 emendationemtuetur
3115 3645 3166 3696 in
3195 3630 3395 3698 diSsera

1801 3705 2003 3780 talione
2034 3706 2098 3756 tle
2123 3703 2476 3780 Commodiani
2504 3719 2654 3780 azt_ale
2683 3708 2744 3780 §§
2776 3711 2807 3764 6
2835 3720 2888 3764 et
2913 3713 2967 3766 9.

1874 3775 1983 3858 sub
2029 3778 2170 3858 regia
2227 3786 2376 3832 tecta.
2436 3777 2493 3832 In
2547 3775 2793 3835 Ecclesia
2852 3783 3071 3839 Christi.
3107 3784 3220 3840 Sub
3279 3800 3409 3858 rege

1799 3845 2037 3901 Christo.
2072 3845 2188 3903 lita.

1873 3918 2109 3994 Refugite
2129 3920 2415 3994 satiatura.
2441 3922 2507 3994 ‘ln
2539 3923 2742 3994 cryptis
2769 3924 3028 3982 Ecclesiae
3055 3928 3400 3984 christianre.

1797 3987 1864 4068 Et
1907 3987 2114 4043 fortean
2150 3991 2356 4068 alludit
2387 3992 2452 4046 ad
2494 3987 2622 4048 illud
2640 3987 2937 4068 temporis,
2977 4015 3084 4067 quo
3105 4000 3401 4068 Silvester,

1794 4060 1859 4184 3d
1894 4073 2130 4186 moatem
2147 4065 2423 4118 Soractem
2453 4080 2575 4120 cum
2600 4067 2713 4121 suis
2734 4060 2948 4124 clericis
2971 4060 3256 4127 delituisse
3281 4060 3406 4129 ere-1

1836 4141 1957 4185 Illll'.
2035 4147 2100 4186 IG.

1836 4133 1957 4185 itttr.
1984 4133 2100 4187 RIG.

1869 4201 2066 4285 Crassis
2093 4205 2272 4285 satiari
2295 4205 2516 4273 siliquis.
2550 4207 2802 4285 Horatius
2834 4211 3119 4280 epistolar.
3146 4229 3206 4268 tt.
3233 4213 3333 4285 Ep.
3361 4231 3403 4283 ι,

1795 4274 1915 4328 vivit
1944 4277 2144 4340 siliquis
2168 4286 2216 4329 et
2247 4294 2380 4344 pane
2403 4282 2645 4334 secundo.
2663 4280 2782 4336 th.

1874 4345 2129 4400 Domatur
2164 4348 2312 4422 utilis
2355 4366 2502 4419 equa.
2552 4351 2666 4406 Hoc
2743 4353 2992 4422 exemplo
3047 4354 3407 4415 Philostratus

1804 4429 1989 4471 narrat
2040 4419 2308 4488 Apollonii
2343 4422 2560 4476 fratrem
2593 4440 2620 4475 a
2657 4423 2822 4478 fratre
2864 4419 2962 4479 suo
2985 4428 3204 4493 juttiore
3240 4429 3409 4486 fuisse

1803 4503 2124 4579 correctum.
2161 4493 2392 4580 Ka’cxei’vov
2419 4496 2509 4564 μὲν
2532 4496 2710 4585 ἧσπερ
2739 4496 2785 4587 οξ
2815 4497 3138 4587 καταπῖίόντες
3161 4504 3283 4562 τοὺς
3313 4501 3407 4587 δυ-

1803 4563 2010 4624 σηνιούς
2032 4567 2202 4647 τεικαὶ
2220 4569 2290 4636 μή
2316 4563 2607 4638 εὐαγωγοὺς
2635 4563 2734 4623 τῶν
2757 4565 2928 4622 ἵππων
2963 4563 3022 4631 ’ἐς
3038 4580 3209 4647 ’τῖεῖτῳ
3247 4575 3404 4647 ria/dm!

1804 4635 2284 4713 καὶ-μετερῥιξθμισε
2309 4635 3001 4713 ἰ’ῶλίἀμαδοἻςινιμὸςτςιιξν,-εὲιρἿ
3035 4642 3122 4697 lib.
3163 4635 3199 4710 ιζ
3233 4635 3405 4702 ουῚῦ.

1878 4702 2336 4759 Ιὶιινᾱέιιὺὶινηιη.
2377 4708 2435 4762 In
2458 4702 2658 4762 castris
2680 4702 3102 4766 Christianorum
3138 4729 3150 4764 :
3184 4702 3279 4768 lias
3306 4717 3410 4769 tui-

1806 4773 1883 4828 les
1912 4774 2151 4831 Christi:
2186 4778 2238 4832 in
2271 4778 2512 4833 Ecclesia
2542 4779 2765 4834 Christi.
2797 4779 2920 4836 Rto.
2953 4813 3022 4822 —
3053 4785 3178 4838 l-lmc
3203 4787 3408 4841 locutio

1805 4857 2122 4923 non_pot_e_st
2153 4849 2204 4902 id
2253 4849 2533 4916 denotare,
2565 4853 2707 4921 quod
2765 4854 2877 4905 vult
2909 4852 3192 4923 Rigaltius.
3227 4856 3406 4913 Lucus

1806 4917 1938 4971 mihi
1965 4919 2212 5043 dvidetur
2250 4933 2535 4991 corruptus
2561 4917 2597 4987 ,’
2625 4939 2786 4993 quem
2836 4923 2942 4978 levi
2977 4917 3283 4984 'mutatione
3325 4929 3407 4983 sic

1806 5001 1960 5043 emen
2002 5006 2175 5043 artm:

1805 5001 2136 5045 emendartm
2163 5008 2175 5043 ἒ

1931 5097 2005 5150 Tu
2031 5105 2081 5150 te
2106 5101 2207 5163 ipsa
2231 5102 2374 5152 doma
2396 5105 2610 5167 sapiens,
2639 5110 2692 5155 et
2713 5107 2844 5157 intra
2866 5107 2960 5158 sub
2983 5117 3139 5160 antro.

1806 5202 2052 5284 Centiles
2085 5214 2359 5276 tamquam
2386 5209 2969 5284 ⁸ῂθεῖςίεδε,θΙΙοίιυὶῑιιῐκ
3003 5230 3124 5284 qua;
3158 5230 3222 5269 ex
3254 5215 3407 5271 silvis

1807 5275 1859 5330 in
1879 5286 2027 5330 antra
2045 5287 2170 5332 sunt
2189 5275 2599 5350 compellenda.
2618 5275 2966 5352 Supra-lustr;
2992 5275 3179 5352 x'xxttt,
3203 5301 3254 5339 v.
3271 5287 3403 5343 496.

1930 5391 1988 5442 In
2007 5392 2128 5444 silva
2152 5392 2250 5456 lupi
2273 5399 2419 5456 sunt;
2446 5394 2558 5446 ideo
2579 5395 2797 5460 refugite
2818 5399 2909 5448 sub
2929 5405 3086 5449 antro.
3171 5399 3339 5452 DAVIS.

1880 5499 2100 5555 Bestius.
2137 5501 2211 5556 De
2235 5500 2406 5557 bestia
2437 5502 2560 5557 fecit
2583 5505 2932 5560 masculinum
2965 5505 3172 5562 bestius.
3209 5506 3408 5565 lito.—

1806 5570 1973 5650 Leg.__
1999 5573 2105 5627 Sed
2150 5573 2241 5640 sic,
2295 5575 2440 5642 quasi
2473 5574 2678 5640 bestius,
2727 5593 2867 5630 erras
2899 5591 2918 5629 :
2959 5588 3014 5630 ut
3045 5591 3131 5634 res
3164 5577 3276 5650 ipsa
3307 5581 3407 5635 do-

1807 5644 2338 5791 ωᾌῶἒέιωρνῳῖαια.
2390 5716 2487 5771 Hic
2527 5717 2686 5772 etiam
2734 5716 2972 5791 fabulam
3001 5719 3193 5791 ingerit
3233 5720 3408 5782 Mille-

1802 5787 2096 5854 nariorum,
2126 5787 2240 5843 sive
2260 5803 2438 5843 aureae
2468 5797 2523 5845 et
2540 5796 2824 5859 gemmata:
2848 5787 3183 5850 Jerusalem.
3205 5792 3328 5855 Rts.
