3904 6316
508 310 615 370 227
731 312 807 387 (v.
836 311 991 387 διε.)

510 427 715 483 Rursus
742 437 798 483 et
826 426 1051 497 incipies
1078 425 1384 481 immortale
1412 426 1596 481 vivere
1616 441 1854 495 semper.

512 519 648 574 Illud
676 534 889 590 quoque
928 518 1088 573 datur
1116 519 1257 575 scire
1282 517 1426 587 quad
1457 527 1583 573 ante
1612 517 1756 573 luisti
1781 535 1794 573 :

506 611 822 683 Subiectum
847 621 900 667 te
932 612 1113 682 prmbe
1132 612 1368 682 Deo,qui
1390 622 1580 667 cuncta
1608 611 1893 684 gubernat.

792 764 957 803 XXXV.
986 776 1047 789 -α
1073 764 1140 804 DE
1172 762 1325 803 LIGNO
1356 763 1493 803 VITA'I
1518 764 1584 803 ΕΤ
1616 762 1824 803 IORTIS.

503 884 674 940 Adam
703 886 1072 956 protolapsus,
1104 893 1162 941 ut
1194 886 1289 942 Dei
1314 896 1583 956 pmcepta
1608 886 1824 953 vitaret,

501 977 678 1033 Belias
703 988 942 1035 tentator
970 980 1071 1035 fuit
1096 980 1163 1036 de
1185 980 1384 1036 invidia
1414 980 1645 1050 palmae;

500 1070 740 1127 Contulit
765 1081 821 1128 et
852 1073 1007 1128 nobis
1036 1088 1131 1129 seu
1164 1074 1287 1129 boni
1317 1088 1414 1129 seu
1456 1073 1585 1129 mali
1607 1072 1750 1144 quod
1767 1070 1897 1142 egit,

502 1162 619 1219 Dux
651 1165 761 1219 nati
793 1165 1107 1233 nativitatis,
1139 1167 1404 1222 morimur
1428 1165 1662 1236 indeque
1686 1180 1783 1234 per
1807 1162 1962 1219 illum
1989 1180 2002 1217 :

500 1254 583 1309 Ex
614 1256 799 1312 divino
822 1257 940 1328 ipse
968 1266 1025 1312 ut
1053 1258 1314 1313 recedens
1335 1258 1488 1314 exsul
1512 1272 1541 1311 a
1565 1256 1752 1312 verbo.

500 1347 700 1403 Finitis
722 1364 820 1405 sex
852 1350 1094 1406 millibus
1123 1351 1279 1405 anuis
1306 1349 1643 1406 immortales
1668 1349 1906 1405 erimus.

500 1440 730 1497 Gustato
754 1445 898 1514 pomi
926 1444 1073 1515 ligno
1103 1459 1249 1500 mors
1273 1444 1493 1500 intravit
1515 1444 1568 1500 in
1598 1443 1785 1501 orbem
1811 1461 1826 1500 :

502 1535 617 1591 Hoc
647 1536 793 1607 ligno
821 1536 1014 1592 mortis
1037 1552 1361 1608 generamur
1383 1538 1508 1593 vitae
1533 1537 1750 1593 lutum.

500 1628 560 1684 ln
587 1630 733 1700 ligno
752 1629 953 1701 pendet
979 1631 1087 1685 vita
1107 1631 1290 1687 ferens
1323 1645 1498 1701 poma,
1530 1639 1824 1701 praecepta.

499 1721 705 1777 Cavete
735 1738 877 1778 nunc
909 1723 1090 1780 vitalia
1111 1738 1269 1792 poma
1297 1722 1609 1779 credentes.

499 1812 610 1868 Lex
642 1830 671 1868 a
701 1815 848 1885 ligno
873 1815 997 1870 data
1015 1827 1097 1871 est
1126 1815 1330 1870 homini
1363 1815 1639 1884 primitivo
1669 1813 1927 1881 timenda,

500 1904 646 1961 Mors
679 1907 824 1963 unde
856 1905 1106 1975 provenit
1139 1907 1381 1977 neglecta
1412 1907 1531 1976 lege
1562 1906 1824 1977 primordi
1858 1923 1870 1959 :

495 1997 651 2053 Nunc
677 1998 913 2055 extende
945 2014 1185 2066 manum,
1207 2007 1261 2053 et
1289 2013 1443 2053 sume
1460 1996 1529 2053 de
1553 1997 1696 2069 ligno
1724 1998 1890 2053 vitali.

494 2092 707 2161 Optima
732 2091 817 2145 lcx
846 2092 1056 2145 Domini
1086 2106 1324 2162 sequens
1354 2091 1423 2146 de
1459 2090 1608 2162 ligno
1638 2091 1923 2161 processit.

495 2183 711 2239 Perdita
744 2184 827 2239 lex
861 2185 1031 2253 prima
1062 2200 1075 2247 ;
1109 2193 1291 2254 gustat
1316 2184 1459 2239 unde
1491 2185 1618 2240 licet
1648 2185 1745 2240 illi.

493 2278 597 2345 Qui
626 2277 760 2332 deos
783 2277 974 2333 adorat
996 2278 1217 2343 vetitos,
1251 2276 1388 2331 mala
1418 2276 1610 2349 gaudia
1641 2278 1785 2334 vitae.

495 2370 758 2440 Respuite
783 2380 998 2441 gustum
1025 2387 1040 2436 ;
1075 2369 1311 2426 sufﬁciet
1332 2368 1475 2426 scire
1504 2371 1648 2441 quod
1679 2380 1848 2428 esset.

497 2464 553 2521 Si
570 2463 751 2519 vivere
780 2465 961 2531 vultis,
980 2462 1191 2520 reddite
1218 2478 1314 2520 vos
1340 2463 1444 2536 legi
1466 2464 1741 2520 secundae.

1586 309 2017 372 COMMODIANI
2054 308 2602 370 INSTRUCTIONES

2148 425 2195 482 Δ
2226 424 2572 494 Templorum
2602 423 2865 490 culturas,
2893 421 3199 479 dtrmonum
3231 420 3336 478 tata
3362 424 3513 481 vitate

3340 306 3413 384 (ν.
3440 308 3570 388 559.)
3657 314 3737 374 218

2219 514 2425 572 Vertite
2454 530 2551 571 vos
2571 515 2810 583 Christo,
2838 524 2893 571 et
2912 515 3068 572 eritis
3099 515 3212 571 Deo
3233 515 3461 572 sodales.

2218 607 2395 665 Xanta
2422 609 2518 665 Dei
2549 610 2634 665 lex
2674 620 2780 675 est,
2806 624 2924 680 qua:
2950 617 3193 665 mortuos
3216 610 3394 665 vivere
3411 609 3571 668 docet.

2217 700 2426 757 lmnum
2451 702 2554 757 sibi
2582 702 2733 758 solus
2762 702 3022 757 Dominus
3046 700 3290 773 proferre
3316 704 3584 773 praecepit;

2219 795 2522 863 Zahoiicam
2543 797 2715 868 legem
2739 811 2929 853 omnes
2948 796 3172 852 omnino
3202 795 3383 850 vitate.

2535 942 2727 987 XXXVI.
2753 961 2826 972 --
2844 946 2912 987 DE
2935 946 3125 987 CRUCIS
3151 942 3442 986 STULTITIA.

2136 1066 2141 1071 ’
2218 1071 2296 1127 De
2316 1070 2516 1141 duplici
2546 1070 2849 1141 siguodixi,
2884 1084 3031 1125 mors
3053 1069 3198 1124 unde
3225 1067 3505 1138 processit;

2218 1164 2284 1220 Et
2311 1163 2505 1220 iterum
2534 1163 2657 1218 inde
2686 1160 2980 1233 procedere
3005 1161 3169 1216 vitam
3197 1159 3518 1229 frequenter.

2216 1258 2358 1315 Crux
2390 1268 2569 1314 autem
2595 1256 2821 1312 stultitia
2842 1254 2983 1312 facta
3003 1264 3087 1311 est
3114 1254 3377 1311 adulterae
3389 1252 3543 1324 genti.

2216 1350 2337 1407 Rex
2368 1347 2692 1407 aeternitatis
2715 1363 2811 1418 per
2831 1362 3048 1404 crucem
3068 1347 3224 1402 dirus
3254 1345 3548 1408 adumbrat.

2217 1446 2289 1504 Ut
2314 1446 2413 1501 sibi
2443 1458 2585 1501 nunc
2604 1442 2849 1506 credant,
2882 1458 2917 1498 ο
2940 1441 3091 1498 stulti
3118 1450 3294 1496 morte
3320 1440 3549 1495 viventes
3578 1438 3591 1491 l

2216 1538 2349 1595 Cain
2369 1537 2643 1608 iuniorem
2668 1534 2890 1600 occidit,
2920 1548 3151 1604 nequam
3179 1541 3452 1603 repertus:

2217 1631 2348 1687 inde
2374 1627 2563 1685 Enoch
2594 1627 2813 1684 suboles
2841 1625 3055 1681 Cainaea
3088 1624 3200 1680 nati
3228 1624 3486 1680 feruntur.

2215 1724 2304 1781 Sic
2324 1738 2459 1794 gens
2483 1721 2665 1791 iniqua
2693 1719 2923 1776 increvit
2947 1716 3171 1801 mundo,
3197 1731 3319 1788 qua:
3344 1728 3602 1784 nunquam

2219 1816 2565 1873 Transmittit
2592 1815 2805 1871 animos
2835 1815 2888 1869 in
2919 1813 3090 1869 Deum
3124 1831 3138 1867 :
3164 1810 3393 1867 credere
3419 1820 3617 1864 crucem

2137 1912 2186 1973 B
2219 1909 2377 1966 Venit
2405 1911 2458 1965 in
2488 1908 2794 1974 horrorem,
2825 1916 2883 1965 et
2906 1906 3098 1963 dicunt
3117 1920 3176 1962 se
3197 1906 3381 1959 vivere
3411 1911 3568 1958 recte.

2212 2005 2325 2061 Lex
2359 2005 2410 2059 in
2438 2004 2587 2074 ligno
2608 2002 2708 2058 fuit
2729 2003 2925 2074 prima,
2954 2009 3009 2057 et
3031 2000 3158 2054 inde
3179 1998 3441 2054 secunda.

2210 2090 2538 2153 Terribilem
2571 2096 2745 2167 legem
2775 2096 2975 2165 primo,
3005 2108 3127 2148 cum
3157 2106 3291 2162 pace
3311 2089 3537 2147 revenit.

2208 2189 2264 2245 lu
2297 2189 2781 2261 praevaricationes
2803 2201 2969 2242 vanas
2995 2185 3122 2241 elati
3153 2192 3384 2240 ruerunt
3415 2199 3430 2235 :

2210 2274 2517 2353 Traiectum
2539 2280 2707 2337 clavis
2729 2280 3017 2335 Dominum
3036 2292 3369 2350 cognoscere
3396 2275 3580 2331 nolunt
3604 2288 3617 2326 :

2208 2377 2479 2433 Judicium
2510 2374 2665 2446 cuius
2685 2389 2810 2431 cum
2839 2374 3071 2441 venerit,
3102 2371 3174 2428 ibi
3197 2372 3536 2443 dignosceut.

2210 2471 2345 2527 Abel
2377 2480 2549 2542 genus
2577 2477 2759 2525 autem
2775 2467 2952 2526 credit
2978 2466 3142 2524 modo
3160 2463 3386 2523 Christo
3414 2464 3655 2535 benigno.

1867 2570 2433 2643 COMMENTARIUS.

566 2680 645 2735 De
683 2690 840 2736 Lisso
872 2690 1019 2732 vms
1048 2692 1115 2731 er
1154 2690 1369 2732 IORTIS.
1392 2674 1447 2729 in
1480 2673 1581 2730 hac
1607 2672 1958 2731 instructione
1981 2691 2091 2733 non

491 2762 740 2808 servatur
770 2748 1112 2814 acrostichis,
1147 2748 1242 2801 sed
1290 2749 1460 2801 series
1488 2747 1788 2801 litterarum
1815 2746 2089 2817 alphabeti

493 2825 583 2880 Sic
612 2834 665 2878 et
691 2821 832 2878 infra
864 2823 1020 2875 instr.
1047 2832 1136 2887 Lx,
1172 2817 1259 2872 ubi
1290 2828 1467 2872 tamen
1501 2818 1653 2872 deest
1681 2819 1854 2873 littera
1884 2832 1943 2873 χ.

564 2896 728 2965 Adam
748 2894 1093 2965 protolapsus.
1130 2890 1330 2965 Alludit
1351 2890 1418 2965 ad
1445 2890 1863 2965 proloplastum.
1893 2890 2013 2965 th.

564 2960 1000 3020 Belias'tentator.
1047 2962 1318 3025 Diabolus,
1351 2960 1518 3014 bestia
1568 2977 1666 3030 pro
1722 2977 1968 3030 serpens.
2001 2960 2093 3018 Sic

494 3039 647 3092 instr.
667 3052 757 3091 LIII
775 3054 787 3087 :
802 3034 881 3089 Tu
907 3034 995 3087 tibi
1017 3034 1322 3100 prwtereain
1338 3031 1519 3085 beliam
1544 3026 1749 3101 parcere
1762 3026 1868 3085 noli
1877 3026 2086 3089 ,Βια-

2193 2679 2531 2736 servationes
2553 2678 2620 2734 ad
2653 2676 2980 2750 Hesychium
3007 2676 3242 2750 noviss.,
3268 2676 3478 2735 edit.v.
3499 2672 3766 2750 ζσεςέᾲλεινε

2193 2752 2288 2807 sed
2338 2752 2391 2806 in
2436 2751 2624 2821 primis
2675 2742 3099 2823 Dissertatidnes
3134 2742 3432 2823 liuetianas
3482 2742 3770 2823 a_:f_illadeto

2194 2825 2390 2890 editas,
2438 2815 2481 2878 t.
2513 2839 2546 2889 ι,
2575 2837 2629 2892 p.
2665 2821 2857 2877 93-95.
2892 2819 3027 2876 Vide
3078 2836 3299 2891 quoque
3348 2818 3487 2873 infra
3518 2815 3768 2887 Rigaltium

2193 2894 2260 2949 ad
2295 2895 2702 2964 inscriptionem
2726 2892 2977 2947 Instruct.
3008 2907 3215 2947 xxxvii.
3254 2892 3447 2948 DAVts.

2266 2983 2334 3022 ne
2359 2957 2545 3022 caucis
2570 2978 2874 3020 s'rusmu.
2899 2964 3320 3032 Autcomposito
3339 2959 3599 3035 vocabulo
3618 2957 3772 3035 legen-

2195 3036 2347 3113 ὁμγῇ,
2381 3037 2744 3091 ενιιείειυιιίιὶα
2789 3038 3191 3113 σταυρομορία;
3236 3046 3328 3090 aut
3373 3034 3554 3089 deerit
3582 3034 3776 3087 act-osti-

491 3109 550 3164 lu
586 3110 919 3163 tesmmentis
957 3094 1382 3174 patriarcharum
1420 3142 1433 3163 ,
1463 3094 1731 3174 Sibyllinis
1756 3106 1991 3159 oraculis
2036 3094 2162 3159 etC
2195 3094 2346 3164 chidi
2372 3122 2583 3163 versus.

492 3178 823 3261 aliisimtltis
846 3186 1086 3261 veterum
1110 3174 1612 3261 ξονὶιιεξε.¹αἰξιιιοιιιε
1633 3175 1829 3261 Βελίαρ,
1848 3186 1903 3229 ut
1922 3174 2089 3261 βοω-

494 3252 779 3305 tuodiantts
803 3249 982 3313 belias,
1022 3247 1236 3301 dicitur.
1267 3245 1374 3302 Sed
1429 3256 1657 3315 utraque
1685 3244 1954 3302 scribendi
1989 3256 2090 3301 ηια-

496 3323 569 3376 tio
592 3338 811 3391 prorsus
833 3331 916 3391 est
938 3319 1147 3391 vitiosa.
1178 3316 1384 3391 ‘Verum
1422 3332 1617 3391 nomen
1645 3328 1728 3371 est
1753 3318 1926 3391 belial.
1955 3317 2091 3391 Vide

497 3378 771 3448 Usseriutit
803 3378 869 3445 ad
890 3406 938 3445 c.
976 3391 1064 3455 ii,
1094 3384 1349 3459 Epistolu:
1383 3386 1450 3442 ad
1482 3384 1859 3459 Philippenses
1883 3388 2089 3459 ignatio

492 3464 797 3532 adscriptae.
834 3464 1017 3516 DAVIS.

567 3528 689 3590 Duai
730 3534 836 3589 nati
867 3532 1163 3587 nativitatis.
1206 3528 1389 3586 Otiosa
1426 3529 1571 3597 jacet
1598 3546 1700 3585 vox
1729 3529 1928 3595 media,
1960 3547 2085 3587 seu-

492 3621 720 3677 sumque
746 3606 944 3659 turbat.
976 3603 1105 3677 ch.
1143 3601 1260 3656 Dux
1275 3602 1586 3677 nativitatis:
1612 3600 1715 3668 hoc
1742 3613 1844 3677 est,
1863 3602 1951 3673 qui
1980 3603 2087 3673 pri-

493 3694 615 3732 mus
634 3672 876 3731 '«unnium
901 3672 1197 3735 nzitus’i'uit.
1219 3690 1314 3728 seu
1332 3673 1716 3744 prntnplastus.
1757 3672 1942 3731 Davis.

566 3747 748 3803 Cavete
771 3762 903 3802 nunc
933 3747 1106 3800 vitalia
1129 3761 1280 3814 poma
1305 3741 1583 3799 credenies.
1610 3741 1903 3814 Superiore
1934 3760 2090 3801 versu

492 3818 765 3875 Christum
797 3818 1106 3888 signiﬁcans
1132 3813 1335 3872 dixerat
1363 3813 1787 3871 Commodiauus
1820 3832 1832 3867 :
1856 3813 1924 3869 In
1953 3817 2092 3887 ligno

493 3892 676 3961 pendet
704 3894 805 3946 vita
831 3894 999 3960 ferens
1033 3905 1204 3956 poma,
1238 3898 1527 3961 prtvcrptg;
1554 3903 1649 3941 cur
1673 3902 1803 3961 ergo
1830 3888 1955 3961 iain_
1975 3903 2084 3942 mo-

494 3957 604 4029 iict,
637 3974 691 4018 ut
719 3957 871 4034 poma
901 3961 1075 4014 vitalia
1119 3959 1424 4034 caveamus?
1438 3957 1678 4034 Omnino
1710 3959 1881 4034 legi}
1914 3957 2096 4034 Capite

492 4052 629 4087 nunc
658 4028 832 4088 viialia
878 4048 1031 4102 poma
1079 4028 1359 4084 credentes.
1391 4030 1481 4084 Sic
1513 4046 1635 4085 mox
1666 4046 1717 4086 v.
1751 4028 1859 4086 555
1889 4048 1903 4085 :
1936 4028 2094 4086 Nunc

492 4106 707 4160 extende
730 4108 956 4169 manum,
984 4112 1031 4156 et
1062 4118 1203 4156 sume
1234 4102 1294 4155 de
1322 4102 1462 4170 lii/no
1482 4103 1642 4157 vitali.
1686 4102 1868 4157 DAVIS.

564 4175 699 4248 Lege
730 4173 1225 4248 primordi._Legetn
1248 4173 1676 4248 Διπλιιιοναίειιθιη
1711 4174 1848 4228 dixit
1872 4172 2090 4228 Tertul-

496 4243 693 4312 iiamfs,
720 4248 815 4303 lib.
844 4248 963 4301 adv.
1000 4244 1151 4312 Jud.,
1175 4259 1224 4299 c.
1244 4243 1298 4296 2.
1330 4243 1445 4300 R16.

569 4318 776 4386 Optima
807 4320 886 4372 (ea:
920 4316 1126 4370 Domini
1157 4330 1391 4383 sequens.
1426 4314 1538 4371 Lex
1562 4322 1803 4371 secunda
1833 4333 1846 4369 :
1880 4314 2090 4372 No'vum

496 4387 925 4453 Testamentum,
963 4387 1338 4456 livangelium.
1360 4386 1475 4441 lita.

568 4460 787 4513 Reddite
831 4476 916 4513 vos
963 4460 1058 4531 legi
1103 4457 1361 4531 secunda}.
1395 4457 1483 4512 Sic
1528 4466 1715 4528 snpra,
1749 4459 1906 4514 instr.
1946 4474 2091 4515 XXVI.

496 4528 620 4585 Non
640 4532 730 4585 illa
759 4542 805 4584 te
826 4528 1067 4584 reddunt.
1105 4529 1223 4585 Hic.

566 4602 872 4656 Damianum
925 4606 1054 4672 fata.
1084 4596 1643 4672 Oraculaidolorum,
1697 4598 2103 4658 idololatrarum
2151 4597 2154 4599 Α

503 4673 817 4742 prmstigias.
840 4670 958 4728 th.
976 4703 1048 4742 -έ
1064 4671 1197 4727 Fata
1216 4670 1454 4742 quidem,
1471 4671 1678 4742 oracula
1707 4673 1966 4728 denotare
1989 4680 2105 4729 hio-

494 4755 584 4798 net
637 4740 858 4800 Servius
907 4744 972 4797 ad
1007 4740 1264 4808 zEneid.)
1312 4758 1362 4797 ν.
1400 4740 1519 4797 705.
1576 4742 1682 4797 Sed
1715 4743 1782 4798 de
1826 4746 2104 4812 i‘t‘SpOl’lSiS

493 4812 718 4886 deorum
763 4835 866 4870 non
892 4815 995 4885 agit
1020 4814 1462 4871 Comtnodianus.
1489 4812 1606 4868 Meo
1654 4816 1889 4886 periculo
1938 4817 2053 4886 lege
2087 4834 2100 4870 :

495 4884 825 4953 Templornm
857 4884 1084 4941 culturas
1110 4890 1399 4941 daemonum
1446 4889 1570 4947 fana
1593 4886 1766 4939 vitate.
1803 4884 1989 4942 DAVIS.

564 4957 741 5011 Xanta
772 4958 867 5011 Dei
892 4960 974 5011 lca:
997 4959 1330 5013 est.rSancta.
1370 4957 1459 5011 Sic
1486 4955 1774 5026 Xantones,
1805 4958 2097 5015 Santones.

491 5029 641 5086 Elius
666 5029 893 5085 Vinetus
922 5029 987 5082 ad
1024 5030 1244 5083 Ausciiii
1276 5029 1435 5096 epist.
1474 5044 1554 5083 χι.
1582 5029 1701 5085 th.

560 5100 859 5164 Zabolicam
923 5100 1101 5170 legem.
1158 5100 1247 5155 Sic
1300 5098 1434 5152 infra
1493 5100 1647 5154 instr.
1692 5115 1816 5163 ιιι,
1862 5116 1911 5154 v.
1944 5100 2095 5157 922:

493 5172 687 5229 Cuncta
707 5174 768 5227 de
790 5170 972 5241 Zabnli
996 5184 1201 5239 pompa.
1225 5171 1289 5225 Et
1314 5170 1483 5241 instr.
1504 5184 1669 5225 vam
1702 5190 1715 5224 :
1750 5170 1976 5226 Zacones
2003 5187 2102 5241 pro

492 5244 767 5299 Diacones.
822 5238 1135 5298 Lactantius
1184 5241 1247 5295 de
1305 5238 1517 5294 Mortib.
1549 5252 1827 5310 persecat,
1876 5258 1927 5299 c.
1983 5238 2093 5298 xvi.

492 5315 622 5371 Post
645 5316 766 5371 illas
796 5331 974 5370 novem
1004 5313 1399 5383 gloriosissimas
1427 5330 1623 5381 pugnas
1652 5314 1835 5382 quibus
1861 5332 1893 5368 a
1915 5325 1962 5368 te
1990 5313 2098 5368 Za-

495 5386 641 5442 bnlns
665 5390 822 5441 victus
842 5397 934 5451 est,
957 5403 1057 5439 non
1083 5394 1155 5439 est
1179 5400 1333 5457 ausus
1375 5384 1593 5457 ulterius
1618 5386 1861 5457 congredi
1906 5395 2094 5440 tecum.

493 5456 597 5511 Alii
627 5472 841 5529 quoque
870 5458 1165 5528 scriptores
1193 5454 2097 5529 ecclesiasticieamdemloquendi

494 5525 766 5598 rationein
815 5525 1105 5598 usurpasse
1155 5535 1450 5582 noscuntur
1482 5543 1495 5578 :
1524 5525 1765 5598 liilarius
1812 5527 1863 5580 in
1918 5525 1968 5582 c.
1999 5527 2093 5584 26.

494 5595 682 5652 Matth.
717 5595 1076 5669 Hieronymus
1106 5598 1160 5653 in
1214 5598 1463 5669 versione
1521 5596 1954 5669 Honiiliarnmt,
2004 5612 2095 5665 nl,

496 5681 569 5731 \‘i,
599 5684 650 5722 ιι
683 5680 735 5724 et
761 5684 833 5725 XI.
855 5666 1102 5742 Origenis
1128 5670 1181 5742 in
1212 5666 1585 5742 Ezccliieletn:
1606 5678 1675 5742 rut
1700 5668 1941 5742 reliquos
1956 5685 2098 5742 prte-

499 5745 787 5795 tereamus.
836 5736 1105 5796 Cmtérum
1137 5740 1205 5796 de
1251 5738 1514 5809 particula
1540 5736 1625 5796 διὰ
1661 5740 1715 5795 in
1760 5745 1824 5805 ζᾶ
1846 5736 2094 5796 melicam

497 5818 719 5878 mutata,
769 5812 1052 5868 consulere
1084 5820 1303 5883 praestat
1336 5812 1574 5868 virorum
1617 5810 1950 5867 eruditorum
1992 5812 2093 5869 ob-

2265 3178 2410 3236 Crua:
2433 3190 2602 3233 autem
2630 3168 2851 3233 stultitia
2897 3181 3036 3250 facta
3080 3188 3178 3234 est.
3217 3178 3421 3233 Paulus
3465 3174 3531 3250 ad
3558 3166 3773 3250 Corinth.

2193 3252 2375 3311 Ελλησι
2419 3272 2610 3330 propin.
2653 3250 2751 3305 Hic
2780 3242 3371 3330 verdConimodiauus
3418 3248 3702 3305 universim
3725 3242 3779 3330 ad

2194 3339 2386 3377 omnes
2419 3315 2626 3393 'ge'ntes
2654 3336 2776 3391 qum
2820 3322 2959 3376 idola
2993 3322 3201 3389 colunt,
3235 3331 3291 3378 ut
3326 3336 3426 3393 per
3467 3333 3672 3392 gentem
3699 3315 3770 3372 ad'
3856 3334 3857 3337 ‘

2196 3395 2423 3449 alteram
2452 3396 2725 3464 signiticet
2747 3394 3043 3448 Cainaeam.
3179 3448 3191 3464 γ,

2270 3465 2377 3519 Per
2401 3463 2605 3518 crucum
2652 3465 2798 3518 dirus
2826 3465 3124 3519 adumbrat.
3176 3463 3246 3521 Ut
3288 3478 3480 3533 supra,
3513 3463 3782 3518 obumbrant

2196 3539 2457 3607 pupulum
2480 3538 2787 3605 simplicem.
2811 3536 2988 3591 Cruce
3016 3552 3111 3592 sua
3138 3534 3396 3607 Christus
3426 3538 3783 3607 Sapientesste-

2197 3601 2303 3663 cuii
2337 3624 2440 3677 pro
2469 3601 2649 3661 stultis
2677 3617 2732 3662 et
2750 3607 2912 3662 fatuis
2941 3608 3149 3661 habuit.
3175 3601 3543 3663 Adumbrav'it
3566 3622 3655 3661 eos
3679 3601 3783 3661 diri-

2200 3688 2310 3734 tate
2338 3680 2537 3742 crucis,
2555 3688 2664 3733 tam
2692 3678 3006 3732 admiranda
3033 3679 3231 3733 divina:
3260 3678 3572 3749 maiestatis
3597 3686 3785 3747 patratis

2197 3750 2458 3805 facinora.
2493 3750 2610 3805 Rue.
2640 3780 2714 3790 —
2742 3750 3100 3818 Blaspheuiiie
3142 3765 3270 3804 reus
3300 3762 3409 3813 est,
3446 3753 3536 3821 qui
3568 3751 3783 3821 Salvato-

2197 3837 2312 3877 rem
2366 3832 2634 3888 nostrum,
2663 3822 2833 3874 dirum
2865 3817 3155 3877 vocaverit.
3192 3821 3325 3891 Leg.
3366 3817 3483 3877 Reae
3510 3832 3681 3878 (rtem.
3707 3817 3786 3871 Di-

2195 3909 2281 3949 ras
2303 3892 2595 3958 adumbrat,
2624 3903 2679 3945 ut
2708 3892 2804 3946 sibi
2826 3907 2925 3945 non
2944 3892 3176 3945 credant.
3206 3893 3297 3949 Sic
3320 3893 3586 3950 instruct.
3616 3905 3785 3953 xxvut,

2199 3981 2249 4019 v.
2284 3966 2407 4020 H9.
2440 3962 2758 4018 Excruciant
2794 3964 2955 4033 paruis
2977 3964 3140 4036 diros.
3172 3964 3359 4021 Dims.
3393 3995 3471 4007 --
3501 3965 3612 4021 Hac
3640 3962 3787 4036 posita

2199 4036 2604 4108 emendatione,
2632 4032 2938 4108 respexerit
2987 4032 3423 4108 Cuminodianus
3474 4032 3787 4108 illud,'L_ur.,

2197 4122 2316 4173 vut,
2349 4106 2440 4162 18.
2465 4106 2534 4161 Ut
2556 4098 2781 4162 videntes
2822 4123 2925 4160 non
2957 4098 3183 4171 videant,
3213 4117 3259 4160 et
3302 4109 3580 4163 audientes
3608 4098 3700 4161 non
3724 4106 3789 4156 in-

2199 4178 2456 4251 telligant.
2508 4176 2729 4233 Confer.
2764 4186 2817 4232 et
2868 4176 3085 4244 Matt/u,
3119 4193 3233 4245 xm,
3281 4179 3371 4234 15.
3409 4181 3478 4236 Et
3521 4181 3643 4237 vide
3687 4190 3791 4233 mox

2200 4249 2364 4305 infra.
2395 4266 2449 4305 v.
2496 4250 2623 4305 577.

2200 4250 2364 4318 inira,
2395 4266 2449 4305 v.
2496 4250 2623 4305 577.

2271 4321 2619 4394 Inde_Eiioch
2649 4320 3116 4394 subolestlainwa.
3137 4319 3206 4394 in
3244 4322 3566 4394 apographo
3584 4319 3787 4393 legitur:

2200 4391 2335 4448 Inde
2382 4392 2554 4447 Noliel
2585 4392 2786 4446 suboles
2831 4392 3097 4447 Canantei.
3134 4392 3207 4447 De
3261 4391 3378 4450 isto
3422 4391 3612 4453 Euocb
3642 4391 3791 4451 Euse-

2125 4489 2179 4550 D
2206 4466 2348 4550 hius,
2373 4463 2950 4550 priorenclirouicorum
2968 4465 3128 4525 libro,
3151 4481 3312 4550 quem
3339 4468 3517 4550 edidit
3546 4470 3789 4550 Scaliger;

2216 4555 2235 4590 ι
2269 4536 2379 4592 Istc
2396 4535 2582 4591 Enoch
2614 4536 2753 4608 alter
2778 4545 2903 4608 est;_
2930 4550 3034 4588 non
3058 4607 3062 4608 ν
3083 4536 3172 4604 qui
3216 4543 3591 4608 transiiositus
3615 4535 3708 4600 est}
3749 4544 3795 4590 ut

2208 4620 2317 4662 non
2362 4608 2630 4680 moriatur
2646 4625 2659 4659 :
2691 4605 2778 4661 ille
2815 4605 2963 4680 enim
2983 4607 3160 4680 "illius
3216 4619 3303 4663 est
3331 4605 3533 4679 Jureth
3566 4612 3796 4680 septimus

2211 4682 2278 4732 ab
2308 4679 2499 4733 Adam.
2543 4696 2561 4729 ι
2599 4676 2936 4733 th.——Vid.
2970 4675 3180 4744 (ἕωλοι,
3206 4695 3283 4743 tv,
3308 4683 3401 4737 t7.
3442 4676 3598 4739 Hunc
3625 4675 3795 4740 Ὲνὼσον

2210 4760 2364 4804 vocat
2407 4749 2699 4818 Josephus,
2732 4748 2963 4819 Antiqq.,
2997 4750 3034 4802 l.
3070 4764 3107 4811 ι,
3132 4764 3179 4803 c.
3211 4766 3289 4805 Ill.
3326 4753 3399 4809 Et
3427 4757 3502 4809 ita
3526 4772 3657 4812 sane
3686 4768 3798 4807 nou-

2208 4820 2352 4895 nulla
2382 4836 2485 4875 ιη
2520 4819 2699 4875 virali~
2726 4819 3195 4895 interpretationis
3223 4826 3591 4895 exemplaria.
3634 4827 3797 4881 Daris.

2279 4892 2405 4945 Cum
2434 4908 2558 4959 pace
2582 4892 2791 4945 revenit.
2820 4890 2921 4956 Qui
2951 4890 3015 4944 sit
3051 4892 3241 4944 horum
3278 4890 3579 4951 verborum
3608 4906 3798 4956 sensus,

2206 4963 2455 5033 equidem
2491 4977 2596 5017 non
2639 4961 2821 5017 video.
2861 4961 3093 5017 Fortean
3124 4963 3418 5031 legendum
3450 4985 3463 5021 :
3515 4966 3583 5023 Et
3610 4970 3720 5023 inde
3737 4981 3804 5020 se-

2205 5035 2375 5108 cunda
2398 5034 2687 5108 terribilem
2705 5033 3054 5108 legeni_primo
3072 5050 3186 5087 cum
3214 5053 3344 5108 pace
3367 5041 3611 5094 revincit.
3642 5040 3711 5094 in.

2277 5105 2404 5183 _Abel
2444 5122 2604 5183 genus
2644 5104 3033 5183 autem._lmui_t_i
3071 5104 3245 5183 genus
3294 5106 3483 5178 Setini,
3517 5109 3803 5183 quem

2205 5175 2585 5249 {idumuslseu
2614 5178 2811 5249 potius,
2840 5179 2954 5249 ipsa
2985 5175 3118 5249 Eva)
3150 5178 3225 5231 ait
3256 5175 3503 5248 positum
3534 5175 3635 5238 sibi
3661 5197 3689 5235 a
3711 5175 3802 5233 Deo

2204 5245 2373 5319 fuisse
2394 5245 2581 5319 semen
2604 5245 2747 5301 aliud
2773 5262 2871 5317 pro
2894 5247 3084 5315 Abele,
3106 5245 3270 5319 quem
3295 5254 3583 5309 occiderat
3602 5251 3800 5319 Caiuus.

2203 5318 2402 5395 lineas,
2454 5318 2521 5374 ad
2573 5321 2821 5395 Setinum,
2858 5334 2965 5395 non
3014 5321 3081 5374 ad
3106 5318 3362 5395 LCainum
3418 5323 3520 5395 (ad
3552 5318 3802 5393 Abelcm).

2201 5389 2405 5444 Christi
2445 5390 2814 5463 genealogiam
2869 5390 3059 5447 refert.
3093 5392 3227 5460 Quae
3280 5389 3472 5451 autem
3505 5398 3579 5451 de
3609 5389 3806 5463 mialgaj

2204 5463 2307 5514 mia
2336 5458 2573 5539 illioram
2602 5458 2882 5539 numinum
2912 5477 3036 5517 cum
3061 5458 3185 5519 [iliis
3210 5465 3329 5539 Dei,
3354 5469 3454 5537 qui
3477 5478 3538 5523 et
3564 5458 3804 5539 Βενθεᾷῐὶ

2204 5535 2405 5607 passim
2458 5534 2511 5607 in
2566 5534 2783 5602 scriptis
2814 5543 3054 5589 veterqu
3094 5534 3476 5607 reperiuntur,
3513 5548 3596 5595 tot
3616 5534 3808 5607 inbuis-

2203 5616 2324 5678 rum
2350 5605 2602 5678 intricata
2640 5610 2776 5678 sunt
2802 5605 3253 5678 commentisput
3281 5612 3418 5678 quid
3463 5605 3808 5678 'aﬂlrniarili-

2202 5675 2364 5753 quido
2378 5677 2600 5753 possit,
2650 5675 2870 5753 minime
2896 5674 3212 5753 discernunt
3248 5674 3416 5737 etiam
3460 5677 3806 5753 perspicuis-

2202 5746 2345 5802 simi.
2378 5747 2639 5804 Videatur
2668 5746 2884 5805 Suidus.
2916 5750 2968 5805 in
3006 5752 3273 5809 vocabulo
3308 5746 3635 5830 Μιαιοξαριιᾶι
3654 5795 3670 5823 ,
3700 5762 3809 5807 cum
