3904 6316
186 299 291 357 2M
396 300 470 373 (v.
509 300 668 371 8M.)

186 418 295 477 Sed
319 427 484 474 tamen
509 419 719 490 utrique
738 419 941 491 judicia
961 435 1090 477 vera
1121 421 1510 479 decernuntur.

185 513 325 569 Ecce
350 512 606 568 militatur
634 511 871 579 Christo,
904 502 1043 571 sicut
1063 515 1266 572 Ctesari
1299 528 1536 588 paretur.

182 604 454 673 Refugiom
484 606 628 676 regis
652 615 794 675 pete,
826 607 871 660 si
899 606 1129 664 delictor
1160 609 1340 676 fuisti;

180 696 260 751 Tu
290 697 429 752 illum
458 696 709 766 implora,
743 710 1046 769 prostratus
1067 700 1142 756 illi
1171 700 1341 759 fatere
1372 722 1387 757 :

179 788 361 845 Omnia
391 789 672 857 concedet,
701 792 854 859 cujus
882 804 1008 848 sunt
1030 803 1084 850 et
1113 797 1295 852 omnia
1328 808 1535 854 nostra.

178 882 443 954 Repositis
463 885 676 950 caSIris,
708 884 932 941 ulterius
952 902 1083 943 cave
1105 887 1409 960 delinquas.

174 976 371 1033 Errare
396 977 503 1031 noli
534 976 626 1031 diu
653 976 808 1033 miles
839 994 932 1047 per
959 979 1158 1049 spelzea
1186 980 1444 1039 ferarum.

175 1070 255 1125 Sit
282 1069 371 1124 tibi
400 1084 649 1141 peccare.
678 1070 941 1127 desistere
969 1082 1178 1143 gestum
1205 1073 1553 1134 immensum.

580 1179 700 1218 LIII.
732 1192 804 1205 —
834 1180 1099 1222 IILITIBUS
1135 1183 1371 1225 CHRISTI.

171 1256 368 1312 Militiae
387 1272 588 1313 nomen
613 1273 737 1313 cum
761 1258 996 1320 dederis.
1032 1259 1189 1317 freno
1216 1264 1438 1319 teneris.

174 1350 352 1421 Incipe
383 1360 514 1406 tunc
538 1366 668 1422 ergo
694 1350 968 1408 dimittere
996 1354 1214 1423 pristina
1243 1365 1393 1425 gesta
1420 1374 1433 1409 :

176 1443 434 1499 Luxurias
458 1444 585 1509 vita,
609 1445 863 1515 quoniam
887 1447 1038 1503 labor
1061 1449 1306 1504 imminet
1332 1451 1522 1506 armis.

174 1536 400 1607 Imperio
427 1537 574 1607 regis
599 1535 749 1591 omni
776 1537 971 1594 virtute
999 1540 1297 1609 parendum
1316 1584 1333 1609 ,

170 1629 436 1699 Tempora
472 1644 743 1700 posuema
781 1630 828 1686 si
857 1631 939 1687 vis
967 1634 1271 1705 pertingere
1301 1635 1445 1691 la'la.

140 1724 257 1784 ,llle
283 1723 462 1778 bonus
490 1723 667 1789 miles,
694 1740 912 1796 semper
939 1735 1191 1798 exspecta
1217 1727 1465 1796 fruenda;

168 1817 415 1873 Blandire
440 1817 549 1871 noli
574 1817 692 1885 tibi,
721 1818 960 1875 desidias
986 1822 1208 1876 omnino
1232 1822 1408 1889 mitte,

173 1909 234 1965 Ut
261 1919 354 1966 tuo
384 1910 678 1981 prcepOsito
705 1912 927 1968 cottidie
958 1930 1049 1984 pra
1066 1916 1278 1984 stosis,
1313 1926 1438 1974 ante

168 2004 421 2060 Solicitus
442 2014 584 2071 esto,
617 2008 914 2062 matutinus
937 2008 1087 2080 signa
1117 2011 1314 2067 revise.

168 2097 293 2155 Cum
322 2100 532 2156 videris
558 2099 778 2167 bellum,
819 2102 1008 2173 agonia
1040 2119 1196 2160 sume
1223 2106 1547 2178 propinqua.

1351 306 1723 369 ADVERSUS
1752 309 2063 370 GENTIUM
2106 313 2296 373 DEOS.

3022 323 3098 398 (ν.
3124 321 3275 396 832.)
3386 306 3494 383 eis

1803 431 1854 489 Α
1882 428 2009 483 llrec
2035 428 2204 498 gloria
2235 430 2409 501 regis,
2443 430 2666 488 militem
2697 433 2887 489 videre
2928 430 3176 505 paratum
3203 455 3218 500 ;

1880 522 1993 576 Rex
2024 522 2209 591 adest,
2240 534 2426 593 optato
2453 537 2673 596 propter
2701 543 2852 597 spem
2885 528 3360 590 dominicatnrum.

1877 614 1973 671 Ille
2002 624 2156 686 parat
2178 617 2350 683 dona,
2386 617 2477 674 ille
2503 634 2602 689 pro
2624 621 2848 677 victoria
2880 623 3037 678 belus

1878 708 2147 781 Suspicit,
2175 722 2230 767 et
2261 714 2542 783 proprium
2570 715 2817 772 satellem
2850 716 3065 773 dedicat
3091 733 3242 775 esse.

1878 802 1957 858 Tu
1987 804 2078 858 tibi
2123 815 2385 875 praeterea
2408 808 2464 863 in
2488 809 2674 864 Belian
2706 826 2930 880 parcere
2960 814 3069 869 noli
3104 832 3118 868 :

1878 894 2108 968 Impiger
2137 908 2257 954 esto
2286 902 2455 971 magis
2477 943 2492 965 ,
2525 909 2583 957 ut
2604 902 2796 959 reddat
2818 905 3014 961 famam
3043 921 3141 979 pro
3178 917 3376 967 morte.

2390 1033 2495 1072 LIV.
2524 1050 2594 1058 --
2613 1036 2681 1074 DE
2723 1036 2966 1077 REFUCIS.

1877 1132 2259 1189 Damnatorum
2289 1135 2483 1190 animre
2515 1138 2709 1194 merito
2736 1138 2931 1210 seipsze
2958 1152 3273 1198 secernunt.

1877 1225 1955 1280 Ex
1986 1225 2089 1281 hoc
2130 1228 2393 1296 progeniti
2425 1228 2619 1283 iterum
2652 1230 2844 1290 adsua
2878 1244 3188 1288 recurrunt.

1876 1316 2047 1372 Radix
2073 1319 2278 1374 caina-a
2299 1364 2314 1386 ,
2366 1322 2713 1377 maledictum
2744 1339 2932 1380 semen
2975 1329 3246 1399 erumpit,

1873 1420 1929 1463 et
1958 1410 2010 1464 in
2043 1411 2221 1466 servili
2252 1424 2413 1482 gente
2443 1413 2543 1469 sub
2570 1413 2799 1471 barbaro
2838 1434 2962 1487 rege
2992 1418 3224 1490 refugit,

1875 1502 2112 1557 Flamma
2143 1520 2278 1575 quos
2306 1514 2507 1561 aeterna
2538 1510 2808 1578 torquebit
2834 1511 2924 1565 die
2949 1492 3196 1569 decreto.

1876 1593 2003 1648 Vult
2028 1610 2193 1665 vagus
2223 1610 2410 1651 errare
2434 1598 2553 1653 sine
2572 1599 2856 1670 disciplina
2889 1602 3146 1674 profugus
3164 1648 3178 1671 ,

1873 1687 2122 1745 Grassari
2157 1706 2254 1761 per
2281 1693 2461 1748 fauces
2489 1693 2695 1748 viarum
2725 1694 2845 1764 lege
2875 1697 3105 1753 solutus.

1876 1781 1971 1838 Isti
1998 1799 2128 1855 ergo
2160 1786 2295 1841 tales
2316 1829 2331 1852 ,
2380 1803 2517 1857 quos
2543 1788 2686 1844 nulla
2718 1804 2875 1859 poena
2904 1794 3119 1862 coegit,

1957 1837 1964 1838 7
2011 1837 2089 1855 77.,
2164 1837 2175 1838 7
2220 1837 2289 1841 η
2316 1837 2331 1852 .
2384 1837 2515 1857 της-
2720 1837 2875 1859 τν---ν
2908 1837 2999 1845 νυν
3042 1837 3119 1857 --ν

1800 1837 1847 1899 Β
1875 1874 1931 1931 Si
1963 1877 2144 1934 vivere
2171 1880 2362 1937 nolunt
2386 1922 2403 1948 ,
2431 1880 2499 1935 ab
2527 1881 2684 1937 idolis
2714 1884 2911 1954 respici
2944 1837 3164 1941 debent.

2311 2011 2399 2050 LV.
2420 2025 2492 2036 --·
2511 2012 2579 2051 DE
2619 2011 2759 2052 ιοιιι
2798 2013 3020 2055 SEIINE.

1872 2111 1950 2168 De
1981 2112 2192 2169 semine
2224 2112 2376 2179 lolii,
2422 2114 2511 2186 qui
2536 2123 2680 2170 stant
2708 2114 2760 2169 in
2791 2113 3036 2173 Ecclesia
3065 2118 3240 2174 mixti.

1542 2202 2105 2262 COMMENTARIUS.

233 2292 381 2347 Alius
401 2292 463 2367 in
480 2301 624 2367 parte
642 2291 847 2347 recedit.
876 2293 980 2367 Qui
1009 2307 1077 2347 ne
1104 2293 1445 2367 pertrabatur
1472 2295 1523 2349 iu
1548 2295 1765 2367 Capito—

168 2362 290 2418 lium
319 2361 751 2437 sacrificaturus,
775 2364 1090 2437 paciscitur,
1105 2361 1297 2421 oblato
1314 2367 1527 2437 praesidi
1548 2361 1730 2424 libello
1746 2411 1763 2436 ,

169 2436 479 2491 concussori
514 2436 757 2504 pecunia.
793 2435 912 2491 lite.

230 2507 450 2581 Iudicia
476 2523 594 2561 cera
625 2507 982 2581 decernuntur.
1017 2507 1166 2575 Heic,
1196 2519 1254 2563 ut
1280 2518 1333 2565 et
1359 2511 1501 2579 apud
1532 2512 1767 2581 optimos

169 2579 487 2652 scriptores,
518 2595 689 2652 veriuu
709 2595 853 2634 JUSTI
882 2580 981 2652 vel
1032 2595 1167 2644 .t-zom
1196 2582 1387 2652 recipit
1416 2579 1762 2652 potestatem.

170 2651 381 2779 ﬁdesis
402 2649 806 2707 Broukltusiuut
827 2650 894 2706 ad
930 2651 1200 2723 Pr0pertii
1227 2649 1324 2709 libi
1350 2649 1430 2779 13,
1462 2655 1617 2726 Elcg.
1648 2672 1768 2723 χιιι,

236 2761 247 2775 .
1412 2742 1554 2779 Ανιε.

170 2725 247 2780 il.
1369 2726 1554 2781 DAVIS.

230 2795 503 2850 Militatur
549 2794 773 2858 Christo,
821 2795 951 2849 sicut
995 2792 1188 2849 δαιδανὶ
1240 2806 1463 2863 paretur.
1518 2799 1772 2855 Militatur

167 2867 403 2930 Christo,
439 2867 529 2937 qui
562 2868 872 2922 sacrificare
900 2865 1045 2920 idolo
1077 2875 1215 2920 vetat
1242 2884 1257 2932 ;
1287 2878 1337 2923 et
1372 2868 1423 2923 in
1455 2869 1770 2924 sacrifican-

168 2950 258 3000 tes,
318 2940 490 2994 etiam
548 2948 812 2999 mortuos.
869 2938 1250 2993 animadvertit
1299 2941 1472 3006 pinnis
1504 2943 1765 3009 :eternis;

168 3021 390 3081 paretur
441 3010 667 3071 Ca-sari,
715 3012 803 3081 qui
857 3011 991 3063 mori
1046 3010 1203 3080 jubet
1251 3026 1355 3065 non
1400 3012 1768 3068 sacrificantes

167 3075 340 3149 idolo;
380 3098 482 3137 uec
510 3082 693 3137 habet.
725 3075 849 3151 quid
877 3075 1295 3136 faciat'tuorluis
1323 3101 1337 3136 :
1369 3098 1491 3136 nam
1516 3084 1595 3138 sic
1626 3101 1770 3138 mor-
1794 3075 1840 3138 C

166 3154 231 3207 tui
255 3171 365 3224 pro
390 3154 636 3216 Christo,
665 3156 754 3225 qui
784 3154 861 3208 sic
882 3152 1083 3209 Czesari
1110 3164 1400 3222 paruerunt
1436 3165 1488 3208 ιιι
1541 3166 1768 3211 mortem

167 3226 381 3281 fortiter
404 3225 738 3296 oppeticrint
768 3241 864 3296 pro
895 3225 1092 3280 Christi
1122 3226 1360 3292 nomine,
1389 3227 1556 3281 vitam
1585 3228 1773 3284 vivunt.

166 3307 448 3354 attentam.
485 3296 603 3354 th.

228 3371 287 3426 Si
338 3369 563 3423 deficior
602 3369 762 3440 fuisti.
810 3367 1135 3422 Delictorcm
1177 3368 1327 3424 dicit.
1376 3381 1767 3439 peccatorem:

166 3451 212 3497 et
231 3448 307 3498 sic
348 3443 459 3496 ctia
486 3460 513 3489 ιι
548 3440 690 3509 loqui
720 3440 1043 3510 Cyprianum
1076 3440 1504 3495 observavimus.
1539 3441 1657 3500 th.

227 3513 500 3586 Repositis
523 3513 721 3586 castris.
743 3511 951 3586 Castris
968 3511 1169 3566 scilicet
1191 3512 1449 3567 adwrsus
1471 3513 1767 3586 Eccle~iam

166 3584 348 3641 rursus
386 3584 602 3653 positis.
658 3594 711 3636 tu
759 3584 873 3652 ipse
921 3593 1039 3652 post
1082 3594 1359 3647 acceptam
1392 3585 1767 3653 pmnitentiam

167 3659 438 3729 repositus
460 3656 714 3711 Ecclesiae
734 3656 953 3722 castris,
978 3654 1087 3709 noli
1107 3656 1336 3781 amplis:
1359 3672 1481 3711 esse
1498 3656 1766 3713 desertor.

1336 3744 1406 3781 ιθ.

1336 3744 1406 3782 ιθ.

225 3803 302 3858 Sit
356 3800 449 3855 tibi
489 3816 713 3867 peccare,
759 3798 996 3852 desistere
1037 3807 1162 3869 gest.
1211 3799 1301 3853 im.
1348 3798 1643 3854 Consimile
1684 3810 1769 3855 est

164 3873 276 3929 illud
305 3874 578 3929 luSll‘liCl.
608 3886 735 3926 xutt
765 3888 778 3924 :
809 3870 1026 3925 Summa
1051 3872 1139 3924 tibi
1167 3886 1187 3926 :
1219 3871 1395 3942 gravia
1435 3880 1641 3941 peccata
1666 3871 1767 3926 de-

162 3948 247 3999 vita
273 3960 331 4000 tu
368 3961 586 4009 semper.
628 3945 742 3997 Hic.

225 4017 416 4088 Incipe
440 4026 559 4069 tunc
584 4031 703 4083 ergo
731 4014 983 4088 dimittere
1012 4014 1159 4088 prist.
1188 4024 1348 4085 gesta.
1382 4016 1555 4083 Supra
1588 4013 1764 4088 dixit:

164 4086 301 4155 Cave,
344 4085 406 4140 ut
452 4103 551 4139 non
579 4088 845 4157 delinquas
872 4087 922 4139 in
952 4096 1087 4145 ante,
1120 4085 1278 4157 lustr.
1328 4101 1474 4140 XLVI.
1528 4087 1767 4155 Opponit

163 4159 290 4216 lteic.
318 4158 587 4213 dimittere
625 4159 862 4228 pristina,
914 4158 988 4211 illi
1012 4156 1155 4227 quod
1200 4158 1351 4211 instr.
1376 4172 1540 4223 XLVII,
1566 4158 1754 4211 sectari

164 4235 345 4301 prisca.
379 4231 560 4284 Prisca
591 4245 683 4282 seu
715 4230 937 4298 pristina
965 4239 1110 4294 sunt,
1140 4245 1259 4299 quze
1284 4239 1410 4283 ante
1436 4230 1593 4282 fidem
1616 4243 1766 4301 cont-

165 4299 313 4359 inissa
364 4310 510 4367 sunt,
558 4312 608 4355 et
651 4301 825 4372 qualia
860 4310 1105 4370 peccant,
1149 4301 1495 4427 etliuiciﬁsive
1527 4299 1759 4371 profani.

1399 4389 1469 4427 Ic.

1399 4389 1469 4429 lC.

1873 2315 1971 2373 pro
2001 2314 2334 2356 SATELLITEI
2365 2318 2379 2355 :
2411 2311 2459 2356 et
2478 2304 2742 2373 proprium
2756 2320 2863 2359 esse
2881 2305 3104 2370 dedicat,
3136 2304 3236 2359 hoc
3252 2315 3336 2361 est
3363 2314 3480 2361 sta-

1873 2372 2034 2447 bilem
2054 2416 2083 2447 ,_
2107 2376 2317 2447 firmum
2344 2372 2664 2447 fortemque.
2702 2377 2759 2431 ln
2792 2379 3106 2447 apugrapbo
3146 2377 3473 2442 superlitum

1870 2443 2225 2522 animadverti
2246 2446 2443 2499 veteris
2458 2443 2742 2522 scriptura:
2760 2443 3070 2522 vestigium,
3087 2449 3472 2522 deduat,quam

1872 2513 1996 2569 beie
2026 2516 2248 2571 minime
2274 2513 2956 2575 cunVenire'arbitramur.
2991 2513 3114 2576 Ilio.

1944 2606 2025 2662 Tu
2056 2609 2145 2687 tibi
2180 2620 2425 2687 prteterea
2448 2611 2502 2665 in
2531 2611 2715 2687 Betim:
2744 2630 2953 2687 parcere
2980 2615 3105 2668 noli.
3135 2614 3193 2669 In
3231 2630 3471 2687 apogra-

1876 2680 1983 2750 pbo
2040 2683 2300 2755 scriptum
2349 2682 2568 2738 fuerat:
2604 2682 2681 2737 Tu
2726 2685 2816 2737 tibi
2867 2696 3112 2755 praeterea
3162 2687 3215 2739 in
3269 2680 3474 2743 delictis

1875 2768 2088 2826 parcere
2115 2753 2242 2826 noli.
2268 2752 2400 2821 Quae
2427 2755 2692 2819 scriptura
2725 2755 2850 2810 ferri
2868 2752 2938 2811 'et
2976 2759 3231 2826 explicari
3256 2769 3472 2826 posset,

1874 2824 1975 2878 nisi
2020 2840 2119 2879 nos
2165 2824 2483 2898 admoneret
2526 2827 2570 2880 is
2613 2824 3112 2898 quiriapograpluun
3156 2824 3470 2895 recensuit,

1874 2906 2111 2967 veterem
2141 2911 2357 2950 manum
2403 2897 2568 2951 luisse.
2596 2898 2649 2951 iu
2696 2897 2898 2953 Beliau.
2935 2900 3048 2955 Hoc
3074 2909 3191 2967 est,
3225 2903 3369 2955 Cave
3401 2917 3474 2957 ne

1873 2966 2074 3022 desidia
2103 2976 2198 3021 aut
2235 2967 2525 3035 supinitate
2570 2979 2694 3032 tua,
2740 2971 2866 3024 dum
2908 2972 3002 3025 tibi
3048 2966 3185 3026 forte
3234 2973 3462 3027 nimium

1874 3037 2176 3099 blandiris.
2227 3040 2371 3093 desis
2437 3040 2529 3095 tibi
2582 3041 2680 3108 ipsi
2744 3041 3006 3098 adversus
3074 3042 3293 3110 Belian,
3353 3045 3469 3101 sive

1873 3110 2146 3184 diabolum
2182 3126 2197 3164 :
2229 3126 2295 3165 ne
2326 3111 2417 3184 tibi
2464 3112 2765 3184 improvido
2806 3115 3032 3184 obrepat
3074 3126 3327 3183 satanas,
3356 3132 3473 3171 ma-

1879 3181 1997 3244 lus,
2046 3183 2277 3252 iniquus.
2326 3182 2445 3239 me.

1946 3252 2176 3329 Impiger
2215 3267 2318 3329 esto
2340 3255 2543 3329 plagis.
2573 3253 2804 3329 Tantum
2846 3257 3024 3324 absit,
3059 3268 3115 3311 ut
3150 3257 3242 3312 tibi
3287 3261 3475 3329 perni—

1873 3325 2009 3402 ciem
2038 3324 2236 3402 inferat
2264 3324 2869 3402 Belias‘teutatiouibus
2918 3332 3063 3392 suis;
3107 3331 3235 3402 quin
3288 3324 3470 3402 potius

1873 3398 1941 3472 ab
1973 3396 2260 3472 iisfamam
2300 3412 2553 3472 reporta,
2588 3400 2657 3452 ita
2708 3408 2765 3453 ut
2805 3403 2881 3455 sis
2921 3396 3174 3472 exemplo
3217 3396 3475 3458 fratribus

1874 3469 2171 3539 disciplinac
2202 3484 2265 3523 ac
2296 3470 2417 3522 fidei
2446 3468 2859 3539 diligentissime
2888 3468 3137 3527 servatas.
3185 3472 3306 3529 th.

1943 3538 2022 3593 De
2048 3541 2262 3615 refugis.
2315 3539 2371 3594 In
2411 3538 2722 3612 apngrapho
2764 3543 2960 3612 legitur
3011 3544 3074 3597 de
3105 3543 3355 3615 refugiis,
3404 3555 3462 3600 et

1871 3622 1997 3687 ante
2028 3614 2272 3687 ultintum
2306 3625 2522 3687 versum
2562 3623 2786 3682 apparet
2814 3617 3000 3669 lacuna
3020 3657 3033 3677 ,
3065 3614 3233 3686 quasi
3257 3616 3469 3687 r'efugia

1872 3681 2069 3757 di\e‘rit
2099 3682 2589 3757 -ςίοιιιιιιυόὶειιιιιε,Δ
2615 3681 2711 3757 pro
2750 3688 2979 3757 refugis;
3022 3681 3097 3740 ιι(
3124 3681 3327 3741 servitia
3371 3681 3471 3757 pro

1869 3754 2047 3808 servis.
2098 3753 2207 3808 Nos
2258 3754 2452 3809 deesse
2505 3753 2945 3823 quidquam'n'on
2996 3753 3465 3820 arbitramurfet

1871 3824 2213 3901 instructioni
2243 3825 2456 3901 titulum
2496 3825 2753 3901 fecimus,
2803 3826 2884 3882 De
2920 3829 3159 3901 refugis:
3187 3830 3266 3884 sic
3300 3828 3469 3884 fuerit

1872 3906 1996 3951 nota
2025 3897 2230 3952 lacuna:
2257 3896 2552 3965 superflua.
2586 3898 2703 3953 Rto.

1944 3968 2029 4022 Ea:
2063 3968 2159 4022 hoc
2200 3968 2473 4044 progeniti.
2508 3968 2586 4023 Ex
2628 3968 2733 4024 hoc
2777 3969 2980 4024 scilicet
3030 3970 3209 4039 Belia,
3256 3971 3322 4027 de
3359 3988 3467 4044 quo

1870 4040 1999 4096 inst.
2033 4026 2263 4109 prwced.
2293 4026 2414 4096 th.

1942 4111 2138 4165 lterum
2166 4112 2234 4163 ad
2267 4128 2361 4166 sua
2398 4121 2688 4166 recurrunt.
2730 4111 2812 4167 Ad
2859 4126 2988 4167 suos
3024 4112 3301 4183 ethnicos,
3345 4112 3466 4171 ido-

1865 4183 2105 4238 lolatras.
2871 4183 2994 4240 Pus.

1942 4254 2114 4309 Radix
2165 4254 2391 4309 caiuina.
2426 4253 2522 4309 Vel
2575 4256 2750 4323 potius
2796 4258 3032 4321 cannea,
3086 4266 3144 4311 ut
3181 4272 3341 4327 supra
3376 4259 3466 4314 ln-

1867 4336 2059 4384 struct.
2104 4341 2293 4381 xxxvr.
2323 4327 2380 4381 In
2410 4328 2724 4398 apograplto
2773 4327 2966 4383 vitiose
3011 4328 3167 4383 radix
3193 4345 3463 4386 cauamea.

3151 4400 3272 4457 th.

224 4446 460 4519 Imperio
485 4445 636 4516 regis.
674 4443 919 4517 Intellige
954 4442 1250 4519 Christum,
1284 4444 1540 4541 Ecclesia:
1569 4453 1748 4517 caput.

1939 4472 2050 4528 Sub
2076 4469 2295 4525 barbara
2344 4486 2487 4541 rege.
2516 4469 2587 4526 Ut
2619 4484 2780 4540 supra
2833 4468 3107 4526 Christum
3138 4442 3462 4541 simpliciter

1342 4516 1462 4573 th.

227 4591 292 4645 Ut
320 4601 416 4645 tuo
448 4589 718 4658 praeposito
743 4588 949 4643 cottidie
976 4598 1163 4658 pratsto
1184 4589 1274 4643 sis.
1310 4587 1748 4657 Etuettdavimus,

163 4663 291 4729 quod
326 4664 385 4716 in
434 4676 621 4730 apogr.
650 4660 997 4730 depravatum
1048 4658 1240 4725 fuerat,
1269 4670 1325 4713 ut
1353 4670 1439 4714 tuo
1467 4663 1749 4730 proposito.

165 4732 513 4808 [nepositum
538 4742 894 4808 vocat._quem
921 4731 1166 4808 Justinus
1191 4740 1243 4786 et
1265 4731 1379 4808 alii,
1407 4740 1750 4808 προςςῖτῷτᾳς

164 4802 521 4860 Tertullianus
547 4803 895 4872 praesidentem
924 4822 935 4856 :
967 4803 1055 4872 qui
1079 4812 1133 4857 et
1152 4802 1489 4874 pra'posituin
1512 4803 1754 4859 Ecclesia:

165 4875 305 4942 dixit,
352 4889 403 4930 ct
439 4876 767 4946 prwpositum
796 4875 1045 4946 baptismo
1096 4874 1212 4929 RIG.

230 4948 429 5020 Agonia
460 4945 601 5001 sume
622 4947 929 5020 propinqua.
957 4945 1141 5007 Sume,
1174 4961 1457 5015 prresume,
1487 4946 1747 5018 intellige,

166 5018 211 5071 in
239 5018 489 5089 proximo
517 5018 637 5074 esse
661 5019 853 5072 festum
878 5027 930 5072 et
957 5020 1199 5073 solemne
1221 5026 1517 5084 certamen,
1553 5034 1616 5072 ex
1645 5035 1753 5089 quo

168 5102 295 5156 pulei
328 5094 381 5146 in
419 5093 615 5146 (mlum
662 5091 784 5146 iter.
834 5090 1129 5157 Agonalem
1176 5090 1339 5155 diem,
1395 5099 1449 5143 et
1493 5091 1753 5160 Agonalia

166 5160 287 5233 ft‘sta
316 5166 617 5218 certamina
649 5162 834 5216 dixere
885 5161 1142 5233 Romani,
1189 5177 1309 5232 qua:
1351 5162 1498 5232 prius
1546 5161 1752 5233 Agonia

165 5231 501 5299 dicebantur;
536 5243 671 5289 teste
696 5234 906 5291 Ovidio.
942 5251 955 5288 ι
987 5232 1133 5287 Fast.
1170 5250 1185 5285 :

278 5328 341 5379 Et
367 5329 501 5393 prius
517 5329 747 5391 antiquus
762 5328 960 5378 diccbat
981 5323 1171 5390 Agonia
1185 5339 1367 5378 sermo.
1551 5327 1657 5378 Rm.

234 5410 422 5480 Optato
448 5423 658 5479 promer
697 5428 837 5483 spem
887 5411 1357 5483 doutiuicaturum.
1393 5410 1750 5466 Scriheudum

170 5482 369 5538 videtur
404 5501 418 5537 :
460 5495 644 5552 prieter
692 5501 836 5551 spent
880 5483 1266 5537 dimicaturum.
1322 5482 1615 5537 Venturum
1666 5497 1752 5537 re-

170 5569 310 5621 gem,
342 5555 393 5609 id
436 5567 558 5616 est,
612 5555 928 5621 Christum,
986 5555 1073 5623 qui
1125 5552 1406 5623 praesideat
1457 5555 1749 5623 martyrio,

169 5628 457 5681 certamini.
504 5627 731 5695 Vigilate
768 5628 969 5695 utique,
999 5626 1198 5679 milites
1226 5625 1460 5695 Christi,
1491 5625 1613 5694 quia
1653 5641 1755 5689 qua

170 5698 287 5821 23:0
341 5715 441 5753 non
481 5693 709 5770 putatis,
740 5693 907 5753 Filius
949 5698 1170 5752 hominis
1192 5696 1358 5821 venit:
1404 5693 1579 5766 (Lua,
1636 5711 1745 5764 xu,

261 5811 275 5821 .
1142 5810 1147 5817 .
1366 5783 1439 5821 te.

172 5769 275 5824 40).
484 5769 489 5770 ⁷
1142 5810 1147 5817 .
1318 5769 1439 5823 Rte.

236 5770 297 5899 iit
330 5845 592 5920 proprium
622 5845 852 5901 satellem
889 5842 1091 5898 dedicat
1128 5810 1256 5897 esse.
1305 5770 1594 5899 gigni.le
1617 5838 1754 5899 dixit

1856 4543 1992 4599 dixit
2026 4560 2226 4615 regem,
2279 4542 2355 4615 ita
2379 4542 2499 4615 lteic
2528 4544 2802 4615 barbarum
2828 4559 2997 4615 regem
3038 4553 3197 4599 vocat
3242 4543 3452 4613 Belian,

1858 4612 2110 4671 Satanam
2130 4655 2146 4677 ,
2178 4612 2596 4670 Auticltristtun.
2619 4613 2738 4670 th.

1932 4687 2026 4741 Die
2062 4685 2692 4758 decretoaDccreturio,
2743 4686 3026 4751 censorio,
3083 4686 3173 4741 die
3220 4687 3449 4758 iudicii,

1856 4759 1945 4814 die
1975 4766 2277 4829 respectus,
2309 4756 2361 4812 in
2407 4757 2716 4827 cognitione
2763 4760 3090 4884 animargm,
3137 4763 3191 4813 in
3222 4756 3458 4831 respec~

1857 4832 2023 4884 tione.
3018 4845 3090 4884 lc.

1857 4832 2023 4887 tione.
2971 4832 3090 4886 lito.

1929 4903 1991 4957 Si
2021 4904 2186 4956 vivere
2214 4901 2425 4971 nolunt,
2467 4903 2530 4956 ab
2573 4902 2724 4956 idolis
2752 4902 2937 4972 respici
2975 4903 3178 4956 debent.
3219 4901 3278 4956 In
3319 4917 3459 4973 apo-

1855 4973 2062 5046 graplto
2090 4975 2282 5046 legitur
2306 4991 2318 5025 :
2351 4973 2548 5045 Sydere
2577 4973 2769 5046 voiunt.
2794 4972 3098 5029 Secundum
3146 4975 3259 5027 lia-c
3289 4975 3454 5046 vesti-

1856 5044 1940 5117 gia
1960 5044 2362 5117 scribendum:
2391 5046 2451 5100 Si
2475 5045 2641 5099 videre
2669 5044 2841 5117 volunt
2864 5060 2999 5115 quos
3029 5046 3253 5099 adorent
3274 5044 3408 5098 deos
3431 5088 3448 5112 ,

1857 5116 1958 5173 nec
1986 5117 2142 5172 fidem
2189 5116 2448 5172 adbibere
2496 5118 2664 5172 velint
2705 5116 2817 5172 Deo
2844 5132 3002 5183 vero,
3045 5118 3167 5183 quia
3217 5131 3322 5169 non
3370 5117 3456 5168 vi-

1856 5189 2017 5253 dent,
2056 5187 2328 5244 confidant
2365 5198 2543 5244 autem
2580 5188 2883 5243 simulacris
2909 5190 3021 5242 suis
3045 5187 3449 5256 :rneisligneis-

1856 5277 2011 5332 que;
2063 5262 2327 5330 aspiciant
2386 5270 2638 5332 eacerte
2675 5275 2932 5330 quantum
2977 5260 3454 5332 voltteriut,_ocu-

1859 5329 1939 5387 los
1985 5332 2186 5386 habent
2233 5346 2415 5386 amcos
2453 5329 2799 5402 ligueosq'ne,
2857 5345 2954 5385 nec
3000 5339 3175 5385 tamen
3225 5329 3401 5386 vident
3429 5346 3453 5394 :

1856 5419 1984 5475 ergo
2009 5404 2189 5457 talium
2221 5401 2570 5477 fabricatores
2596 5413 2652 5458 et
2679 5401 2913 5477 cultores
2940 5402 3191 5477 deorum-
3210 5441 3224 5465 ,
3266 5401 3451 5454 numi-

1857 5470 2014 5532 nibus
2050 5476 2148 5546 ipsi
2185 5470 2298 5529 suis
2343 5476 2580 5545 potiores
2633 5490 2693 5529 se
2740 5476 2970 5540 faciunt,
3014 5483 3067 5527 ct
3111 5470 3451 5546 subsannant

1855 5548 2041 5602 oculos
2072 5542 2301 5602 deorum
2343 5542 2563 5602 suorum
2609 5561 2816 5609 czecos;
2862 5546 3104 5614 adeoque
3146 5542 3217 5596 ob
3257 5544 3446 5613 impie-

1858 5629 2020 5674 tatem
2062 5634 2213 5674 suam
2258 5619 2327 5672 ab
2369 5622 2483 5674 suis
2521 5620 2623 5697 ipsi
2661 5618 2766 5697 diis
2795 5617 2980 5697 respui
3003 5613 3238 5697 debent._
3270 5613 3361 5697 At,
3398 5617 3448 5670 si

1854 5708 2041 5746 verum
2099 5706 2378 5753 amamus,
2429 5691 2763 5759 praeferenda
2815 5688 2912 5742 erit
2942 5688 3083 5759 lure
3116 5688 3401 5759 scriptura
3429 5705 3444 5741 :

1857 5764 1918 5819 Si
1946 5764 2109 5817 vivere
2132 5765 2343 5827 nolunt,
2375 5757 2442 5815 ubi
2462 5762 2613 5815 idolis
2643 5760 2829 5829 respici
2868 5758 3068 5813 debent.
3101 5757 3312 5813 Etenim
3337 5767 3449 5811 tota

1854 5835 2229 5893 Commodiani
2267 5833 2610 5906 philosophia
2650 5836 2770 5901 εει,
2800 5831 2909 5888 vita
2943 5839 3357 5901 mtertiamttam
3402 5830 3452 5887 si
