3904 6316
194 277 291 341 eis
392 281 469 354 (ν.
500 277 647 353 995.)

198 396 351 467 Ipsius
374 405 460 452 est
492 406 720 468 tempus,
754 406 812 453 et
836 413 937 455 uos
965 399 1017 455 in
1048 405 1339 473 utrumque
1364 414 1649 473 gerentes:

198 490 256 547 Ut
276 492 319 546 si
349 491 541 547 bellum
565 492 739 558 abest,
767 492 824 549 in
854 508 983 565 pace
1011 506 1276 568 martyres
1302 497 1474 553 ibunt.

192 581 325 638 Multi
349 582 562 653 quidem
590 594 777 641 errant
803 584 1046 646 dicentes
1079 587 1389 659 :Sanguiue
1417 600 1620 658 nostro,

197 675 415 732 Vicimus
445 676 712 749 Iniquum,
742 695 851 751 quo
880 691 1132 739 manente
1168 684 1386 741 vincere
1411 686 1619 741 nolunt.

190 769 501 827 Obsidiaudo
532 772 689 842 perit,
716 783 772 830 et
799 773 922 829 ideo
946 775 1111 830 sentit
1133 774 1388 844 Iniquus:

188 861 468 932 Legitimos
495 874 672 920 autem
701 879 810 920 non
841 868 1004 921 sentit
1034 882 1226 938 poenas
1244 870 1485 926 adactas.

189 954 498 1026 Ejulatuque
517 956 745 1013 zelando
773 968 962 1029 pectus
994 964 1183 1031 pugnis
1207 963 1492 1030 pertunde.

187 1046 326 1101 Nunc
346 1046 391 1102 si
416 1048 711 1103 benefactis
733 1051 949 1116 viceris,
977 1062 1182 1124 martyr
1207 1054 1261 1109 in
1290 1054 1402 1109 illo.

187 1141 256 1198 Tu
284 1158 408 1214 ergo
435 1145 525 1217 qui
551 1147 749 1217 quatris
781 1149 1097 1221 martyrium
1129 1149 1323 1206 tollere
1348 1150 1544 1219 verbo,

182 1237 234 1295 In
260 1252 385 1310 pace
413 1248 467 1295 te
489 1244 625 1295 vesti
657 1241 854 1308 bonis;
888 1252 943 1298 et
969 1252 1087 1299 esto
1108 1258 1351 1301 securus.

523 1392 673 1433 LXIII.
691 1408 764 1420 —
780 1394 989 1436 BELLUI
1026 1395 1411 1437 COTTIDIANUI.

185 1513 495 1586 Belligcrare
523 1517 742 1587 quaeris,
772 1517 967 1584 stulte,
999 1519 1150 1591 quasi
1184 1520 1322 1576 bella
1352 1503 1650 1591 quiescant.

184 1606 251 1662 Ex
275 1608 609 1681 protoplasto
639 1610 728 1666 die
760 1618 1024 1682 pugnatur
1047 1612 1100 1665 in
1124 1611 1230 1668 line
1256 1612 1431 1670 vobis.

182 1697 354 1755 Libido
390 1701 714 1770 mmcipitat,
747 1700 946 1756 bellum
974 1711 1079 1767 est,
1113 1718 1287 1773 pugna
1316 1718 1438 1758 cum
1471 1703 1587 1760 illo.

183 1789 402 1845 Luxuria
434 1792 646 1858 suadet,
678 1792 923 1861 abutere,
953 1794 1153 1850 bellum
1183 1796 1385 1852 vicisti.

184 1882 305 1940 Vino
331 1887 558 1956 copioso
578 1901 759 1958 parce,
794 1904 862 1944 ne
885 1904 983 1960 per
1005 1888 1154 1943 illum
1186 1888 1387 1963 (illud)
1415 1890 1657 1948 aberres.

122 1992 123 1995 ‘
182 1970 431 2034 Maledicti
462 1980 641 2036 retine
670 1981 927 2052 linguam,
958 1982 1101 2038 unde
1135 1982 1419 2039 Dominum
1448 1985 1663 2042 adoras.
1720 2014 1723 2015 ν

180 2072 460 2143 Compesce
492 2074 732 2132 furorem
765 2095 779 2131 :
815 2076 1095 2147 paciﬁcum
1127 2077 1292 2133 redde
1320 2087 1372 2134 te
1399 2082 1626 2136 cunctis.

182 2160 464 2235 Oppressos
494 2169 730 2223 miseriis
766 2168 1073 2239 deprimere
1096 2184 1228 2225 cave
1256 2171 1512 2227 minores.

182 2261 422 2318 Tutorem
449 2264 809 2319 accommoda
841 2275 1071 2332 tantum,
1101 2274 1156 2320 et
1181 2265 1288 2319 noli
1317 2281 1531 2323 nocere.

182 2356 403 2414 Tramite
430 2372 534 2412 vos
556 2370 707 2416 recto
732 2358 911 2415 ducite
940 2361 1155 2416 sincero
1184 2375 1296 2430 prae
1324 2360 1462 2415 zelo.

184 2448 232 2503 ln
260 2451 361 2506 tuis
378 2450 594 2505 divitiis
612 2466 825 2507 contem
856 2460 907 2507 te
933 2451 1099 2507 redde
1117 2454 1345 2524 pusillis.

184 2543 248 2598 De
276 2544 456 2600 labore
488 2554 580 2599 tuo
609 2544 776 2612 dona,
807 2544 1011 2599 nttdum
1040 2548 1177 2602 vesti
1212 2565 1226 2601 :
1258 2549 1338 2603 sic
1364 2546 1567 2604 vinces.

180 2636 392 2692 Insidias
421 2637 561 2693 nulli
596 2636 781 2702 facias,
814 2638 902 2709 qui
937 2638 1049 2694 Deo
1075 2639 1338 2696 deservis.

183 2730 360 2806 Aspice
386 2732 736 2805 principium,
768 2733 909 2790 unde
940 2734 1103 2806 periit
1128 2735 1340 2792 invidus
1365 2736 1557 2793 bustis.

1350 284 1713 345 ADVERSUS
1749 286 2063 347 GENTIUM
2103 291 2304 348 DEOS.

2955 297 3031 370 (v.
3073 295 3262 370 ton.)
3374 295 3486 352 250

1782 408 1835 466 A
1863 406 1981 463 Non
2007 423 2128 463 sum
2156 423 2257 481 ego
2280 406 2492 476 doctor,
2525 410 2622 466 sed
2653 410 2743 467 lex
2768 411 2927 468 docet
2956 412 3071 482 ipsa
3094 412 3404 470 clamando.

1872 500 2045 556 Verba
2073 502 2218 572 geris
2240 512 2385 559 tanta
2414 520 2568 567 vane,
2594 505 2687 575 qui
2718 509 2820 561 sub
2841 521 2949 563 uno
2980 517 3258 564 momento

1869 594 2181 667 Martyrium
2214 598 2413 668 quaeris
2438 600 2644 655 otiosus
2667 600 2860 656 tollere
2882 600 3117 658 Christo.

2156 750 2298 790 LXIV.
2332 765 2400 777 -—
2422 751 2490 790 DE
2528 751 2662 791 κείιο
2700 750 3182 793 ςοκσυριςαεκτυε.

1788 882 1801 890 ο
1873 849 2006 903 Dum
2034 850 2204 920 cupis,
2232 848 2353 904 inde
2381 850 2558 918 peris;
2590 850 2716 906 dum
2747 850 2903 907 ardes
2932 852 3159 922 proximi
3188 850 3306 907 zelo
3337 869 3350 907 :

1874 944 2155 1016 Estittguis
2186 955 2236 1000 te
2267 947 2441 1016 ipsum
2479 948 2694 1017 quando
2726 958 2775 1003 te
2809 947 3053 1003 incendis
3084 948 3153 1003 ab
3185 949 3354 1004 intus.

1874 1038 2082 1095 Zelaris
2110 1040 2296 1101 alium,
2325 1040 2525 1106 invide,
2558 1041 2625 1097 de
2655 1042 2797 1096 malo
2821 1042 3192 1108 laborantem;

1877 1134 1942 1187 Et
1969 1141 2018 1186 le
2050 1148 2231 1202 parem
2251 1112 2517 1203 concupis
2544 1133 2660 1190 ﬁeri
2693 1135 2936 1206 pecuniae
2969 1146 3152 1191 tantre.

1873 1226 1985 1282 Lex
2006 1228 2085 1283 sic
2113 1244 2217 1281 non
2250 1227 2477 1298 aspicit:
2508 1228 2632 1282 dum
2663 1229 2815 1282 illum
2845 1229 3159 1284 incumbere
3183 1230 3404 1301 quaer-is,

1875 1322 2066 1379 Omnia
2093 1336 2410 1392 suspensus,
2443 1323 2578 1377 vivis
2612 1323 2663 1376 in
2695 1322 2894 1380 ardore
2922 1324 3220 1380 lucrorum.

1874 1413 2117 1488 Cumque
2145 1432 2269 1472 reus
2293 1415 2385 1471 tibi
2414 1418 2511 1482 sis,
2542 1418 2716 1488 ipsum
2751 1428 2802 1474 te
2826 1418 3010 1488 judice
3034 1418 3280 1481 damnas.

1876 1509 2167 1565 Oculorum
2188 1512 2335 1566 acies
2363 1527 2653 1593 numquam
2680 1514 2906 1571 satiatur
2936 1529 3120 1569 avara.

1875 1600 2026 1657 Nunc
2046 1617 2174 1674 ergo
2194 1603 2239 1659 si
2268 1601 2459 1660 redeas
2489 1613 2542 1661 et
2570 1607 2795 1676 cogites,
2830 1621 2963 1662 vana
2991 1606 3188 1677 cupido
3229 1614 3334 1663 est.

1878 1786 2034 1844 Unde
2067 1789 2206 1844 Deus
2234 1789 2432 1846 clamat
2466 1809 2478 1845 :
2513 1791 2685 1848 Stulte
2713 1792 2815 1849 hac
2843 1802 3000 1849 nocte
3030 1794 3264 1863 vocaris,

1876 1880 2005 1936 Post
2032 1891 2083 1937 te
2106 1897 2250 1937 mors
2276 1883 2382 1938 ruit
2413 1902 2426 1938 :
2455 1884 2610 1953 cujus
2641 1895 2798 1940 erunt
2824 1886 2924 1940 ista
2958 1885 3203 1941 talenta?

1879 1979 1935 2035 In
1968 1995 2216 2049 suprema
2247 1980 2380 2036 aedis
2412 1974 2608 2052 iujuéta
2638 1982 2782 2036 lucra
2815 1981 3122 2038 condendo.

1882 2075 2143 2145 Suggeret
2170 2089 2291 2130 cum
2319 2076 2547 2130 Domino
2577 2076 2863 2146 unicuique
2891 2078 2998 2131 vita
3023 2076 3244 2132 diurna.

1878 2173 2168 2240 Congestet
2197 2171 2335 2226 alius
2363 2187 2377 2225 :
2412 2182 2469 2226 tu
2502 2172 2637 2226 bene
2671 2175 2851 2227 vivere
2876 2186 3076 2242 quaere.

1882 2262 1949 2318 Et
1976 2264 2070 2319 Dei
2100 2279 2194 2320 cor
2218 2266 2489 2329 conscius,
2518 2280 2646 2336 ages
2672 2280 2837 2335 super
2863 2264 3043 2320 omnia
3075 2264 3264 2320 victor.

1882 2356 1991 2413 Nec
2019 2359 2162 2412 enim
2191 2359 2312 2415 dico
2335 2370 2392 2413 ut
2423 2369 2476 2416 te
2504 2361 2555 2414 in
2588 2360 2748 2414 trivio
2769 2360 3011 2424 tinnites,

1881 2456 2017 2510 Cum
2046 2470 2145 2526 pro
2174 2455 2263 2511 die
2293 2464 2386 2510 tuo
2415 2455 2627 2526 vigilas,
2658 2457 2775 2510 sine
2800 2454 2989 2510 fraude
3021 2454 3270 2509 vivendo.

1883 2545 1939 2602 In
1968 2563 2090 2603 esca
2120 2549 2257 2619 perit
2284 2550 2421 2616 avis,
2456 2558 2548 2602 attt
2577 2549 2745 2603 lueret
2767 2547 3067 2619 improvida
3098 2548 3270 2603 visco.

1884 2642 2162 2699 Arbitrare
2194 2643 2286 2697 tibi
2317 2643 2636 2714 simpliciter
2663 2641 2821 2696 valde
2849 2641 3167 2697 cavendum.

1883 2736 2160 2791 Excedaut
2188 2736 2280 2791 alii
2310 2736 2466 2793 finem
2500 2755 2513 2791 :
2545 2745 2598 2791 tu
2618 2736 2865 2808 prospice
2885 2750 3121 2805 semper.

1459 2850 2023 2910 COMMENTARIUS.

244 2970 411 3040 Ipsius
431 2977 513 3023 est
537 2976 754 3037 tempus.
788 2965 1264 3040 Persecutio_nisﬁe_t
1295 2967 1462 3035 pacis.
1496 2968 1617 3024 th.

247 3038 307 3099 Et
327 3060 419 3097 nos
443 3042 503 3093 in
527 3050 795 3109 utrumque
813 3047 1059 3109 gerentes.
1088 3038 1194 3109 Ipsi
1220 3038 1439 3095 Christo
1460 3042 1763 3096 serviamus

184 3113 228 3170 in
249 3130 372 3183 pace
402 3125 459 3170 et
492 3111 653 3165 bello.
688 3112 806 3183 lito.

244 3181 301 3243 Si
322 3187 518 3241 bellum
538 3182 697 3238 abest.
729 3181 783 3239 St
820 3183 1125 3243 persecutio
1155 3192 1349 3238 cessat.
1376 3184 1496 3240 th.

244 3258 302 3314 In
347 3273 479 3323 pace
520 3265 766 3326 martyres
796 3253 970 3326 ibunt.
1009 3253 1079 3311 Ut
1119 3270 1304 3323 supra,
1349 3254 1605 3325 Martyres
1657 3256 1770 3310 sine

184 3332 453 3400 sanguine:
499 3324 835 3400 qtubusetsi
879 3324 1415 3400 defueretormeuta.
1457 3324 1556 3400 etsi
1599 3327 1769 3382 defuit

186 3396 447 3473 tyrannus,
487 3396 792 3473 non_defuit
814 3398 1027 3452 animus
1053 3399 1316 3453 adversus
1355 3398 1609 3464 qurelibet
1654 3410 1765 3453 tor-

186 3470 346 3528 menta
374 3471 553 3527 fortis.
592 3470 711 3525 th.

248 3545 354 3614 Quo
385 3550 626 3598 manente
674 3544 805 3597 viuc.
854 3542 962 3597 nol.
1007 3540 1278 3614 Maneute
1306 3538 1497 3614 Iniqua
1546 3541 1771 3596 vincere

185 3611 377 3682 nolunt,
409 3614 710 3677 deficiunt,
754 3631 861 3668 non
905 3623 1142 3684 perstant
1175 3614 1228 3666 in
1252 3611 1376 3678 ﬁde,
1406 3620 1726 3667 evertuntur
1747 3654 1764 3678 ,

184 3689 495 3757 dejiciunlttr
515 3686 583 3739 de
614 3684 735 3739 ﬁde.
772 3686 889 3757 lita.

248 3755 567 3815 Obsidiando
595 3759 722 3824 perit
760 3755 997 3829 Iniquus.
1025 3757 1106 3812 Ol)
1139 3755 1318 3811 idione
1344 3756 1597 3829 diuturna
1624 3765 1767 3808 sata-

184 3846 269 3888 nas
292 3832 432 3888 circa
465 3829 816 3884 fortissimum
860 3827 1216 3884 Christianum
1269 3827 1481 3881 tandem
1517 3827 1770 3897 fatigatur

184 3914 229 3957 et
253 3904 531 3968 lrangitur.
566 3901 682 3955 Βιο.

248 3974 528 4047 Legitimus
565 3982 753 4047 autem.
779 3972 1165 4047 Fortissimus
1189 3971 1526 4025 Christianus
1542 4012 1557 4033 ,
1590 3984 1772 4047 _verus

186 4043 427 4112 atblv'tes,
467 4043 635 4113 probe
671 4044 862 4111 fidelis,
898 4059 1002 4098 non
1031 4043 1279 4106 vincitur,
1326 4057 1432 4095 nan
1462 4043 1626 4096 sentit
1658 4056 1771 4111 p03-

187 4134 270 4172 nas
299 4120 412 4187 ipsa
447 4125 711 4187 tormenta
736 4124 970 4186 superat.
1002 4116 1124 4172 Rto.
1398 4186 1401 4187 ν
1603 4184 1614 4187 _
1734 4168 1737 4170 _

248 4184 581 4262 Ejulatuque
609 4184 824 4262 zelando
852 4198 981 4254 pert.
1019 4205 1140 4257 pug.
1184 4186 1452 4262 pertunde.
1500 4184 1770 4262 Bittlatum

187 4257 328 4316 suum
357 4258 649 4329 castigabit
671 4259 877 4329 pugnis,
910 4271 961 4313 et
992 4273 1103 4321 ora:
1128 4258 1247 4312 zelo
1270 4268 1323 4313 ct
1344 4272 1531 4311 amore
1561 4257 1772 4311 Domini

187 4334 370 4390 relabit
401 4341 633 4387 mortem
687 4331 816 4400 Sap.
839 4371 853 4393 ,
884 4347 921 4396 ι,
953 4331 1041 4386 12.
1078 4330 1195 4386 lito.

251 4405 582 4475 Martyrium.
609 4403 918 4475 Martyrium
949 4403 1163 4457 subire:
1192 4409 1485 4475 martyrem
1517 4400 1653 4454 ﬁeri.
1684 4400 1773 4455 Sic

1870 2979 1925 3044 ct
1958 2986 2084 3027 vere
2115 2979 2350 3044 martyr,
2374 2971 2463 3040 qtti
2511 2970 2772 3044 extinguit
2800 2969 3032 3044 interius
3058 2967 3366 3044 incendium
3396 2970 3489 3025 in-

1868 3043 2029 3098 vidizn
2070 3041 2287 3114 propter
2334 3043 2620 3097 Dominum
2663 3042 2869 3097 .Iesum.
2923 3061 2942 3114 ε
2994 3041 3060 3094 Ει
3102 3041 3267 3111 paulo
3316 3052 3481 3114 post:

1880 3134 1899 3165 ι
1933 3113 2240 3170 Certamina
2272 3116 2429 3184 igitur
2453 3115 2743 3169 cottidiana
2775 3120 2900 3166 sunt
2932 3113 3056 3175 ista,
3090 3127 3213 3182 qua:
3241 3127 3341 3180 per
3369 3113 3489 3168 dies

1874 3196 1930 3242 et
1973 3198 2159 3241 noctes
2211 3198 2333 3241 sunt
2384 3185 2559 3242 nobis.
2597 3205 2637 3248 ,ι
2700 3184 2902 3240 Deinde
2948 3187 3187 3310 appuuift‘
3218 3184 3487 3255 exempla.

2599 3308 2603 3310 .
3192 3270 3265 3310 to.

2599 3308 2605 3314 .
3142 3270 3265 3311 ηις.

1945 3329 2262 3401 Belligerare
2304 3331 2511 3401 quaeris.
2565 3329 2793 3387 Temere
2821 3338 2875 3385 et
2904 3328 3123 3401 furiose
3158 3328 3225 3381 ad
3279 3335 3489 3399 marty-

1876 3402 2012 3473 riuut
2048 3399 2179 3463 ruis.
2226 3399 2495 3473 inquietus
2524 3413 2576 3457 et
2610 3402 2871 3455 turbidus.
2901 3399 3022 3455 th.

1945 3472 2218 3535 Compesce
2246 3469 2494 3544 furorem.
2524 3474 2641 3528 Noli
2673 3472 3108 3544 contrarfurialte
3138 3470 3339 3544 mentis
3389 3469 3491 3524 adv

1875 3547 2169 3601 versarium
2205 3541 2493 3610 rufttriari;
2552 3561 2652 3599 nec
2696 3542 3043 3598 tnaledicenti
3074 3541 3486 3608 retualedicere,

1876 3632 1976 3671 nec
2006 3618 2318 3671 remordere
2351 3618 2711 3671 mordentem.
2746 3616 2865 3671 “IG-

1949 3688 2163 3741 Siucero
2189 3704 2296 3756 pro:
2318 3689 2448 3742 zelo.
2478 3687 2533 3742 Id
2563 3703 2751 3757 apogr.
2781 3689 2976 3741 sincero
3001 3683 3245 3754 perscrlo.
3282 3683 3405 3738 th.

1951 3758 2160 3813 Otiosus
2217 3758 2439 3814 Christo.
2502 3760 2602 3827 Qui
2656 3759 2818 3812 nullis
2864 3757 3119 3827 operibus
3170 3769 3330 3810 vaces
3368 3770 3491 3825 qua:

1877 3831 2144 3887 mandatis
2168 3831 2368 3885 Christi
2395 3836 2763 3885 continentur.
2795 3830 2914 3884 Rm.

1952 3903 2083 3957 Dum
2122 3903 2266 3956 illum
2321 3904 2610 3957 incumbere
2635 3902 2843 3973 quturis.
2877 3901 3195 3956 Incumbct'e
3226 3898 3278 3953 in
3308 3896 3481 3965 illum,

1878 3983 2150 4045 tamquam
2174 3974 2226 4028 in
2252 3976 2510 4042 praedam.
2539 3975 2656 4030 Βία.

1950 4044 2021 4099 Si
2042 4045 2239 4099 redeas.
2276 4044 2357 4099 Ad
2391 4056 2556 4100 temet
2584 4046 2781 4114 ipsum.
2826 4045 2949 4100 Βία.

1951 4118 2141 4181 Stulte,
2175 4119 2281 4191 _Itac
2327 4129 2472 4171 nocte
2498 4113 2717 4170 vocaris.
2743 4116 2901 4170 Luca‘.
2932 4130 3026 4182 xtl,
3054 4113 3126 4191 29
3158 4131 3171 4167 :
3208 4117 3491 4191 Ταύτῃ-τῇ

1876 4195 2024 4247 νυκτὶ
2042 4194 2131 4248 τήν
2154 4189 2337 4262 ψυχήν
2359 4212 2453 4245 σου
2477 4193 2788 4262 (insternitth
2810 4191 2912 4262 ἀπὸ
2937 4194 3056 4243 σοῦ.
3075 4185 3375 4262 Cyprianus
3394 4185 3492 4240 lib'.

1877 4265 1945 4317 de
1970 4264 2146 4333 Opere
2167 4257 2543 4316 efﬂet-tuos.
2572 4280 2592 4312 ς
2619 4259 2811 4333 Stulte,
2845 4260 2940 4312 huc
2971 4257 3495 4333 nocterzrpostulatur

1877 4328 2050 4388 anima
2081 4332 2171 4386 tua
2195 4350 2213 4387 :
2242 4349 2357 4403 qua:
2384 4349 2503 4402 ergo
2539 4331 2755 4402 parasti,
2787 4333 2866 4384 cui
2892 4340 3038 4384 erunt
3056 4329 3082 4383 Ρ
3110 4328 3367 4403 Martialis
3394 4344 3487 4403 vn,

1877 4406 1948 4462 64
2002 4423 2014 4459 :
2060 4404 2226 4475 Rape,
2255 4399 2509 4476 'cougere,
2539 4399 2735 4475 'aufer,
2795 4403 2996 4471 posside
3040 4416 3058 4455 :
3098 4399 3492 4470 relinquendum

189 4471 413 4547 loquitur
456 4471 637 4529 versio
684 4471 873 4547 Ltit_ina
925 4484 1081 4547 vetus
1108 4471 1353 4547 _Eusebii
1411 4471 1552 4547 Caus.
1613 4483 1974 4543 opus-Dest,

188 4544 302 4602 culo
325 4549 392 4603 de
422 4547 685 4601 Resurr.t
715 4564 728 4600 :
758 4544 825 4598 Ei
858 4546 946 4615 qui
973 4544 1244 4609 occiditur,
1290 4556 1337 4599 et
1382 4544 1429 4598 ei
1465 4545 1553 4611 qui
1581 4553 1776 4614 marty-

187 4619 310 4673 rium
339 4620 495 4674 tollit.
532 4617 653 4673 Bia.

250 4690 451 4745 Bellum
510 4687 879 4744 Cotlidianum.
940 4689 1184 4744 IIotninis
1231 4688 1365 4755 vita,
1432 4686 1620 4743 militia
1675 4696 1779 4742 est.

189 4768 541 4840 πειρατήριον..
580 4760 698 4840 Jobi
731 4777 821 4822 vn,
876 4760 1112 4840 _i._ll_auc
1158 4775 1285 4837 vero
1313 4759 1635 4840 sententiam
1666 4757 1782 4813 fuse

189 4831 487 4903 exsequitur
514 4831 887 4907 Arrianttsgad
921 4832 1242 4907 Epictetum.
1275 4848 1354 4895 ιιι,
1396 4847 1445 4885 r.
1470 4831 1540 4907 24
1574 4848 1589 4884 :
1621 4841 1782 4907 Στρα-

188 4910 289 4961 τεία
312 4910 390 4969 τίς
420 4909 558 4962 ἔστιν
588 4906 614 4960 ὁ
641 4905 766 4979 βςῖζλςΔ
783 4905 1033 4979 tinus-retr,
1050 4909 1139 4979 καὶ
1185 4906 1317 4963 αὺτὴ
1342 4906 1518 4979 μᾳκρά
1543 4907 1630 4979 καρ
1656 4905 1778 4957 τέοι-

189 4979 310 5040 κΰπι.
353 4990 486 5036 διο..
519 4974 648 5046 pag.
672 4976 795 5030 174.
831 4978 956 5030 ΙΙὶηο
988 4974 1350 5044 μῑιίίοεοιιιιυς
1373 4974 1460 5028 Illé
1502 4974 1777 5041 profanus,

191 5054 270 5117 qui
299 5051 504 5104 litteras
534 5056 751 5117 nostras
789 5049 1054 5116 attigerat.
1092 5047 1185 5102 Est
1224 5054 1403 5099 autem
1452 5046 1622 5099 multo
1651 5059 1779 5111 per«

192 5117 370 5175 fectior
384 5120 647 5191 sapientia
661 5116 882 5185 Christi,
909 5119 1048 5189 apud
1074 5117 1384 5191 Eusebium,
1410 5118 1783 5191 septitnooptt-

193 5189 458 5247 sculorum
478 5207 601 5260 quae
627 5190 945 5245 Sirtuoudus
974 5190 1137 5244 edidit
1189 5189 1372 5244 Latina
1404 5189 1653 5244 versione
1680 5203 1780 5241 an-

195 5261 353 5337 tiqua,
376 5262 587 5337 Graieis
612 5262 654 5315 si
689 5279 792 5315 nou
811 5263 923 5328 jam
953 5262 1226 5337 interiere,
1258 5260 1433 5316 adhuc
1463 5260 1776 5337 latentibus,

195 5330 306 5400 pag.
334 5336 474 5391 255:
501 5330 518 5386 ἀ
554 5336 784 5403 Semper
807 5336 1109 5401 persecutio
1134 5344 1237 5396 est,
1268 5347 1483 5398 semper
1506 5330 1778 5403 invisibile

197 5405 382 5461 bellum
411 5407 657 5464 habetur,
692 5402 914 5473 Semper
941 5419 1165 5464 corona.
1212 5419 1428 5472 semper
1469 5402 1774 5470 abuegatio.

200 5473 361 5531 Vultis
389 5480 568 5532 videre
611 5481 903 5530 certamina
935 5474 1336 5546 rttligimilalis?
1364 5475 1775 5543 Nonnumquam

196 5545 427 5604 efferbuit
447 5550 564 5617 quis
597 5549 672 5601 ira
699 5547 959 5601 adversus
983 5545 1256 5602 subditum
1278 5546 1416 5608 sibi;
1447 5559 1777 5617 rememora-

197 5625 275 5672 ttts
296 5615 474 5675 autem
493 5620 727 5681 Domini,
760 5620 1011 5686 deposuit
1035 5617 1381 5673 acerbitatem
1414 5635 1425 5669 :
1457 5618 1609 5685 pejtts
1630 5615 1776 5670 enim

195 5700 268 5741 est
293 5690 482 5747 fervori
508 5691 860 5746 incensmirae
882 5692 1154 5754 resistere,
1190 5704 1346 5757 quam
1379 5689 1609 5743 “anulla!
1637 5687 1776 5756 ignis

197 5776 304 5826 qua:
328 5778 357 5838 ρ
381 5762 507 5818 foris
547 5762 797 5838 habetur.
830 5762 962 5838 Quia
990 5763 1148 5838 igitur
1172 5771 1392 5838 martyr
1421 5768 1504 5838 est
1529 5759 1617 5830 qtti
1646 5774 1776 5827 pro-

197 5842 302 5898 pter
331 5835 486 5891 Deum
529 5834 599 5891 ad
630 5831 960 5891 exteriorem
991 5833 1262 5911 ﬂammam
1287 5831 1521 5897 resistit;
1570 5840 1775 5901 martyr

1960 4549 2028 4603 1η
2056 4564 2296 4621 suprema
2324 4549 2470 4621 aedis.
2506 4546 2637 4621 Luc.
2669 4546 2735 4621 in,
2755 4546 3047 4621 apothecas.
3079 4543 3200 4621 BIG.

1960 4616 2211 4693 Suggéret
2237 4637 2352 4674 cum
2397 4619 2919 4693 Dominoguuicutque
2945 4618 3051 4693 uita
3077 4617 3284 4671 diurna.
3312 4616 3493 4693 Locus

1884 4695 1939 4821 in
1967 4690 2163 4748 tuendo
2188 4693 2367 4757 cubat,
2396 4691 2491 4746 sed
2514 4691 2668 4746 facile
2691 4699 2867 4760 potest
2886 4690 2939 4745 in
2963 4690 3231 4759 integrum
3254 4690 3491 4745 reStitui.

1932 4782 2015 4821 ea.
2048 4782 2062 4818 Ζ

1932 4782 2015 4837 eg.
2048 4782 2062 4818 :

2008 4909 2263 4972 Suggeret
2285 4921 2393 4957 cum
2419 4906 2657 4956 Dominus
2680 4906 2945 4963 unicuique
2972 4907 3119 4957 vitam
3142 4904 3391 4956 diurnam.

1884 5037 2017 5092 Vide
2050 5036 2234 5090 Matth.
2275 5052 2345 5101 Vl,
2377 5037 2468 5098 51;
2516 5033 2647 5089 Luc.
2696 5049 2796 5097 xu,
2838 5033 2931 5089 9-9.
2996 5031 3171 5087 Vitam
3222 5048 3320 5105 pro
3364 5034 3497 5089 rictu

1883 5109 2065 5178 posuit
2095 5108 2537 5162 (lotnmudtauus.
2565 5108 2835 5178 ;_Donttus
2877 5106 2942 5160 ad
2986 5104 3234 5178 Terentii
3270 5104 3486 5157 Phorm.

1882 5176 2006 5236 Act.
2032 5195 2067 5243 1,
2103 5180 2263 5235 Seen.
2296 5195 2373 5237 ut.
2410 5179 2475 5233 1‘2
2508 5196 2521 5232 :
2562 5176 2677 5231 Vita
2706 5187 2751 5232 et
2793 5194 2958 5231 mores
2986 5176 3267 5245 signi/ient,
3298 5187 3344 5229 et
3369 5179 3487 5229 ani-

1882 5268 2040 5317 mam,
2088 5264 2134 5304 et
2180 5250 2501 5317 alimentum,
2553 5260 2601 5305 et
2643 5250 2869 5319 spatium
2909 5247 3126 5307 uiuendi,
3156 5258 3204 5301 et
3229 5251 3489 5319 fortunam

1881 5324 2192 5377 occidentem
2245 5324 2545 5377 uiuentibus.
2610 5317 2784 5376 Simili
2856 5319 3018 5375 modo
3070 5319 3180 5391 βίον
3231 5317 3491 5373 adhibent

1881 5393 2075 5450 Gra‘ci.
2112 5395 2293 5449 DAVIS.

1958 5465 2025 5522 Ut
2057 5477 2102 5520 te
2132 5468 2185 5520 in
2214 5468 2364 5520 trivio
2410 5466 2636 5521 (inuitas.
2666 5463 2961 5533 Captanda:
2993 5459 3286 5528 plebecnlae
3313 5461 3489 5531 gratia

1881 5554 2001 5592 cum
2034 5539 2389 5593 tintinnabula
2420 5538 2656 5592 incedas.
2687 5537 2806 5591 Ιὶιο.
2831 5533 3101 5587 -αῡθιθιο
3147 5534 3491 5600 pronomine,

1880 5610 2163 5681 legendum
2201 5629 2215 5665 :
2249 5610 2315 5665 Ut
2366 5611 2418 5664 in
2463 5612 2609 5664 triuio
2649 5609 2872 5661 (inuitos.
2934 5603 3063 5658 Vide
3107 5603 3293 5729 llltlt)ttlt.
3325 5620 3399 5670 vt,
3429 5603 3487 5659 2.

3207 5691 3346 5729 Λνιε.

3207 5691 3346 5731 Λνιε.

1952 5753 2273 5827 Simpliciter
2311 5753 2467 5827 valde
2509 5750 2809 5827 cauendum.
2857 5746 3136 5827 Columba:
3174 5745 3494 5827 simplicita-

1880 5835 2009 5896 tem,
2041 5819 2306 5897 serpeutis
2336 5824 2620 5897 prudentia
2652 5834 2954 5892 temperare
2984 5821 3172 5879 debes.
3202 5819 3327 5878 Rm.
