3904 6316
377 303 488 364 9.55
596 304 676 375 (ν.
706 302 897 375 uso.)

378 420 559 477 Nolite
586 419 740 489 vacui
769 419 931 476 talem
971 417 1190 475 visitare
1215 417 1505 489 jacentem.

380 515 490 571 Fac
512 514 613 570 sub
641 514 752 571 Deo
779 511 980 568 bonum
998 554 1014 578 ,
1070 513 1328 584 obsequia
1362 513 1528 569 redde
1561 527 1656 584 per
1681 529 1979 569 nununum.

377 607 510 664 Inde
542 606 861 674 revalescit,
894 606 1002 669 vel,
1035 606 1079 661 si
1110 607 1412 663 conciderit
1442 608 1553 673 ille,

381 701 710 757 Refoveatur
739 698 902 754 homo
929 715 1153 771 pauper,
1178 701 1268 771 qui
1300 717 1404 756 non
1438 701 1599 756 habet
1628 700 1770 757 unde

387 791 688 848 Mercedem
714 791 831 857 tibi,
865 806 963 861 pro
994 791 1087 846 illo
1116 792 1212 846 sed
1239 792 1491 849 conditor
1516 793 1666 850 orbis
1692 805 1746 849 et
1774 803 1981 850 auctor.

384 886 481 942 Vel
509 887 553 941 si
582 888 791 957 pigeret
818 886 895 941 ire
922 885 988 941 ad
1017 901 1332 957 pauperem,
1363 903 1579 957 semper
1603 888 1853 957 abostnn,

384 978 535 1033 Mitte
564 992 838 1044 nummos,
866 986 922 1033 et
949 978 1093 1033 unde
1120 994 1181 1034 se
1209 995 1489 1035 resumere
1507 981 1697 1049 possit.

384 1068 749 1141 Similiterque
776 1084 934 1126 soror
957 1071 1002 1126 si
1022 1086 1256 1143 paupera
1283 1072 1425 1128 lecto
1447 1072 1743 1140 decumbit,

384 1163 646 1228 Incipiant
672 1173 866 1219 vestra:
892 1172 1153 1219 matronae
1181 1164 1433 1219 victualia
1463 1164 1625 1221 ferre.

382 1256 597 1312 Clamat
627 1256 742 1328 ipse
769 1257 912 1313 Deus
946 1275 960 1311 :
992 1257 1204 1329 Frange
1232 1267 1382 1313 tuum
1414 1274 1606 1328 panem
1634 1274 1830 1331 egeno.

386 1349 586 1406 Verbis
613 1366 751 1421 opus
778 1367 886 1405 non
913 1361 998 1406 est
1017 1352 1259 1417 visitare,
1286 1351 1381 1407 sed
1411 1351 1728 1412 benefactis.

385 1440 634 1513 Iniquum
659 1451 764 1509 est,
797 1443 963 1498 frater
984 1442 1164 1514 inopia
1190 1444 1365 1500 victus
1388 1453 1631 1517 :rgrotet.

388 1537 650 1608 Satagite,
681 1552 786 1592 non
812 1539 1011 1603 verbis,
1037 1553 1188 1594 esum
1213 1550 1507 1613 potumque
1536 1541 1783 1613 requirit.

386 1627 641 1699 Inspicite
669 1630 824 1694 tales,
857 1630 954 1687 sed
983 1642 1133 1688 certe
1158 1633 1486 1702 debilitatus,

384 1720 712 1795 Transigere
736 1738 861 1780 sese
878 1725 973 1795 qui
996 1740 1102 1781 non
1133 1735 1383 1796 possunt,
1411 1727 1536 1785 date
1558 1729 1809 1786 subinde.

389 1816 435 1873 Λ
476 1817 706 1875 Domino
728 1819 882 1876 vobis
909 1820 1154 1891 spondeo
1175 1820 1290 1878 dari
1317 1822 1703 1894 quadruplum.

772 1948 935 1989 LXXII.
973 1961 1047 1977 ι·-
1075 1951 1401 1993 ιιλυηιιιιιυε
1440 1954 1607 1995 8ΑΝ18.

394 2044 688 2117 Panperies
711 2062 842 2103 sana
884 2049 1032 2120 quid,
1070 2051 1169 2105 nisi
1193 2050 1394 2106 divitia:
1422 2052 1637 2108 adsint?

388 2140 495 2195 Ars
524 2148 671 2196 certe
690 2142 736 2196 si
768 2141 945 2209 fuerit,
968 2146 1081 2213 jam
1108 2154 1163 2200 et
1191 2156 1247 2200 tu
1272 2149 1612 2203 communica
1636 2147 1810 2205 fratri.

398 2231 571 2287 Unum
596 2244 789 2303 praesta
815 2235 932 2301 tibi,
958 2253 1025 2292 ne
1055 2238 1322 2308 superbus
1344 2255 1467 2296 esse
1485 2241 1703 2297 dicaris.

390 2326 679 2394 Polliceor,
712 2332 966 2400 quoniam
1008 2335 1251 2389 securior
1289 2334 1456 2391 divite
1484 2336 1617 2391 vivis
1646 2356 1661 2391 :

390 2419 599 2492 Excipe
620 2423 919 2481 doctrinam
953 2431 1130 2499 magni
1165 2428 1471 2486 Salomonis
1500 2430 1554 2485 in
1576 2447 1757 2488 aures.

389 2511 789 2584 Responsorem
820 2521 872 2572 in
908 2518 1018 2573 alto
1048 2520 1162 2575 odit
1190 2521 1332 2577 Deus
1360 2538 1650 2594 pauperem
1679 2539 1799 2582 esse
1829 2544 1842 2580 :

376 2603 595 2664 Idcirco
616 2616 669 2665 te
696 2608 888 2677 subde,
918 2621 975 2668 et
995 2611 1261 2670 honorem
1288 2614 1453 2672 redde
1472 2618 1697 2688 potenti.

1516 298 1944 360 COMMODIANI
1983 299 2525 361 INSTBUCTIONES

1997 417 2050 479 Α
2080 416 2314 473 Blandus
2341 419 2487 474 enim
2515 432 2717 486 sermo,
2753 418 3095 488 proverbium
3128 420 3288 486 nosti,
3320 419 3539 493 deriget.

3149 306 3225 377 (ν’.
3271 307 3449 382 itis.)
3549 309 3646 367 ess

2092 511 2332 568 Vincitur
2359 513 2535 567 ofﬁcio
2559 514 2659 568 etsi
2690 514 2851 570 fuerit
2879 514 2957 570 ira
2985 524 3218 571 vetusta.

2092 607 2146 660 Si
2176 606 2347 676 lingua
2379 616 2574 671 taceat,
2601 606 2673 660 nil
2694 606 2885 661 melius
2908 607 3182 663 invenisti.

2090 698 2233 753 Sane
2256 698 2299 752 si
2325 715 2429 752 non
2449 697 2609 753 fuerit
2634 714 2724 753 ars
2746 698 2892 754 unde
2916 700 3022 753 vita
3050 710 3288 772 regatur,

2092 789 2200 846 Aut
2226 805 2441 860 operam
2469 791 2673 862 praebe,
2707 801 2796 846 aut
2822 806 3059 855 cursum,
3083 793 3237 864 jussu
3269 796 3530 864 potentis:

2163 885 2279 941 Non
2311 887 2508 958 pudeat
2536 904 2710 955 neque
2739 888 2918 959 pigeat
2946 903 3268 958 procurrere
3291 905 3499 948 sanum.

2092 979 2150 1032 In
2173 994 2306 1049 gazo
2326 990 2584 1051 prmterea
2618 981 2685 1035 de
2712 981 2897 1036 labore
2922 982 3138 1038 mittere
3165 982 3365 1048 debes;

2095 1072 2243 1127 Sicut
2269 1073 2556 1145 singularis
2585 1074 2697 1142 illa,
2736 1091 2895 1145 quain
2926 1075 3159 1146 prtetolit
3182 1086 3391 1133 unctus.

2410 1212 2597 1252 ιιιιιι.
2625 1227 2696 1236 --
2720 1213 2887 1254 FILIOS
2926 1213 3029 1254 NON
3069 1212 3363 1254 LUGENDOS.

2097 1312 2358 1367 Filiorum
2390 1298 2547 1367 casus
2577 1313 2702 1369 licet
2730 1324 2783 1368 el
2814 1314 3016 1369 dolium
3044 1314 3225 1370 cordis
3257 1311 3537 1383 relinquat,

2095 1406 2151 1461 lu
2183 1406 2348 1475 nigris
2379 1405 2531 1461 exire
2558 1417 2735 1461 tamen
2765 1422 2862 1463 nec
2890 1408 3146 1478 plangere
3165 1405 3243 1461 fas
3271 1414 3373 1461 est.

2096 1497 2207 1552 Lex
2243 1497 2536 1567 prudenter
2565 1498 2670 1565 ait,
2700 1498 2881 1553 animo
2909 1514 3009 1553 nec
3031 1513 3247 1569 pompa,
3278 1496 3483 1562 dolere,

2096 1592 2152 1647 Iit
2186 1591 2562 1648 Salamoniaco
2591 1593 2729 1648 libro
2749 1594 3046 1664 septimana
3072 1593 3242 1648 finita.

2098 1684 2275 1739 Oblita
2309 1685 2591 1739 Dominum
2624 1686 2693 1741 de
2718 1687 3122 1741 resurrectione
3152 1688 3438 1758 promissa,

2097 1777 2156 1834 Si
2187 1788 2453 1850 martyras
2475 1777 2670 1834 feceris
2696 1780 2861 1847 filios,
2886 1779 2963 1836 sic
2989 1795 3122 1835 voce
3147 1778 3410 1836 deﬂebis?

2028 1854 2075 1915 Β
2102 1869 2219 1926 Non
2244 1872 2405 1941 pudet
2434 1872 2698 1928 infrenem
2723 1872 2995 1943 gentiliter
3018 1873 3269 1943 plangere
3293 1872 3482 1928 natos?

2097 1964 2171 2019 Os
2197 1964 2422 2031 laceras,
2457 1964 2635 2019 tundis
2658 1976 2869 2036 pectus,
2903 1964 3223 2020 vestimenta
3253 1964 3493 2029 deducis,

2099 2057 2208 2113 Nec
2233 2059 2426 2113 metuis
2458 2058 2740 2114 Dominum
2766 2062 2922 2130 cujus
2940 2068 3095 2129 optas
3118 2074 3344 2129 regnum
3371 2056 3582 2113 videre?

2098 2154 2245 2224 Luge
2271 2153 2413 2223 quod
2440 2152 2521 2209 fas
2543 2164 2627 2209 est
2654 2174 2667 2208 :
2699 2153 2808 2209 noli
2850 2163 3028 2209 tamen
3053 2169 3239 2209 errare
3262 2168 3362 2224 pro
3390 2154 3511 2209 illis.

2098 2245 2208 2300 Vos
2238 2246 2359 2300 ideo
2385 2246 2541 2310 tales.
2574 2246 2715 2317 quod
2745 2247 2922 2301 minus
2942 2262 3101 2317 quam
3127 2254 3320 2317 gentes
3343 2245 3470 2300 estis
3499 2264 3511 2299 :

2096 2337 2350 2394 Germine
2379 2338 2621 2395 zabolico
2652 2337 2827 2395 facitis
2851 2348 2910 2394 ut
2936 2340 3105 2395 turba:
3136 2349 3414 2411 pronam;

2094 2431 2376 2487 Extinctos
2395 2432 2639 2487 clamatis
2672 2451 2683 2485 :
2709 2449 2812 2503 qua
2837 2433 3043 2504 gratia?
3075 2432 3242 2501 false,
3275 2433 3481 2504 peristi.

2092 2522 2200 2577 Nec
2230 2523 2418 2578 dolore
2446 2523 2597 2577 duxit
2623 2534 2772 2594 pater
2797 2523 2965 2577 lilium
2998 2523 3343 2579 mactandutn
3368 2523 3435 2579 ad
3464 2538 3601 2579 aram
3630 2538 3642 2588 ;

2089 2618 2287 2673 Dolore
2312 2633 2414 2674 nec
2443 2628 2593 2673 vates
2617 2616 2783 2673 lilium
2812 2619 2951 2674 luxit
2972 2617 3285 2674 defunctum
3320 2636 3335 2674 :

1761 2731 2333 2811 COMMENTARIUS,

389 2847 623 2903 cisterna.
661 2849 791 2907 ltein
832 2870 847 2907 :
885 2852 1079 2917 Latine,
1109 2853 1358 2916 πηλώδεις
1397 2855 1564 2910 τόποι.
1616 2855 1983 2911 Tertullianus

387 2919 807 2995 dixjtgtagnunt
832 2924 967 2995 ignis
990 2935 1033 2979 et
1059 2925 1344 2993 sulphuris,
1370 2927 1463 2979 lib.
1493 2926 1561 2979 de
1590 2926 1724 2994 Fug.
1752 2927 1873 2983 th.

392 3061 436 3116 Β
463 2990 873 3049 Ταιεηι”υἱ.ςὶιαι·ἑ
903 2990 1179 3069 jacenteni.
1226 2990 1513 3063 Clinicum,
1548 2990 1980 3055 Grabbatarium.

442 3079 492 3116 ia

442 3079 492 3120 ιϐ

465 3134 752 3211 Patiperem
772 3180 786 3203 ,
817 3155 1014 3209 semper
1042 3141 1268 3195 abasum.
1302 3140 1598 3211 lmporluni
1629 3142 1907 3205 divitibus,
1937 3153 1992 3197 et

389 3206 559 3283 odiosi
588 3206 769 3264 'solent
788 3225 908 3265 esse
927 3206 1224 3281 pauperes,
1248 3213 1339 3267 sed
1368 3206 1421 3269 et
1465 3215 1722 3283 proximis
1750 3215 1911 3269 etiam
1938 3226 1993 3268 et

390 3279 599 3335 amicis.
636 3279 1058 3356 φίλοιμισῆσουσι
1076 3286 1247 3359 φίλους
1264 3279 1537 3359 πτωχοὺς.
1561 3287 1751 3359 Prom,
1774 3302 1879 3352 xw,
1897 3286 1989 3340 9.0.

1619 3358 1736 3412 lito.

468 3422 617 3478 Unde
633 3442 687 3480 se
707 3442 961 3482 resumere
981 3428 1159 3497 possit.
1186 3428 1337 3483 Unde
1358 3428 1424 3482 ad
1459 3427 1847 3484 sublevandam
1872 3429 1992 3483 ino-

390 3495 532 3566 piam
564 3512 715 3552 sunin
746 3513 966 3570 sumere
982 3495 1192 3569 aliquid
1211 3500 1399 3570 passit,
1419 3512 1472 3555 et
1499 3501 1884 3566 sumpticnlum
1918 3499 1997 3553 fa-

392 3581 518 3621 cere
551 3569 805 3635 parandis
835 3571 935 3624 sibi
982 3571 1322 3634 ttecesSariis,
1366 3572 1563 3639 quibus
1590 3572 1770 3627 doleat
1804 3583 1992 3625 natura

397 3640 641 3708 negatis;
671 3656 735 3696 ac
761 3641 976 3697 tandem
1003 3642 1143 3697 vires
1166 3652 1407 3697 resutnet
1431 3659 1576 3697 suas.
1607 3646 1723 3698 lito.
1748 3673 1821 3682 —
1848 3641 1995 3696 Unde

392 3726 447 3764 se
464 3726 731 3776 resumere,
767 3723 844 3767 etc
876 3713 1027 3769 Vires
1044 3730 1170 3768 suas
1202 3730 1544 3779 recuperare.
1576 3715 1838 3771 Similiter
1854 3714 1995 3770 Galli

398 3782 584 3837 dicunt
612 3800 669 3839 se
696 3787 993 3857 reprendre.
1016 3785 1150 3842 Vide
1173 3787 1299 3841 Car.
1336 3786 1600 3841 Dufresnii
1632 3785 1990 3841 Glossarium.

1090 3884 1095 3889 ί
1188 3912 1191 3915 .
1516 3859 1701 3913 DAVIS.

398 3997 437 4051 Γ
480 3925 734 4052 Viclt’ualia
749 3927 904 3999 ferre.
930 3928 1223 3999 Ipselnstr.
1242 3929 1337 3985 ult.
1354 3930 1564 3985 dicet...
1585 3938 1786 4001 portent
1801 3930 1997 3984 victua-

419 4014 469 4051 ta
492 4015 549 4051 eo
597 4017 645 4052 ο.

419 4014 469 4051 ια
492 4014 645 4055 σοιιο.

469 4069 805 4143 Paupr-minus
847 4088 1012 4129 SANIS.
1066 4073 1426 4130 Iustrnctione
1467 4073 1789 4143 prrecedenti
1837 4072 1993 4141 dixit,

396 4141 464 4196 de
480 4142 725 4214 infirmis
750 4154 804 4199 et
828 4145 1133 4214 jacentihus
1163 4164 1175 4199 :
1202 4146 1310 4214 jam
1333 4149 1401 4201 de
1425 4141 1724 4201 valentibus
1748 4154 1803 4200 et
1826 4146 1993 4209 sanis,

396 4211 491 4266 sed
521 4216 735 4281 egenis;
785 4211 874 4287 qui
900 4226 1077 4271 tamen
1112 4211 1246 4271 artis
1272 4234 1383 4271 sua:
1416 4227 1623 4285 quaestu
1655 4232 1846 4286 parare
1893 4218 1997 4271 snbi

402 4298 649 4352 ﬂOsSUItl,
677 4288 819 4341 unde
846 4303 904 4342 se
931 4291 1244 4344 extiheant.
1273 4290 1338 4344 lit
1359 4288 1458 4343 bos
1480 4287 1998 4356 quidemaliqniilde

397 4355 638 4409 subsidio
655 4358 789 4413 artis
806 4373 917 4413 sum
939 4361 1190 4416 conferre
1209 4362 1314 4415 vult
1336 4355 1588 4415 fratribus
1606 4360 1850 4415 inlirtnis.
1873 4359 1989 4414 RIG.

474 4424 775 4505 Pauperies
802 4448 949 4485 sana.
982 4432 1156 4499 ECCi.,
1210 4448 1336 4498 xxx,
1374 4431 1459 4486 14.
1494 4434 1710 4505 πτωχὸς
1737 4433 1882 4505 ὑγιής
1912 4436 1998 4486 καὶ

398 4500 605 4568 ἰσχύων
632 4510 695 4568 τῇ
721 4499 842 4568 ἕξει.

461 4521 477 4531 ⁸
506 4522 605 4553 νων
632 4523 695 4560 τη
721 4524 742 4557 ε
781 4523 842 4557 ει.

459 4520 846 4646 Ἄρευηῂεοξειη
890 4575 943 4627 in
986 4576 1112 4629 alta.
1146 4576 1248 4642 Qui
1278 4576 1355 4629 sic
1396 4575 1676 4644 respondit
1717 4575 1869 4646 quasi
1898 4574 1997 4630 de-

400 4642 608 4711 spiciat.
644 4643 825 4711 Prov.,
860 4661 1010 4713 xvm,
1035 4647 1145 4702 25:
1174 4648 1302 4705 Cum
1330 4642 2000 4718 obsecrationibusdaquitur

401 4729 617 4784 ρααρεν-

474 4733 504 4766 u
547 4733 617 4767 er.

474 4733 708 4841 Eliandus
756 4789 890 4842 enim
933 4806 1115 4844 sermo.
1171 4791 1409 4845 Blandus
1451 4805 1631 4845 sermo
1662 4803 1807 4858 saepe
1852 4790 1995 4855 apud

401 4856 565 4934 iratos
592 4858 876 4934 plurimum
903 4861 1067 4934 valet,
1091 4871 1145 4917 et
1165 4864 1332 4934 gratia
1363 4879 1456 4915 sua
1488 4862 1612 4916 facit
1639 4872 1696 4914 ut
1718 4856 1999 4934 subsidant

400 4931 660 4984 iracundo
676 4934 874 4995 cristzr,
904 4942 957 4985 ut
978 4931 1155 4987 fervor
1171 4931 1479 4997 'detumeat;
1503 4933 1994 4987 confutatanimutn

400 4999 642 5055 iracundi
684 5001 966 5056 fervidum.
1013 5004 1099 5060 Sic
1146 5004 1381 5060 Lucilius
1421 5005 1598 5059 dixit:
1639 5003 1840 5073 Caquus
1867 5005 1993 5057 alte-

400 5087 521 5149 num
553 5088 671 5149 cum
698 5076 864 5149 ferait,
894 5075 1051 5144 paula
1075 5082 1304 5149 canfutat
1334 5076 1607 5149 truaath

472 5141 706 5215 Deriget.
730 5141 977 5217 Rigorcm
1007 5141 1187 5214 solvit,
1218 5149 1440 5209 emollit,
1473 5147 1667 5217 fundit,
1701 5145 1991 5214 liqttcfacit.
2018 5194 2025 5199 .

399 5214 619 5270 Plautus
662 5214 853 5272 eodem
882 5233 1042 5272 sensu
1075 5219 1207 5274 dixit
1242 5237 1257 5273 :
1290 5220 1525 5288 dirigere.
1557 5220 1607 5272 in
1639 5215 1854 5272 Curcul.
1883 5218 1996 5274 Cli-

400 5288 943 5361 peutusielephantunt
985 5291 1071 5345 ubi
1098 5296 1353 5346 machara
1397 5292 1603 5361 dirigit,
1638 5288 1741 5344 huc
1785 5299 1883 5344 est.
1922 5292 1994 5346 ita

399 5359 645 5431 discindit
673 5375 761 5414 aut
791 5366 1215 5430 trausverln-rat,
1248 5374 1303 5416 ut
1324 5359 1782 5430 effuso—sanguiue
1810 5361 1995 5431 pra-ri-

398 5430 519 5497 gida
554 5431 742 5505 bellum
770 5434 937 5486 moles
969 5435 1323 5498 dissolvatur,
1352 5445 1443 5488 aut
1467 5434 1636 5488 divisa
1686 5430 1994 5505 prosterna-

401 5510 501 5577 tur.
549 5501 757 5577 Glossm
791 5522 801 5556 :
833 5508 1133 5577 ansae-3m,
1200 5506 1408 5577 Derigo.
1476 5506 1589 5561 llic.
1638 5501 1709 5545 -ἔ-
1759 5504 1997 5575 Respicit

398 5570 819 5643 Commutlianus
847 5579 911 5630 ad
943 5576 1093 5631 Prov.
1121 5570 1219 5643 ἂν,
1254 5579 1303 5632 1.

475 5641 805 5765 [groverbinm
830 5650 983 5703 nosti.
1007 5641 1214 5705 Glossaﬁ
1226 5660 1436 5706 veteres
1463 5667 1474 5704 :
1498 5650 1741 5725 θεολθγία.
1763 5647 1856 5702 Dei
1873 5664 1997 5717 pra-

475 5730 484 5741 ’
520 5729 589 5765 ια.

398 5728 589 5766 aerata.

471 5781 538 5837 In
565 5799 983 5862 gaza‘praeterea.
1016 5793 1207 5862 Supra.
1228 5793 1483 5849 Instrrtct.
1510 5809 1560 5847 tv
1587 5810 1600 5846 :
1632 5791 1755 5847 Non
1790 5792 1998 5847 domum

398 5872 525 5927 gaza
548 5858 975 5928 parntis.Glossa:
996 5882 1007 5918 :
1026 5858 1188 5935 Gaza,
1210 5872 1486 5943 χρήματα,
1506 5864 1716 5942 mpsim
1735 5863 1998 5923 διαλέκτω.

2084 2853 2386 2924 Cyprianus
2408 2872 2421 2908 :
2448 2853 2509 2907 Et
2527 2854 2834 2907 dominicum
2856 2852 3110 2907 celebrare
3124 2862 3172 2905 te
3188 2853 3378 2913 credis.
3398 2858 3481 2923 qui
3499 2850 3680 2905 (Iarban

2089 2923 2192 2980 non
2218 2926 2460 2996 respicis?
2478 2925 2759 2980 Commod.
2783 2941 2870 2981 ut
2897 2943 2910 2978 :
2932 2923 3010 2979 De
3025 2926 3108 2979 die
3128 2924 3387 2978 dominica
3403 2926 3519 2996 quia
3536 2924 3683 2978 dicis?

2094 3008 2201 3053 etc.
3288 2997 3408 3052 th.

2171 3070 2465 3140 Singularis
2488 3071 2600 3125 illa.
2632 3069 2825 3132 Vidua,
2858 3070 3121 3123 solitaria.

2174 3139 2389 3196 Unclns.
2423 3142 2691 3195 Christus.
2727 3142 3112 3203 'l'erlulliautts,
3147 3140 3406 3210 Apulog.,
3460 3155 3573 3211 cap.
3614 3140 3680 3195 5:

2098 3212 2439 3275 Christianus,
2458 3223 2702 3284 quantum
2724 3214 3075 3283 interpretatio
3090 3222 3185 3277 est,
3206 3212 3269 3263 de
3290 3213 3526 3266 unctione
3541 3212 3685 3265 dedu-

2097 3286 2251 3340 citur.
2275 3286 2478 3339 Nomen
2497 3286 2563 3339 dc
2579 3285 2843 3339 suavitate
2870 3285 2955 3340 vel
2976 3285 3300 3354 benignitate
3322 3285 3683 3351 cotnpositmn.

3362 3357 3479 3411 lltc.

2175 3428 2237 3481 In
2263 3429 2421 3499 nigris
2450 3429 2606 3483 exire.
2634 3427 2702 3483 Ut
2729 3442 2850 3481 mox
2876 3438 2991 3483 erat
3021 3428 3257 3498 gentium
3302 3428 3523 3482 minime
3552 3424 3683 3480 clui-

2100 3498 2420 3554 stianaruin.
2467 3500 2641 3554 Julius
2679 3500 2896 3564 Paulus,
2929 3500 3334 3554 Sententiarum
3388 3500 3478 3554 lib.
3527 3516 3561 3561 ι,
3611 3498 3685 3550 tit.

2099 3571 2166 3625 de
2194 3572 2471 3640 Sepulcris
2496 3582 2549 3627 et
2585 3571 2889 3635 Lugendis:
2924 3571 3023 3637 Qui
3050 3570 3209 3640 luget,
3233 3570 3485 3625 abstinere
3508 3570 3638 3624 debet
3658 3585 3686 3619 a

2099 3644 2357 3707 conviviis,
2385 3644 2714 3704 ornamentis,
2741 3659 2971 3713 purpura
2990 3653 3038 3696 et
3065 3644 3182 3695 alba
3204 3654 3357 3696 veste.
3382 3646 3509 3697 Atra
3538 3641 3687 3696 vestis

2098 3716 2430 3769 conveniens
2452 3714 2819 3783 lui-tui_color,
2855 3713 3058 3767 tristior
3082 3713 3319 3779 habitus;
3342 3729 3491 3783 Spem
3520 3728 3686 3767 resur-

2100 3786 2357 3840 rectionis
2387 3802 2493 3839 non
2529 3787 2828 3851 habebant,
2878 3797 3121 3838 mortuos
3168 3798 3296 3839 suos
3344 3785 3595 3855 lugebant
3624 3791 3683 3855 fut

2103 3860 2342 3927 perditos
2367 3899 2382 3922 ,
2431 3867 2488 3911 tit
2554 3857 2664 3927 jam
2724 3863 2919 3911 nullos.
2965 3856 3034 3911 At
3070 3856 3374 3920 christiani,
3405 3854 3493 3927 qui
3522 3854 3690 3909 fideles

2101 3928 2404 4000 fratresque
2454 3945 2583 3984 Suos
2605 3929 2669 3981 ad
2695 3930 2857 3982 vitam
2878 3940 3135 3982 aeternam
3168 3927 3450 4000 migrasse,
3480 3927 3686 4000 abiisse,

2104 3999 2448 4071 praecesSisse
2476 4002 2757 4072 dicebant,
2793 4017 2898 4053 non
2940 4000 3161 4054 exibant
3200 3999 3253 4052 iu
3287 4001 3476 4067 nigris,
3517 3999 3571 4072 τὸ
3598 4000 3688 4072 γάρ

2102 4074 2255 4145 μέλαν
2267 4071 2763 4141 θανατῶδες.1ι;ιιιιιιξ
2776 4073 3165 4145 aversabantur
3178 4073 3358 4145 munia
3377 4071 3691 4145 tn_orti_s_prie-

2103 4140 2269 4215 sagta.
2297 4146 2428 4199 Nam
2461 4144 2741 4214 etuigrnm
2767 4144 2896 4197 illud
2920 4152 2971 4196 et
3003 4145 3166 4199 ferale
3199 4143 3495 4215 inrtnmulis
3511 4140 3687 4215 Tha-ta,

2103 4212 2329 4285 et'nigra
2376 4219 2426 4269 iit
2458 4230 2521 4270 ve
2556 4212 2607 4269 te
2636 4231 2920 4269 senescere
2940 4257 2955 4278 ,
2987 4217 3053 4268 ad
3082 4214 3410 4269 christianos
3438 4212 3690 4285 pertinere

2105 4282 2390 4357 negabant,
2423 4287 2492 4343 de
2521 4289 2623 4339 vita
2657 4298 2777 4354 post
2812 4303 3093 4341 excessum
3128 4296 3329 4339 interna
3358 4282 3687 4357 certus.ARtr_-.

2183 4353 2247 4413 In
2280 4358 2640 4415 Salamoniaco
2662 4353 2819 4413 libro.
2851 4358 3009 4414 Liber
3039 4357 3348 4411 inscribitur
3378 4353 3687 4410 ECt'lexlflui‘

2108 4447 2217 4496 eus,
2248 4430 2515 4494 Sapientia
2542 4430 2666 4482 Jesn
2695 4430 2786 4483 lilii
2806 4432 3013 4486 Sit-ach.
3041 4430 3477 4485 Salonioniacmn
3503 4427 3685 4480 librum

2024 4506 2079 4566 1)
2108 4512 2267 4556 vorat
2296 4502 2759 4566 Cotnmodtanus,
2807 4504 2927 4572 quia
2970 4516 3194 4572 gnomas
3240 4500 3359 4554 sive
3401 4496 3689 4555 sententias

2105 4574 2344 4629 Contiuet
2366 4574 2429 4626 ad
2454 4574 2759 4638 exemplum
2788 4571 3117 4626 Skiloinonis.
3149 4571 3269 4627 th.

2179 4646 2479 4714 Septimana
2527 4645 2707 4718 [inith
2749 4644 3136 4718 Ecclesiastim,
3176 4660 3307 4718 μη,
3351 4641 3689 4718 Δ15ε1λιιτιιιε

2105 4712 2291 4771 mortui
2314 4726 2500 4785 septem
2518 4715 2645 4768 dies.
2668 4715 2864 4770 Morem
2896 4714 3058 4770 fuisse
3078 4714 3519 4785 antiquissimum
3538 4712 3688 4764 disci—

2103 4806 2222 4843 tuus
2262 4805 2326 4842 ex
2359 4783 2576 4842 historia
2621 4786 2827 4851 JaCubi,
2879 4786 3103 4859 Genes..
3138 4803 3152 4859 t
3188 4788 3274 4849 10,
3306 4795 3363 4859 et
3388 4801 3455 4859 ex
3489 4783 3551 4859 iis
3579 4793 3686 4859 qua:

2100 4872 2227 4915 sunt
2266 4861 2330 4913 :nl
2377 4876 2499 4914 emn
2536 4860 2731 4921 lui-uin,
2761 4868 2815 4911 et
2850 4859 2913 4911 ad
2948 4857 3241 4911 Siracideni
3270 4858 3337 4910 ab
3367 4856 3540 4911 doctis
3570 4852 3687 4905 viris

2101 4943 2283 4986 notata
2307 4948 2369 4985 ex
2404 4930 2628 4985 Philone
2655 4941 2705 4984 et
2727 4928 3014 4984 Ammiano
3034 4930 3362 4983 Marcellino.
3395 4928 3514 4981 lito.

2173 5001 2439 5057 Genti/iter
2465 5001 2723 5077 plangere.
2757 5000 3185 5077 Aittl'ti‘gclliilllﬂ.
3211 5001 3415 5077 Paulus
3435 4994 3685 5077 adimo-Sf

2098 5075 2225 5142 sal.,
2253 5079 2449 5135 ικαϐὠς
2476 5075 2626 5145 καὶᾼοὶ
2653 5074 2838 5136 laurei,
2867 5074 2911 5126 οἱ
2931 5079 2999 5145 μή
3025 5074 3217 5138 ἕξοντες
3238 5070 3436 5128 ἐλπίδα.
3478 5067 3685 5124 Scilicet

2100 5145 2532 5202 resurrectionis.
2566 5143 2683 5197 lito.

2175 5218 2327 5284 Quod
2378 5217 2546 5283 minus
2573 5232 2724 5279 quam
2768 5224 2940 5285 gentes
2980 5216 3116 5271 estis.
3153 5213 3467 5286 chendum
3508 5230 3522 5268 :
3555 5206 3683 5278 Quid

2100 5291 2266 5343 minus
2281 5306 2430 5361 quam
2458 5299 2626 5358 gentes
2649 5289 2789 5361 estis:
2826 5291 3005 5342 luvts.

2175 5357 2439 5415 Extinclas
2464 5360 2714 5412 clatnatis.
2749 5358 2811 5414 Ut
2842 5375 3002 5429 supra
3031 5359 3190 5413 lustr.
3224 5357 3363 5421 'xxx,
3407 5357 3676 5429 Vta:it,__et.

2101 5432 2335 5495 Extinxi,
2372 5432 2651 5486 Extinctos
2677 5430 2878 5484 ethnici
2902 5425 3152 5484 dicebant
3176 5429 3459 5483 defunctos
3494 5446 3504 5482 :
3533 5425 3677 5481 Citri-

2099 5505 2280 5569 stiani,
2315 5504 2621 5574 pnemissos
2644 5544 2656 5565 ,
2692 5503 2757 5557 ad
2793 5503 2957 5556 Deum
3007 5502 3329 5567 translatos,
3359 5509 3606 5556 evocatos
3650 5510 3677 5548 a

2064 5573 2069 5578 ’
2101 5573 2350 5631 Domino.
2379 5576 2497 5631 RIG.

2175 5647 2288 5702 Nec
2327 5648 2501 5700 dolata
2543 5646 2688 5699 duxit
2719 5654 2882 5714 pater.
2915 5644 3040 5699 llaec
3072 5645 3361 5700 Abrahami
3394 5638 3680 5717 et_David_is

2102 5721 2346 5792 exempla
2388 5721 2454 5773 ad
2485 5711 2825 5792 Potttlllulielll
2858 5718 2997 5792 hunc
3032 5716 3098 5772 de
3141 5717 3283 5792 libis
3305 5711 3681 5792 nondugendis

2106 5786 2280 5847 locum
2309 5792 2496 5845 citavit
2538 5788 2813 5843 linuodius
2842 5791 3128 5857 episcopus
3172 5786 3474 5844 Ticinensis
3516 5786 3677 5857 Epist.

2103 5866 2129 5919 1
2164 5863 2257 5918 lib.
2283 5880 2341 5927 ιι,
2367 5865 2453 5917 tibi
2490 5859 2810 5917 Sirmondus
2829 5852 2991 5915 hosce
3011 5852 3380 5917 (iommodiani
3402 5852 3682 5912 versiculos
