3904 6316
366 335 471 393 259
586 334 661 409 (v.
707 333 897 406 ista.)

367 453 607 509 Bibendo
631 453 902 524 superbis.
934 453 1160 509 interior
1182 468 1211 507 a
1243 462 1424 508 mente
1449 451 1675 517 recedis,

365 545 620 617 licgentis
643 546 926 616 imperium
959 554 1149 600 tenens
1177 544 1344 615 apud.
1376 545 1562 610 stulte,
1587 543 1849 614 Cyclopas
1874 561 1887 598 :

362 637 494 694 Inde
518 640 570 694 in
604 638 841 693 historiis
873 657 885 692 :
916 639 1050 693 Dum
1075 647 1319 693 mortuus
1340 653 1445 691 non
1469 636 1616 701 bibo,
1643 635 1802 692 dicis.

361 731 574 800 Optima
598 729 730 784 mihi
764 729 972 797 bibere,
1001 739 1055 785 et
1084 729 1247 786 corda
1279 744 1491 800 sapere.

362 822 723 877 Submittistra
745 822 915 896 magis
945 820 1096 894 (quid
1121 822 1354 894 amplius
1375 819 1573 892 quarris
1595 821 1801 894 abuti?)

362 915 550 972 lullmo
571 917 883 987 pauperclo,
913 924 968 972 et
998 917 1150 972 eritis
1180 917 1340 972 ambo
1370 915 1582 974 refecti.

356 1008 412 1062 Si
439 1007 604 1064 facias
625 1007 750 1077 ista,
783 1010 1056 1080 extinguls
1083 1010 1176 1064 tibi
1204 1010 1530 1081 gehennam.

872 1138 1171 1179 LXXVIII.—
1209 1139 1450 1182 PASTORI.

353 1240 584 1300 Pascere
610 1243 702 1315 qui
735 1247 956 1313 quatris,
981 1255 1038 1301 et
1063 1243 1204 1316 quod
1227 1244 1444 1314 potuisti
1470 1243 1708 1316 parasti;

355 1336 586 1391 Assidue
610 1337 880 1406 pascendo
910 1347 1059 1394 recte
1089 1337 1283 1394 fecisti.

351 1431 456 1486 Sed
491 1441 669 1488 tamen
697 1433 872 1490 invise
892 1448 1185 1504 pauperem
1208 1433 1298 1504 qui
1323 1442 1379 1489 te
1407 1449 1513 1488 non
1546 1440 1812 1502 tepescat.

351 1524 502 1581 Tunc
523 1525 628 1580 erit
654 1541 841 1582 mensa
871 1537 961 1582 tua
985 1543 1081 1598 per
1103 1543 1268 1582 unum
1298 1528 1466 1583 Deum
1499 1528 1743 1598 probata.

349 1620 705 1692 Omnipotens
731 1619 868 1677 tales
893 1621 978 1676 vel
1006 1622 1240 1676 maxime
1269 1621 1415 1692 pasci
1445 1622 1724 1692 praecepit.

350 1713 580 1785 Respice
606 1731 728 1771 cum
759 1716 935 1786 pascis
967 1716 1234 1783 inﬁrmos,
1261 1727 1316 1772 et
1345 1715 1562 1772 teneras
1593 1717 1737 1770 Alto.

348 1805 406 1861 In
440 1807 530 1864 illo
559 1823 657 1865 vos
684 1809 943 1864 Dominus
973 1808 1145 1863 voluit
1171 1807 1425 1879 probatos
1455 1807 1670 1864 adesse.

885 1941 1067 1983 ιιιιν.
1089 1954 1162 1966 -
1199 1940 1416 1982 οΒΛΠΤΙ.

346 2043 602 2098 Orantem
631 2043 673 2097 si
701 2041 886 2112 cupias
908 2039 1153 2097 exaudiri
1181 2039 1250 2096 de
1281 2039 1443 2104 coelo,

299 2146 302 2149 '
348 2135 560 2205 Rumpe
587 2133 658 2189 de
682 2135 923 2189 latibulis
946 2134 1198 2205 nequitiae
1225 2133 1458 2189 vincula.

345 2229 450 2282 Aut
473 2227 518 2282 si
543 2226 839 2283 benefactis
863 2243 987 2282 ores
1016 2227 1304 2282 miseratus
1329 2226 1537 2297 egenis,

345 2319 422 2374 Ne
448 2320 662 2374 dubites
683 2318 808 2389 quin
839 2315 986 2390 quod
1019 2321 1236 2388 petieris
1262 2319 1420 2374 detur
1445 2319 1645 2373 oranti.

346 2414 426 2467 'l‘u
458 2430 592 2470 sane
617 2415 659 2468 si
683 2415 858 2468 nudus
881 2414 1177 2469 benefactis
1212 2414 1379 2469 Deum
1405 2413 1618 2481 adores,

346 2509 402 2563 ltt
437 2519 698 2564 totumue
725 2507 893 2563 facias
924 2507 1002 2563 sic
1027 2508 1301 2563 orationes
1327 2507 1532 2580 inepte.

1472 320 1898 388 COMMODIANI
1939 325 2482 392 INSTRUCTIONES

1992 452 2042 512 A
2059 501 2064 506 .

2917 419 2922 424 ι
3143 337 3222 407 (v.
3263 339 3442 413 1252.)

2527 469 2669 510 [XIX
2681 479 2770 509 .-··⁴
2808 467 2986 510 ΝΟΜΕΝ
3025 471 3218 511 GAZEI.

3543 343 3638 401 2⁸30

2066 639 2261 694 Incohn
2287 638 2549 696 cmlorum
2579 638 2742 706 futuri
2771 655 2893 696 cum
2925 639 3035 696 Deo
3063 639 3280 696 Christo

2066 731 2307 786 Tenente
2336 732 2678 802 principium,
2705 732 2920 789 vidente
2947 742 3135 788 cuncta
3161 732 3230 788 de
3255 733 3409 788 cmlo.

2067 823 2417 893 Simplicitas,
2444 823 2672 890 bonitas,
2710 823 2917 879 habitet
2944 824 2996 878 itt
3023 839 3251 893 corpore
3276 834 3468 880 vestro.

2067 915 2227 970 Irasci
2257 915 2422 970 nolite
2453 916 2568 970 sine
2599 931 2759 971 causa
2783 914 2933 970 fratri
2959 917 3154 972 devoto
3185 934 3199 970 :

2067 1010 2356 1079 Recipietis
2378 1010 2519 1066 enim
2541 1011 2801 1082 quidquid
2826 1011 3060 1068 feceritis
3085 1012 3151 1066 ab
3183 1012 3295 1067 illo.

2065 1103 2178 1158 Hoc
2206 1104 2402 1174 placuit
2431 1103 2666 1173 Christo,
2697 1119 2979 1177 resurgere
3009 1116 3270 1173 mortuos,
3303 1107 3427 1170 imo,

2065 1196 2199 1250 Cum
2225 1197 2338 1250 suis
2363 1197 2701 1268 corporibus,
2733 1206 2789 1254 et
2811 1213 2946 1266 quos
2977 1199 3112 1269 ignis
3138 1199 3273 1253 ussit
3299 1198 3348 1252 in
3376 1213 3512 1266 aevo,

2066 1291 2173 1346 Sex
2201 1291 2441 1346 millibus
2466 1293 2625 1346 annis
2650 1291 2934 1363 completis
2958 1292 3160 1348 mundo
3189 1291 3358 1347 linito.

2064 1385 2306 1441 Vertitur
2333 1387 2537 1442 interea
2566 1387 2761 1442 caelum
2789 1395 2976 1441 tenore
3001 1395 3239 1440 mutato:

2065 1479 2469 1535 Comburuntur
2495 1481 2639 1536 enim
2670 1481 2817 1551 impii
2851 1491 2975 1535 tunc
3003 1480 3126 1551 igne
3151 1480 3357 1534 divino.

2064 1570 2146 1626 Ira
2179 1573 2268 1626 Dei
2300 1573 2492 1626 summi
2523 1570 2677 1626 ardet
2702 1582 2949 1626 creatura
2981 1569 3272 1642 gemeodo.

2066 1663 2381 1734 Digniores,
2412 1673 2698 1719 stemmate
2725 1675 2780 1719 et
2807 1664 3050 1736 generati
3083 1663 3346 1733 praeclaro
3365 1704 3380 1731 ,

2065 1755 2390 1828 Nobilesque
2411 1757 2512 1812 viri
2539 1757 2639 1812 sub
2662 1756 2998 1812 Anticltristo
3019 1756 3268 1812 devicto:

2066 1852 2144 1906 Ex
2174 1863 2447 1922 praecepto
2473 1853 2568 1907 Dei
2593 1868 2806 1907 rursum
2836 1852 3086 1908 viventes
3114 1851 3167 1908 in
3194 1867 3352 1918 sevo,

2063 1948 2208 2004 Mille
2233 1948 2448 2018 quidem
2476 1949 2632 2004 annis
2661 1957 2718 2003 ut
2744 1948 2984 2005 serviant
3008 1947 3212 2003 sanctis
3237 1957 3294 2003 et
3320 1946 3472 2013 Alto,

2067 2041 2178 2098 Sub
2202 2041 2331 2111 jugo
2355 2041 2571 2106 servili,
2601 2048 2659 2096 ut
2682 2049 2898 2111 portent
2925 2040 3173 2096 victualia
3202 2040 3381 2106 collo;

2068 2133 2138 2189 Ut
2168 2134 2360 2188 iterum
2391 2142 2571 2188 autem
2596 2133 2908 2203 judicentur
2937 2147 3105 2205 regno
3134 2133 3315 2189 linito.

2065 2227 2442 2282 Nullilicantes
2470 2227 2638 2283 Deum
2656 2272 2672 2296 ,
2702 2228 2974 2298 completo
3004 2227 3295 2283 millesimo
3321 2242 3488 2294 anno,

2064 2321 2146 2375 Ab
2179 2322 2299 2391 igne
2329 2321 2611 2392 peribunt,
2641 2335 2765 2376 cum
2795 2321 3068 2376 montibus
3099 2321 3200 2390 ipsi
3233 2321 3523 2392 loquendo.

2063 2415 2119 2469 In
2150 2415 2321 2470 bustis
2348 2425 2404 2471 et
2430 2415 2650 2470 tumulis
2675 2415 2851 2470 omnis
2875 2430 3003 2470 caro
3031 2415 3281 2470 redditur
3301 2425 3454 2484 aeto,

2065 2507 2458 2579 Demerguntur
2479 2509 2720 2573 interno,
2751 2508 2971 2562 trahunt
3003 2523 3191 2578 pinnas
3221 2510 3274 2564 in
3304 2525 3444 2566 :evo.

1709 2595 2279 2659 COMMENTARIUS.

344 2703 615 2758 obtulerat
656 2701 962 2756 emendatio
993 2719 1008 2753 :
1045 2700 1259 2754 Ebrioso
1301 2700 1510 2752 modum
1541 2714 1641 2752 non
1671 2714 1824 2768 pono,
1865 2696 1954 2749 sed

344 2776 510 2828 bellua
541 2775 724 2842 major.
770 2773 923 2831 Unde
961 2774 1255 2842 apparebat
1291 2771 1393 2828 iste
1433 2785 1626 2826 sensus
1661 2787 1674 2822 :
1725 2769 1946 2824 Deditus

344 2847 612 2906 ebrietati,
647 2845 863 2898 modum
912 2845 1013 2898 sibi
1052 2862 1154 2897 non
1208 2844 1389 2910 ponit;
1439 2859 1537 2896 uec
1583 2857 1785 2907 ponere
1827 2859 1946 2895 tuo-

345 2932 560 2972 nentem
585 2918 763 2980 audit;
787 2917 880 2971 sed
911 2916 1080 2986 major
1103 2915 1300 2974 bellua.
1328 2916 1499 2980 major
1521 2914 1700 2968 helluo
1728 2914 1945 2972 modum

343 2991 487 3058 pauit
538 2989 842 3043 combibaui
887 3005 1006 3053 suo,
1039 3003 1197 3056 quem
1243 2987 1452 3040 turbata
1499 2995 1682 3040 tuente
1723 2987 1944 3055 crapula

343 3061 681 3126 consopitum
710 3061 1034 3131 prostravit;
1064 3060 1174 3131 jam
1206 3075 1312 3114 non
1339 3058 1556 3131 mentis,
1585 3074 1691 3112 non
1719 3061 1948 3115 rationis

341 3141 681 3202 compotem;
712 3129 778 3187 ac
808 3147 901 3200 per
932 3130 1035 3202 hoc
1063 3129 1319 3185 bellnam.
1347 3129 1458 3202 Sed
1487 3130 1600 3185 haec
1628 3141 1752 3202 sunt
1775 3145 1944 3200 expo-

341 3205 438 3255 sita
454 3200 508 3258 et
523 3214 707 3258 coacta
733 3204 911 3258 nimis.
939 3201 1121 3271 itaque
1145 3203 1321 3271 placet
1343 3200 1442 3255 ista
1468 3201 1765 3270 simplicior
1781 3205 1949 3270 scrip-

342 3285 456 3329 tura
478 3294 489 3327 :
511 3275 728 3330 Ebrioso
753 3279 958 3329 modum
983 3289 1083 3327 non
1111 3290 1264 3340 pono,
1296 3271 1384 3328 sed
1405 3272 1629 3328 bellttam
1647 3273 1796 3327 malo.
1823 3273 1944 3331 Bia.

412 3345 639 3402 Bibenda
679 3348 930 3416 superbis.
974 3345 1030 3400 ltt
1080 3346 1396 3417 apographo
1444 3344 1642 3414 legitur
1672 3361 1686 3398 :
1715 3349 1950 3412 supernis

343 3420 423 3472 vel
459 3419 714 3488 superius.
760 3418 878 3475 Βία.

416 3487 654 3562 Regcntis
679 3491 951 3553 imperium
975 3499 1146 3544 tenens
1175 3489 1336 3557 apud,
1366 3487 1522 3544 stulte
1547 3487 1819 3559 Cyclopas.
1841 3490 1947 3546 Po-

344 3562 606 3634 lyphemi.
639 3562 760 3619 lite.

414 3633 546 3688 Inde
573 3636 626 3688 in
660 3635 902 3690 historiis.
941 3633 998 3689 Itt
1033 3632 1256 3693 fabulis,
1293 3634 1353 3705 in
1385 3633 1646 3705 Odyssea.
1689 3634 1896 3690 Glossaz
1931 3656 1945 3693 :

340 3706 604 3784 'laropiat,
629 3707 958 3784 monimenta.
998 3705 1253 3784 ﬂesychi:
1287 3704 1530 3783 'la-ropsi',
1558 3709 1784 3778 μυθεύει,
1813 3710 1948 3766 icto-

339 3782 448 3856 fiist,
477 3777 876 3856 papttiptst,zc¢i
897 3782 962 3836 τὰ
993 3777 1167 3856 itania.
1202 3778 1320 3833 RIG.

411 3850 619 3922 optima
648 3850 771 3904 inihi
809 3851 993 3904 bibere.
1021 3850 1153 3906 ’Iloc
1188 3865 1252 3903 ex
1285 3863 1516 3916 persona
1556 3866 1650 3904 sua
1693 3852 1948 3909 Commo-

341 3924 533 3977 diauus
561 3924 780 3990 apponit
812 3943 823 3976 :
858 3922 1103 3991 intelligit
1139 3932 1318 3976 autem
1353 3922 1540 3978 bibere
1571 3923 1735 3978 vitam
1781 3934 1944 3980 teter-

341 4013 462 4050 nant
486 4011 581 4065 per
599 3994 911 4062 Evangelia,
935 4004 1200 4064 prtecepta
1222 4003 1276 4046 et
1302 3995 1546 4060 exempla
1571 3995 1794 4050 Christi.
1823 3999 1942 4056 ηις.

415 4066 687 4137 Extinguis
712 4067 800 4120 tibi
818 4068 1120 4137 gehennam.
1146 4065 1347 4120 Alludit
1369 4065 1434 4118 atl
1465 4066 1745 4122 historiam
1763 4069 1945 4125 divitis

341 4144 640 4208 purpurati.
674 4140 828 4207 cujus
859 4139 1035 4207 lingua
1068 4139 1206 4207 apud
1233 4139 1438 4192 inferos
1462 4149 1568 4192 tam
1591 4142 1801 4196 ardenti
1825 4159 1947 4196 cru-

337 4212 478 4265 ciatu
515 4213 790 4274 urebatur,
810 4219 866 4263 tit
890 4210 958 4265 de
986 4208 1173 4264 Lazari
1205 4210 1372 4280 digito
1400 4211 1647 4266 instillari
1667 4216 1767 4268 sibi
1790 4230 1945 4283 aqua

339 4283 604 4337 tantillum
642 4298 737 4354 pro
764 4298 974 4336 Sltmttm
1006 4283 1269 4354 levantine
1301 4293 1598 4348 exotitttret.
1633 4283 1788 4350 Luc.,
1815 4301 1940 4340 xvu.

410 4352 664 4431 lissront.
696 4352 1061 4431 Οοιινίκθιοή.
1094 4353 1374 4431 ἑστιάτορι.
1406 4354 1526 4431 Βιοε

414 4425 702 4494 Pauperem
729 4427 816 4496 qui
838 4437 884 4478 te
911 4442 1011 4478 non
1039 4443 1148 4496 rep.
1182 4425 1344 4481 lustr.
1377 4442 1484 4481 ut.
1513 4427 1634 4482 th.

413 4496 640 4552 Fcneras
681 4502 820 4568 ᾼΙιο.
862 4498 1162 4568 Cyprianus
1192 4497 1284 4552 lib.
1314 4500 1381 4552 de
1412 4497 1625 4564 dtsI'ipl.
1679 4499 1942 4552 Patrimo-

339 4571 478 4624 nium
507 4580 648 4622 tuum
681 4567 787 4622 Deo
820 4566 1015 4636 fenera,
1045 4566 1306 4624 Christum
1329 4569 1457 4622 ciba.
1487 4568 1941 4641 [lim—Salomon
1970 4580 2024 4641 1)

341 4641 498 4694 Prov.
530 4657 640 4706 χιι,
672 4641 759 4694 l7:
789 4641 890 4708 Qui
920 4642 1134 4710 pauperi
1164 4643 1452 4704 miseretur,
1484 4639 1592 4694 Deo
1619 4643 1858 4708 fenerat:
1892 4651 1948 4694 ttt

341 4712 501 4766 habet
550 4725 703 4766 vetns
752 4713 1017 4784 interpres
1065 4715 1205 4782 apttd
1257 4711 1584 4784 Cyprianum
1635 4713 1842 4767 Testim.
1879 4714 1949 4766 ad

347 4785 492 4849 Quir.
523 4784 619 4839 lib.
643 4793 731 4839 ιιι.
763 4800 879 4853 cap.
917 4786 967 4838 l.
1005 4782 1169 4839 DAVIS

417 4855 493 4909 De
519 4855 766 4908 latibulis.
802 4856 874 4910 De
902 4855 1089 4909 intimo
1117 4872 1340 4913 recessu
1367 4853 1583 4920 cordis;
1608 4855 1676 4911 de
1700 4865 1948 4926 penetra-

343 4927 483 4982 libus
510 4929 708 4981 meutis
732 4937 854 4981 ture.
892 4927 1119 4983 thsm‘.

419 4998 546 5053 Ores
574 4999 840 5052 ntiseratus
861 5002 1047 5069 egenis.
1076 4999 1348 5063 Paulinus,
1373 5001 1532 5065 epist.
1560 5015 1722 5054 xxxtv
1751 5017 1764 5050 :
1793 4997 1949 5052 Aliud

345 5080 437 5128 cst,
465 5072 669 5138 quando
694 5079 745 5123 tu
768 5071 913 5142 solus
929 5087 1044 5124 oras
1067 5088 1159 5140 pro
1189 5081 1239 5142 te
1258 5086 1277 5125 :
1302 5071 1543 5142 etialiud,
1576 5071 1782 5142 quando
1811 5072 1947 5124 mul-

347 5143 510 5196 titudo
535 5160 626 5212 pro
656 5151 702 5195 te
729 5143 868 5212 apud
889 5140 1049 5195 Deum
1079 5141 1315 5212 trepidat.
1351 5141 1480 5198 RIG.

418 5235 607 5294 Nonas
631 5236 832 5291 Cum.
861 5235 915 5290 Id
938 5247 1021 5290 est
1039 5234 1394 5289 Cainmodiani
1409 5253 1428 5301 ;
1451 5251 1477 5288 a
1504 5236 1668 5300 Gaza,
1690 5235 1906 5290 (inseetis
1929 5252 1947 5290 :

346 5325 375 5362 τι
422 5307 759 5374 Commodis,
813 5306 1230 5361 Comntodianus.
1287 5308 1580 5360 COumtoda
1638 5317 1814 5362 autem
1870 5310 1952 5362 di-

347 5391 540 5434 cuntur
577 5396 727 5449 epes,
775 5379 994 5442 divui:e,
1040 5394 1191 5443 gaza.
1239 5377 1445 5432 Glossa:
1487 5386 1702 5434 veteres
1734 5398 1747 5432 :
1779 5379 1943 5434 Com-

349 5453 526 5517 tttoda,
552 5453 806 5516 λυσιτελῆ,
833 5455 1108 5526 χρήματα.
1138 5449 1258 5504 th.

427 5539 608 5598 Tenue
627 5544 957 5613 principium.
975 5542 1164 5596 Nullus
1185 5541 1371 5595 dubito
1392 5542 1519 5613 quin
1546 5542 1610 5596 ad
1638 5542 1765 5597 illttd
1788 5543 1949 5598 Davi-

353 5617 501 5671 dium
522 5614 612 5668 Ps.
629 5611 749 5679 *m,
785 5611 838 5679 Α,
869 5613 1183 5685 respexerit
1197 5619 1382 5667 auctor
1407 5632 1419 5666 :
1435 5611 1626 5685 Tecum
1641 5614 1950 5684 principium

354 5691 407 5740 in
428 5687 508 5740 die
523 5687 722 5762 virtutis
739 5697 862 5762 tua:l
875 5683 1135 5762 Nimirum
1155 5685 1469 5762 principium
1481 5683 1949 5762 {tipxﬁmrincipaj

357 5771 465 5812 tus:
482 5757 623 5826 quod
646 5760 806 5811 etiam
829 5758 1124 5813 Suetonius
1146 5757 1450 5825 principium
1472 5755 1627 5823 diitit',
1647 5767 1702 5810 ut
1719 5759 1783 5811 ad
1803 5755 1948 5812 citati

357 5827 555 5884 l'salmi
587 5828 764 5882 locum
823 5829 1029 5882 monuit
1058 5827 1401 5884 doctissimus
1431 5827 1783 5886 Meldensium
1812 5833 1949 5886 anti-

357 5913 475 5963 stes
502 5899 834 5956 Bossuetius.
1300 5902 1307 5910 '

2126 2698 2196 2752 Et
2241 2715 2368 2770 quos
2398 2697 2532 2767 ignis
2578 2698 2721 2770 ussltr
2755 2697 2808 2750 in
2855 2713 2983 2751 meo.
3011 2697 3247 2765 Legibus
3285 2697 3558 2753 Casarum
3598 2696 3661 2752 de

2051 2773 2253 2841 pmnis,
2303 2786 2513 2824 summa
2565 2770 2663 2823 fuit
2711 2769 2914 2841 ignium
2970 2785 3148 2838 pretia.
3179 2770 3474 2825 Christiani
3516 2784 3660 2835 vero,

2052 2840 2213 2897 etiam
2267 2843 2316 2896 itt
2366 2842 2683 2908 corporibus
2748 2840 3149 2912 defunctorum,
3203 2858 3366 2912 rogus
3415 2851 3468 2896 et
3515 2841 3660 2895 busta

2052 2913 2536 2978 cshttrrescebattt,
2563 2927 2798 2982 przesaga
2827 2911 3120 2967 formidine
3141 2917 3278 2982 ignis
3300 2914 3442 2968 illius
3460 2912 3661 2968 arterni.

2053 2985 2167 3042 Hoc
2209 2987 2368 3054 igitur
2411 2988 2461 3039 in
2504 2984 2690 3053 primis
2736 2987 3018 3057 curabant,
3055 2992 3110 3038 ut
3151 2987 3418 3057 martyrio
3462 2983 3662 3057 devotis

2053 3059 2476 3113 oblirmarentur
2505 3057 2668 3110 animi
2709 3055 2966 3111 adversus
2995 3057 3198 3125 ignium
3243 3054 3534 3112 tormenta.
3565 3054 3664 3110 Pe-

2058 3139 2172 3184 trus
2201 3128 2242 3195 I,
2289 3128 2483 3198 Epist.,
2511 3142 2584 3191 tv,
2615 3126 2702 3188 l2.
2738 3127 2986 3182 hortatur
3023 3128 3360 3184 christianos
3403 3143 3472 3182 nc
3500 3141 3662 3195 expa-

1977 3178 2024 3242 C
2060 3178 2283 3256 vescaitt
2313 3178 2632 3272 niarty‘riuin
2657 3178 2702 3253 si
2735 3215 2830 3266 per
2859 3200 3008 3266 ignes
3034 3211 3090 3254 et
3121 3204 3392 3255 ustionem
3425 3178 3662 3272 eorptiris

2054 3273 2298 3334 accidat,
2333 3287 2434 3328 nec
2474 3275 2804 3327 exborreant
2841 3280 3037 3324 utrem
3073 3287 3269 3326 novam
3290 3315 3304 3334 ,
3339 3271 3661 3336 inauditam,

2055 3345 2363 3398 inusitatam
2384 3386 2398 3407 ,
2427 3356 2519 3397 aut
2550 3342 2780 3397 alienam
2810 3344 3239 3415 cbristiauis._pn
3265 3347 3514 3410 ξενίζεσθε
3535 3352 3594 3415 τῇ
3615 3344 3663 3396 ἐν

2055 3417 2174 3491 ἡμῖν
2209 3419 2466 3491 πυρώσει.
2507 3416 2807 3491 Cyprianus
2831 3414 2938 3491 Ep.
2972 3430 3058 3491 Lvt
3087 3432 3098 3466 :
3130 3414 3182 3467 Ν
3190 3417 3318 3491 olite
3365 3417 3540 3468 mirari
3575 3414 3656 3466 Var-

2053 3486 2231 3542 dorem
2275 3486 2590 3540 (recidentem
2632 3486 2797 3548 vobis,
2833 3489 2919 3556 qui
2957 3486 3026 3538 ad
3072 3487 3410 3542 tentationem
3453 3497 3663 3540 vestram

2053 3560 2133 3626 ﬁt,
2179 3571 2312 3623 etc.,
2370 3559 2460 3614 ubi
2506 3559 2664 3629 etiam
2709 3557 3116 3613 observavimus
3171 3559 3442 3614 nonnihil.
3493 3558 3660 3629 Atque

2055 3629 2170 3687 haec
2209 3631 2427 3700 parudia
2469 3631 2546 3685 sic
2587 3628 2752 3684 fuerit
2790 3630 3116 3684 christiana:

2240 3702 2281 3752 Ο
2305 3709 2516 3763 quantos
2536 3708 2702 3759 aestus,
2729 3708 2938 3763 quantos
2963 3701 3155 3762 patiere
3173 3700 3405 3752 labores!

2240 3766 2293 3815 Si
2314 3763 2496 3814 fuerint
2521 3767 2666 3827 ignes
2691 3777 2774 3812 res
2798 3764 3062 3826 peregrina
3087 3763 3196 3827 tibi.

2125 3827 2230 3883 Sea:
2297 3826 2733 3882 millibus’annis
2795 3827 3077 3894 completis.
3137 3826 3390 3882 Justinus
3447 3826 3657 3897 Martyr.

2052 3901 2189 3955 Dial.
2241 3917 2360 3954 cum
2411 3898 2613 3971 'l‘ryph.
2656 3897 2806 3960 Jud.,
2844 3911 2961 3967 pag.
2996 3898 3124 3958 507,
3156 3900 3260 3954 hoc
3288 3914 3348 3952 se
3390 3917 3512 3956 cum
3557 3899 3664 3967 plc-

2051 3974 2232 4040 risque
2273 3971 2392 4027 aliis
2438 3983 2582 4025 ret-te
2634 3971 2994 4024 sentientibus
3042 3971 3267 4025 ore-lere
3316 3971 3601 4040 profitetur
3645 3985 3658 4019 :

2048 4043 2170 4119 Ἐγώ
2209 4043 2282 4106 δὲ,
2328 4047 2415 4098 καί
2452 4045 2500 4098 οῖ
2544 4044 2674 4103 τινές
2721 4044 2843 4096 εἰσιν
2887 4042 3262 4119 ’ὀρθογνὼμοςιες
3311 4046 3448 4099 κατὰ
3502 4043 3665 4098 πάντα

2050 4113 2377 4192 χριστιανοὶ,
2410 4117 2688 4170 ἀνάστασιν
2716 4117 2801 4166 καὶ
2823 4113 2968 4184 χίλια
2996 4113 3081 4172 ἔτη
3106 4113 3534 4192 ἐν.“1ερο”)σαλὴμ,
3566 4124 3662 4168 etc.

2051 4185 2284 4256 Il'ujusce
2318 4187 2611 4254 temporis,
2658 4201 2920 4239 annorum
2957 4200 3048 4256 sex
3094 4185 3275 4250 mille',
3316 4185 3661 4240 consumma-

2051 4259 2249 4312 tionem
2290 4258 2367 4312 sic
2397 4258 2616 4326 putabat
2646 4260 2784 4310 circa
2821 4272 2908 4307 an.
2941 4255 3072 4308 Chr.
3105 4257 3228 4311 369.
3263 4258 3329 4323 ρ.
3365 4257 3541 4312 Julius.
3574 4256 3661 4310 lli-

2047 4329 2200 4394 lario,
2221 4345 2378 4398 quem
2399 4329 2760 4382 sarcinatores
2777 4326 3124 4382 Bibliotltecw
3140 4327 3364 4382 Patrum
3386 4329 3665 4398 ediderunt

2049 4416 2111 4453 ex
2165 4397 2488 4454 bibliotheca
2543 4399 2683 4452 Petri
2727 4398 2919 4453 Pithmi
2958 4417 2969 4453 :
3010 4418 3026 4449 ι
3064 4399 3110 4454 Α
3142 4401 3399 4464 passiotie
3458 4397 3662 4454 Domini

2047 4471 2269 4532 Chrtsti,
2299 4487 2365 4524 ex
2389 4487 2494 4541 quo
2524 4481 2763 4538 tempore
2792 4469 2895 4523 lide
2924 4470 2977 4523 in
3011 4488 3068 4524 se
3092 4470 3450 4526 credentibus
3482 4486 3661 4526 resur-

2051 4543 2349 4597 rectionem
2401 4542 2668 4613 pollicitus
2725 4541 2816 4596 Dei
2847 4541 3043 4605 Filius,
3101 4544 3225 4595 anni
3285 4545 3662 4614 compleantur

2057 4629 2280 4667 necesse
2311 4623 2391 4668 est
2423 4614 2796 4682 quadringenti
2842 4624 2893 4667 et
2942 4622 3282 4684 septuaginta
3307 4657 3321 4681 ,
3359 4626 3416 4668 ιιι
3449 4614 3662 4669 conclu-

2053 4687 2210 4741 datur
2236 4700 2445 4738 sutntna
2483 4701 2575 4739 sex
2606 4687 2828 4740 millium
2859 4701 3146 4756 annorum.
3191 4685 3440 4756 Septimo
3485 4685 3659 4740 mille-

2053 4758 2193 4812 simo
2231 4757 2547 4826 incipiente,
2589 4756 2694 4810 fide
2723 4772 2845 4811 vera
2892 4755 3176 4811 credentes
3223 4755 3605 4811 liberabuntur
3633 4771 3661 4810 e

2053 4829 2274 4884 mundo.
2301 4829 2453 4884 Tunc
2476 4831 2616 4884 enim
2642 4830 2741 4882 erit
2769 4829 3094 4881 resurrectio
3125 4830 3298 4896 prima
3321 4839 3655 4883 sant-torum.

2055 4901 2130 4955 De
2175 4901 2581 4972 quadringentis
2627 4916 2754 4955 vero
2799 4909 2852 4954 et
2901 4901 3239 4972 septuaginta
3283 4899 3448 4955 annis
3479 4918 3507 4953 a
3541 4913 3659 4970 pas~

2055 4971 2207 5026 sione
2260 4973 2468 5026 Dontitti
2504 4975 2553 5026 itt
2583 4973 2926 5028 consulatum
2970 4971 3202 5024 Cazsaris
3232 4981 3289 5025 et
3329 4972 3530 5038 Attici,
3577 4971 3660 5024 die

2056 5061 2197 5098 nono
2229 5044 2346 5099 Kal.
2384 5046 2551 5114 April.
2585 5044 2707 5097 anni
2743 5044 3069 5096 transierunt
3112 5043 3346 5096 trecenti
3382 5043 3658 5115 sexaginta

2055 5132 2268 5171 novent.
2308 5117 2528 5170 Restant
2559 5117 2736 5178 itaque
2762 5115 2885 5168 anni
2915 5125 3128 5167 centum
3159 5127 3209 5167 et
3244 5131 3412 5182 ttnus,
3449 5127 3508 5171 ut
3529 5130 3654 5170 con-

2053 5199 2390 5242 summentur
2418 5189 2540 5242 anni
2573 5204 2664 5243 sex
2695 5188 2860 5250 mille,
2893 5198 2996 5240 etc.
3036 5205 3054 5236 ι
3087 5185 3206 5240 th.

2127 5261 2390 5329 Completo
2430 5259 2697 5313 millesimo
2742 5275 2895 5329 mntp.
2944 5258 3212 5329 Epistula,
3246 5274 3373 5327 quae
3408 5259 3657 5314 tribuitur

2054 5331 2096 5386 Β
2114 5328 2334 5395 trnabm,
2355 5348 2474 5402 pag.
2492 5332 2560 5387 54
2583 5335 2827 5390 ἔΟὐκοῦν.
2849 5328 3022 5388 ίτέκνα.
3054 5333 3103 5384 ἐν
3133 5328 3184 5394 ἒξ
3215 5331 3461 5408 ἡμέραις,
3479 5334 3539 5408 ἐξ,
3556 5339 3658 5391 τοῖς

2055 5405 2418 5477 ἑξακισχιλίοις
2461 5412 2597 5461 ἔτεσι
2619 5449 2632 5470 ,
2676 5405 3131 5477 συντελεσθήσεῖοιι
3161 5405 3226 5456 τὰ
3272 5403 3470 5460 πάντα.
3498 5403 3657 5458 Vetus

2052 5473 2316 5545 interpres
2364 5476 2595 5532 latitius:
2653 5477 2801 5532 Unde
2854 5479 2984 5528 scire
3033 5473 3260 5539 debetis,
3313 5477 3437 5543 quia
3479 5477 3532 5528 in
3572 5485 3658 5528 sca:

2055 5547 2218 5600 millia
2253 5565 2501 5601 annorum
2537 5547 3021 5602 consunmtabtmtur
3054 5546 3243 5598 omnia.
3280 5545 3406 5602 RtG.

2126 5618 2251 5673 Cum
2280 5623 2532 5675 utentibus
2559 5623 2656 5690 ipsi
2682 5620 2950 5690 loquendo.
2979 5615 3110 5670 Luc.
3137 5632 3320 5671 χχχιιι
3339 5659 3353 5681 .
3384 5619 3487 5675 5οε
3520 5617 3658 5690 Tunc

2055 5691 2293 5762 incipient
2325 5692 2490 5745 dicere
2519 5688 2804 5745 mentibus:
2837 5689 3016 5744 Cadite
3053 5705 3207 5762 super
3247 5705 3380 5753 nos;
3425 5701 3470 5744 et
3515 5688 3659 5743 colli-

2055 5759 2190 5816 bus:
2217 5764 2424 5833 Operite
2442 5782 2551 5820 nos.
2575 5763 2725 5832 Quod
2745 5763 2910 5818 Oseas
2931 5759 3272 5831 praedixerat,
3304 5776 3362 5829 Χ,
3388 5763 3422 5816 8
3447 5762 3657 5834 (Apoc,

2057 5851 2138 5894 vr,
2174 5835 2294 5904 16).
2327 5835 2448 5892 th.

2130 5903 2307 5962 Omnis
2347 5923 2466 5962 caro
2506 5908 2736 5964 redditur
2764 5917 2898 5964 acto.
2943 5903 3204 5962 Redditur
3250 5912 3309 5961 et
3355 5904 3656 5963 restituitur
