3904 6316
273 358 373 416 273
472 359 546 432 (ν.
580 358 732 431 ut.)

268 473 400 544 Quid
425 473 559 545 quod
589 481 644 529 et
671 472 930 528 invictum
961 472 1156 544 spelma
1185 474 1285 529 sub
1308 482 1423 529 atra
1455 474 1774 538 recondunt,

269 567 492 638 Quzeque
519 577 700 636 tegunt
727 567 962 622 tenebris
982 609 996 633 ,
1026 567 1225 622 audent
1255 569 1396 622 hunc
1426 567 1609 625 dicere
1633 567 1844 624 solem?

267 662 388 731 Quis
417 662 554 716 colat
577 657 785 717 iii-culte
806 663 998 721 lucem.
1024 661 1284 733 sidusque
1312 679 1628 732 supernum,

264 754 409 811 Celvt
438 756 488 810 in
513 754 736 810 inii-ruis
765 756 865 810 nisi
898 771 1077 810 rerum
1097 772 1258 811 causa
1285 757 1585 810 malaiuui?

1562 357 1931 418 ADVERSUS
1971 359 2272 419 GENTES.

3082 363 3154 436 (ν.
3189 363 3342 434 m.)
3450 361 3555 441 an

1872 489 1925 549 Α
1952 474 2144 531 Nescio
2169 476 2294 546 quid
2321 487 2470 532 certe
2494 489 2742 547 quaerunt
2760 519 2774 542 ,
2799 476 3138 548 gaudentque
3166 486 3473 546 repertum;

1949 568 2154 623 Rursos
2175 578 2230 623 et
2257 570 2529 635 amittunt,
2559 570 2700 641 quod
2730 586 2916 625 rursus
2934 585 3180 640 quaerere
3212 572 3438 639 possint.

1945 664 2078 730 Quis
2110 663 2238 717 lerat
2267 663 2367 717 hoc
2395 665 2631 732 sapiens,
2668 664 2788 718 illos
2817 666 2966 734 quasi
2999 663 3250 718 claudere
3277 664 3446 718 solem
3469 703 3482 727 ,

1951 759 2061 813 llos
2087 757 2328 828 proferre
2365 758 2536 828 palam
2572 758 2908 828 propriorum
2940 768 3175 813 lllOllsll‘a
3207 758 3478 813 demum?

261 847 389 916 Quid
419 846 556 918 quod
584 856 640 902 et
668 846 891 901 I~iacum
921 848 1268 918 sistrumque,
1300 859 1568 920 caputque
1595 848 1842 903 caninum
1947 849 2085 921 Quid
2111 849 2328 922 Serapis
2359 852 2575 916 meruit,
2603 851 2690 922 qui
2721 853 2797 906 Sic
2825 852 3089 906 laceratur
3108 851 3176 906 ab
3203 850 3333 922 ipsis

259 939 366 997 Non
385 944 552 1013 magis
577 941 935 1010 abscondunt,
953 944 1048 998 sed
1073 957 1168 1014 per
1189 931 1304 998 loca
1328 943 1536 1014 publica
1557 943 1796 1014 ponunt?

1607 1058 2180 1117 COMMENTARIUS.

253 1205 376 1259 ltuit.
408 1205 589 1274 Itaque
616 1220 778 1274 quum
808 1220 915 1260 non
940 1206 1109 1262 solem
1142 1216 1370 1271 tantum,
1400 1206 1497 1262 sed
1526 1204 1652 1274 quid
1685 1203 1830 1259 aliud

252 1294 342 1345 per
363 1277 607 1331 Mithram
631 1278 914 1344 signiﬁcari
937 1281 1165 1343 videam,
1188 1278 1340 1332 facile
1367 1281 1726 1345 gruterainaui
1751 1277 1834 1330 itt-

249 1350 586 1418 scriptionem
615 1391 629 1413 ,
667 1367 717 1418 ν.
743 1350 834 1407 2'3.
871 1366 1015 1404 num.
1054 1350 1138 1417 1‘2,
1165 1350 1466 1419 explii-abu.
1496 1350 1572 1404 lia
1592 1367 1649 1401 se
1674 1350 1834 1402 habet

247 1419 328 1474 illa
361 1440 372 1472 :
407 1437 459 1475 ι).
493 1437 511 1474 ι
562 1436 618 1475 u.
654 1437 744 1477 ετ.
775 1436 911 1476 sou.
943 1437 1094 1477 SOCIO
1148 1437 1265 1476 SAC.
1298 1424 1397 1476 hoc
1438 1433 1551 1482 est,
1588 1420 1696 1474 Deo
1734 1420 1830 1473 ln-

244 1493 366 1545 victo
418 1492 655 1556 Mil/me,
685 1503 733 1546 et
767 1493 878 1548 Soli
916 1493 1070 1547 Socio
1107 1511 1329 1548 socrum.
1363 1496 1464 1548 I’ro
1505 1493 1694 1547 Mithra
1748 1493 1832 1546 hic

243 1564 379 1617 aliud
408 1563 620 1619 Numen
650 1566 1052 1634 intelligendum
1089 1581 1172 1619 εει
1201 1582 1230 1618 a
1262 1565 1377 1619 sole
1402 1565 1698 1622 diiersum.
1726 1581 1832 1618 non

244 1634 466 1708 ipsemet
493 1638 568 1689 sol
600 1649 856 1708 (quiquam
885 1637 1192 1708 alienigena,
1221 1647 1294 1708 uti
1328 1653 1514 1706 parum
1546 1648 1691 1690 recte
1719 1636 1832 1702 opi-

245 1717 393 1760 natur
418 1707 706 1761 Reinesius
730 1712 794 1760 ad
820 1707 1054 1777 Inscript’
1099 1711 1184 1762 48.
1217 1707 1296 1763 Cl.
1325 1724 1362 1762 t.
1389 1708 1604 1767 Lenitur
1623 1723 1835 1776 quoque

1933 1202 2245 1268 intelligam.
2272 1200 2326 1256 Si
2349 1201 2432 1254 cui
2468 1199 2703 1270 placeret
2724 1201 3047 1267 emendare,
3079 1200 3350 1272 legerem:

2024 1316 2166 1368 Celet
2191 1319 2238 1367 in
2261 1316 2464 1366 infernis
2487 1318 2535 1366 ni
2559 1329 2615 1365 se
2642 1317 2814 1365 horum
2841 1327 3013 1365 caussa
3038 1315 3291 1364 malorum.

1934 1424 2078 1478 Sane
2126 1425 2177 1477 in
2226 1422 2362 1476 Cod.
2407 1422 2504 1476 Ms.
2558 1439 2663 1476 non
2713 1424 3001 1478 malorum.
3036 1420 3130 1476 sed
3175 1422 3428 1476 mularum
3460 1430 3545 1477 est

1933 1497 2218 1559 si-riptum.
2265 1494 2408 1548 Iliun.
2442 1523 2515 1536 ——
2547 1495 2870 1548 Muratorius
2938 1493 3026 1548 hic
3089 1495 3366 1559 ingeniose
3413 1510 3543 1562 pro-

1934 1568 2076 1621 fecto
2100 1610 2113 1625 .
2143 1567 2237 1620 sed
2265 1568 2410 1620 omni
2443 1566 2822 1621 emendatione
2855 1566 3011 1620 facile
3039 1566 3347 1621 carebimus
3367 1607 3382 1632 ,
3415 1566 3546 1621 dunt

1940 1641 2019 1694 sic
2052 1640 2230 1694 locum
2263 1642 2363 1693 rite
2389 1638 2822 1708 disdnguamus:

242 1777 288 1831 in
331 1779 527 1847 pris-is
574 1755 1020 1847 Inscriptiouibus
1062 1795 1274 1835 manus.
1322 1765 1542 1835 sent-zelo
1593 1755 1713 1834 θέο.
1747 1755 1814 1833 in

2032 1773 2152 1847 Quis
2173 1773 2514 1847 eolatocculte
2541 1772 2720 1847 lucem,
2747 1773 2984 1836 sidusque
3009 1787 3281 1847 supernum

242 1864 389 1904 Tum;
446 1867 570 1916 qum
592 1851 750 1904 vi-rba
783 1851 960 1904 omnia
987 1851 1052 1904 ad
1078 1854 1247 1906 Solem
1282 1853 1526 1904 Mithram
1554 1851 1832 1904 referenda

238 1932 414 1992 censet
448 1920 488 1974 I.
521 1920 658 1976 (ἕως,
693 1921 1025 1992 Bttleugerus
1052 1939 1102 1976 c.
1131 1923 1186 1987 4,
1221 1923 1314 1977 lib.
1347 1940 1381 1988 t,
1411 1923 1478 1976 de
1509 1923 1596 1976 ltc.
1635 1933 1688 1976 et
1721 1932 1830 1977 vet.

240 1991 418 2060 Magia.
455 1993 570 2062 Ego
602 2004 778 2047 tamen
814 1991 982 2047 tritius
1014 1994 1122 2048 Diis
1147 1994 1382 2048 dicatum
1415 2010 1650 2047 marmor
1681 2006 1828 2057 puto,

239 2075 290 2118 ut
315 2080 497 2119 MNM
540 2065 607 2119 sit
637 2063 822 2119 Diana:
860 2063 1105 2119 Nomium:
1136 2081 1352 2124 nomen.
1381 2066 1448 2120 de
1478 2081 1578 2134 qua
1610 2065 1770 2118 Liber
1792 2081 1827 2130 ι,

236 2151 279 2208 c.
311 2135 360 2193 6.
394 2147 450 2190 rt
478 2136 643 2191 Liber
680 2154 734 2199 ii,
766 2153 811 2190 c.
852 2153 886 2197 ι.
923 2137 1165 2194 Machab.
1195 2137 1570 2208 Hieronymus,
1599 2149 1645 2190 et
1671 2136 1829 2191 .Ios'e-

237 2206 364 2275 phus
395 2208 697 2264 meminere
723 2229 736 2262 :
761 2224 1009 2264 SEBEClUs
1039 2225 1132 2272 pro
1159 2211 1284 2262 Jove
1316 2206 1538 2262 Sabazia
1567 2208 1829 2278 intelliga-

237 2290 334 2344 tur,
364 2279 434 2334 de
464 2295 575 2350 quo
599 2279 869 2350 Orpheus,
899 2297 992 2334 seu
1021 2281 1396 2335 Onomacritus
1425 2283 1477 2334 in
1511 2279 1722 2350 Hymno

346 2409 466 2446 1(λῦοι
487 2409 618 2460 πάτιρ,
641 2409 782 2459 Κρόνον
803 2408 872 2454 υἱὲ,
893 2406 1051 2454 Σαϐάζιι
1069 2404 1198 2459 subigat
1215 2405 1356 2458 διῖμω.

315 2501 445 2552 Audi
475 2509 635 2566 pater,
659 2502 858 2553 Saturni
881 2501 948 2553 ﬁli
967 2537 982 2561 ,
1005 2503 1210 2552 Sabacie
1237 2502 1416 2565 inelyte
1440 2501 1663 2551 deorum.

226 2628 402 2686 Neuue
451 2631 794 2695 enim‘scio,
835 2646 934 2700 qua
979 2631 1297 2684 auctoritate
1343 2629 1611 2700 Bacchum
1660 2629 1822 2683 etiam

228 2701 507 2756 Sabuzium
547 2705 740 2756 dixerit
785 2699 1036 2757 Heinsius
1083 2703 1133 2756 in
1182 2701 1346 2755 Arist.
1389 2701 1540 2756 Sacr.
1575 2699 1679 2756 Sed
1710 2703 1825 2755 haec

226 2779 348 2845 satis
373 2790 671 2845 Superque.
710 2774 852 2828 MUR.

291 2842 505 2913 Speleo.
541 2844 788 2900 Gnecum
817 2853 900 2900 est
930 2843 1148 2899 verbum
1180 2845 1448 2905 σπηλαῑον,
1473 2842 1614 2912 quod
1641 2843 1825 2899 Latine

225 2918 479 2984 Spelunca
503 2919 732 2972 dicitur:
763 2921 854 2970 st-d
881 2916 1127 2972 Graecum
1159 2932 1354 2970 nomen
1382 2929 1434 2971 et
1464 2931 1624 2971 aures
1651 2920 1826 2971 Auso-

225 2991 318 3043 nim
347 2990 672 3044 toleravere.
703 2988 974 3059 Virgilius,
1011 2990 1180 3058 eclog.
1209 2987 1277 3044 10
1307 3005 1320 3040 :

308 3103 514 3156 Certum
540 3112 619 3156 est
642 3108 690 3154 in
713 3105 849 3156 silvis
874 3107 1002 3154 inter
1024 3103 1204 3170 spelaea
1224 3103 1456 3167 ferarum,
1483 3113 1578 3154 etc.

224 3212 546 3270 Claudianus
569 3214 638 3271 de
661 3214 802 3272 bello
829 3215 951 3272 Get.
979 3234 994 3269 :

841 3329 1104 3381 Metuenda
1127 3329 1338 3380 ferarum

308 3390 588 3458 Spelaea....

222 3525 424 3581 Mithrze
463 3524 738 3580 Sacriﬁcia
765 3527 1144 3581 secretissiniis
1173 3529 1224 3580 in
1250 3525 1419 3580 antris
1453 3536 1686 3594 peracta.
1716 3525 1819 3581 Re-

222 3597 405 3665 ligioso
442 3597 666 3651 silentio
697 3599 836 3664 apud
865 3600 983 3665 ejus
1012 3598 1386 3670 cultoresillir
1415 3609 1630 3670 accepta
1676 3613 1819 3670 mys-

220 3671 342 3722 leria
374 3670 754 3724 serVaIiantnr.
787 3672 923 3738 Quin
953 3686 1017 3724 ex
1043 3671 1056 3723 i
1082 3686 1108 3724 s
1132 3669 1301 3722 sacris
1329 3670 1521 3722 initiari
1550 3669 1814 3737 volentes,

223 3741 396 3796 muliis
417 3741 752 3794 cruciatibus
777 3743 1142 3810 probationi-tn
1165 3741 1434 3795 sobibant.
1467 3740 1598 3792 llinc
1626 3741 1817 3794 διιίιιης

219 3811 266 3865 in
288 3817 436 3867 verb.
473 3811 664 3864 Mil/iro
692 3808 806 3868 ait}
840 3816 944 3868 Οὐκ
985 3809 1042 3868 ἂν
1092 3808 1178 3867 οὖν
1225 3816 1294 3874 είς
1346 3813 1496 3867 αὐτὸν
1539 3811 1815 3871 δυνήσαιτό

217 3906 289 3958 τις
322 3885 647 3958 τελεσθξῖναι.
683 3888 726 3958 si
764 3890 832 3956 μὴ
881 3883 966 3958 diu}
996 3908 1142 3941 τινων
1189 3885 1394 3956 βαθμῶν
1421 3884 1679 3958 παρελθὼν
1714 3892 1814 3940 τῶν

218 3956 468 4011 κολασὲων
495 3954 646 4020 δείξει
675 3953 856 4012 iacui-6v
887 3954 1024 4012 ὅσιον
1063 3960 1150 4010 καί
1183 3953 1371 4014 amica.
1411 3953 1601 4007 Nuilus
1646 3967 1813 4007 autent

219 4038 374 4095 potest
400 4029 634 4082 initiari.
665 4028 764 4080 nisi
796 4045 882 4093 per
923 4029 1168 4095 quosdam
1209 4027 1580 4092 suppliciorum
1624 4027 1814 4095 gradus

219 4113 266 4149 se
305 4109 578 4159 saucium,
621 4109 667 4151 et
719 4099 1151 4165 perturbationum
1197 4099 1470 4149 immunem
1515 4098 1808 4150 ostenderit.

218 4167 325 4222 Hoc
355 4171 502 4223 idem
541 4171 862 4222 cmilirtnant
903 4171 1150 4224 Nazianz.
1180 4168 1330 4223 Orat.
1363 4169 1413 4220 5.
1450 4168 1720 4234 Latnpt'id.
1760 4169 1810 4222 in

217 4239 546 4302 Commodo,
573 4257 633 4295 :ic
660 4240 885 4295 Tertull.
915 4258 962 4295 ο.
1004 4243 1085 4304 t5,
1114 4242 1180 4294 de
1205 4241 1332 4292 (Sor.
1363 4239 1466 4292 Mil.
1494 4239 1630 4293 Sunt
1653 4239 1811 4307 hujus

217 4314 370 4366 verba
404 4332 416 4366 :
453 4332 471 4363 ‹
513 4312 826 4366 Erubescite
855 4313 1078 4367 Romani
1112 4311 1503 4366 cmnmilitones
1546 4310 1662 4379 ejus
1705 4325 1808 4366 non

214 4381 315 4452 jam
343 4385 412 4437 ah
442 4386 561 4453 ipso
585 4384 881 4452 jndirandi,
911 4385 1003 4438 Sed
1043 4385 1110 4438 ah
1146 4383 1328 4452 aliquo
1368 4381 1572 4453 Mithra-
1603 4382 1806 4450 milite,

217 4457 299 4517 qui
339 4452 472 4509 eum
511 4457 750 4508 initiatur
786 4457 836 4507 in
875 4457 1076 4519 Spelzeo
1104 4465 1210 4509 etc.
1250 4474 1268 4505 ι
1297 4454 1353 4508 S.
1383 4452 1579 4507 Justiti.
1611 4453 1812 4525 Martyr

2029 1837 2210 1888 Celet?
2236 1839 2284 1886 in
2307 1836 2512 1886 infernis
2539 1837 2631 1886 nisi
2654 1851 2820 1886 rerum
2843 1850 3015 1886 caussa
3038 1836 3296 1886 malarum.

1934 1965 2086 2032 Quis,
2113 1965 2299 2034 inquit,
2335 1973 2442 2018 tam
2472 1964 2720 2034 stupidus
2745 1973 2860 2024 est,
2893 1973 2949 2017 ut
2981 1965 3154 2018 lucem
3195 1963 3406 2019 occulte
3441 1977 3540 2018 co-

1938 2039 2030 2102 lat,
2064 2047 2119 2090 et
2147 2038 2297 2090 sidus
2327 2052 2652 2106 supernum,
2688 2037 2857 2090 solem
2892 2048 3046 2104 puta,
3078 2037 3128 2089 in
3161 2036 3377 2098 stu-labis
3405 2039 3541 2089 atris

1934 2108 2270 2162 abscondat?
2299 2123 2460 2177 quum
2496 2108 2547 2162 in
2580 2107 2805 2160 infernis
2832 2110 2979 2161 StilUs
3009 2107 3131 2160 mali
3165 2118 3354 2160 auctor
3383 2106 3538 2162 habi-

1934 2189 2032 2234 tet.
2067 2180 2192 2233 Post
2234 2179 2489 2233 molarum
2536 2177 2966 2233 subaudiendum
3009 2189 3112 2244 est,
3148 2187 3206 2231 ut
3240 2192 3398 2230 nemo
3429 2192 3539 2232 non

1935 2251 2097 2305 videt.
2147 2253 2335 2305 Posset
2373 2252 2688 2317 ceteroquin
2732 2252 2916 2311 loeus.
2949 2259 3160 2304 servata
3198 2247 3404 2318 vulgari
3453 2248 3538 2302 in-

1934 2324 2338 2388 terpunctione.
2371 2324 2477 2376 alio
2505 2334 2557 2376 et
2585 2323 2874 2375 Ctttntltttdti
2905 2320 3034 2374 satis
3065 2335 3226 2374 sensu
3249 2320 3537 2390 explicari,

1933 2394 1979 2448 si
2007 2395 2188 2448 violati
2221 2395 2377 2448 ini-tri
2411 2394 2584 2447 dicam
2615 2393 2852 2448 Antonio
2881 2397 3000 2462 quis
3040 2391 3298 2447 scriberet
3325 2408 3340 2454 ;
3383 2390 3538 2461 cujus

1934 2467 2079 2534 leges
2114 2483 2279 2536 qttum
2310 2478 2384 2518 tot
2414 2466 2750 2535 antiquiOres
2781 2473 2952 2531 pOt'L'l!
2992 2480 3046 2516 sn
3072 2479 3136 2530 pe
3176 2463 3536 2536 iii-gleverint,

1931 2533 2075 2592 idem
2110 2533 2207 2591 cur
2249 2553 2276 2590 a
2323 2549 2508 2590 nostro
2549 2533 2786 2590 alienum
2837 2536 3247 2596 existimemus,
3282 2533 3414 2586 nihil
3454 2544 3540 2589 e-t

1931 2610 2071 2678 quod
2097 2611 2275 2673 exigat
2329 2608 2384 2664 Si
2409 2623 2680 2677 quserao
2710 2608 2974 2662 maluerit.
3009 2608 3076 2660 ita
3112 2607 3536 2678 interpretetur:

1930 2676 1985 2734 et
2014 2683 2165 2734 sidus
2191 2676 2487 2750 supernum
2519 2681 2661 2734 celet
2697 2681 2746 2733 in
2783 2679 2912 2732 locis
2943 2679 3137 2732 abditis
3164 2687 3251 2750 aut
3284 2676 3534 2750 internis,

1931 2753 2032 2805 nisi
2059 2769 2236 2806 rerum
2263 2748 2532 2806 malarum
2580 2751 2778 2806 cauSa?
2823 2750 2886 2806 Ut
2911 2752 2980 2804 ila
3016 2751 3064 2802 itt
3099 2748 3376 2802 anfcrendi
3405 2761 3534 2803 casu

1929 2837 2174 2878 sumatur
2194 2840 2372 2882 causa.
2405 2839 2509 2876 non
2542 2823 2876 2876 nominandi.
2913 2823 3115 2875 Voxcx.

2001 2895 2250 2949 Isionim.
2293 2895 2348 2948 lit
2391 2895 2559 2948 sacris
2607 2895 2760 2947 Isrdis
2811 2894 2968 2946 sistra
3020 2890 3435 2963 quatiebantnr,
3477 2898 3534 2945 et.

1928 2967 2192 3022 Anubidis
2222 2974 2383 3031 caput
2399 2967 2649 3019 caniiunn
2671 2962 3055 3032 exponebatur.
3079 2963 3280 3018 Lucan.
3302 2962 3396 3018 lib.
3416 2975 3529 3030 vttt,

1926 3055 2042 3093 rem
2073 3038 2452 3105 complectitur
2480 3047 2764 3108 utramque
2795 3055 2808 3090 :

2019 3153 2374 3217 Semideosque
2398 3166 2565 3214 canes,
2594 3160 2648 3202 et
2667 3155 2810 3204 sistra
2830 3153 3052 3216 iubentia
3076 3153 3276 3202 luctum.

1925 3261 2194 3314 Ausonius
2221 3259 2287 3313 ad
2321 3260 2602 3314 Paulinum
2635 3270 2877 3316 nostrmn
2917 3262 3181 3327 scribens,
3224 3259 3394 3332 Epist.
3429 3259 3520 3314 25.

2018 3371 2198 3422 Isiacos
2223 3373 2410 3434 agitant
2435 3373 2697 3424 Mareotica
2721 3375 2867 3424 sistra
2893 3374 3144 3424 tumultus.

1922 3479 2131 3550 Anubis
2160 3495 2319 3548 porro
2345 3479 2758 3550 Cynocephalus
2785 3480 2946 3534 ctiam
2976 3479 3273 3538 dicebatur.
3301 3478 3521 3534 nomine

1922 3553 2041 3615 ejus
2093 3549 2322 3604 fortna'n
2369 3549 2726 3612 esuritio-nte.
2781 3551 3104 3605 Athanasius
3148 3560 3286 3606 orat.
3336 3563 3523 3604 contra

1922 3621 2096 3697 G_t_':rc.
2201 3622 2655 3697 wap’_At"/u1r'riotc
2703 3625 3037 3697 ιῳνοκξφᾳλος
3060 3621 3520 3697 _'_Auob€¢g.___Apttd

1922 3692 2202 3764 Egyptios
2231 3692 2574 3765 cuitiiiafucie
2601 3695 2808 3748 Anubis.
2847 3692 3028 3755 Ovid”
3055 3694 3297 3759 Metutn.,
3323 3693 3414 3748 lib.
3443 3708 3518 3748 lx.

2478 3805 2594 3858 Cum
2619 3821 2715 3870 qua
2735 3806 2938 3856 latrator
2961 3805 3145 3856 Anubis

2014 3869 2270 3932 Sistraque
2295 3875 2454 3930 erant,
2480 3867 2826 3932 nunquamque
2849 3871 2967 3918 satis
2991 3871 3229 3932 quasitus
3249 3867 3420 3919 Osiris.

1923 3976 1997 4028 De
2033 3977 2208 4030 sistris
2239 3976 2460 4030 consule.
2492 3975 2745 4029 Laurent.
2782 3975 2998 4045 Piguor.
3035 3977 3086 4028 iu
3134 3974 3312 4028 Mensa
3356 3973 3513 4030 I~iac.

1919 4059 1965 4100 et
1992 4047 2258 4116 egiegiam
2288 4048 2726 4101 dissortationem
2759 4047 3029 4102 Benedicti
3052 4045 3306 4101 Bacchiui
3337 4047 3518 4100 erudi-

1918 4117 2034 4172 tiss'.
2066 4129 2119 4171 et
2148 4120 2357 4172 thal'lSS.
2389 4117 2509 4172 viri.
2540 4120 2680 4172 MUR.

1994 4187 2182 4243 Nescio
2231 4193 2371 4251 quid.
2423 4191 2619 4244 Locum
2666 4189 2880 4244 Minucii
2925 4190 3190 4259 expressit
3238 4189 3515 4244 Paulinus.

1917 4261 2094 4316 llltlUII
2134 4261 2224 4315 ille
2253 4278 2265 4313 :
2305 4279 2322 4311 ι
2361 4260 2479 4316 Mox
2516 4263 2734 4315 invento
2765 4261 2988 4330 parvulo
3017 4262 3207 4324 gaudet
3251 4261 3344 4316 Isis
3368 4303 3382 4320 .
3417 4277 3516 4315 ex-

1914 4333 2119 4386 sultant
2149 4331 2489 4399 suci-rdiiles,
2519 4334 2932 4404 LyiioCephalns
2960 4335 3208 4404 inventor
3231 4333 3511 4402 gloriatur,

1916 4419 2016 4458 nec
2044 4405 2296 4456 desinunt
2341 4404 2497 4458 attnis
2535 4405 2788 4458 omnibus
2815 4404 2895 4458 vel
2930 4403 3152 4469 jerdi-re
3180 4404 3319 4465 quod
3361 4406 3512 4459 inve-

1915 4475 2099 4530 niunt.
2132 4477 2210 4530 vel
2253 4475 2498 4531 iuienu-e
2536 4477 2677 4544 quod
2725 4476 2975 4543 perdant.
3015 4495 3034 4526 ι
3065 4475 3170 4530 Jul.
3211 4475 3514 4541 Firmicus,

219 4525 266 4610 in
289 4526 504 4617 Dialng;
527 4541 655 4619 Cltlll‘
675 4526 964 4614 Try'phone
993 4526 1198 4618 Mithrm
1225 4525 1582 4619 Sarra‘perngi
1612 4527 1692 4619 Ill'S
1712 4528 1806 4591 ait,

1928 4547 2056 4602 3.2:
2096 4566 2114 4598 ‹
2150 4546 2287 4600 Mhil
2338 4547 2422 4600 hic
2471 4525 2702 4602 invi-nis.
2726 4525 2828 4601 itisi
2861 4548 3000 4619 quod
3031 4547 3225 4601 iterum
3252 4559 3344 4603 aut
3365 4525 3514 4618 quia:

218 4598 264 4650 ἐν
291 4596 864 4672 γτόπῳίέπίκαλουμξένῳ
905 4598 1032 4672 παρ’
1059 4601 1232 4660 αὐτοῖς
1262 4597 1525 4670 σπηλαίῳ,
1557 4597 1608 4649 in
1657 4596 1769 4672 loco
1787 4637 1804 4661 ,

218 4671 298 4734 qui
343 4666 486 4740 upild
528 4671 646 4722 illos
691 4666 1100 4738 shlaéumﬁseu
1163 4686 1354 4740 specus
1381 4666 1616 4740 uocatur.
1672 4666 1806 4740 Vide

222 4737 463 4802 Ilieron.,
501 4744 551 4794 in
587 4741 686 4807 Ep.
721 4737 789 4794 ad
825 4742 1051 4802 lat-tam;
1083 4741 1301 4795 Reincs.
1332 4739 1413 4794 Cl.
1444 4755 1478 4800 ι,
1508 4757 1557 4792 ιι.
1590 4740 1678 4793 48.
1715 4737 1804 4793 Iti-

219 4815 437 4879 si-ript.;
482 4813 762 4881 Bulenger.
796 4814 888 4868 lib.
922 4828 968 4876 t,
997 4828 1045 4867 c.
1088 4815 1119 4866 4
1141 4855 1154 4872 ,
1187 4812 1255 4866 de
1286 4811 1371 4866 lic.
1405 4820 1458 4866 et.
1489 4819 1593 4864 vel.
1627 4811 1801 4880 Mag.;

220 4881 455 4955 Selden”
501 4886 568 4940 de
609 4884 716 4938 Diis
751 4883 1124 4955 SyrisLSynl.
1156 4900 1203 4947 ι,
1243 4899 1293 4938 c.
1327 4883 1390 4948 6;
1438 4882 1691 4948 Saltt:as.,
1738 4883 1804 4938 ad

221 4951 350 5008 Hist.
387 4966 545 5025 Aug,
582 4959 670 5007 fol.
704 4951 830 5014 549.
863 4954 989 5014 589.
1014 4951 1123 5010 etc.

289 5027 512 5095 Quinque
536 5037 726 5095 legunt.
749 5027 1100 5081 Scribi-udum
1131 5027 1307 5095 potius
1330 5025 1538 5080 videtur
1564 5041 1808 5095 quemque

223 5104 384 5167 tegunt
413 5099 646 5153 tenebris.
683 5098 859 5153 Nihilo
889 5101 1064 5153 secius
1094 5099 1265 5165 placet
1291 5112 1498 5150 sensus.
1524 5096 1661 5150 Man.

286 5169 444 5224 Celet.
477 5169 595 5224 Cela
641 5185 738 5238 pro
781 5171 912 5223 lateo
954 5170 1260 5223 inusitatmn
1294 5169 1535 5223 verbum.
1570 5165 1805 5237 'l‘egendi

223 5247 453 5302 tantum,
495 5254 656 5305 atque
700 5241 1007 5295 oet-uitandi
1059 5241 1446 5302 signiﬁcatione
1493 5251 1805 5308 usurpatum

222 5309 447 5366 imenio.
485 5313 562 5366 Me
594 5322 769 5366 tamen
814 5313 1016 5365 monuit
1057 5313 1454 5366 eruditissimus
1480 5312 1560 5365 vir
1585 5310 1807 5364 Mu-hztel

223 5380 454 5437 Maddins
483 5384 646 5438 claris
678 5384 768 5437 imi
799 5385 895 5436 viri
923 5381 1045 5438 Car.
1091 5384 1156 5438 M.
1199 5383 1390 5437 Maildii
1429 5382 1806 5453 dignissimum

223 5468 455 5577 ferriteri,
485 5456 626 5526 apud
660 5455 902 5510 Plautum
948 5455 1000 5510 itt
1045 5455 1260 5521 Bacch.,
1297 5454 1416 5509 Act.
1448 5455 1499 5521 5,
1541 5469 1718 5523 suem,
1748 5453 1805 5520 2,

245 5541 318 5577 rei
350 5545 364 5577 :

245 5541 318 5596 νει
350 5545 364 5582 :

268 5633 274 5637 ’
314 5643 378 5695 L’t
398 5651 452 5694 ut
473 5648 592 5707 eris,
618 5657 814 5705 moneo,
835 5655 933 5693 non
955 5656 1015 5694 ce
1034 5655 1156 5693 anis.

229 5743 291 5818 Et
312 5762 337 5799 a
361 5748 660 5805 Scholiasle
686 5748 947 5803 Lambino
974 5747 1042 5801 ita
1067 5747 1318 5818 explicari
1347 5765 1358 5800 :
1385 5763 1484 5801 non
1517 5746 1684 5816 folles,
1711 5763 1811 5800 non

232 5817 419 5874 latebis.
453 5824 611 5877 Certe
656 5822 699 5875 si
744 5833 1041 5890 pronomen
1075 5831 1120 5873 te
1141 5817 1279 5875 ’lieic
1308 5819 1810 5889 subintelligendum

233 5893 530 5950 contendis.
559 5903 611 5946 et
653 5909 751 5966 ego
783 5893 832 5944 in
865 5891 1068 5945 Paulini
1103 5907 1257 5944 versu
1291 5905 1584 5960 pronomen
1615 5907 1668 5945 se
1685 5891 1813 5947 snh-

1913 4635 2000 4674 ras
2022 4661 2038 4687 ,
2069 4630 2159 4672 aut
2187 4620 2392 4690 lugeas.
2432 4637 2450 4670 »
2488 4619 2606 4690 Ipse
2639 4619 2891 4673 Paulinus
2918 4618 3065 4684 Nat.,
3097 4634 3148 4673 XI
3181 4636 3196 4674 :

2404 4731 2524 4781 Nam
2548 4732 2682 4794 qtiid,
2711 4744 2847 4793 rogo,
2881 4732 3057 4780 carius
3081 4729 3200 4792 illis;

2002 4797 2098 4906 IQui
2123 4807 2217 4867 non
2242 4795 2469 4905 amissum
2490 4802 2736 4857 quzurunl,
2763 4807 3099 4858 nusquamque
3123 4802 3408 4846 manentem

2029 4865 2264 4907 nveniunt

1986 4961 2122 5026 Quid
2158 4961 2369 5030 Serapis
2410 4964 2609 5016 meruit.
2643 4962 2740 5016 llic
2793 4977 2984 5028 aquam
3029 4960 3234 5017 haerere
3261 4963 3389 5017 mihi
3420 4962 3506 5018 Iu-

1912 5033 2103 5086 bentcr
2131 5035 2321 5086 fati-or.
2359 5032 2600 5099 Alicujus
2646 5033 2766 5088 l‘esti
2811 5035 2918 5089 diei
2951 5035 3194 5088 meminit
3228 5035 3504 5102 Paulinus,

1912 5104 2251 5174 qunSei-apis
2274 5107 2466 5160 multas
2488 5105 3237 5176 iuduereligm-ascogebatur
3254 5125 3266 5158 :
3283 5117 3330 5157 at
3353 5105 3511 5173 hujus

1912 5177 2134 5245 vestigia
2167 5192 2427 5241 nusiptam
2460 5177 2856 5246 reperio.Certc
2885 5177 3210 5238 Macrobius,
3237 5177 3506 5230 elPlutar-

1911 5248 2067 5307 clins,
2090 5248 2141 5301 itt
2168 5247 2256 5300 lib.
2282 5247 2348 5301 de.
2362 5247 2539 5315 Osid.,
2557 5250 2768 5303 etOsit'.
2791 5249 2932 5301 nulla
2949 5247 3046 5301 alia
3073 5246 3309 5300 t-flirttini
3337 5250 3509 5303 turma

1913 5320 2227 5396 serapiilem
2270 5318 2468 5396 faciunt
2500 5336 2660 5396 quam
2695 5320 2922 5396 humana
2959 5325 3279 5396 ελπανςταχοῦ
3311 5321 3505 5396 dilapsi-

1913 5392 2175 5469 τῖόμᾳρφον
2205 5389 2459 5469 Ὀσίριδος
2489 5389 2694 5469 ἄγαλμᾳ
2714 5435 2727 5453 ,
2757 5392 2935 5469 ubique
2965 5389 3291 5469 simulat-rum
3329 5389 3506 5469 Uilfri-

1914 5459 1995 5514 dui
2031 5459 2252 5516 tiu-utinm
2285 5459 2452 5529 siccie
2476 5459 2774 5517 osiruilitur.
2805 5463 2888 5516 Ab
2915 5459 3295 5514 eruditioribtts
3327 5466 3505 5528 itaque

1913 5535 2276 5600 exspectanda
2325 5537 2538 5587 solutio.
2585 5535 2727 5589 Μσιι.
2770 5564 2839 5574 ο·-
2875 5532 3066 5586 Notnnt
3109 5546 3175 5585 rx
3224 5531 3502 5598 historiis,

1915 5605 2040 5674 quid
2073 5603 2312 5675 Egyptii
2341 5607 2408 5659 de
2435 5606 2648 5660 Osiride
2679 5605 2806 5676 (qui
2853 5603 3012 5676 idem
3039 5619 3158 5656 cum
3206 5602 3502 5676 Serapide)

1915 5674 2252 5734 tradiderint.
2281 5693 2402 5731 eunt
2434 5694 2624 5746 nempe
2655 5674 2696 5728 a'
2715 5675 2974 5745 Typhone
3003 5674 3418 5746 interemptum,
3448 5674 3505 5732 et

1917 5748 1972 5802 in
2007 5760 2183 5817 partes
2215 5745 2617 5816 quatuorilcriin
2659 5747 2988 5816 discerptum
3022 5745 3203 5799 fuisse.
3236 5746 3290 5800 ld
3322 5758 3502 5802 autem

1917 5819 1970 5874 in
2001 5821 2172 5875 sacris
2201 5821 2312 5874 suis
2338 5819 2573 5890 [Egyptii
2608 5819 3067 5890 repragsentabaut
3093 5835 3106 5869 :
3136 5833 3311 5888 eoque
3337 5821 3510 5890 respi-

1916 5892 1991 5945 cit
2030 5890 2350 5947 Plutarchus
2381 5898 2443 5944 de
2484 5889 2626 5945 Iside
2657 5902 2705 5944 et
2753 5889 2992 5957 Osirida,
3028 5892 3244 5960 quando
3279 5889 3506 5961 scribit,
