3904 6316
457 378 566 432 37-9
681 375 914 449 (v.l79.)

449 496 566 550 Axe
590 495 688 548 sub
712 497 949 548 aetherei)
976 488 1184 544 medius
1207 488 1546 542 concluditur
1571 500 1686 541 aer.

451 587 564 642 Hoc
587 588 748 640 etiam
772 584 987 648 caelum,
1020 582 1163 652 quod
1192 597 1291 636 uos
1320 580 1548 636 sublime
1570 579 1814 632 videmus
1832 620 1845 640 ,

444 681 548 736 Sex
577 679 695 735 aliis
723 677 858 732 iul‘ra
892 687 975 732 est
1001 680 1175 746 Spatio
1200 674 1541 740 surgentibus
1560 688 1736 741 :rquo.

441 774 675 842 Postque
698 774 921 826 thruuus
941 780 1171 840 Septem,
1203 780 1324 838 post
1349 778 1427 820 tot
1446 764 1687 822 «mlesda
1718 779 1878 834 regna

442 865 652 920 Ctetera
686 881 809 934 pars
833 863 1031 932 omnis,
1064 878 1182 930 qua:
1199 861 1408 916 cunctis
1427 861 1626 915 eminet
1655 859 1822 918 ultra,

442 961 575 1029 Qum
605 975 768 1029 super
807 959 1039 1023 excedit,
1077 971 1197 1026 qua:
1227 955 1427 1025 passim
1460 954 1632 1008 tendit
1654 951 1705 1005 in
1733 951 1922 1014 altum,

439 1057 572 1123 Qua:
597 1053 712 1108 ~ine
743 1053 850 1106 line
873 1061 1041 1119 patet,
1064 1066 1224 1118 quam
1259 1064 1360 1104 nec
1391 1061 1543 1101 mens
1564 1043 1768 1114 colligit
1799 1043 1908 1096 ulla
1930 1082 1946 1108 ,

438 1151 598 1207 Lucis
630 1151 918 1204 inacceSSa-
949 1146 1142 1200 domus
1168 1154 1249 1198 est
1268 1186 1282 1207 ,
1312 1141 1578 1209 sedesque
1607 1138 1841 1208 potentis

440 1242 634 1300 Sancta
669 1241 759 1295 Dci
785 1240 926 1294 unde
957 1237 1164 1307 procul,
1192 1251 1309 1305 qur
1340 1233 1466 1288 fecit
1497 1231 1708 1285 subdita
1731 1227 1924 1283 cernit.

437 1336 624 1390 Omnia
653 1339 731 1388 sic
759 1341 1010 1386 constant
1034 1372 1049 1393 .
1093 1330 1220 1384 dum
1249 1326 1469 1390 spiritus
1499 1326 1677 1380 otunia
1703 1321 1891 1395 cingit.

439 1431 565 1484 llrec
594 1429 781 1484 eadem
812 1442 1039 1498 quorum
1069 1425 1223 1479 nobis
1253 1421 1569 1477 conceditur
1592 1435 1720 1473 usus
1745 1461 1760 1483 ,

435 1522 566 1591 Quae
594 1521 748 1592 polus
781 1518 1006 1574 inferior
1027 1529 1218 1585 magna
1249 1514 1625 1584 complectitur
1653 1509 1797 1566 Urbe
1817 1551 1834 1572 .

1446 365 1722 425 ANTONll
1757 363 2044 420 CARMEN
2085 363 2455 423 ADVERSUS
2489 360 2783 421 GENTES.

2065 497 2117 553 Α
2145 478 2350 537 Cuncta
2381 482 2502 538 licet
2526 480 2759 541 distent,
2789 490 2893 530 una
2919 489 3041 529 cum
3065 486 3196 544 pace
3226 479 3490 525 tenentur.

3290 353 3515 425 (v.19i.)
3618 351 3712 408 980

2143 574 2382 645 Denique
2407 589 2602 628 nomen
2627 571 3030 633 babentunum,
3063 578 3186 622 sunt
3218 565 3398 620 omnia
3425 563 3656 620 Mundus.

2140 667 2293 724 Hunc
2319 672 2479 724 etiam
2504 668 2675 725 ϐιαιεί
2698 667 2934 721 Coauon
2961 663 3146 718 dixere
3172 669 3383 734 priores
3417 675 3430 713 :

2141 760 2276 814 Hinc
2305 761 2375 815 ita
2405 762 2764 831 compositum
2799 759 3143 825 di~tinguens
3173 764 3399 823 utraque
3423 753 3593 824 lingua

2139 852 2372 909 Cosmon
2404 853 2472 907 ab
2497 863 2713 914 ornatu.
2743 850 2996 904 Mundum
3027 848 3093 903 de
3121 847 3321 901 lumine
3347 844 3501 900 dixit.

2140 946 2272 1001 Nam
2305 962 2412 1012 quo
2442 947 2520 999 sol
2559 947 2709 1002 nitet.
2730 944 2832 998 hoc
2855 955 3024 998 t0tum
3055 940 3310 996 sordebat
3338 944 3387 994 in
3419 939 3628 1006 umbra,

2142 1041 2208 1096 Et
2236 1048 2417 1094 manet
2455 1039 2783 1108 exemplum.
2817 1037 3065 1108 quotiens
3093 1051 3196 1089 nox
3227 1033 3404 1088 omnia
3439 1032 3617 1102 fiedat,

2142 1132 2212 1186 Et
2232 1133 2391 1186 docet
2407 1147 2472 1186 ex
2503 1130 2762 1192 tenebris.
2792 1144 2911 1198 quit:
2938 1128 3005 1182 sit
3031 1127 3153 1181 data
3182 1126 3349 1197 gratia
3385 1127 3535 1180 lucis.

2147 1224 2248 1279 Tot
2281 1225 2417 1279 bona
2447 1228 2535 1295 qui
2569 1225 2713 1290 iecit,
2743 1223 2834 1292 qui
2859 1223 2937 1276 sic
2962 1229 3218 1290 operatus
3248 1219 3443 1288 ubique
3473 1228 3588 1286 est,

2140 1319 2237 1374 Hic
2267 1321 2406 1374 tiens
2437 1317 2506 1373 de
2527 1323 2692 1372 corde
2725 1317 2838 1380 Dei,
2874 1317 2958 1369 hic
2985 1315 3216 1380 Spiritus
3245 1315 3375 1378 oris.

2138 1411 2321 1466 Sancti
2349 1426 2528 1464 sermo
2552 1409 2745 1468 Patris.
2773 1416 3043 1462 tantarum
3074 1405 3274 1460 fabrica
3303 1420 3480 1459 rerum
3515 1422 3529 1459 :

2139 1503 2248 1560 Nec
2275 1520 2334 1559 se
2356 1504 2600 1576 Paganus
2629 1501 2830 1568 laudet,
2853 1503 2897 1557 si
2927 1501 3056 1556 vitat
3086 1499 3225 1554 idola
3245 1540 3261 1566 ,

1773 1619 2336 1680 COMMENTARIUS.

511 1755 712 1810 Medius
733 1750 1052 1806 concluditur
1073 1761 1183 1800 aer.
1202 1744 1372 1806 Absit,
1403 1749 1460 1796 ut
1482 1737 1852 1809 imaginariam
1875 1737 2024 1791 illam

2158 1736 2346 1816 malim}
2377 1735 2691 1816 οἱκρυμέγῃς,
2725 1737 2904 1816 ᾧσπερ
2950 1736 3334 1816 addc-1:139“
3388 1730 3522 1790 ἄστυ
3574 1753 3718 1815 annos

438 1829 576 1897 ignis
605 1827 867 1897 sphmratu
887 1865 902 1888 ,
929 1836 1088 1890 quam
1119 1815 1435 1897 Aristoteles
1463 1816 1711 1897 eiusque
1731 1818 2029 1897 sectatores

429 1881 614 1968 lepide
636 1881 1052 1968 excogitant-nt.
1085 1907 1146 1945 ac
1164 1890 1456 1943 etiammnn
1492 1885 1738 1953 probant.
1773 1881 2028 1968 Paulinus

435 1952 619 2026 uoster
644 1952 941 2023 admiserit.
977 1965 1109 2017 lline
1138 1976 1317 2013 acrem
1353 1972 1457 2011 non
1489 1952 1514 2007 ἐι
1544 1952 1931 2026 cotinnentitits
1951 1952 2027 2026 il-

437 2020 782 2102 ιίξιιίηῆἧιέ,
829 2020 922 2093 Sed
957 2036 1024 2090 ab
1053 2035 1255 2089 aethere
1285 2031 1487 2084 ριειοινο
1527 2027 1840 2080 conclusum
1872 2020 2027 2077 aflir-

433 2125 564 2170 mat.
601 2113 742 2169 Muu.

512 2165 735 2256 Postque
764 2184 972 2236 thronos
1001 2189 1209 2250 septem.
1231 2174 1350 2255 Non
1383 2180 1591 2256 septem
1625 2179 1831 2256 tantum
1865 2165 2028 2256 ,Jsed

435 2275 630 2313 novem
650 2240 758 2311 ἐπι)
784 2240 1392 2324 emnyreoconstitutos
1414 2243 1585 2324 fuisse
1615 2240 1782 2324 cwlos'
1810 2240 2034 2324 omnino

434 2329 733 2384 fatendum.
775 2313 990 2394 Septimi
1020 2338 1084 2378 ex
1125 2322 1186 2375 iis
1225 2316 1460 2372 errantia
1497 2313 1677 2368 sidera
1708 2319 1933 2376 tenent,
1977 2319 2035 2364 ut

432 2401 594 2456 habet
623 2400 916 2454 versiculus
954 2413 967 2449 :

529 2517 748 2582 Cynthia,
775 2515 1062 2566 Mercurius.
1086 2511 1275 2569 Venus,
1298 2514 1350 2558 et
1370 2507 1472 2564 Sol.
1496 2505 1642 2564 Mars,
1665 2501 1694 2551 Ι
1699 2515 1811 2561 ove,
1831 2501 1997 2550 Satur.

435 2624 694 2681 Oetavum
741 2639 770 2678 a
817 2621 935 2676 lixis
970 2619 1236 2675 sideribus
1283 2625 1612 2691 occupatur;
1650 2623 2037 2691 nonanno-trem

437 2680 668 2766 primum
695 2694 890 2748 mobile
931 2703 1009 2746 est
1034 2735 1048 2756 ,
1082 2692 1166 2744 cui
1193 2680 1434 2743 snt-cedit
1462 2697 1802 2755 empyreum.
1833 2680 2040 2766 l‘iihilo-

435 2754 614 2823 minus
639 2777 846 2836 septem
874 2754 1043 2818 cados
1070 2773 1196 2816 ante
1232 2773 1546 2836 cmpyrenm
1562 2754 1794 2836 “cistam:
1834 2754 2039 2836 diferre

436 2824 920 2896 Paulmus'seutit.
969 2837 1080 2903 Qua
1111 2824 1826 2903 rationequmris?_Poetica
1873 2824 2040 2903 facul-

436 2921 546 2966 tate
570 2909 870 2980 respondeo
896 2926 909 2970 ;
944 2897 1362 2980 siqttideiti:_ipud
1391 2900 1643 2980 poetasin
1671 2905 1863 2980 octavo
1875 2897 2040 2980 etelo,

438 2968 682 3038 videlicet
712 2984 761 3034 in
787 2968 1000 3034 sidereo
1014 2968 1196 3032 'cmlo.
1228 2968 1316 3028 Dei
1346 2968 1542 3027 sumini
1565 2968 1900 3025 domiciliunt
1931 2979 2040 3023 sta.

433 3057 618 3108 tuitttr.
654 3052 900 3122 Virgilius
929 3051 1020 3106 lib.
1051 3051 1132 3104 l0.
1165 3046 1382 3104 IEIICltl.

532 3165 901 3225 Conciliumque
923 3171 1061 3214 vocat.
1083 3162 1250 3212 divum
1270 3168 1431 3225 pater,
1446 3169 1596 3224 atque
1616 3159 1869 3209 hominum
1887 3170 1980 3208 rex

535 3228 790 3279 Sideream
811 3228 862 3276 in
885 3227 1118 3276 sedem...

443 3333 630 3460 Si‘don.
670 3332 902 3403 Apollin.
955 3333 1006 3385 in
1058 3331 1318 3401 Panegyr.
1358 3329 1496 3383 Aviti
1541 3327 1608 3382 de
1642 3328 1866 3382 deorum
1909 3341 2044 3383 cono

443 3421 488 3460 ei
517 3421 569 3460 ιο
598 3422 611 3458 :

442 3421 569 3460 ClllO
598 3422 611 3458 ἒ

537 3519 652 3570 lose
673 3521 1002 3582 pavimentum
1021 3524 1133 3582 sunt
1155 3517 1338 3582 sidera,
1359 3515 1458 3578 jam
1483 3515 1632 3564 Pater
1652 3527 1806 3563 aureo

538 3580 853 3647 'l‘rauQuillus
876 3595 991 3632 sese
1008 3581 1131 3630 solio
1155 3580 1344 3629 lceat...

444 3687 728 3751 Euripides
770 3686 845 3760 in_
875 3685 1008 3760 June
1047 3687 1155 3746 Διὸς
1185 3685 1526 3760 7:011:1-10'7‘002
1545 3683 1679 3760 ἓδᾳς.
1720 3684 1865 3760 {ovis
1905 3684 2046 3752 pavi-

445 3771 671 3813 mentum
703 3758 1121 3822 multisidereum,
1151 3754 1530 3824 appellat,'cui
1559 3757 1696 3810 adde
1710 3754 1991 3826 Chrysusl,
2028 3797 2042 3818 ,

445 3831 594 3886 Orat.
627 3829 679 3897 2.
712 3829 781 3883 de
831 3830 918 3882 1)νί
969 3840 1078 3882 nat.
1109 3828 1372 3894 aliosque.
1409 3826 1531 3881 Fuit
1562 3829 1676 3880 ba-c
1709 3843 1922 3896 quoque
1955 3843 2046 3882 ve—

446 3913 622 3957 terum
652 3903 1068 3956 cliristiannrum
1098 3899 1383 3953 sententia.
1421 3897 1746 3954 Drcmlorum
1759 3899 2048 3952 diversitate

448 3973 774 4031 Pliilastrius
812 3973 1095 4028 brimensis
1137 3973 1424 4039 episcenos
1454 3970 1826 4038 imaginariam
1875 3969 2043 4024 haere-

447 4046 551 4099 sim
583 4055 826 4100 ret-euset
855 4061 974 4112 cap.
1006 4044 1097 4105 46.
1131 4044 1311 4109 aitque
1343 4059 1356 4095 :
1393 4059 1411 4092 ι
1449 4044 1576 4098 Sive
1600 4057 1728 4109 ergo
1757 4056 1850 4095 seu
1880 4042 2046 4096 C(Blns

449 4115 742 4241 secn’dnm
789 4117 971 4176 David.
1000 4129 1053 4170 et
1091 4114 1376 4182 septimum
1411 4114 1509 4168 hoc
1540 4117 1932 4168 firmamentum
1960 4129 2049 4168 ac-

451 4188 570 4241 cine
602 4203 634 4241 e
661 4190 780 4241 uuis
824 4189 1076 4241 Voluerit.
1113 4203 1218 4241 non
1261 4197 1400 4240 errat
1438 4201 1598 4238 :nam
1635 4186 1892 4240 Salomon
1936 4197 2048 4239 tres

451 4186 634 4254 cinere
661 4190 780 4248 quis
824 4189 1076 4246 Voluerit.
1113 4203 1218 4241 non
1261 4197 1400 4240 errat
1438 4201 1598 4238 :nam
1635 4186 1892 4240 Salomon
1936 4197 2048 4239 tres

455 4261 626 4314 cmlos
651 4260 805 4321 dicis,
840 4260 908 4311 ita
936 4259 1158 4319 omium.
1192 4271 1240 4312 et
1271 4257 1470 4312 malum
1494 4256 1636 4312 cudi.
1669 4257 1866 4311 Paulus
1894 4273 2048 4326 anque

453 4331 748 4395 Apostolus
795 4346 961 4399 usque
990 4329 1055 4384 ad
1090 4330 1303 4382 tertium
1331 4330 1526 4384 malum
1559 4344 1618 4383 se
1649 4339 1856 4395 raptum
1909 4327 2046 4381 fate-

454 4412 566 4455 tur.
593 4400 717 4456 Si\e
747 4416 876 4467 ergo
901 4412 1107 4469 septeni
1138 4401 1259 4466 quis
1289 4400 1582 4468 acet-perit.
1613 4409 1669 4453 ut
1698 4399 1888 4464 David,
1931 4401 2047 4454 sive

457 4481 588 4537 tres,
620 4473 731 4525 sive
759 4471 914 4537 duos,
948 4488 1052 4525 non
1080 4481 1242 4526 errat.
1276 4490 1294 4522 ι
1335 4470 1472 4525 llius.

534 4543 682 4598 Unde
711 4543 910 4610 procul.
945 4543 1219 4613 Virgilium
1243 4542 1519 4606 imitatur,
1552 4543 1622 4596 ita
1648 4541 1743 4597 lib.
1775 4559 1805 4597 ιι
1833 4539 1987 4596 Ειιθὶ

457 4625 737 4670 canentem
764 4631 778 4667 ἶ

552 4727 916 4792 Conciliumque
942 4735 1081 4780 vocat
1102 4731 1267 4780 divum
1286 4734 1606 4790 pater,atque
1623 4726 1874 4776 hominum
1897 4738 1990 4777 rex

553 4791 812 4840 Sideream
840 4791 888 4841 in
909 4794 1100 4851 sedem,
1125 4800 1284 4842 terras
1307 4792 1438 4841 unde
1463 4793 1646 4840 arduus
1666 4802 1838 4839 omnes

553 4852 820 4917 Castraque
840 4853 1169 4904 Dardanidum
1185 4862 1476 4920 spectat.....

464 4960 880 5034 Liceatouoque
927 4961 1230 5034 italivorum
1255 4971 1432 5015 vatum
1467 4961 1762 5034 principem
1791 4957 1912 5017 heic
1960 4973 2054 5016 au-

464 5032 580 5087 dire
608 5031 701 5088 lib.
728 5047 766 5086 ι.
799 5033 1182 5105 Hierosolyma:
1211 5031 1493 5089 Liberatze.

561 5145 766 5204 Quando
785 5147 897 5195 dall’
920 5147 1019 5196 alto
1042 5145 1197 5204 soglio
1222 5147 1255 5195 il
1276 5148 1434 5197 Padre
1461 5155 1653 5207 eterno,

558 5209 645 5272 (ξω
668 5209 699 5258 e
724 5206 851 5258 uella
879 5218 1016 5272 parte
1042 5211 1124 5272 pii:
1145 5209 1228 5257 (ιρι
1249 5210 1350 5260 Ciel
1377 5213 1589 5266 sincera,

562 5271 638 5321 Gli
658 5273 793 5331 OCCle
819 5275 866 5320 in
884 5271 974 5331 'giit
999 5272 1152 5321 volse.
1181 5285 1210 5320 e
1239 5272 1287 5319 iit
1313 5285 1374 5319 tiu
1398 5272 1468 5320 sol
1497 5279 1660 5332 puuto,
1688 5284 1717 5320 e
1742 5272 1792 5320 in
1815 5285 1910 5322 una

561 5334 698 5385 Vista
723 5333 843 5383 miro
865 5335 942 5385 cio
963 5334 1041 5383 ch'
1069 5337 1116 5384 in
1142 5348 1198 5384 se
1227 5333 1256 5381 Ἰ
1284 5333 1460 5382 moudo
1484 5334 1660 5383 aduna.

521 5439 884 5506 Complectitur
908 5439 1062 5494 Urbe.
1093 5440 1319 5495 Romani
1354 5440 1560 5507 imperii
1595 5440 1728 5495 lines
1751 5441 1968 5496 eosdem
1999 5458 2062 5499 ac

469 5513 617 5637 orbis
653 5524 913 5567 teriarnut
942 5513 1120 5568 Poetze
1156 5521 1474 5568 statuerunt.
1507 5510 1671 5567 Rutil.
1692 5553 1707 5578 ,
1740 5513 1792 5567 in
1825 5513 2004 5569 ltiner.
2043 5557 2058 5581 ,

470 5598 503 5637 e
525 5597 747 5637 euanter
775 5604 790 5637 :

470 5597 747 5653 eleganter
775 5604 790 5639 :

566 5695 794 5772 Dumque
812 5699 963 5772 offers
975 5701 1124 5772 yietis
1140 5699 1318 5772 proprii
1342 5698 1580 5772 consortia
1593 5695 1724 5772 juris

695 5760 874 5810 Urbem
896 5763 1074 5815 iecisti.
1093 5760 1174 5825 qui
1191 5762 1326 5825 prius
1348 5764 1481 5810 orbis
1503 5767 1628 5810 erat.

473 5842 755 5930 Scholiast.
789 5849 840 5897 ιιι
885 5846 1102 5912 Dionve.
1135 5847 1203 5898 de
1244 5846 1346 5930 sint
1393 5845 1510 5899 nrb.
1557 5842 1684 5930 dri-cf
1712 5842 1766 5900 δὲ
1789 5845 1934 5930 πὸᾒις
1959 5853 2066 5908 τοῖς·

469 5917 626 5973 αὐτῆς
674 5914 828 5989 ὀρέως
873 5920 959 5968 καὶ
1004 5921 1206 5989 χώραις·
1251 5919 1381 5976 ἐστὶ.
1412 5924 1564 5971 τοῦτα
1601 5914 1689 5975 ide
1729 5919 1759 5974 ἡ
1788 5918 1932 5975 πὸ).ις
1976 5927 2060 5976 τῆς

2135 1804 2550 1878 ἁποδεδειγμένή.
2589 1805 2737 1871 Quod
2759 1804 2931 1878 gutéin
2960 1818 3033 1860 est
3060 1804 3380 1878 suis—liiiibus
3421 1817 3466 1858 et
3514 1806 3717 1878 regioni-

2135 1879 2229 1930 bus
2249 1879 2365 1930 urbs
2387 1877 2588 1944 aliqua.
2623 1878 2718 1930 hoc
2751 1877 2928 1931 Roma:
2953 1887 3024 1931 est
3075 1878 3224 1930 latius
3259 1877 3394 1930 orbis
3423 1877 3712 1942 provinciis,

2135 1950 2280 2018 φιιηὶ
2329 1964 2594 2001 commune
2638 1949 2792 2001 totius
2835 1949 3294 2003 Itabilabilisterra'
3314 1948 3560 2015 Oppidum
3602 1947 3720 2001 llinc

2139 2019 2308 2074 Roma
2339 2019 2638 2092 Claudiano
2663 2020 2862 2075 dicitur
2881 2063 2895 2083 ,
2923 2037 3037 2090 qua:
3065 2021 3234 2092 fundit
3261 2021 3315 2073 in
3346 2036 3538 2092 omnes
3577 2019 3720 2087 impe-

2137 2092 2291 2145 rium.
2353 2090 2442 2146 Sic
2493 2090 2612 2144 Plin
2645 2135 2660 2158 ,
2705 2106 2827 2160 cap.
2882 2094 2955 2159 5,
2988 2090 3080 2146 lib.
3108 2106 3243 2144 XXXV
3274 2133 3289 2153 .
3344 2090 3563 2144 [mtuam
3602 2104 3720 2160 esse

2139 2180 2292 2216 unam
2349 2175 2651 2216 cunctarum
2703 2165 2926 2232 gentium
2966 2181 3019 2217 in
3052 2175 3156 2217 toto
3181 2161 3302 2216 orbe
3326 2164 3542 2228 patriam
3579 2159 3718 2215 dixit.

2139 2233 2302 2288 Plura
2361 2245 2480 2302 pete
2521 2251 2550 2287 a
2601 2235 2904 2304 Buleugero
2931 2277 2947 2302 ,
2989 2235 3056 2290 de
3114 2235 3245 2304 ltup.
3298 2233 3456 2288 Rom.
3485 2275 3500 2300 ,
3532 2232 3622 2288 lib.
3667 2248 3717 2295 tt,

2138 2320 2257 2376 cap.
2292 2307 2344 2358 5.
2381 2306 2522 2360 Μυιι.

2218 2377 2354 2431 Hinc
2379 2377 2469 2430 ita.
2500 2377 2774 2433 Arrideret
2811 2396 2825 2432 :
2858 2377 3009 2432 Hunc
3035 2381 3106 2432 ita
3161 2377 3303 2434 Μυιι.

2213 2449 2432 2524 Cosmon
2450 2449 2512 2524 ab
2533 2460 2737 2524 ornatu.
2767 2451 2967 2524 κόσμος
2991 2449 3309 2524 Δ(ἶιηι-(εἱςειιδι
3336 2457 3718 2524 ornamentum.
3793 2504 3795 2507 ,

2142 2522 2223 2576 Ab
2256 2523 2354 2574 hac
2375 2521 2763 2588 signiticmioue
2789 2565 2803 2585 ,
2841 2519 3022 2576 mundi
3069 2524 3158 2592 qui
3200 2520 3405 2576 Gra'cis
3434 2524 3626 2592 κόσμος
3653 2519 3723 2571 di-

2142 2595 2306 2656 citur,
2340 2605 2535 2646 noinen
2565 2592 2864 2646 derivatum
2885 2605 3069 2648 censet
3097 2593 3376 2658 Paulinus,
3395 2597 3515 2663 quia
3536 2611 3589 2646 ri-
3611 2605 3721 2644 vera

2143 2675 2226 2718 θαι
2279 2663 2510 2716 mundus
2564 2675 2786 2718 venusta
2823 2674 3262 2720 ornamentorum
3293 2669 3482 2719 series.
3511 2663 3606 2718 Alii
3637 2664 3724 2718 ἀπὸ

2144 2737 2370 2808 κόσμου.
2399 2739 2486 2804 qui
2517 2745 2598 2808 est
2626 2736 2773 2802 ordo,
2810 2752 2903 2790 seu
2947 2737 3150 2800 modus,
3178 2736 3411 2790 nominis
3440 2737 3721 2808 bnjusgety:

2145 2803 2434 2877 Illoltiglalll
2470 2807 2737 2862 deducunt
2771 2849 2784 2870 ,
2831 2824 2995 2878 quum
3072 2809 3302 2862 mundus
3353 2823 3545 2878 rerum
3578 2803 3720 2878 simul

2148 2875 2406 2934 :iexarum
2448 2887 2608 2948 atque
2635 2875 3000 2933 ordinaturum
3034 2895 3158 2934 vere
3187 2879 3256 2933 sit
3287 2889 3478 2933 status.
3526 2875 3723 2932 Tertul-

2148 2950 2344 3010 lianns.
2371 2950 2630 3004 adversus
2670 2950 2952 3014 Marcium.
2980 2952 3072 3006 lib.
3093 2967 3108 3005 ι
3128 2992 3142 3011 .
3173 2963 3346 3020 poene
3375 2961 3554 3005 nostro
3583 2949 3723 3020 subs:

2147 3024 2308 3077 cribit
2342 3040 2357 3075 :
2392 3039 2410 3073 ι
2443 3020 2509 3076 Ut
2531 3037 2679 3089 ergo.
2717 3040 2735 3073 ι
2773 3025 2868 3082 ait.
2899 3041 2916 3072 ί
2951 3021 3149 3093 aliquid
3166 3017 3233 3076 de
3253 3023 3357 3075 isto
3389 3022 3541 3090 hujus
3562 3017 3724 3093 mundi

2068 3099 2115 3161 ι]
2149 3093 2367 3164 indigno
2400 3093 2609 3161 loquar.
2633 3094 2716 3147 cui
2743 3105 2797 3148 et
2817 3095 2956 3161 apud
2983 3089 3202 3150 (ira-cos
3229 3089 3532 3148 ornamenti
3560 3089 3726 3147 etcul-

2153 3176 2259 3230 tu-,
2290 3181 2394 3218 non
2426 3165 2664 3218 Sardium
2689 3177 2882 3220 nomen
2915 3176 3013 3220 est.
3053 3185 3072 3216 ι
3105 3165 3247 3220 Muu.

2227 3237 2476 3290 Mundam
2514 3239 2576 3288 de
2613 3236 2825 3292 lumine.
2879 3237 3078 3292 llnnor.
3124 3237 3503 3304 Augustoduu.
3537 3235 3627 3290 lib.
3669 3231 3727 3288 de

2149 3308 2318 3377 lmag.
2349 3307 2525 3360 Mundi
2547 3323 2666 3376 cap.
2694 3324 2731 3371 ι,
2757 3307 2975 3374 l.~idor.,
3001 3309 3095 3364 lib.
3123 3324 3198 3363 ιιι.
3228 3307 3359 3378 Orig
3389 3352 3404 3373 ,
3439 3325 3556 3378 cap.
3585 3306 3650 3361 28
3683 3314 3727 3378 et

2151 3381 2244 3433 lib.
2275 3376 2399 3436 XIII.
2443 3393 2562 3448 Cap.
2619 3381 2668 3433 1.
2714 3378 2965 3434 Mundam
2992 3380 3142 3450 quasi
3191 3376 3651 3450 movciidum,quia
3683 3376 3726 3428 in

2150 3460 2393 3521 perpetuo
2425 3452 2492 3503 sit
2518 3462 2676 3514 motu.
2709 3451 2910 3506 dietum
2941 3465 3145 3519 putant.
3175 3452 3280 3507 Sed
3317 3456 3515 3506 rectius
3529 3451 3725 3521 Varro.

2148 3519 2362 3580 Cicero.
2395 3521 2621 3583 Plinius.
2647 3523 2842 3577 Paulus
2874 3523 2912 3577 Ι.
2943 3521 3004 3578 C.
3024 3538 3074 3578 et
3099 3522 3210 3584 alii.
3232 3540 3262 3574 ιι
3287 3525 3536 3577 munditia
3561 3519 3727 3592 appel-

2150 3594 2544 3666 latnmvulunt.
2580 3594 2710 3666 Huic
2727 3605 2820 3666 et)
2834 3595 3079 3666 mologiae
3109 3595 3366 3649 Paulinus
3384 3596 3604 3660 accedit,
3619 3592 3728 3646 dum

2149 3683 2182 3720 α
2209 3665 2403 3720 lumine
2429 3665 2675 3718 "auidum
2705 3665 2808 3721 dici
2832 3669 2928 3721 ait.

2228 3737 2328 3790 Hic
2381 3736 2515 3790 Deus
2560 3747 2650 3790 est.
2687 3737 2800 3792 lluc
2839 3749 2920 3792 est
2967 3738 3205 3792 divinttm
3259 3737 3516 3797 Verbum.
3554 3735 3752 3804 Deique-

2149 3808 2343 3872 Filius,
2370 3825 2463 3879 per
2482 3825 2642 3877 quem
2676 3821 2730 3862 ut
2757 3825 2916 3879 supra
2941 3811 3128 3864 cecinit
3160 3851 3176 3872 ,
3206 3813 3380 3863 omnia
3413 3811 3547 3877 facta
3566 3817 3674 3861 sunt
3689 3815 3727 3879 et

2150 3883 2260 3934 sine
2284 3877 2574 3962 eoifuc't‘um
2617 3891 2687 3962 est
2718 3877 2867 3962 nihil,
2897 3883 3032 3962 quod
3060 3885 3368 3962 factumest.
3403 3881 3458 3936 lit
3493 3879 3588 3962 Ms.
3613 3877 3729 3962 dici-

2152 3962 2238 4007 tur
2273 3971 2286 4007 :
2319 3949 2417 4006 Hic
2449 3949 2588 4004 Deus
2614 3953 2678 4006 de
2695 3954 2865 4006 corde.
2902 3949 3137 4022 Apposui
3167 3953 3389 4006 verbum
3425 3963 3518 4006 est.
3563 3950 3729 4006 Adhuc

2152 4033 2332 4079 tamen
2376 4024 2646 4078 claudicat
2685 4038 2871 4079 versus
2907 4046 2920 4080 :
2953 4021 3164 4094 possem
3192 4027 3423 4078 alterum
3457 4035 3529 4078 est
3553 4021 3730 4090 adjice-

2152 4111 2210 4150 re
2236 4114 2249 4151 :
2285 4095 2382 4149 Hic
2411 4109 2479 4149 est
2521 4094 2748 4164 Spiritus
2777 4096 2877 4150 oris
2933 4097 3072 4151 Muu.
3103 4126 3176 4136 ——
3201 4096 3520 4149 Muratorius
3547 4095 3613 4146 ob
3635 4106 3727 4145 caa-

2151 4183 2330 4222 suram
2363 4170 2569 4237 supplet
2609 4186 2621 4221 :
2653 4165 2748 4238 Hic
2776 4167 2910 4221 Deus
2942 4183 3037 4222 EST
3069 4167 3131 4221 de
3153 4169 3311 4240 corde
3342 4167 3454 4240 Dei.
3482 4167 3550 4240 Et
3570 4167 3640 4217 sic
3658 4179 3720 4240 sa-

2154 4240 2221 4292 tis
2252 4250 2414 4294 recte.
2465 4245 2730 4294 Lauerunt
2754 4251 2808 4296 et
2840 4241 3084 4309 Virgilius
3105 4250 3228 4293 ante
3265 4239 3345 4292 hic
3376 4238 3529 4292 elisiu
3555 4238 3730 4308 sprevit

2151 4311 2245 4371 lib.
2276 4317 2319 4365 Ι.
2354 4309 2511 4376 1En.,
2548 4327 2596 4363 ν.
2625 4311 2735 4365 20:

2245 4402 2527 4453 Posthabita
2551 4401 2761 4453 coluisse
2778 4403 2941 4454 Samo.
2966 4401 3059 4454 Hic
3079 4402 3212 4453 illius
3225 4415 3382 4452 arma.

1991 4541 2047 4597 do
2072 4513 2128 4575 ι)
2151 4496 2413 4554 Similiter
2439 4512 2602 4567 supra
2630 4513 2684 4551 v.
2713 4498 2805 4555 54.
2835 4513 2938 4553 ms.
2969 4497 3201 4553 habebat
3233 4513 3247 4550 :

2237 4596 2331 4647 His
2349 4597 2493 4659 deus,
2516 4609 2740 4661 uxorque
2754 4599 2856 4660 del,
2878 4599 3134 4663 ipsamque
3156 4610 3400 4648 sororem.

2231 4703 2331 4761 Ubi
2359 4704 2543 4761 itidem
2569 4706 2637 4760 cl.
2663 4705 2836 4759 editor
2862 4703 3009 4759 addit
3026 4704 3206 4758 binum
3233 4715 3307 4758 est
3335 4721 3349 4758 :
3377 4701 3480 4757 Hic
3508 4702 3627 4756 deus
3649 4706 3728 4758 est.

2158 4793 2388 4846 uxorque
2427 4778 2508 4831 dei
2537 4777 2912 4845 est.Qnouiam
2961 4785 3138 4830 autem
3183 4781 3234 4829 iu
3265 4774 3367 4829 hoc
3413 4773 3640 4846 carmine
3665 4778 3730 4823 tot

2159 4844 2447 4904 occurrunt
2481 4849 2618 4913 loca,
2652 4844 2702 4903 in
2729 4850 2923 4918 quibus
2950 4847 2993 4899 si
3037 4847 3278 4901 Codicem
3322 4862 3424 4901 ms.
3458 4844 3724 4918 causulas.

2161 4920 2242 4993 (at
2263 4935 2425 4990 quem
2455 4910 2618 4993 tutius
2633 4921 2678 4988 ?)
2703 4910 3043 4993 desideratur
3056 4933 3258 4993 cuisura
3273 4927 3368 4993 aut
3385 4919 3530 4972 elisis
3545 4929 3642 4970 non
3654 4910 3727 4991 ad-

2161 4988 2438 5054 mittatur;
2471 4991 2609 5045 haud
2647 5006 2776 5044 sane
2804 4990 3063 5045 credibile
3096 4988 3222 5043 Inibi
3266 4990 3320 5042 lit
3350 5032 3365 5054 ,
3398 5003 3523 5043 casu
3567 4988 3724 5040 omnia

2160 5063 2250 5118 illa
2283 5063 2398 5117 loca
2433 5071 2683 5126 corrupta
2715 5061 2891 5116 fuisse.
2920 5060 2983 5115 Et
3007 5061 3145 5133 forte
3180 5063 3229 5112 in
3262 5060 3530 5129 pleri~que
3554 5064 3719 5133 eontra

2162 5143 2392 5188 metrqu
2420 5135 2646 5203 peccsirit
2671 5133 2956 5196 Antonius,
3000 5141 3056 5184 ut
3097 5131 3274 5203 Poetis
3301 5133 3456 5203 illius
3491 5131 3720 5195 temporis

2161 5205 2320 5275 cujus
2344 5221 2403 5261 se
2425 5202 2601 5271 prodit
2630 5217 2831 5262 uoster.
2857 5203 2995 5257 haud
3015 5202 3272 5275 insolens.
3302 5202 3451 5275 Nulla
3472 5204 3607 5255 enim
3624 5212 3723 5275 ιιιιιτ

2163 5269 2461 5331 uinnnobis
2487 5277 2637 5330 adest
2662 5276 2815 5336 ratio,
2851 5291 2946 5329 cur
2996 5275 3046 5327 in
3095 5273 3344 5328 omnibus
3372 5273 3518 5327 hisce
3556 5269 3719 5336 scripti

2166 5347 2369 5402 codicis
2393 5357 2676 5415 Spernalur
2706 5354 3014 5400 auctoritas.
3040 5344 3245 5400 VONCK.

2240 5414 2457 5472 Fabi-iro
2485 5435 2672 5472 rerum.
2705 5417 2925 5471 Fabricii
2953 5431 3049 5485 pro
3077 5415 3282 5488 ofﬁcina
3347 5414 3559 5488 proprie
3585 5423 3718 5464 usur—

2167 5491 2282 5561 pari
2303 5490 2477 5544 docuit
2508 5490 2840 5553 Sipontinus.
2872 5488 2946 5542 lta
2979 5485 3119 5542 forte
3133 5485 3457 5561 Capiendtnn
3483 5485 3612 5561 hein
3633 5492 3719 5534 ιιοο

2168 5553 2290 5616 ἱιιθιι
2315 5562 2469 5614 istud.
2505 5561 2615 5615 Mea
2649 5571 2825 5614 tamen
2853 5561 3116 5615 sententia
3147 5553 3232 5614 aut
3262 5574 3414 5612 error
3429 5559 3479 5612 iu
3506 5553 3719 5612 codicem

2171 5637 2512 5757 nutribant
2539 5647 2754 5686 carmen
2786 5632 3001 5700 aliquod
3031 5631 3203 5685 abeSI.
3236 5629 3375 5685 Muu.

2324 5719 2376 5757 ec
2411 5721 2464 5757 se
2493 5703 2754 5757 Paoanus.
2789 5705 2861 5756 De
2888 5702 2990 5757 huc
3015 5701 3231 5757 nomine
3261 5705 3375 5757 ulur

2324 5719 2376 5757 ec
2411 5721 2464 5758 se
2493 5703 2754 5773 Paganus.
2789 5705 2861 5756 De
2888 5702 2990 5757 huc
3015 5701 3231 5757 nomine
3261 5705 3379 5770 plur
3404 5708 3601 5773 apete_a
3615 5707 3719 5773 uta-

2170 5789 2274 5840 gun
2301 5767 2592 5829 Anuabuni
2620 5785 2836 5841 parenti-
2877 5773 3110 5827 Barottiti
3134 5776 3185 5827 in
3217 5767 3486 5844 Martyrol.
3513 5767 3717 5844 all-dictu

2170 5833 2260 5901 3|.
2301 5846 2520 5900 .lamtar.
2557 5833 2888 5900 Gotholredo
2914 5847 2978 5897 ad
3009 5845 3100 5900 lib.
3131 5850 3184 5898 li.
3212 5833 3403 5916 (ΣηΤῘι.
3439 5846 3513 5897 tit.
3545 5839 3622 5916 l9.
3648 5833 3719 5916 ,ἀς

2175 5917 2395 5982 Paganis
2436 5927 2540 5970 etc.
2591 5917 2815 5981 aliisque
2858 5916 3225 5982 scriptoribus.
3280 5915 3484 5968 Sa-rttlo
3547 5912 3716 5963 Christi
