3904 6316
222 301 306 359 εει
393 301 462 374 (v.
492 299 641 373 203.)

218 423 283 476 Ac
302 418 550 474 satisesse
583 424 755 488 putat,
781 419 922 487 quod
952 416 1173 488 numine
1199 413 1390 470 credat
1414 413 1468 467 in
1495 425 1626 467 uno.

216 512 326 581 Quid
353 511 487 567 colet
514 512 608 567 ille
648 512 841 578 Deum,
866 511 957 582 qui
981 509 1217 566 Verbum
1246 524 1350 565 non
1377 508 1509 564 colit
1534 507 1694 579 ejus?

214 603 293 673 Qui
321 621 417 658 non
437 604 701 660 Virtutem
731 605 892 661 simili
922 613 1214 660 veneratur
1239 601 1445 657 honore
1458 601 1484 655 ἲ

146 756 153 759 ,
211 697 389 768 Quique
413 697 734 753 invisibilem
757 694 1471 765 incompreltensibilemque
1500 692 1695 747 fatetur

207 789 320 846 Esse
345 790 526 856 Deum,
561 790 647 844 hic
667 789 829 844 etiam
856 786 1131 844 Christum
1159 786 1207 842 si
1232 786 1451 857 cogitet,
1478 784 1621 839 idem

205 882 433 938 Inveniet.
460 883 715 951 quoniam
747 880 983 936 Verbum
1002 878 1466 955 comprehendere
1493 890 1653 932 nemo
1670 916 1689 944 ,

201 974 343 1030 Nemo
366 974 548 1028 videre
569 982 746 1044 potest
770 989 784 1035 ;
818 988 981 1043 opera
1004 975 1121 1042 ejus
1147 971 1258 1025 sola
1279 968 1547 1024 videntur.

199 1067 244 1122 lu
270 1065 414 1121 Patre
437 1064 609 1120 Natus
623 1065 788 1128 enim,
820 1063 874 1119 in
896 1069 1032 1119 Nato
1060 1063 1219 1119 Pater
1244 1061 1425 1118 omnia
1455 1059 1600 1126 fecit,

199 1156 251 1213 Et
271 1156 517 1227 quidquid
540 1157 734 1211 virtute
764 1155 932 1221 dedit,
959 1155 1156 1226 pietate
1179 1164 1377 1210 tuetur.

203 1248 271 1303 Sic
285 1247 397 1311 fuit,
429 1258 485 1304 et
510 1250 719 1304 steterit
747 1262 939 1303 versus
963 1246 1210 1304 Salvator
1230 1247 1284 1301 in
1313 1260 1517 1313 aevum,

194 1342 271 1409 Qui
291 1342 395 1396 tulit
424 1357 676 1409 errores,
705 1342 795 1413 qui
820 1340 948 1396 fecit
966 1356 1092 1396 vera
1116 1340 1283 1396 videri
1310 1381 1326 1404 ,

194 1431 485 1504 Placatoqne
507 1433 651 1488 Patri
682 1439 992 1504 pereuntem
1021 1432 1257 1489 reddidit
1284 1431 1494 1487 orbem.

192 1524 279 1581 Nec
301 1527 513 1592 mirum,
535 1526 583 1580 si
604 1536 795 1582 cuncta
825 1529 984 1599 regit,
1008 1528 1098 1595 qui
1126 1536 1319 1582 cuneta
1346 1526 1572 1593 creavit,

189 1621 271 1690 Qui
287 1622 426 1677 dedit
452 1638 518 1678 es
542 1622 712 1679 nihilo
739 1631 931 1688 totum,
960 1623 1246 1694 lucemque
1272 1622 1507 1678 tenebris

186 1714 420 1783 Praetulit,
448 1726 615 1787 atque
636 1717 779 1773 diem
805 1717 970 1786 jussit
995 1717 1292 1774 succedere
1320 1717 1502 1783 nocti;

183 1808 414 1880 Quodque
439 1810 493 1863 in
522 1824 683 1866 carne
707 1809 828 1872 fuit,
854 1810 1035 1866 carnis
1064 1820 1279 1880 peccata
1311 1810 1548 1865 remittit.

180 1900 337 1957 Cernit
359 1902 500 1957 enim
526 1944 540 1967 ,
567 1901 810 1973 fragilem
833 1901 1022 1958 faciles
1050 1903 1326 1958 incurrere
1355 1903 1535 1972 lapsus
1552 1945 1567 1969 ,

177 1993 576 2065 Corripiensun
600 2006 778 2052 tamen
805 1994 1017 2051 veniam
1047 1996 1199 2051 dabit
1226 1995 1477 2050 otnnilius
1500 2011 1658 2051 unam
1680 2038 1695 2063 ,

176 2086 417 2159 (ﬂetuque
438 2103 633 2145 novam
660 2089 836 2145 dicam
862 2132 877 2155 ,
902 2105 1003 2145 nec
1023 2106 1110 2144 me
1133 2090 1338 2145 dixisse
1358 2088 1583 2161 pigebit)

170 2177 383 2251 Plusque
405 2182 527 2252 pius
546 2197 707 2252 quam
731 2182 911 2253 justus
937 2183 1059 2238 erit.
1084 2182 1139 2238 Si
1168 2184 1400 2254 denique
1421 2184 1598 2253 justus

167 2272 295 2331 Esse
318 2276 455 2343 velit,
488 2276 663 2332 nullus
694 2276 859 2348 fugiet
882 2277 1001 2332 sine
1020 2268 1250 2332 crimine
1274 2294 1486 2348 poenam
1519 2298 1533 2332 :

162 2368 336 2425 Justus
356 2374 494 2426 enini
512 2371 652 2426 mala
681 2370 1040 2439 condemnat,
1072 2374 1189 2442 pius
1212 2370 1390 2425 omttia
1415 2371 1598 2426 donat.

160 2461 273 2519 Hoc
290 2463 426 2531 facit,
458 2476 517 2520 ut
538 2473 649 2519 rata
679 2465 785 2521 sint
816 2474 1057 2520 ventura:
1085 2479 1308 2520 munera
1331 2464 1452 2520 vita:
1477 2507 1493 2531 ,

161 2554 228 2611 Et
255 2556 390 2628 quod
418 2558 571 2627 culpa
606 2557 748 2623 tulit,
780 2573 993 2613 rursum
1012 2556 1346 2629 indulgentia
1373 2557 1562 2613 reddat
1596 2576 1609 2614 :

159 2648 283 2718 Qua:
301 2649 347 2706 si
382 2664 489 2706 non
522 2649 721 2707 fuerint
748 2650 889 2721 plebi
919 2665 1178 2707 concessa
1209 2650 1419 2721 roganti
1445 2694 1460 2717 ,

1165 296 1252 353 DE
1279 291 1548 351 SANCTO
1579 286 1949 347 VIC'I‘ORINO
1976 289 2509 348 PROLEGOMENA.

1794 416 1847 475 Α
1872 404 2023 462 Tunc
2045 421 2213 477 prope
2236 407 2415 463 nullus
2442 406 2549 463 erit
2571 403 2785 464 delicto
2806 402 2944 461 liber
2957 401 3028 459 ab
3045 401 3212 458 omni.

2993 283 3072 363 (ν.
3101 282 3254 359 ass.)
3360 282 3471 340 sse

1871 498 1972 567 Qui
2012 499 2183 570 possit
2205 500 2425 555 meritus
2456 499 2716 571 promissa
2738 498 2859 553 luce
2881 494 3084 567 potiri?

1871 591 2111 663 Tangere
2128 604 2251 648 tunc
2278 592 2416 647 hetis
2430 594 2690 648 cmlornm
2714 604 2873 661 regna
2898 586 3113 649 libebit;

1869 686 2021 742 Tunc
2048 687 2243 757 poterit
2269 700 2415 741 mors
2443 686 2557 756 ipsa
2580 684 2738 751 mori,
2756 698 2916 753 quum
2950 692 3190 752 tempore
3210 687 3324 736 toto

1867 780 1988 837 Vita
2023 782 2277 851 perennis
2296 781 2437 847 erit,
2465 780 2589 851 quia
2611 789 2738 833 tunc
2767 768 2822 833 in
2851 776 2981 833 sede
3002 777 3156 832 beata

1867 875 2057 930 Nullus
2086 876 2345 948 peccandi
2372 875 2522 930 lucus
2549 884 2653 939 est,
2674 874 2763 929 ubi
2787 872 2932 928 nulla
2954 871 3150 941 cupido
3176 879 3281 927 est.

1867 968 2047 1025 Gloria
2075 979 2219 1025 tanta
2243 978 2423 1024 manet
2456 969 2653 1040 popqu
2667 980 2881 1025 servata
2907 967 3075 1025 fideli.

1866 1061 2111 1131 Amplius
2137 1061 2241 1117 hoc
2273 1062 2478 1129 tribuit,
2508 1062 2680 1133 majus
2701 1061 2850 1117 dedit
2881 1061 2983 1116 hoc
3007 1074 3220 1131 quoque
3244 1069 3456 1123 munus,

1863 1152 2016 1222 Quod
2050 1159 2389 1223 precatorem
2416 1171 2575 1227 quem
2603 1154 2860 1225 poenitet,
2883 1161 3040 1210 antea
3068 1153 3273 1223 lapsum
3296 1192 3313 1220 ,

1861 1247 1979 1304 Non
2010 1247 2207 1304 facisin
2241 1264 2466 1304 numero
2485 1250 2654 1305 turbae
2673 1249 2948 1321 peccantis
2980 1244 3203 1301 haberi:

1861 1343 2070 1415 Quippe
2098 1346 2232 1400 satis
2258 1360 2417 1415 poma
2438 1356 2519 1402 est
2537 1388 2552 1412 ,
2577 1360 2698 1399 cum
2729 1345 2797 1399 sit
2827 1357 2923 1398 sua
2952 1341 3110 1413 culpa
3139 1337 3347 1406 dolori;

1863 1438 2195 1509 Supplicium
2223 1440 2498 1510 proprium
2531 1440 2693 1494 timor
2720 1446 2837 1503 est;
2868 1443 3137 1491 tormenta
3160 1445 3344 1488 reatus

1859 1529 1996 1586 Tum
2027 1529 2190 1585 veluti
2221 1532 2420 1600 patitur
2439 1530 2529 1600 qui
2552 1546 2611 1586 se
2641 1528 2903 1585 meruisse
2923 1526 3144 1582 fatetur.

1858 1621 1995 1688 Quid
2022 1624 2222 1693 poterit
2250 1621 2463 1683 melius.
2495 1621 2577 1676 vcl
2602 1620 2730 1692 quid
2758 1617 3083 1674 moderatius
3110 1617 3279 1674 esse?

1856 1717 2093 1784 Iudicat,
2119 1719 2359 1789 inquirit,
2388 1717 2641 1790 castigat,
2673 1715 2863 1788 parcit,
2900 1718 3132 1770 honorat
3155 1755 3173 1781 ,

1780 1849 1830 1911 Β
1857 1812 2049 1868 Omnia
2065 1814 2156 1884 qui
2176 1815 2359 1879 vincit,
2392 1827 2491 1868 nec
2517 1814 2584 1868 ab
2603 1813 2715 1881 ipsa
2748 1811 2977 1867 vincitur
2994 1810 3095 1865 ira.

1857 1905 2010 1973 Quod
2040 1905 2109 1960 de
2134 1906 2382 1976 pra'senti
2409 1905 2520 1974 jam
2552 1906 2827 1959 cernimus
2846 1918 2969 1969 esse
3002 1902 3271 1968 futurum;

1852 1997 1988 2054 Nam
2019 2013 2140 2054 cum
2169 2012 2316 2069 stepe
2348 1998 2527 2053 minax
2559 1996 2833 2054 horrentia
2867 1993 3047 2049 nubila
3079 1992 3254 2064 cogit,

1854 2092 1921 2147 Et
1947 2103 2152 2147 terrore
2185 2097 2270 2161 pio
2288 2092 2451 2146 rutilo
2481 2092 2641 2146 nimis
2667 2090 2788 2161 igne
2809 2096 3094 2151 coruscat,

1854 2182 2119 2238 Tri~titius
2139 2195 2194 2239 et
2232 2183 2427 2255 pluviis
2449 2224 2465 2249 ,
2495 2193 2549 2238 et
2573 2182 2808 2237 nubibus
2840 2181 3051 2235 intonat
3073 2178 3206 2233 atris
3231 2219 3247 2243 ,

1850 2276 2024 2331 Onme
2042 2291 2214 2345 genus
2244 2258 2394 2331 timet
2426 2276 2739 2340 interitum;
2773 2272 2867 2329 sed
2900 2273 3008 2329 vita
3033 2280 3269 2342 potestas

1852 2368 2092 2435 Desinet,
2121 2379 2177 2424 et
2201 2370 2401 2439 pariter
2422 2368 2618 2425 caelum
2652 2378 2967 2437 mentesque
2995 2370 3236 2421 serenat.

1853 2463 1966 2517 lloc
1993 2478 2208 2534 quoque
2241 2476 2367 2519 tunc
2408 2476 2628 2533 sperare
2655 2462 2827 2531 jubet,
2856 2458 3033 2531 quise
3063 2456 3226 2513 modo
3253 2462 3447 2512 cuncta

1853 2556 2084 2612 Perdere
2108 2557 2498 2627 posseprobat,
2539 2556 2584 2611 si
2620 2554 2846 2626 perdere
2876 2553 3017 2609 velle
3048 2559 3283 2608 recusat.

1854 2651 1945 2707 Sic
1971 2650 2213 2707 iteranda
2238 2651 2384 2705 salus
2399 2659 2628 2706 venturo
2648 2646 2954 2704 ostenditur
2974 2661 3093 2702 (Βνο
3123 2688 3137 2711 ,

1853 2742 2175 2815 ᾸΕιθτιιίιιιιθ
2202 2742 2297 2797 Dei
2321 2743 2491 2814 pietas
2510 2752 2712 2798 aeterna
2734 2738 2991 2796 manebit.

1569 2878 2143 2939 COMMENTARIUS.

152 3029 335 3091 quarto
351 3035 546 3077 nomen
568 3018 671 3075 hoc
690 3018 1368 3091 Gentilibnsaplarictnpit,
1389 3033 1550 3088 quum
1576 3017 1736 3091 iidem
1766 3023 1810 3084 C
1852 3023 2082 3077 ratorins
2111 3036 2348 3078 errorem
2371 3021 2490 3076 aliis
2509 3019 2807 3077 tollendum
2828 3017 3101 3091 relinquit
3130 3015 3447 3091 gFahricius

153 3088 214 3147 ab
249 3092 467 3147 urbibus
497 3092 634 3164 pulsi
686 3092 739 3144 in
770 3088 929 3164 Pagi:
950 3093 1201 3161 agrisque
1242 3088 1520 3161 profanam
1563 3089 1741 3146 adhuc

152 3164 453 3233 religionem
472 3162 810 3219 exercerent.
834 3162 974 3219 Mun.

214 3231 273 3317 Si
297 3236 441 3361 agat.
471 3235 528 3290 In
557 3233 653 3289 Ms.
690 3235 965 3304 legebatur
996 3253 1010 3290 :
1041 3231 1200 3304 Siqui
1220 3233 1359 3288 idola
1377 3234 1520 3288 vitat.
1540 3233 1740 3289 Emen-

215 3324 286 3361 ιη.
372 3322 458 3361 un.

150 3307 286 3362 dari.
318 3307 458 3361 Mus.

214 3378 471 3450 Numine.
510 3376 589 3432 Ita
633 3377 872 3434 scribere
914 3377 1109 3449 placuit
1145 3392 1245 3449 pro
1279 3378 1501 3443 nomine,
1543 3392 1736 3450 quem-

153 3449 433 3505 admodum
463 3449 625 3504 habet
653 3450 749 3503 Ms.
782 3451 915 3504 Men.

223 3521 407 3576 Versus
455 3519 711 3577 Salvator.
749 3519 887 3575 illud
916 3537 1087 3575 versus
1120 3521 1250 3579 mihi
1292 3535 1479 3592 parum
1511 3521 1736 3578 arridet.

149 3591 396 3648 Fortasse
425 3609 572 3647 verus
598 3592 944 3648 scribendum
973 3602 1077 3647 est.
1112 3593 1256 3649 Mus.

219 3664 335 3719 Vita
365 3675 604 3734 potestas.
651 3664 901 3719 Errurctu
941 3664 1062 3718 aliis
1108 3663 1400 3720 tollendum
1451 3665 1719 3734 relinquo.

147 3735 273 3793 lica.
316 3766 389 3777 —
416 3735 550 3791 Illud
575 3736 678 3789 vita
707 3744 928 3807 potestas
960 3737 1080 3792 heie
1112 3736 1268 3807 plane
1300 3750 1593 3791 mortuum.
1625 3737 1742 3792 Mu-

175 4012 473 4021 ἰν--ιιξ
625 4013 628 4015 λ
1164 4012 1391 4023 me.“

1846 3096 1977 3149 victa
1995 3094 2334 3164 ronjieieliat.
2361 3091 2626 3159 Genttina,
2661 3092 2724 3164 qui
2773 3090 2929 3164 fallor
2958 3130 2974 3156 ,
3022 3089 3201 3164 lectio.
3228 3098 3309 3144 est
3339 3089 3448 3164 visa

1847 3159 2376 3235 potestaszuando,
2407 3165 2598 3232 inquit.
2627 3163 2777 3234 signa
2810 3160 3104 3235 majestatis
3132 3175 3246 3215 sua:
3271 3159 3449 3235 prodit

1845 3231 2166 3307 supremum
2184 3238 2412 3295 Numen.
2444 3251 2605 3291 onme
2630 3231 2803 3305 genus
2826 3233 3100 3307 interitum
3118 3238 3276 3307 timet
3304 3248 3319 3307 _:
3352 3231 3448 3286 sed

1836 3302 2064 3379 potestas
2091 3310 2207 3377 ejus
2236 3308 2395 3363 simul
2421 3322 2485 3362 ac
2507 3308 2612 3361 risu
2633 3302 2709 3379 est
2730 3347 2771 3379 ,_
2795 3306 2875 3359 vel
2907 3305 3176 3379 apparuit,
3203 3302 3445 3369 desinet;

1845 3372 2005 3446 atque
2036 3381 2105 3434 ita
2120 3372 2358 3445 ⁷(ιίιξιιιιιι,
2391 3389 2547 3433 antea
2571 3372 2798 3432 uultibus
2826 3375 2956 3430 atris
2982 3372 3277 3430 incinctum
3296 3416 3307 3435 ε
3335 3390 3446 3446 ᾂδε-

1844 3444 2019 3516 renat,
2048 3462 2101 3506 et
2128 3444 2352 3508 tumsms
2372 3451 2647 3505 hominum
2671 3459 2881 3503 tuentes
2903 3447 3144 3502 redivivo
3158 3444 3447 3514 splendore

1844 3527 2171 3579 Consolalnr.
2205 3522 2337 3590 Quae
2368 3521 2694 3576 antecedunt
2736 3529 2791 3574 et
2840 3527 3141 3590 sequuntur
3170 3518 3286 3590 haec
3312 3518 3443 3572 satis

1842 3596 2127 3661 adjuvant,
2184 3587 2248 3648 ut
2275 3595 2423 3662 plura
2466 3593 2667 3648 atldete
2710 3605 2933 3646 necesse
2971 3604 3075 3662 non
3126 3587 3444 3662 habeamus.

1844 3658 2050 3722 νείκεε.
2101 3695 2174 3708 --
2204 3658 2336 3721 lluic
2372 3662 2593 3718 Vouckit
2623 3659 2985 3719 emendationi
3027 3661 3297 3715 calculum
3344 3658 3441 3714 ad-

1839 3737 1958 3809 jicit
1982 3740 2300 3808 Anonytuns
2330 3734 2622 3807 lipsieusis.

2642 3977 2649 3981 .
2666 3973 3207 3983 -.ο-ημο-οοοαφ-ο-...υ--ο

142 4178 259 4310 DE
330 4178 703 4311 sum
760 4124 1311 4314 aututino
1373 4178 1852 4311 EPISCOPO
1930 4178 2677 4308 PETAVIONENSI
2753 4180 2887 4308 ET
2953 4177 3445 4309 unum

1060 4474 2512 4608 PROLEGOMENA.

1460 4695 2034 4791 lnam

744 4900 1042 4942 Αιιτιουιυε
1080 4902 1118 4941 Ι.

656 5001 786 5073 Ejus
816 5002 933 5057 vita:
958 5001 1230 5074 Synopst's.

204 5117 323 5185 Quo
363 5126 591 5188 tempore
630 5116 845 5173 clarus?
898 5117 1052 5172 Varia
1090 5120 1155 5173 de
1189 5136 1249 5173 eo
1291 5117 1596 5191 Hieronymi
1646 5130 1737 5173 tes-

144 5208 362 5263 timonia.
401 5208 540 5276 Quid
563 5220 682 5263 ante
716 5208 1084 5282 Hieronymum
1114 5208 1334 5282 Optatus
1370 5211 1737 5266 Milevitana?

143 5329 202 5341 --
228 5303 557 5358 Victorinum
589 5319 777 5374 gliscat
800 5305 1023 5372 originis
1046 5317 1137 5359 aut
1168 5305 1219 5361 in
1250 5303 1484 5360 conﬁnio
1509 5304 1733 5360 Gra'cire

144 5394 324 5452 saltem
362 5396 649 5452 oriundum
697 5397 895 5463 fuisse,
940 5415 1006 5455 ex
1054 5401 1146 5466 iis,
1194 5415 1315 5470 quia
1370 5400 1731 5472 Hieronymus

144 5491 329 5556 attulit,
355 5500 479 5545 into
514 5491 645 5546 satis
686 5492 975 5557 collegisse
1021 5493 1233 5547 videtur
1260 5492 1466 5548 Cavcus
1489 5494 1594 5558 (1).
1629 5492 1730 5548 Pe-

147 5585 462 5642 tavionensis
483 5584 565 5660 (9.)
613 5588 668 5642 in
714 5586 989 5642 Pannonia
1039 5588 1319 5658 superiore
1377 5586 1444 5642 ad
1496 5586 1726 5641 Dravum

212 5723 283 5797 (ι)
311 5725 500 5784 Cave..
526 5725 666 5779 Hist.
691 5725 869 5788 littera.
902 5735 1032 5780 tom.
1067 5741 1101 5781 ι.
1136 5739 1254 5797 pag.
1288 5724 1411 5781 M7.

210 5796 281 5865 t2)
300 5800 378 5868 ita
407 5797 621 5861 quidem
662 5797 945 5868 legendum
977 5797 1190 5856 docuit.
1216 5796 1419 5852 errore
1447 5796 1724 5862 obsoleto,

153 5878 245 5931 quo
282 5867 611 5924 Pictaviensis
655 5867 954 5941 Aquitanae
1004 5869 1056 5925 in
1094 5868 1264 5925 Gallia
1304 5883 1335 5925 a
1385 5868 1619 5925 Baronio
1660 5869 1726 5926 ad

1760 4884 1814 4945 D
1839 4880 2061 4938 ﬂuvium
2103 4891 2221 4938 erat
2261 4896 2326 4938 ex
2354 4891 2571 4940 oratore
2608 4883 2913 4956 episcopus,
2947 4893 3005 4941 ut
3050 4898 3158 4941 non
3192 4901 3299 4942 uno
3329 4886 3447 4945 loco

1839 5031 2039 5071 annum
2067 5016 2194 5090 _30'-_,
2227 5032 2375 5072 num.
2413 5016 2495 5077 16.
2529 5018 2757 5090 aliisque
2787 5020 2968 5075 multis
2996 5019 3268 5075 ferebatur
3295 5021 3443 5090 epis-

1839 5102 2029 5156 c0pns.
2060 5086 2300 5143 funditus
2344 5086 2970 5160 exstirpato.'Launoius
3014 5091 3221 5147 Fram-o
3249 5086 3438 5147 Gallus

1842 5159 2091 5227 peculiari
2118 5159 2799 5230 doctaquedissertattoite.
2827 5163 3066 5227 Parisiis,
3097 5162 3253 5223 1655.
3279 5162 3434 5228 iit-8°,

1837 5239 1894 5305 et
1919 5230 1971 5305 in
2002 5248 2128 5299 Opp.
2160 5232 2410 5305 titillet-th
2447 5241 2577 5287 tom.
2612 5250 2679 5305 ll,
2713 5234 2773 5288 P.
2804 5249 2839 5296 ι.
2881 5249 3000 5303 pag.
3044 5233 3170 5296 654,
3202 5243 3258 5288 et
3284 5249 3437 5305 seqq.

1837 5300 1894 5377 lu
1926 5304 2024 5377 hac
2062 5305 2213 5377 enim
2242 5302 2622 5377 _t_lemonstrat,
2672 5304 2722 5360 in
2754 5300 2992 5377 quinque
3038 5307 3096 5377 υ.
3126 5300 3437 5377 Hieronymi

1839 5373 1994 5438 locis,
2025 5373 2111 5428 ubi
2140 5373 2209 5428 de
2241 5373 2519 5430 Victorino
2546 5392 2726 5431 sermo
2760 5373 3010 5440 habetur,
3039 5375 3120 5429 bis
3146 5373 3350 5430 scilicet
3379 5377 3433 5432 in

1836 5442 2111 5515 Catalngo,
2138 5460 2258 5508 cap.
2282 5447 2349 5500 74
2371 5458 2423 5500 et
2450 5448 2568 5507 i0t.
2590 5449 2758 5502 semel
2785 5448 3046 5503 adversus
3070 5447 3432 5515 Vigilantium,

1833 5516 2001 5571 semel
2040 5517 2300 5570 adver-us
2343 5516 2643 5579 Helvidium
2664 5561 2679 5579 .
2719 5535 2780 5573 ac
2811 5519 3020 5573 tandem
3049 5519 3215 5573 semel
3256 5519 3306 5573 in
3337 5519 3436 5573 tri-

1831 5588 2039 5655 gesimo
2085 5599 2241 5643 sexto
2283 5588 2584 5644 Ezechielis
2624 5593 2802 5658 capite
2845 5589 3068 5657 reperiri
3101 5590 3153 5643 in
3198 5590 3436 5659 antiquis
3480 5628 3484 5633 ι

1833 5659 2161 5731 etlittonions
2205 5661 2598 5731 petabionenst's,
2630 5665 2711 5715 vel
2755 5661 3148 5730 petarioneusis,
3199 5661 3278 5714 vel
3311 5662 3431 5731 pic-

1831 5730 2090 5801 tabiensis,
2120 5730 2201 5786 vel
2235 5731 2660 5797 picmbimmisis;
2689 5732 2848 5801 idque
2878 5731 3113 5786 nominis
3142 5730 3340 5787 habere
3372 5734 3424 5789 in

1836 5799 2086 5875 Usuardi,
2116 5801 2320 5875 Adonis
2345 5815 2399 5857 et
2427 5803 2546 5856 aliis
2585 5799 2807 5858 vetustis
2835 5802 3255 5875 tttartyrologii~.
3292 5815 3348 5857 ut
3372 5815 3430 5860 ot

1831 5873 1886 5927 in
1919 5873 2079 5943 priori
2115 5874 2320 5930 Merlini
2350 5875 2701 5931 conciliorum
2738 5873 3002 5942 editione,
3032 5873 3192 5947 atque
3220 5875 3272 5934 in
3302 5876 3422 5934 edi-
