3904 6316
524 315 632 371 287

1598 316 1688 374 DE
1721 317 1778 373 S.
1818 313 2179 372 VICTORINO
2217 314 2327 371 ΕΡ.
2371 315 2458 373 ΕΤ
2489 317 2698 373 MART.

3684 321 3770 377 9.88

525 429 798 489 Christum
844 433 1026 488 velint.
1059 451 1078 483 ι
1114 431 1354 488 Meminit
1384 433 1544 489 etiam
1574 432 1929 490 Cassiodorus
1975 449 2122 488 com-
2150 443 2196 501 Α
2226 436 2631 491 accuratissime
2676 435 2912 508 perlegi;
2945 446 3145 492 etcum
3185 435 3351 492 multa
3395 437 3446 492 in
3487 452 3551 494 eo
3591 453 3772 508 possem

527 528 776 583 mentarii
820 527 990 582 saneti
1038 525 1298 583 Victorini
1344 528 1415 584 ita
1465 529 1711 600 inquiens
1739 529 1817 602 (ι)
1852 547 1865 582 :
1906 527 1985 583 Dc
2025 547 2124 600 quo

529 624 662 680 libro
690 623 1060 693 (Ecclesiaste)
1091 634 1135 676 et
1174 623 1531 680 Victorinus...
1569 625 1817 678 nonnulla
1862 625 2124 678 disseruit.

531 715 614 773 Ex
669 717 769 772 hoc
819 716 1125 773 Cassiodori
1181 719 1432 788 loquendi
1485 718 1646 774 modo
1687 719 1980 773 verisimile
2028 718 2124 773 ad-

529 817 704 878 paret,
731 806 1062 863 Vielorinum
1091 807 1334 879 quaedam
1360 809 1618 864 duntaxat
1641 808 1755 863 loca
1785 808 2128 864 Ecclesiastis

527 915 596 956 ex
608 915 870 970 posuisse.

603 992 681 1050 De
708 993 1077 1050 Commentario
1099 995 1161 1051 S.
1195 995 1440 1049 Victorini
1465 996 1516 1048 in
1541 993 1936 1050 Matthwum.—~
1964 996 2126 1052 Sanc-

537 1097 624 1143 tus
657 1087 1017 1160 Hieronymus
1050 1090 1100 1144 in
1132 1089 1377 1160 catalogo
1409 1089 1606 1144 nullam
1641 1089 1967 1144 mentionem
2007 1087 2133 1144 facit

530 1182 601 1238 de
641 1184 973 1253 expositione
1022 1183 1080 1239 S.
1129 1183 1383 1239 Victorini
1424 1183 1475 1237 iii
1537 1182 1866 1240 Mattbieum.
1933 1183 2129 1238 Verum

538 1275 591 1330 in
633 1276 857 1346 prologo
897 1275 981 1330 sui
1025 1275 1399 1331 commentarii
1447 1276 1498 1330 in
1559 1274 1699 1331 hunc
1747 1277 2130 1344 evangelistam

538 1369 658 1425 hinc
713 1370 872 1424 habet
926 1371 1004 1442 (2)
1038 1390 1050 1425 :
1085 1370 1289 1442 Legisse
1328 1387 1407 1424 me
1449 1375 1708 1439 fateor....
1765 1379 1812 1425 et
1857 1372 2134 1425 latinorum

539 1463 765 1531 Hilarii,
810 1463 1087 1532 Victorini,
1137 1464 1499 1520 Fortunatiani
1535 1466 1800 1533 apuscula.
1847 1464 2132 1522 Cassiodo‘

537 1576 632 1615 rus
664 1561 740 1634 (3)
768 1577 894 1615 vero
923 1561 1123 1615 diserte
1150 1561 1224 1615 ait
1251 1579 1264 1615 :
1302 1559 1378 1615 De
1419 1577 1517 1628 quo
1549 1559 1875 1632 (Mallbtnn)
1919 1571 1969 1615 et
2021 1559 2134 1614 Vic-

543 1654 740 1708 torinus
778 1671 840 1709 ex
880 1664 1082 1708 oratore
1121 1655 1388 1724 episcoims
1428 1655 1656 1708 nonnula
1686 1654 1948 1708 disseruit.
1979 1653 2135 1710 Unde

541 1746 760 1817 conjicit
817 1747 894 1801 \ir
942 1747 1229 1817 perdOi-tus
1283 1747 1591 1802 Lardnerus
1639 1746 1755 1820 (4).
1815 1748 2134 1818 opusculum

2229 542 2418 586 comra
2453 541 2651 584 rectam
2682 529 2953 585 scribendi
2985 531 3248 585 rationem
3294 529 3432 585 dicta
3474 531 3773 602 improbare.

2233 624 2363 678 nihil
2398 634 2577 679 tamen
2625 624 2738 680 fere
2785 624 2905 679 loco
2954 625 3191 687 mutavi.
3238 623 3334 679 sed
3383 639 3446 678 ea
3487 625 3778 694 cujusmodi-

2233 733 2465 787 cumque
2513 717 2759 786 fuerunt,
2814 718 3099 784 adnotavi,
3150 726 3208 772 ut
3236 727 3328 772 tuo
3375 719 3545 787 potius
3577 719 3652 773 vel
3692 729 3780 772 sta-

2235 823 2384 876 rent,
2433 812 2514 866 vel
2570 813 2829 867 caderent
2877 812 3106 882 judicio.
3166 810 3403 866 Libellus
3472 821 3611 865 certe
3665 811 3782 879 ejus.

2234 907 2379 963 modi
2425 916 2538 970 est,
2589 920 2643 960 ιιι
2689 921 2809 961 cum
2870 921 3116 977 magnam
3173 905 3273 974 piis
3307 919 3369 958 ac
3414 902 3665 970 religiosis
3703 905 3782 956 llo-

2236 1000 2501 1064 minibus,
2532 999 2622 1071 qui
2677 999 2779 1055 hoc
2805 1014 2976 1070 genus
3029 996 3243 1066 scriptis
3285 995 3630 1058 delectantur,
3667 994 3784 1048 utili-

2239 1105 2434 1158 tatem.
2482 1107 2594 1151 tum
2641 1110 2771 1151 vero
2815 1095 2881 1149 ad
2929 1109 2991 1148 ea
3043 1094 3203 1148 etiam
3259 1089 3654 1159 cognoscenda,
3687 1103 3783 1158 quze

2237 1193 2288 1247 in
2344 1191 2664 1264 Apocalypsi
2713 1189 2991 1244 altissimis
3033 1185 3309 1242 recondita
3361 1193 3486 1240 sunt
3539 1183 3780 1247 sensibus,

2237 1284 2533 1352 adjumenti
2580 1285 2867 1354 plurimum
2937 1282 3005 1336 sit
3059 1281 3340 1335 allaturos.
3402 1277 3579 1350 Stylus
3626 1287 3775 1331 autem

2239 1379 2448 1432 tametsi
2495 1394 2525 1433 a
2570 1379 2746 1450 prisco
2792 1375 2884 1430 illo
2924 1375 3160 1430 candore
3211 1374 3404 1442 linguze
3452 1372 3656 1437 latinzc,
3699 1387 3776 1440 pu-

2241 1472 2507 1542 ritateque
2554 1470 2779 1524 multum
2824 1469 3014 1530 abest,
3061 1465 3203 1535 quod
3251 1475 3550 1534 temporum
3596 1462 3788 1517 inclina-

2241 1573 2307 1617 tzc
2349 1564 2458 1632 jam
2481 1605 2495 1626 ,
2543 1563 2585 1616 si
2616 1578 2721 1615 non
2755 1577 2975 1630 prorsus
3012 1558 3264 1625 collapsa:
3302 1572 3424 1612 eum
3475 1555 3669 1624 imperii
3694 1570 3785 1608 ma-

2235 1657 2432 1728 jestate
2460 1658 2533 1712 rei
2563 1655 2833 1710 llllCl‘ill'iiB
2863 1669 3038 1708 mores
3056 1695 3069 1715 ,
3093 1662 3148 1707 et
3176 1652 3382 1721 gallica:
3405 1650 3628 1704 nationis
3647 1691 3661 1714 ,
3689 1663 3785 1718 qua:

2243 1753 2469 1808 necdum
2492 1792 2506 1816 ,
2532 1762 2585 1804 ut
2616 1764 2759 1804 nunc
2785 1759 2903 1811 est,
2956 1757 3064 1800 tum
3117 1745 3380 1816 ingeniis,
3431 1753 3540 1798 tum
3569 1751 3792 1811 praistan-

543 1835 598 1892 S.
664 1835 924 1892 Victorini
983 1849 1076 1892 aut
1130 1837 1322 1893 breves
1373 1837 1633 1893 duntaxat
1689 1838 2134 1905 observatimnes,
2173 1846 2576 1911 Btissimarttm
2626 1841 2820 1894 artium
2871 1837 3179 1908 cognitione
3219 1835 3360 1890 culta
3398 1844 3546 1899 erat,
3589 1833 3790 1903 peregri-

545 1942 639 1988 aut
690 1935 1055 1999 expositiones
1104 1933 1454 2005 Singularium
1507 1933 1852 1988 solummodo
1895 1933 2136 1988 locorum

548 2025 745 2081 laudati
786 2025 1064 2093 Evangelii
1094 2027 1437 2098 complexum
1489 2025 1676 2081 fuisse.

638 2119 1028 2176 Commentarii
1098 2121 1150 2175 in
1215 2119 1584 2190 Apocalypsin
1651 2119 1759 2173 divi
1817 2119 2044 2175 Joannis
2112 2136 2142 2174 a

546 2217 735 2262 sancto
762 2216 1001 2278 martyre
1047 2217 1234 2261 nostro
1273 2205 1519 2260 adornati
1551 2206 1795 2260 meminit
1823 2215 1876 2259 et
1921 2205 1981 2258 D.
2016 2205 2141 2260 Ilie-

545 2315 805 2371 rouymus
831 2309 884 2355 et
911 2297 1299 2364 Cassiodorus,
1333 2299 1421 2368 qui
1453 2298 1672 2352 ultimus
1701 2298 1770 2353 de
1809 2312 1874 2351 eo
1918 2297 1972 2352 in
2005 2301 2144 2350 hunc

547 2392 766 2449 modum
798 2393 980 2447 scribit
1124 2408 1136 2443 :
1176 2409 1196 2444 ι
1235 2391 1309 2445 De
1339 2407 1446 2460 quo
1493 2391 1631 2445 libro
1667 2388 2052 2462 (Apocalypsi)
2093 2400 2149 2445 et

547 2482 856 2539 Victorinus
873 2498 1015 2553 s:epe
1037 2483 1210 2539 dictus
1233 2485 1516 2554 episcopus
1543 2482 1860 2538 difficillima
1891 2483 2138 2552 quadam

548 2577 666 2633 loca
722 2577 953 2633 breviter
1010 2578 1257 2632 tractavit
1304 2597 1323 2630 ι
1361 2577 1516 2633 Hi~ce
1569 2577 1747 2630 verbis
1795 2576 1976 2646 jmliee
2046 2573 2147 2630 Ca-

551 2685 654 2725 veo
712 2668 790 2742 (⁸⁵)
840 2670 1011 2724 innuit
1059 2669 1447 2735 Cassiodorus,
1503 2669 1836 2726 Victorinum
1885 2685 1990 2723 non
2041 2680 2146 2722 tam

556 2763 823 2833 integram
847 2764 1209 2836 Apocalypsin
1233 2764 1624 2818 commentario
1645 2763 1965 2828 illustrasse,
1989 2777 2150 2832 quam

555 2856 858 2912 dilliciliora
910 2857 1154 2928 qumdam
1197 2858 1311 2912 loca
1360 2867 1640 2912 tractasse.
1698 2855 2012 2912 Generatim
2057 2871 2152 2910 au-

556 2961 665 3008 tem
721 2953 1101 3008 animadvertit
1155 2953 1378 3008 illustris
1429 2949 1729 3006 Ceillierins
1783 2951 1860 3022 (7)
1906 2970 1920 3004 :
1964 2949 2152 3020 Neque

557 3058 766 3102 certum
807 3062 960 3114 esse,
993 3063 1119 3102 num
1149 3057 1366 3102 Sanctus
1387 3043 1697 3100 Victorinus
1735 3044 1972 3113 integros
2009 3059 2155 3097 com-

559 3141 855 3196 mentarios
892 3141 1312 3211 eooscripserit,
1340 3155 1516 3210 neque
1543 3148 1717 3194 utrum
1762 3139 1928 3193 libros
1970 3153 2154 3193 sacros

560 3250 590 3289 a
615 3236 790 3307 capite
817 3250 988 3304 usque
1019 3235 1083 3288 ad
1129 3236 1331 3290 calcem
1365 3234 1702 3300 exposuerit.
1745 3232 2022 3298 Siquidem
2067 3248 2152 3286 sa-
2182 3251 2226 3311 ρ

563 3331 632 3383 tis
651 3328 931 3384 manifeste
952 3327 1242 3384 adseverat
1267 3327 1622 3382 Cassiodorus
1639 3369 1653 3392 ,
1682 3336 1926 3380 sanctum
1949 3325 2157 3395 episco-

564 3436 690 3492 pum
721 3421 934 3476 nonni~i
965 3419 1210 3491 qnzcdam
1240 3419 1356 3474 loca
1387 3417 1735 3473 Eccle~iastis
1756 3459 1769 3482 ,
1805 3415 1863 3470 S.
1897 3414 2154 3481 Mattbasi,

562 3523 727 3582 atque
762 3513 1168 3586 Apncalypseos
1205 3527 1266 3567 ev
1278 3511 1549 3580 plicuisse.

639 3605 717 3661 De
743 3607 804 3661 S.
848 3605 1092 3660 Victorini
1116 3605 1324 3660 sclioliis
1354 3605 1407 3657 in
1437 3603 1784 3674 Apocalypsin
1829 3601 2155 3656 Joannis.—

565 3700 810 3757 Alterum
877 3715 1038 3770 porro
1103 3715 1173 3755 ex
1242 3698 1498 3754 Victorini
1563 3697 1818 3766 scriptis,
1887 3695 2030 3766 quod
2095 3694 2162 3748 ad

567 3807 668 3847 nos
719 3807 886 3860 usque
937 3792 1220 3860 pervenit,
1264 3797 1392 3844 sunt
1439 3791 1558 3854 ejus
1598 3787 1800 3842 scholia
1851 3787 1902 3840 in
1955 3789 2164 3854 Apoca-

570 3887 747 3960 lypsin
766 3929 780 3945 .
806 3901 927 3955 quae
963 3885 1166 3954 primus
1196 3900 1260 3938 ex
1293 3882 1633 3937 bibliotheca:
1663 3880 1960 3936 casinemis
1980 3880 2166 3935 codice

573 3983 626 4037 in
675 3982 844 4037 lucem
890 3981 1030 4035 eruit
1075 3977 1298 4034 Basilius
1338 3976 1638 4042 millanius,
1688 3973 1986 4029 monachus
2030 3973 2168 4028 casi-

573 4091 700 4131 nas:
732 4073 1157 4142 prodieruntth
1191 4070 1478 4136 Bononiae,
1515 4068 1656 4124 iit—8°
1686 4068 1831 4138 apud
1858 4072 1983 4122 Ant.
2015 4064 2168 4121 Ciac—

572 4167 829 4222 carcllum
889 4177 943 4220 et
999 4166 1346 4234 Peregrinum
1417 4163 1761 4225 Bonardum,
1812 4177 1956 4216 anno
2005 4159 2166 4214 1558.

575 4262 810 4330 Questus
840 4261 1088 4331 equidem
1119 4269 1202 4314 cst
1244 4260 1446 4329 primus
1479 4258 1564 4311 hic
1601 4256 1929 4310 scholiorum
1961 4254 2170 4319 editor,

577 4353 819 4408 codicem
844 4353 938 4407 Me.
961 4395 975 4414 ,
1006 4368 1112 4417 quo
1144 4366 1272 4407 usus
1303 4359 1382 4405 est
1405 4392 1420 4418 ,
1453 4349 1587 4403 adeo
1629 4348 1796 4403 fuisse
1829 4349 2170 4402 librariorum

579 4444 792 4500 inscitia
838 4454 1152 4511 eorruptum
1176 4486 1191 4510 ,
1222 4453 1278 4497 ut
1318 4455 1463 4511 saepe
1498 4440 1588 4494 vix
1633 4439 1928 4494 divinando
1959 4446 2170 4494 rectum

582 4550 765 4610 posset
791 4540 1005 4610 assequi
1036 4555 1276 4596 sensum.

2247 1936 2468 1990 nitatem
2512 1930 2710 1987 referat
2751 1949 2764 1985 :
2811 1939 3018 1985 tantum
3064 1939 3239 1982 tamen
3285 1935 3478 1981 auctor
3516 1927 3613 1981 iste
3654 1924 3793 1978 brevi—

2244 2036 2354 2082 tate
2403 2041 2495 2080 sna
2543 2023 2829 2094 pra-stitit,
2879 2033 2931 2076 ut
2983 2019 3338 2092 quorumdam
3368 2017 3642 2073 verborum
3678 2017 3791 2070 inso-

2249 2121 2467 2176 lentiam
2516 2118 2724 2172 utilitas
2771 2115 3069 2187 argumenti
3115 2112 3326 2168 abunde
3377 2126 3598 2182 pensare
3641 2108 3791 2180 possit.

2248 2215 2356 2271 Nos
2380 2224 2530 2269 certe
2571 2229 2695 2268 cum
2736 2213 2878 2267 idem
2922 2211 3035 2280 ipse
3076 2226 3180 2263 non
3232 2207 3398 2261 verba
3449 2204 3634 2275 quibus
3680 2203 3795 2256 iden-

2250 2308 2413 2362 tidem
2475 2305 2783 2378 impropriis
2827 2314 2882 2359 et
2933 2304 3087 2373 longe
3130 2301 3198 2355 ab
3242 2315 3347 2355 usu
3403 2308 3545 2353 recte
3588 2293 3796 2367 loquendi

2250 2401 2474 2456 semotis
2503 2400 2699 2464 utitur,
2748 2396 2845 2452 sed
2896 2410 3087 2450 sensus
3140 2396 3284 2464 ipsos
3335 2404 3620 2463 sequatur;
3662 2387 3798 2442 nolui.

2253 2511 2370 2550 tuus
2423 2496 2473 2548 in
2531 2493 2708 2546 verbis
2761 2507 2827 2546 eo
2896 2491 3012 2558 ipso
3075 2487 3245 2544 videri
3311 2486 3601 2541 doctiores.
3655 2481 3798 2552 Itaque

2253 2586 2494 2656 vestigiis
2526 2585 2669 2639 illius
2717 2585 3027 2639 in-istentes
3049 2626 3064 2647 ,
3103 2597 3221 2650 qua:
3251 2578 3703 2634 animadversione
3723 2576 3798 2626 itii-

2254 2680 2441 2750 primis
2487 2679 2646 2748 digna
2716 2677 2827 2730 visa
2879 2683 3040 2739 sunt,
3096 2672 3230 2726 infra
3281 2671 3373 2726 hic
3433 2670 3794 2724 adnavimus.»

2256 2773 2526 2829 Hactenus
2555 2773 2604 2826 cl
2665 2769 2894 2824 Basilius
2925 2767 3196 2822 Millaoius
3226 2763 3406 2819 editur
3439 2781 3450 2817 :
3485 2763 3572 2834 qui
3599 2760 3795 2830 quidem,

2255 2870 2298 2923 si
2324 2869 2372 2923 ei
2396 2871 2541 2922 locus
2563 2866 3014 2936 llieronymianus
3042 2860 3406 2917 succurrisset
3437 2859 3504 2913 de
3530 2856 3658 2910 Viris
3681 2853 3799 2906 illus-

2259 2961 2428 3016 tribus
2451 2961 2696 3029 superius
2723 2957 2876 3011 nobis
2901 2962 3260 3016 memoratus,
3292 2967 3470 3021 neque
3495 2949 3680 3020 gallum
3702 2943 3802 2998 luis-

2257 3071 2315 3109 se
2348 3053 2714 3112 Victorinum,
2758 3065 2852 3104 seu
2882 3049 3269 3118 pictaviensem
3298 3046 3609 3115 episcopum
3651 3036 3800 3095 existi-

2259 3159 2460 3202 masset
2483 3189 2498 3211 ,
2533 3161 2708 3215 neque
2736 3144 2804 3199 de
2822 3143 2961 3214 ston
2983 3142 3100 3211 ejus
3120 3139 3398 3209 incompt'o
3419 3138 3551 3193 adeo
3570 3134 3802 3191 doluisset.

2336 3240 2461 3294 ll:cc
2511 3250 2691 3292 autem
2743 3253 2811 3292 ex
2854 3237 3062 3291 editore
3104 3243 3290 3288 llOsll'o
3323 3242 3606 3304 propterea
3657 3223 3803 3292 impri-

2263 3335 2365 3389 mis
2385 3332 2738 3387 describenda
2775 3329 3109 3391 censuimus,
3143 3328 3313 3397 inquit
3360 3322 3662 3381 Gallandius
3701 3317 3795 3387 (l).

2263 3426 2405 3497 quod
2439 3425 2660 3494 hujusce
2685 3422 2928 3494 upusculi
2960 3419 3157 3482 editio,
3191 3419 3349 3472 unica
3383 3417 3648 3472 enimvero
3675 3409 3801 3465 adeo-

2265 3537 2371 3590 que
2412 3535 2628 3590 perrara
2651 3561 2664 3583 ,
2697 3532 2792 3572 eos
2821 3517 2886 3570 ad
2919 3531 3084 3570 unum
3112 3529 3301 3568 omnes
3331 3513 3589 3567 hactenus
3618 3504 3805 3561 latuerit.

2266 3615 2356 3686 qtti
2385 3625 2493 3668 tum
2528 3614 2631 3668 hoc
2653 3655 2667 3680 ,
2701 3625 2809 3666 tum
2841 3612 3125 3682 superiore
3156 3609 3364 3663 smculo
3395 3607 3465 3662 de
3508 3598 3808 3673 scriptoribus

2267 3693 2652 3767 ecclesiasticis
2678 3709 2857 3775 egisse
2888 3716 3204 3762 noscuntur.
3238 3704 3294 3760 Si
3320 3703 3467 3757 enim
3493 3702 3556 3756 iis
3583 3702 3807 3769 perspecta

2269 3806 2458 3860 luisset
2505 3803 2634 3865 illa,
2683 3801 2860 3855 nullus
2901 3800 3120 3862 dubito,
3175 3799 3301 3868 quin
3355 3793 3614 3865 ejusmodi
3652 3784 3810 3843 scholia

2272 3911 2532 3970 tanquam
2595 3896 2885 3968 genuinum
2933 3893 3191 3948 Victorini
3254 3889 3442 3946 laetum
3493 3887 3808 3956 excepissent,

2274 3992 2734 4064 agnovissentque
2776 3987 2968 4050 simul,
2997 3984 3334 4041 subdititium
3361 3985 3580 4037 omnino
3607 3990 3728 4035 esse,
3754 3981 3812 4023 ut.

2276 4099 2397 4159 pote
2427 4087 2560 4140 mire
2584 4082 2962 4153 interpolatum
2984 4122 2999 4144 ,
3033 4079 3481 4134 commentarium
3512 4077 3560 4129 in
3595 4067 3812 4136 Apocaly-

2276 4182 2431 4252 psin,
2459 4179 2546 4248 qui
2597 4177 2698 4232 sub
2754 4177 2871 4242 ejus
2913 4173 3130 4227 nomine
3176 4174 3226 4226 in
3269 4169 3603 4225 bibliothecis
3640 4164 3812 4217 Patrum

2275 4272 2669 4328 circumfertur.
2730 4268 2797 4322 Et
2861 4269 3089 4336 primum
3141 4265 3360 4334 quidem
3419 4278 3485 4317 ex
3541 4253 3814 4314 Cassiodoro

2277 4367 2535 4422 discimus
2594 4362 2718 4435 (Ξ),
2784 4361 3117 4416 Victorinum
3183 4358 3247 4411 de
3297 4358 3427 4410 libro
3490 4350 3814 4423 Apocalypseot

2279 4458 2593 4531 difﬁcillima
2623 4455 2860 4527 quadam
2889 4454 3001 4506 loca
3029 4453 3242 4506 breviter
3270 4460 3520 4503 tractasse
3551 4463 3564 4500 :
3595 4456 3701 4514 quac
3723 4435 3814 4506 qui-

2280 4552 2403 4606 dem
2452 4550 2658 4604 notatio
2698 4557 2752 4602 et
2796 4545 2996 4601 nostris
3040 4542 3262 4598 scholiis
3302 4541 3546 4610 apprime
3570 4538 3816 4601 congruere

685 4634 758 4688 De
787 4647 952 4703 opere
1007 4644 1220 4698 autem,
1254 4633 1430 4702 deque
1463 4631 1607 4686 illius
1649 4638 1900 4693 auctore,
1929 4640 2028 4682 nec
2069 4640 2176 4679 non
2204 4647 2256 4708 Ι)
2285 4645 2557 4709 “meum,
2587 4653 2639 4697 οι
2669 4657 2698 4696 a
2743 4639 3058 4711 pervulgato
3101 4633 3499 4689 εοηιηιεηιεη-ίο
3537 4630 3696 4684 aliena
3729 4630 3817 4711 esse

585 4726 653 4783 de
698 4742 855 4795 cura,
906 4742 1065 4795 quam
1121 4728 1174 4782 in
1223 4742 1290 4782 eo
1333 4723 1652 4780 illustrando
1687 4719 1980 4790 impendit,
2036 4717 2178 4772 haud

586 4823 816 4876 otiosum
837 4821 1066 4875 fortasse
1095 4819 1254 4875 fuerit
1284 4821 1460 4888 ipsum
1492 4817 1706 4882 audire,
1738 4814 2001 4868 lectorem
2026 4826 2180 4864 suum

588 4915 952 4984 alloquentem
1000 4911 1084 4969 bis
1114 4913 1331 4968 verbis:
1359 4929 1378 4964 ι
1415 4910 1485 4967 Ut
1525 4926 1590 4964 ne
1637 4907 1766 4979 quid
1809 4915 1986 4970 esset,
2024 4925 2042 4955 ι
2102 4904 2187 4958 in-

590 5007 736 5077 quit,
769 5025 786 5056 ι
823 5005 874 5059 in
901 5021 1008 5075 quo
1055 5021 1141 5061 me
1185 5017 1276 5060 aut
1305 5004 1464 5074 plane
1486 5003 1855 5071 indiligentem
1902 5010 2180 5066 argueres,

591 5107 683 5151 aut
720 5097 880 5152 etiam
917 5111 1202 5151 accusares
1230 5106 1287 5150 ιιι
1323 5095 1615 5154 audacem,
1651 5092 1822 5146 amice
1853 5089 2059 5152 lector,
2099 5103 2187 5142 se-

592 5190 721 5248 dulo
771 5191 1169 5262 diligenterque
1227 5191 1375 5256 eavi;
1433 5205 1554 5243 nam
1612 5199 1665 5242 et
1711 5184 2029 5256 opusculum
2085 5183 2187 5238 boc

669 5353 744 5416 li)
770 5349 1078 5404 l‘assiodor.
1099 5392 1113 5415 ,
1145 5350 1366 5402 institut.
1396 5350 1555 5400 divin.
1591 5347 1668 5400 lit.
1691 5387 1704 5408 ,
1737 5360 1855 5412 cap.
1889 5344 1942 5416 5.

671 5411 748 5493 (2)
783 5411 1135 5494 Ηίιιι-ιιιιγιιιί,
1164 5419 1371 5494 Prolog.
1397 5421 1451 5474 in
1479 5419 1666 5473 Matth.
1691 5458 1706 5484 ,
1737 5432 1854 5486 pag.
1887 5415 1944 5481 8,
1972 5421 2028 5470 et
2056 5411 2184 5468 edit.

596 5495 711 5550 Ven
752 5503 791 5548 ι.
819 5537 833 5555 .
865 5493 995 5547 limi.
1031 5509 1150 5550 vni.
1187 5511 1237 5559 p.
1269 5493 1320 5546 7.

669 5562 749 5633 (5)
775 5565 1081 5619 Cassiodor.
1106 5608 1121 5630 ,
1156 5565 1282 5618 ibid.
1304 5604 1320 5625 ,
1349 5578 1464 5632 cap.
1502 5561 1554 5616 7.

696 5635 751 5703 lt)
778 5636 1047 5703 Lartlner,
1080 5637 1182 5690 loc.
1215 5637 1303 5690 cit.
1329 5678 1342 5695 ,
1386 5652 1437 5700 p.
1477 5635 1600 5690 191.

699 5707 752 5769 5)
772 5709 1078 5763 tiassiodor.
1098 5749 1114 5774 ,
1144 5707 1246 5760 loc.
1275 5707 1395 5768 cit.,
1429 5721 1545 5775 cap.
1572 5705 1627 5761 9.

681 5776 922 5849 (QtQave
983 5780 1084 5834 loc.
1116 5781 1243 5845 cit.,
1284 5794 1332 5849 p.
1372 5777 1494 5832 147.

683 5843 764 5918 (7)
786 5846 1025 5908 Ceillier.
1046 5893 1062 5919 ,
1098 5851 1197 5906 loc.
1229 5843 1363 5918 cit.,
1395 5865 1448 5921 p.
1474 5848 1578 5906 545
1618 5856 1674 5905 et
1703 5843 1828 5904 546.

2285 4739 2642 4806 comperitur;
2693 4745 2749 4788 ut
2785 4731 3007 4787 cuilibet
3060 4740 3344 4799 utrumque
3390 4743 3524 4797 opus
3570 4709 3818 4806 conlereuli

2288 4803 2626 4903 perspicuum
2686 4827 2794 4880 liet.
2855 4821 3058 4877 Deinde
3105 4820 3248 4891 quod
3312 4820 3392 4874 rei
3443 4825 3596 4886 caput
3644 4803 3818 4903 esu-iu

2289 4891 2489 4979 nostris
2519 4921 2724 4975 scltoliis
2767 4906 2914 4987 regni
2960 4914 3241 4968 millenarii
3294 4921 3418 4965 nota
3449 4910 3700 4973 comparet
3734 4891 3819 4965 (5)3

2288 5019 2429 5089 quod
2461 5033 2591 5071 sane
2617 5013 2949 5069 Victorinum
2981 5025 3100 5062 eum
3126 5006 3246 5060 aliis
3290 4999 3668 5073 antiquioribus
3692 5000 3820 5060 agnos

2291 5114 2472 5173 visse.
2524 5108 2772 5179 superius
2817 5122 2880 5160 ex
2923 5104 3252 5172 Hieronymo
3297 5097 3614 5165 accepimus.
3715 5173 3725 5179 _
3773 5168 3796 5179 ν

2390 5200 2540 5258 Haud
2594 5169 2792 5252 nomen
2858 5169 3307 5250 tllSsimtll'ﬂdlllll
3374 5187 3609 5242 videtur.
3663 5169 3822 5270 scholii1

2293 5313 2387 5353 sua
2419 5293 2740 5350 concludere
2773 5291 3099 5346 Victorinum
3130 5287 3212 5340 bis
3239 5284 3417 5338 verbis
3446 5298 3458 5331 :
3489 5298 3508 5330 ι
3541 5277 3670 5344 Ergo
3695 5263 3815 5321 audt-

2295 5387 2419 5444 endi
2448 5402 2555 5442 non
2587 5393 2745 5446 sntit,
2781 5383 2869 5453 qui
2902 5381 3047 5434 tnille
3075 5391 3336 5432 annormn
3363 5386 3578 5443 regnum
3602 5365 3822 5420 terrenum

2292 5497 2414 5539 esse
2431 5481 2754 5535 conﬁrmant
2771 5477 2881 5547 ,qui
2899 5489 3020 5530 cum
3039 5470 3299 5528 Cerintho
3313 5464 3564 5523 liierctico
3578 5456 3818 5515 scutiunta

2472 5617 2720 5700 Qallantl.
2744 5660 2758 5682 ,
2784 5615 2894 5700 .loc.
2939 5615 3031 5700 cit.
3067 5628 3122 5700 ι)ἴ
3155 5613 3206 5666 6.

2367 5681 2448 5763 (ξ’)
2479 5681 2757 5763 cassiod.,
2784 5686 2888 5740 loc.
2922 5686 3055 5763 cit.,
3099 5698 3200 5763 cap
3229 5681 3283 5763 92
3433 5748 3444 5763 ι
3523 5761 3531 5763 ᾼ
3646 5753 3659 5763 _
3748 5724 3819 5763 ηί,

2367 5728 2448 5778 ,f,
2481 5728 2757 5772 u..s........,
2785 5728 2888 5740 η...
3039 5728 3055 5750 ,
3101 5728 3198 5765 τη,
3230 5728 3283 5737 ν-
3748 5728 3819 5783 15,

2366 5772 2456 5840 (ἀλ
2519 5761 2782 5832 Victoria.
2806 5801 2820 5825 ,
2879 5756 3043 5813 schol.
3108 5772 3162 5810 in
3249 5748 3592 5824 Apocalypm,
3646 5753 3693 5802 ι»
3810 5763 3821 5785 ν

2298 5851 2399 5891 xx.
2428 5843 2462 5890 υ
