3904 6316
438 271 548 331 299

1251 264 1341 323 DE
1378 265 1436 323 S.
1476 254 1845 321 VICTORINO
1880 254 1990 317 ΕΡ.
2032 252 2373 331 ΕΤξΜΑΒΤ.
2403 254 2941 317 PROLEGOMENA.

3611 248 3703 323 300

437 391 498 447 S.
523 356 919 460 Victoriihild)
939 355 991 440 et
1010 382 1169 454 hujus
1195 381 1672 439 FiliumChristum
1694 389 1857 436 «ante
1873 379 2036 450 origi-
2062 379 2116 442 Α
2216 376 2478 459 Εάὶιξοηεε
2528 395 2740 447 operum
2786 377 2846 434 S.
2915 368 3170 451 Victorini
3229 360 3611 426 Petavionensis.
3646 401 3707 411 —

442 498 568 539 nem
599 480 781 537 saaculi
820 476 961 549 apud
987 475 1201 531 Patrem
1240 476 1501 546 genitum,
1533 474 1804 529 hominem
1836 473 2033 527 factum

442 577 499 631 in
519 577 697 629 anima
725 586 848 627 vera
879 579 933 626 et
953 583 1136 633 carne,
1171 578 1399 640 utraque
1423 567 1640 623 miseria
1670 576 1725 621 et
1748 577 1923 619 morte
1943 563 2039 618 de-

442 670 602 725 victa.
622 675 677 722 et
699 665 750 720 in
778 663 967 728 caelos,
995 676 1115 717 cum
1146 676 1374 733 corpore
1397 675 1425 714 a
1451 660 1607 715 Patre
1628 667 1926 729 receptum,
1955 652 2038 711 ef-

442 761 645 816 fudisse
676 758 933 829 Spiritum
961 764 1224 820 sanetum,
1276 736 1475 810 donum
1503 763 1557 827 et
1590 752 1777 825 pignus
1820 752 2040 806 innuer-

443 853 677 910 talitatis.
706 871 726 905 ι
2012 913 2021 922 ε

518 946 729 1017 Septem
776 947 913 1002 dona
954 944 1184 1016 Spiritus
1222 944 1411 999 sancti.
1434 972 1506 985 -—-
1534 943 1593 998 ln
1624 940 1924 1013 fragmento
1973 937 2042 993 de

444 1040 669 1096 Fabrica
698 1040 906 1103 mundi,
946 1038 1016 1093 de
1060 1046 1267 1110 septem
1315 1035 1473 1091 donis
1514 1034 1745 1105 Spiritus
1789 1031 1958 1087 sancti
1986 1033 2041 1087 in

444 1136 591 1191 hunc
616 1134 837 1190 modum
867 1132 1086 1190 disserit
1117 1130 1194 1204 (ἓ)
1231 1149 1245 1185 :
1288 1148 1307 1182 ι
1345 1128 1409 1185 lli
1440 1138 1646 1199 septem
1678 1126 1911 1197 Spiritus
1939 1142 2040 1179 no-

447 1228 592 1285 mina
622 1236 747 1281 sunt
772 1241 958 1281 eorum
1009 1224 1263 1294 Spiritus,
1308 1222 1399 1292 qui
1442 1236 1603 1291 supra
1647 1218 1917 1275 Christum
1948 1217 2044 1273 Dei

446 1320 829 1392 requieverunt
855 1316 1060 1388 (Isaite,
1092 1316 1189 1384 χι).
1224 1308 1517 1372 Summum
1554 1326 1684 1387 ergo
1735 1309 1939 1367 cmlum
1960 1323 2045 1361 sa-

450 1415 705 1486 pientiae,
758 1394 1052 1467 secundum
1104 1394 1456 1470 intellectus,
1520 1404 1736 1460 tertium
1795 1400 2041 1468 cottsilii,

447 1515 699 1578 quartum
727 1503 962 1567 virtutis,
994 1502 1239 1571 quintum
1268 1497 1532 1561 scientiae.
1566 1505 1778 1552 sextum
1807 1493 2043 1566 pietatis,

449 1598 737 1669 septimum
768 1594 975 1651 timoris
1000 1594 1114 1669 Dei.
1139 1591 1251 1647 Hoc
1274 1591 1435 1667 igitur
1461 1590 1689 1645 verbum
1715 1603 1837 1642 cum
1870 1587 2045 1640 lucem

449 1668 596 1758 fecit,
625 1689 884 1760 sapientia
919 1668 1176 1750 vocatur;
1219 1700 1339 1740 cum
1388 1684 1610 1750 C(Bhtm,
1666 1681 1975 1737 intellectus
2030 1698 2042 1733 :

2140 469 2449 525 Tractatum
2466 472 2636 525 sancti
2655 468 2941 534 Victorini,
2968 466 3034 521 de
3050 464 3273 521 Fabrica
3305 461 3503 528 tntmdi,
3528 464 3710 531 primus

2141 563 2310 621 edidit
2335 565 2564 625 Caveus,
2585 575 2715 618 tom.
2739 581 2751 617 I
2772 563 2907 619 Hist.
2932 558 3099 616 litter.
3126 558 3193 615 de
3215 557 3471 629 Scriptor.
3498 556 3709 625 Eccles.,

2143 673 2262 728 pag.
2295 657 2423 724 103,
2456 656 2705 723 Londini,
2741 657 2794 711 in
2816 655 2948 717 fol.,
2984 652 3145 717 1689,
3175 666 3421 735 recusum
3453 666 3566 705 cmn
3593 666 3713 705 non-

2142 749 2306 805 nullis
2335 750 2477 805 notis
2504 748 2707 804 criticis
2732 748 2805 803 cl.
2835 745 3100 811 Walkeri,
3134 745 3348 811 Oxonii,
3373 743 3532 806 1740,
3554 752 3603 798 et
3630 743 3716 798 Ba-

2143 843 2309 911 siletc,
2361 844 2521 908 1741,
2556 858 2585 898 a
2632 858 2752 914 pag.
2802 841 3109 905 148—151,
3144 841 3195 894 in
3224 838 3455 894 Historia
3486 838 3718 893 litteraria

2142 933 2329 990 Cavei.
2375 936 2550 1005 Atque
2578 935 2715 989 hanc
2747 944 3077 1004 postremam
3112 933 3162 986 in
3192 930 3500 1013 recudendo
3525 930 3618 983 hoc
3646 930 3721 983 Vi-

2144 1027 2340 1082 ctorini
2374 1026 2673 1101 fragmento
2702 1036 2921 1082 secutus
2968 1037 3049 1081 est
3099 1025 3388 1081 editionem
3435 1023 3721 1081 Gallandius

2144 1121 2197 1176 in
2222 1121 2559 1177 Bibliotheca
2588 1130 2831 1177 veterum
2858 1120 3100 1184 Patrum,
3138 1102 3269 1173 tom.
3319 1135 3390 1181 tv,
3424 1134 3475 1185 p.
3507 1117 3722 1180 40—52,

2146 1230 2305 1284 quam
2340 1230 2491 1268 more
2522 1230 2621 1269 suo
2648 1215 2699 1268 in
2731 1200 2937 1287 aliquot
2964 1204 3231 1287 sectiones
3264 1211 3463 1278 divisit,
3496 1212 3724 1281 auxitque

2151 1307 2421 1361 nonnullis
2448 1306 2942 1362 observatiOuibus.
3086 1284 3093 1297 ’

2223 1398 2435 1455 Scholia
2487 1400 2549 1455 S.
2588 1386 2846 1455 Victorini
2883 1399 3268 1475 Petat'ionensis
3294 1400 3347 1455 in
3379 1398 3725 1473 Apocalypsin,

2152 1498 2429 1563 Bonouim,
2488 1496 2628 1561 in-8,
2677 1513 2706 1551 a
2754 1498 2953 1555 Basilio
3000 1498 3259 1562 Millanio,
3317 1498 3480 1560 1558,
3526 1498 3731 1571 primum

2150 1593 2313 1658 edita,
2366 1603 2420 1651 et
2466 1607 2495 1647 a
2527 1592 2809 1649 Gallainlio
2853 1596 2906 1649 in
2955 1576 3343 1655 Bibliothecam
3380 1603 3615 1648 veterum
3648 1593 3734 1647 Pa-

2152 1695 2292 1739 trum
2341 1696 2554 1754 recepta
2602 1683 2775 1750 fuere,
2824 1684 2929 1739 vol.
2962 1703 3033 1751 iv,
3070 1703 3190 1757 pag.
3222 1686 3459 1742 52—64.
3504 1683 3737 1757 Analysin

447 1798 570 1838 cum
597 1792 797 1837 terram
836 1788 892 1836 et
934 1794 1101 1843 mare,
1153 1775 1436 1832 consilium
1471 1794 1484 1829 :
1514 1791 1637 1830 cum
1686 1774 1855 1829 sulem
1884 1782 1938 1826 el
1972 1772 2051 1824 ln-
2080 1786 2127 1846 B
2158 1777 2351 1832 borum
2414 1779 2643 1835 duorum
2716 1768 3100 1849 opusculorum
3172 1779 3397 1836 exhibet
3463 1778 3739 1851 indefessus

450 1893 596 1945 nam,
621 1860 959 1946 emteraque,
975 1874 1124 1928 clara
1147 1873 1319 1927 virtus
1344 1889 1361 1937 ;
1385 1881 1545 1927 terrae
1567 1885 1633 1925 ac
1657 1871 1823 1925 maris
1850 1867 2055 1923 excitat

448 1971 706 2036 scientia;
755 1984 881 2025 cum
921 1967 1193 2023 hominem
1236 1967 1407 2029 tinxit,
1456 1966 1630 2037 pictas
1670 1981 1685 2017 :
1728 1979 1849 2018 cum
1881 1960 2054 2016 homi-

453 2080 575 2120 nem
595 2059 1294 2126 benedixit.acsauctiflcat,
1315 2059 1475 2113 timor
1500 2059 1594 2113 Dei
1616 2071 1813 2112 uomen
1834 2056 2014 2109 habet.
2028 2073 2048 2107 ι

520 2159 786 2231 Jejunium
830 2157 884 2210 in
929 2155 1236 2211 Parasceve.
1284 2153 1401 2209 Diei
1453 2152 1736 2233 Dominico:
1782 2152 2057 2206 celebratio

453 2246 836 2325 Sabbatumqne
895 2252 948 2305 in
1005 2249 1329 2303 ﬂaminicam
1378 2259 1653 2302 mutatum.
1703 2278 1773 2287 —
1817 2245 2060 2300 Meminit

452 2348 617 2403 etiam
647 2354 868 2400 sanctus
899 2342 1208 2398 Victorinus
1237 2341 1618 2399 celebrationis
1663 2339 1971 2402 dominicae,
2003 2350 2061 2393 et

451 2441 645 2497 mutati
672 2437 880 2493 sabbati
909 2437 962 2490 in
995 2435 1355 2501 dominicam,
1387 2432 1511 2488 dum
1549 2437 1620 2487 ita
1663 2434 1901 2501 loquitur
1929 2428 2006 2504 (5)
2041 2448 2055 2484 :

464 2553 484 2587 ε
521 2530 586 2588 Et
614 2540 672 2586 ut
695 2546 761 2586 ex
783 2544 846 2585 ea
874 2544 933 2584 re
958 2529 1174 2596 longius
1203 2542 1452 2582 enarrem
1484 2544 1496 2579 :
1527 2525 1669 2580 Ecce
1690 2534 1919 2595 quatuor
1946 2521 2062 2577 ani-

458 2625 619 2682 malia
639 2632 765 2678 ante
795 2624 1045 2677 thronum
1080 2621 1195 2687 Dei,
1225 2630 1458 2691 quatuor
1487 2616 1804 2691 Evangelia,
1832 2629 2062 2689 quatuor

456 2720 679 2777 ﬂumina
721 2718 773 2772 in
822 2714 1073 2787 paradiso
1114 2713 1357 2780 ﬂuentia,
1407 2725 1635 2793 quatuor
1680 2711 2063 2783 generationes

455 2815 780 2888 populorum
810 2810 879 2867 ab
921 2810 1094 2866 Adam
1141 2824 1313 2880 usque
1336 2807 1402 2863 ad
1429 2806 1563 2871 Noe,
1597 2822 1625 2860 a
1656 2804 1769 2862 Noe
1800 2821 1970 2875 usque
1996 2802 2066 2859 ad

458 2907 757 2973 Abraham,
808 2905 876 2960 ab
923 2902 1192 2959 Abraham
1222 2917 1391 2981 usque
1421 2900 1487 2955 ad
1516 2898 1757 2975 Moysen,
1805 2915 1835 2954 a
1882 2899 2067 2969 Moyse

458 3016 635 3073 usque
656 3001 722 3055 ad
748 2998 1027 3055 Christum
1048 2995 1334 3051 Dominum
1358 2992 1551 3048 Filium
1583 2994 1675 3048 Dei
1704 3011 1717 3045 :
1752 2991 1846 3046 Die
1876 2992 2067 3062 quinto

461 3104 608 3150 terra
630 3102 685 3148 et
704 3108 840 3163 aqua
873 3090 1035 3147 fastus
1067 3103 1195 3145 suos
1225 3086 1533 3144 ediderunt.
1569 3087 1664 3141 Die
1695 3095 1856 3142 sexto
1882 3098 2067 3140 creata

2157 1872 2220 1926 P.
2272 1872 2583 1953 Dominicus
2637 1873 3029 1939 Schrammius,
3080 1882 3214 1929 tom.
3268 1891 3392 1959 vui,
3448 1890 3477 1929 a
3530 1889 3642 1967 pag.
3682 1871 3741 1928 24

2163 1963 2335 2021 -56ς

2233 2059 2639 2117 Commentarius
2681 2062 2747 2119 S.
2804 2061 3050 2135 Victorini
3092 2064 3147 2119 in
3194 2062 3561 2135 Apocalypsin,
3613 2062 3743 2132 cujus

2162 2157 2457 2239 editionem
2501 2160 2730 2237 primam
2784 2157 3063 2231 hucusque
3119 2158 3309 2241 ignoro
3336 2160 3446 2231 (ita
3476 2157 3651 2217 scribit
3683 2157 3742 2211 cl.

2166 2251 2289 2304 ΑΗ).
2318 2250 2621 2333 Fabricius,
2654 2248 2790 2304 Bibl.
2826 2251 2958 2305 med.
2996 2262 3041 2305 et
3072 2250 3265 2319 inﬁma:
3310 2250 3596 2333 latinitatis,
3629 2257 3743 2331 tom.

2166 2361 2245 2409 vn.
2276 2328 2376 2401 lib.
2418 2345 2509 2410 ρο,
2559 2362 2680 2416 pag.
2726 2345 2854 2408 295.
2899 2345 3032 2403 edit.
3082 2344 3273 2408 Mausi,
3327 2328 3493 2413 nsi,
3546 2328 3746 2408 Patavii,

2168 2438 2324 2505 in-a)
2354 2439 2529 2493 illatus
2574 2448 2659 2495 est
2700 2449 2885 2508 postea
2920 2439 2971 2492 in
3003 2438 3368 2494 Bibliothecas
3397 2448 3621 2508 patrum,
3665 2434 3749 2517 Pa-

2170 2535 2452 2587 risiensem
2472 2575 2485 2599 ,
2545 2533 2611 2587 de
2670 2549 2813 2588 anno
2843 2531 3001 2597 1644,
3052 2549 3082 2587 a
3112 2547 3230 2604 pag.
3262 2533 3368 2588 507
3394 2574 3409 2599 ,
3438 2540 3568 2587 tom.
3594 2528 3749 2601 tLug—

2170 2626 2493 2689 dunensem,
2520 2642 2639 2698 pag.
2675 2626 2783 2682 414
2813 2657 2886 2667 -
2915 2625 3043 2687 421,
3093 2636 3226 2680 tom.
3260 2642 3341 2681 ut.

2243 2718 2493 2773 Carmina
2519 2718 2647 2781 duo,
2674 2719 2738 2773 de
2763 2717 2794 2773 Ι
2803 2736 2890 2773 esu
2914 2718 3137 2784 Christo,
3166 2717 3270 2772 Deo
3294 2729 3344 2795 et
3369 2719 3568 2774 homine
3587 2730 3748 2789 unum.

2170 2813 2399 2865 alterum
2446 2810 2514 2865 de
2559 2808 2785 2875 Pascha,
2833 2828 2925 2867 seu
2971 2810 3171 2887 lignum
3201 2811 3326 2866 vita:
3360 2811 3680 2889 inscriptum,
3706 2808 3750 2861 in

2172 2903 2415 2974 Gregorii
2446 2902 2674 2959 Fabricii
2705 2892 2981 2973 poetarum
3006 2888 3251 2960 veterum
3293 2905 3750 2961 ecclesiasticarum

2173 2999 2429 3067 operibus
2455 2998 2786 3059 christianis,
2823 3014 2943 3070 pag.
2972 3000 3098 3064 76l,
3132 2998 3397 3073 impressa
3426 2998 3694 3055 habentur.

2249 3088 2331 3165 Ad
2358 3090 2474 3145 haec
2503 3089 2631 3145 falsa
2659 3091 2939 3147 Victorino
2967 3091 3238 3161 adscripta
3271 3092 3529 3163 opuscula
3556 3090 3755 3160 pertinet

461 3195 608 3253 sunt,
639 3200 760 3257 qua:
789 3184 1048 3245 deerant.
1079 3197 1142 3236 ac
1191 3181 1271 3235 sic
1316 3180 1457 3234 Deus
1500 3176 1775 3233 hominem
1806 3178 1873 3234 de
1902 3177 2069 3231 humo
2100 3181 2145 3245 C
2178 3174 2519 3238 editio'fneta
2550 3182 2740 3240 Gotltte
2772 3186 2871 3239 sub
2901 3186 3050 3255 prelo
3102 3184 3339 3258 Beyher.
3392 3203 3446 3259 p.
3492 3184 3576 3255 Jo.
3619 3180 3751 3237 Mich.

464 3274 746 3346 instruxit,
781 3278 1067 3333 Dominum
1099 3274 1339 3329 omnium
1382 3288 1586 3337 rerum,
1620 3289 1740 3342 qum
1766 3287 1930 3341 super
1957 3281 2071 3327 ter-

464 3388 606 3438 ram,
656 3381 711 3427 et
753 3386 917 3442 super
959 3383 1151 3439 aquam
1182 3367 1384 3421 creavit
1416 3379 1431 3417 :
1464 3364 1609 3435 prius
1638 3375 1815 3419 tamen
1846 3364 2074 3435 angelos

467 3472 628 3535 atque
654 3461 1008 3533 archangelos
1034 3459 1259 3515 creavit.
1295 3457 1392 3513 llic
1415 3456 1532 3511 dies
1574 3469 1759 3512 sextus
1788 3456 2074 3511 Parasceve

466 3554 791 3629 appellatur,
843 3553 1164 3626 prteparatio
1214 3550 1420 3608 scilicet
1446 3551 1620 3625 regni.
1653 3549 1858 3629 Idcirco
1890 3548 2073 3608 autem

468 3649 621 3721 prius
645 3658 807 3718 opera
840 3660 935 3702 sua
959 3645 1373 3711 consummavit,
1401 3660 1561 3712 quam
1591 3646 1810 3716 angelos
1840 3634 2073 3710 crearet,

469 3752 526 3799 et
554 3742 827 3798 hominem
858 3738 1159 3805 fabricavit,
1200 3754 1269 3794 ne
1308 3736 1445 3793 forte
1492 3737 1768 3807 adjutores
1809 3754 1868 3795 se
1906 3732 2077 3795 fuisse

478 3835 612 3890 falsa
641 3826 881 3889 dictione
913 3840 1318 3886 asseverarent.
1348 3829 1464 3886 Hoc
1492 3847 1708 3902 quoque
1738 3832 1824 3888 die
1854 3835 1916 3887 ob
1946 3832 2078 3888 Pas-

480 3929 677 3983 sionem
698 3925 910 3981 Domini
935 3922 1008 3978 N.
1040 3922 1165 3977 Jesu
1191 3921 1402 3989 Christi,
1419 3934 1504 3977 aut
1535 3924 1806 3980 stationem
1831 3926 1957 3992 Deo,
1986 3938 2078 4001 aut

467 4021 725 4095 jejunium
760 4019 999 4092 facimus.
1052 4016 1147 4071 Die
1175 4016 1403 4087 septimo
1435 4018 1703 4087 requievit
1729 4019 1797 4095 ab
1825 4018 2078 4073 omnibus

478 4114 734 4186 operibus
760 4111 892 4179 suis,
922 4121 976 4166 et
1002 4107 1277 4165 benedixit
1322 4124 1467 4173 eum,
1499 4117 1553 4164 et
1577 4094 1964 4177 sanctificavit;
1993 4110 2077 4166 id-

478 4209 645 4275 eirco,
676 4218 737 4265 ut
759 4208 849 4263 die
872 4205 1151 4261 Dominico
1176 4220 1297 4259 cum
1329 4204 1619 4274 gratiarum
1652 4206 1864 4262 actione
1888 4208 1953 4261 ad
1988 4223 2079 4276 pa-

485 4319 607 4359 nem
633 4316 910 4368 exeamus,
958 4309 1013 4355 et
1055 4314 1163 4353 non
1188 4314 1308 4353 cum
1336 4298 1536 4353 Iudaeis
1575 4301 1858 4355 sabbatum
1887 4302 2078 4356 obser-

482 4412 614 4452 vare
647 4395 945 4461 videamur,
993 4394 1117 4464 quia
1164 4392 1279 4462 ipse
1324 4392 1581 4447 Dominus
1610 4378 1952 4461 est'sabbati,
1986 4396 2083 4449 Pa-

484 4504 706 4548 rasceve
751 4488 989 4544 solemus
1038 4500 1349 4556 supponere
1390 4496 1444 4539 et
1485 4486 1790 4541 sabbatum.
1836 4488 2086 4544 Christus

2124 3274 2141 3283 ’
2181 3274 2499 3344 Schallium,
2537 3276 2699 3341 1652,
2729 3277 2867 3332 ἰηο8.
2898 3278 3106 3332 Sauctm
3138 3278 3384 3348 reliquim
3409 3268 3566 3351 duum
3600 3276 3754 3329 Victo-

2184 3373 2450 3437 rinorum,
2480 3370 2828 3439 pietaviensis
2858 3386 2997 3425 unus
3024 3372 3261 3442 episcopi
3288 3372 3559 3445 martyris.
3588 3369 3672 3422 afri
3694 3365 3756 3420 al-

2187 3462 2353 3517 terius
2379 3463 2491 3517 Caii
2520 3462 2692 3522 Marii.
2727 3465 2965 3519 rhetoris
2997 3465 3225 3533 primum
3257 3464 3467 3519 romani
3515 3472 3566 3518 et
3592 3474 3755 3516 consu-

2184 3555 2317 3611 laris
2366 3542 2463 3609 viri
2511 3552 2799 3610 clarissimi
2849 3540 3133 3623 conversi,
3188 3544 3386 3612 deinde
3436 3549 3753 3627 disputatoris

2188 3646 2549 3714 subtilissimi,
2582 3647 2685 3702 hoc
2713 3658 2797 3703 est
2840 3649 3131 3704 chrisﬁana
3164 3651 3484 3705 eornmdcm
3515 3650 3564 3704 in
3598 3659 3755 3719 prorsa

2192 3742 2286 3814 (sit
2333 3740 2465 3797 vitio
2514 3754 2627 3812 typ.
2675 3724 2961 3814 excus'um)
2994 3753 3047 3797 et
3075 3759 3230 3798 versa
3260 3726 3510 3799 oratione
3554 3724 3756 3811 scripta:

2189 3834 2342 3891 Illius
2370 3834 2591 3905 quidem
2620 3837 3043 3891 commentarius
3075 3838 3125 3890 in
3153 3824 3522 3911 Apocalypsin
3548 3831 3756 3915 Joannis,

2191 3939 2247 3984 et
2276 3928 2374 3982 tria
2396 3930 2798 3997 elegantissima
2832 3930 2900 3983 de
2926 3927 3055 3984 Jesu
3087 3929 3304 3986 Christo
3334 3929 3447 3985 Deo
3472 3939 3525 3985 et
3552 3914 3757 3989 homine,

2194 4019 2420 4091 ejusque
2453 4020 2655 4074 Pascha
2689 4014 2791 4074 seu
2811 4006 2992 4082 cruce,
3019 4036 3118 4076 nec
3149 4010 3253 4075 non
3278 4016 3346 4077 de
3364 4033 3564 4091 septem
3586 4025 3760 4088 marty-

2195 4115 2345 4169 ribus
2392 4114 2646 4170 fratribus
2691 4114 3069 4181 Macchabmis,
3127 4104 3364 4171 carmina
3402 4134 3414 4170 :
3450 4115 3636 4185 hujus,
3674 4120 3758 4164 etc.

2188 4211 2388 4264 Omnia
2433 4219 2487 4262 et
2540 4210 2742 4272 singula
2790 4224 2913 4265 cum
2942 4204 3084 4263 notis
3137 4218 3191 4263 et
3241 4186 3551 4276 praefatione
3585 4207 3641 4262 D.
3671 4203 3762 4259 An-

2197 4300 2344 4356 drere
2366 4300 2544 4354 Rivini
2573 4298 2751 4373 (Prol.
2781 4300 2980 4374 Lips.),
3013 4302 3103 4372 qui
3132 4301 3245 4355 suis
3272 4280 3578 4374 sumptibus
3601 4290 3762 4355 excudi

2194 4394 2349 4451 fecit.
2974 4386 2977 4391 ⁴
3174 4382 3233 4393 ”’
3324 4376 3433 4401 ””
3528 4372 3567 4393 ε’

2273 4486 2354 4541 De
2375 4488 2497 4542 viris
2528 4486 2822 4543 Victorinis.
2846 4519 2917 4531 --
2936 4489 3042 4545 Pro
3059 4488 3331 4546 Coronide
3358 4489 3445 4546 hic
3460 4485 3762 4545 animadver-

486 4582 648 4653 igitur
673 4580 956 4635 sabbatum
988 4592 1220 4647 corpore
1249 4590 1349 4630 suo
1389 4575 1630 4631 resolvit.
1684 4577 1843 4633 Jesus
1871 4594 2088 4649 quoque
2112 4578 2168 4640 D
2198 4581 2453 4646 nendum,
2509 4581 2564 4635 1°
2599 4583 2739 4651 quod
2770 4581 3169 4637 eruditissimus
3208 4574 3489 4638 ‘Lannoins
3522 4574 3584 4637 'in
3627 4580 3763 4634 altera

485 4674 635 4732 Nave
672 4683 726 4729 et
755 4674 869 4743 ipse
914 4670 1196 4726 sabbatum
1250 4669 1509 4734 resolvit;
1561 4670 1651 4724 die
1692 4672 1835 4725 enim
1881 4672 2089 4729 sabbati

488 4768 751 4842 pmcepit
774 4766 898 4821 [iliis
920 4762 1105 4831 Israel,
1141 4773 1199 4818 ut
1225 4778 1411 4818 muros
1436 4763 1673 4819 civitatis
1703 4762 1921 4820 Iericho
1954 4767 2087 4823 tubi-

490 4862 706 4919 ciuibus
730 4858 1096 4922 circumirent,
1127 4866 1181 4911 et
1209 4856 1408 4911 bellum
1454 4856 1737 4924 Allophilis
1769 4858 2090 4916 indicarent.

493 4955 818 5014 Mathathias
864 4962 1043 5007 autem
1072 4951 1322 5020 princeps
1349 4949 1484 5005 .luda
1512 4950 1793 5007 sabbatum
1836 4955 2093 5021 resolvit;

494 5065 617 5119 nam
650 5044 960 5118 praelectum
992 5030 1196 5115 antiqui
1230 5028 1372 5113 regis
1398 5042 1571 5117 Syria:
1620 5044 1846 5101 sabbato
1873 5048 2095 5119 occidit,

494 5118 559 5219 et!
579 5141 884 5215 Allopbilos
915 5155 1009 5194 sua
1043 5139 1418 5207 persecutione
1446 5138 1695 5208 subjecit.
1757 5140 2100 5213 Quapropter

496 5253 683 5295 verum
730 5234 858 5291 illud
904 5232 1186 5287 sabbatum
1231 5238 1438 5301 septem
1485 5231 1651 5288 millia
1701 5237 1850 5301 anni,
1896 5236 1949 5291 in
1992 5252 2102 5310 quo

495 5331 743 5391 Christus
759 5343 881 5385 cum
901 5326 1086 5383 electis
1107 5323 1219 5381 suis
1239 5335 1558 5395 regnaturus
1579 5334 1682 5383 est.
1716 5314 1747 5378 ἶ
1924 5312 1927 5325 ¹
2016 5308 2023 5310 “
2076 5308 2099 5333 ·ε

575 5512 655 5588 (l)
678 5509 983 5588 Victorinl,
1007 5505 1060 5561 in
1073 5504 1271 5588 “Schol.
1305 5504 1359 5588 in
1403 5506 1570 5588 Apoc.
1595 5545 1611 5571 ,
1639 5522 1690 5577 p.
1725 5508 1910 5588 55.__D.
1939 5508 2102 5588 Conf.

500 5577 817 5660 Coinin._._p.
852 5583 954 5660 {l7
987 5577 1374 5660 et_Cqm_metit.
1404 5577 1457 5631 in
1487 5580 1679 5660 Apocx,
1708 5596 1765 5660 p_._
1797 5583 1901 5660 591ἓ
1933 5578 1999 5635 Α.
2069 5592 2073 5603 '

578 5654 659 5780 $2)
691 5646 974 5739 Victorinu,
1020 5649 1089 5734 de
1119 5646 1344 5704 Fabrica
1375 5650 1581 5731 mundi,
1635 5668 1688 5707 η.
1709 5646 1768 5708 ’5
1794 5662 1848 5708 et
1871 5654 1927 5723 6,
1959 5652 2104 5725 apud

554 5746 578 5779 a
605 5725 748 5779 land.
783 5741 836 5780 ο.
866 5725 953 5780 bl).
990 5731 1044 5775 et
1072 5737 1124 5775 tn
1155 5722 1443 5776 ltoctomo.

504 5727 748 5785 Galland.
783 5741 836 5795 p.
866 5727 953 5785 ΒΟ,
990 5731 1044 5775 et
1072 5727 1124 5775 in
1156 5727 1443 5776 ltoctomo'.

580 5796 658 5872 (ὃ)
688 5794 792 5863 ld.,
819 5794 974 5861 ibid.,
1002 5808 1056 5864 p.
1082 5792 1176 5858 49,
1207 5808 1261 5847 n.
1284 5793 1320 5847 2
1343 5802 1398 5847 et
1424 5791 1477 5848 5.

2206 4666 2421 4728 minore
2451 4673 2830 4730 dissertatione
2868 4686 3093 4729 aunotet
3112 4672 3272 4729 etiam
3307 4673 3423 4749 (l);
3472 4664 3568 4731 sub
3606 4669 3761 4727 eodem

2206 4767 2428 4821 nomine
2450 4767 2683 4841 (scilicet
2716 4768 3001 4841 Victorini)
3029 4764 3265 4842 quinque
3284 4771 3528 4827 diversos
3542 4756 3765 4824 auctores

2206 4859 2491 4930 insignitus
2551 4860 2751 4929 fuisse;
2819 4880 3044 4933 quormn
3106 4846 3313 4934 primus
3363 4852 3486 4932 est,
3538 4853 3764 4929 opinionis

2209 4951 2429 5007 Praxere
2458 4965 2716 5019 assertor,
2746 4956 2899 5027 cujus
2922 4958 3167 5012 meminit
3191 4947 3553 5039 Tertullianus
3574 4953 3673 5029 (2);
3693 4961 3763 5004 ὅθ’

2208 5047 2416 5119 candus
2449 5064 2578 5104 vero
2608 5052 2730 5111 iSIe,
2764 5050 2830 5107 de
2860 5067 2969 5122 quo
3000 5053 3275 5120 Iun-usque
3301 5036 3477 5115 aetum
3507 5069 3520 5105 :
3551 5050 3767 5103 romanus

2210 5141 2428 5208 quidam
2458 5142 2661 5207 rhetor,
2685 5143 2754 5197 de
2776 5160 2885 5215 quo
2913 5142 3240 5215 Augustinus
3267 5138 3377 5216 (5),
3405 5143 3588 5199 tertius
3612 5147 3765 5193 nume-

2211 5240 2364 5309 ratur
2383 5244 2631 5303 :quartus
2647 5247 2824 5290 autem
2858 5234 2954 5292 fuit
2977 5236 3066 5293 ille
3095 5230 3462 5302 massiliensis,
3487 5232 3629 5307 cujus
3647 5239 3767 5283 men-

2216 5324 2418 5380 tionem
2472 5326 2598 5381 facit
2650 5326 2958 5384 Genuadius
3015 5314 3113 5402 (4).
3162 5324 3395 5385 Ultimus
3428 5314 3633 5383 tandem
3676 5318 3765 5375 sive

2300 5441 2377 5517 (ε)
2404 5443 2631 5517 ἓπιιηρίἰ
2658 5460 2812 5517 opp.,
2844 5456 2973 5499 tom.
3008 5462 3064 5505 ll.
3096 5462 3151 5513 p.
3180 5444 3306 5517 945,
3335 5457 3388 5500 et
3413 5459 3524 5517 seq.

2295 5508 2375 5584 (Ξ)
2401 5508 2747 5578 Tertulliani:
2777 5508 2841 5570 de
2874 5508 3173 5587 Prteseript.
3211 5508 3606 5587 Horruit-"cap.
3633 5508 3709 5568 53-

2293 5587 2375 5658 (5)
2404 5590 2649 5655 August.,
2683 5590 2775 5642 lib.
2796 5602 2914 5652 νηί.
2948 5591 3167 5657 confes,
3198 5600 3315 5658 cap.
3340 5588 3397 5642 2.
3471 5657 3478 5658 ί
3536 5586 3651 5658 ’,μέ

2295 5649 2664 5781 (άῖβθιῖῑιεηιξ2
2688 5660 2753 5713 de
2767 5649 2947 5731 script.
2968 5649 3310 5744 ccc-les.,.cap.
3335 5653 3592 5743 60..Conf.
3607 5649 3761 5736 Sidon-

2295 5734 2337 5781 i.‘
2372 5728 2448 5781 Ih.
2476 5742 2533 5781 v.
2565 5729 2739 5781 Entst.
2769 5730 2863 5781 2|.
2900 5731 3105 5781 Flor-nit
3132 5732 3221 5781 hic
3243 5724 3599 5781 massﬂtensls.
3623 5719 3761 5781 tttthoe

2220 5719 2337 5805 Er}
2353 5719 2448 5782 lib.
2476 5742 2533 5795 v,
2565 5719 2739 5805 Epist.
2769 5719 2882 5787 τίς
2898 5731 3105 5788 Floruit
3132 5719 3221 5788 hic
3243 5719 3599 5805 mammis,
3616 5719 3763 5796 jtttﬁoe

2216 5796 2425 5869 Ceveo,
2458 5816 2599 5857 anno
2618 5796 2752 5859 ιω.
3088 5820 3091 5827 ε
3276 5858 3281 5863 ,
3308 5798 3315 5829 ⁵
3342 5796 3435 5827 """
