3904 6316
425 281 534 339 505

1632 284 1690 340 S.
1739 279 2084 340 VlCTORlNl
2122 279 2474 337 MAliTYlilS

3607 295 3695 354 504

421 400 663 455 coelestia
696 407 750 454 et
795 397 1072 453 terrestria
1115 405 1398 468 reguntur,
1451 399 1697 467 principii
1751 400 1871 454 loco
1891 442 1906 465 ,
1951 399 2020 454 de
2048 400 2096 458 A
2126 411 2313 450 namus
2335 405 2382 458 ε,
2403 407 2572 461 usque
2591 390 2619 430 ιι
2647 393 2714 449 ad
2737 405 3038 464 vesperam,
3066 405 3159 452 aut
3182 403 3532 471 superpositio
3549 423 3697 478 usque

421 492 525 546 hac
552 493 837 563 septimam
863 491 928 545 ad
951 491 1188 545 omnium
1219 493 1665 563 soptimauarium
1699 493 1963 562 rigionum
1993 503 2019 528 ει

419 588 674 652 metibur,
721 594 776 641 et
817 596 976 655 prottt
1020 595 1266 656 potuero,
1301 587 1515 640 virtutis
1563 586 1704 642 diem
1749 587 1801 640 in
1847 601 1965 641 eam
1992 582 2020 621 ιι

420 682 953 739 consummationem
983 679 1223 735 conabor
1252 681 1580 748 exprimere.

491 774 551 830 In
582 775 848 845 principio
874 774 1003 829 fecit
1027 774 1168 829 Deus
1198 774 1396 836 lucem,
1431 768 1661 845 eaque
1690 773 2022 830 duodenario

420 887 573 928 mero
603 869 880 936 horarum,
913 869 1002 924 die
1027 877 1315 940 noctuque,
1357 868 1561 934 divisit,
1594 868 1792 924 idcirco
1833 868 2024 922 videli-

414 972 523 1026 cet,
557 972 616 1017 ut
659 961 936 1016 laboribus
965 960 1242 1016 hominum
1293 960 1508 1031 requies
1542 972 1562 1000 ο
1594 961 1769 1015 locmn
1805 969 2016 1015 noctem

415 1054 532 1110 dies
555 1054 965 1124 superduceret,
989 1069 1174 1110 rursus
1196 1054 1313 1110 dies
1335 1055 1764 1125 super-vinceret;
1785 1055 1882 1109 hac
1911 1070 1970 1110 se
1991 1051 2017 1090 (ι

410 1147 617 1202 alterna
642 1147 759 1202 vice
786 1147 938 1202 labor
961 1149 1136 1218 quetis
1154 1157 1176 1185 (⁵
1193 1150 1543 1208 refoventur.
1575 1148 1726 1218 quies
1753 1149 2020 1203 exercita-

414 1242 562 1297 tione
599 1258 786 1297 rursus
829 1242 933 1298 diei
978 1252 1389 1312 temperaretur.
1430 1241 1627 1309 Quarto
1659 1245 1740 1295 die
1771 1243 1887 1314 fecit
1917 1243 2018 1296 duo

415 1334 698 1388 luminaria
725 1336 778 1389 in
807 1336 955 1401 caelo,
992 1337 1160 1406 majus
1181 1345 1226 1388 et
1249 1336 1438 1402 minus,
1477 1345 1530 1388 ut
1551 1336 1770 1389 alterum
1790 1345 2024 1404 prteesset

409 1427 536 1490 diei,
560 1427 778 1482 alterunt
804 1431 943 1481 nocti
976 1426 1210 1500 (Genes.,
1255 1428 1297 1492 1,
1329 1428 1415 1494 16,
1453 1426 1584 1498 l7),
1617 1428 1747 1482 solis
1780 1438 1834 1483 et
1855 1429 2014 1493 lunae;

407 1533 715 1592 caeteraque
753 1525 930 1580 sidera
980 1525 1160 1593 posuit
1197 1524 1249 1578 in
1291 1525 1454 1590 caelo,
1498 1533 1551 1577 ut
1596 1523 1821 1578 lacerent
1863 1540 2018 1594 super

411 1627 620 1680 terram,
649 1626 704 1673 et
729 1618 1103 1674 discernerent
1133 1627 1373 1688 tempora
1415 1627 1470 1674 et
1509 1633 1680 1674 annos
1709 1627 1764 1673 et
1803 1631 2018 1673 menses

413 1723 464 1768 et
494 1713 613 1768 dies
639 1723 693 1768 et
727 1714 888 1767 horas
916 1729 1013 1784 per
1039 1713 1321 1769 Stationes.

483 1807 636 1862 Nunc
662 1808 799 1863 ratio
835 1808 1074 1862 veritatis
1102 1806 1426 1874 ostenditur,
1459 1823 1624 1877 quare
1648 1807 1766 1863 dies
1791 1821 1889 1870 ιιιι,
1939 1817 2017 1862 te-

2124 492 2175 544 in
2199 492 2430 544 alterum
2459 490 2599 544 diem
2635 489 2746 546 fiat.
2776 490 3003 545 Mundus
3041 491 3223 561 itaque
3264 496 3363 550 iste
3391 513 3452 552 ex
3491 514 3697 569 quatuor

2125 583 2412 638 elementis
2440 590 2669 648 constat,
2703 582 2846 652 igne,
2876 599 3036 653 aqua,
3065 585 3226 653 casio,
3273 596 3431 643 terra.
3462 589 3578 647 Huc
3604 593 3694 665 igi.

2126 687 2210 732 tur
2247 688 2440 746 quater
2484 677 2752 733 elementa
2806 689 3109 750 temporum
3145 682 3161 719 ί
3199 683 3456 740 tetradem
3491 686 3690 748 faciunt.

2123 771 2214 826 Sol
2234 787 2448 842 quoque
2469 780 2525 827 et
2549 773 2668 825 luna
2701 787 2797 840 per
2824 774 2948 827 anui
2973 775 3205 843 spatium
3231 786 3455 844 quatuor
3477 789 3694 850 tempora

2126 865 2394 931 efliciunt,
2445 867 2610 934 veris,
2655 869 2882 934 aestatis,
2913 871 3188 932 autumni,
3240 871 3477 942 hyemis;
3515 883 3562 930 et
3596 875 3697 933 haec

2126 969 2370 1029 tempora
2393 959 2654 1015 tetradem
2682 960 2900 1016 faciuut.
2929 961 2996 1017 Et
3018 974 3074 1018 ut
3098 979 3163 1018 ex
3180 979 3240 1018 ea
3267 980 3322 1018 re
3340 965 3544 1036 longius
3566 983 3699 1024 enar-

2125 1067 2261 1119 rem,
2285 1068 2412 1107 ecce
2435 1063 2667 1123 quatuor
2683 1053 2933 1107 animalia
2965 1065 3090 1110 ante
3113 1055 3362 1110 thronum
3397 1057 3482 1111 Dei
3507 1057 3695 1130 (Apoc.,

2123 1162 2197 1211 ιν,
2221 1146 2298 1215 (5).
2324 1156 2556 1216 quatuor
2577 1147 2879 1216 evangelia,
2901 1157 3134 1218 quatuor
3156 1149 3371 1202 ﬂumina
3395 1150 3444 1204 in
3473 1151 3700 1220 paradiso

2123 1241 2340 1296 liuentia
2372 1240 2550 1314 (Gen.,
2575 1258 2633 1308 ιι,
2669 1243 2790 1312 10),
2822 1253 3054 1314 quatuor
3093 1245 3471 1314 generationes
3494 1246 3700 1315 populo-

2129 1351 2270 1399 rum,
2301 1336 2368 1388 ab
2401 1334 2569 1390 Adam
2596 1349 2766 1405 usque
2794 1335 2860 1389 ad
2894 1335 3026 1397 Noe,
3061 1352 3088 1389 a
3123 1336 3237 1392 Noe
3267 1352 3434 1407 usque
3459 1337 3522 1391 ad
3553 1338 3706 1394 Abra-

2122 1427 2268 1497 ham,
2303 1427 2371 1483 ab
2401 1427 2676 1484 Abraham
2707 1444 2877 1500 usque
2898 1430 2964 1484 ad
2996 1429 3254 1502 Moysem,
3282 1447 3310 1484 τι
3341 1430 3521 1503 Moyse
3550 1447 3706 1502 usque

2117 1523 2183 1577 ad
2215 1523 2487 1578 Christum
2537 1523 2846 1587 Dominum,
2877 1522 3070 1580 Filium
3107 1525 3232 1590 Dei;
3271 1537 3324 1580 ct
3351 1535 3574 1595 quatuor
3598 1525 3703 1579 ani-

2125 1617 2282 1672 malia
2307 1617 2521 1690 (Apoc.,
2553 1633 2624 1683 tv,
2652 1618 2707 1690 7)
2733 1618 2988 1685 hominis,
3010 1621 3188 1686 vituli,
3219 1621 3411 1687 leOnis,
3435 1621 3636 1691 aquila};
3660 1628 3710 1676 et

2116 1720 2349 1782 quatuor
2371 1710 2590 1765 flumina
2620 1711 2798 1784 (Gem,
2835 1729 2893 1779 ιι,
2930 1712 3039 1785 Η),
3069 1713 3269 1785 Fysnn,
3301 1715 3475 1775 Geun.
3506 1715 3702 1788 Tygris,

2117 1802 2448 1874 Euphrates.
2483 1803 2656 1858 Homo
2687 1805 2936 1860 Christus
2963 1805 3122 1861 Jesus
3144 1818 3334 1862 auctor
3361 1823 3567 1870 eorum,
3596 1823 3703 1878 qua:

410 1909 524 1956 tras
547 1910 888 1972 nuncupatur
907 1900 925 1938 ί
947 1917 961 1966 ;
981 1916 1148 1973 quare
1165 1902 1418 1972 usquead
1445 1901 1634 1957 horam
1654 1917 1852 1957 nonam
1865 1900 2009 1969 Jeju-
2037 1884 2084 1946 Β
2113 1913 2272 1969 Supra
2297 1898 2738 1964 memoravimus,
2775 1899 2982 1956 lelrade
3005 1900 3074 1955 ab
3094 1898 3273 1970 impiis
3299 1900 3708 1973 comprehensus

1647 2015 2035 2074 LECTIONES
2080 2011 2498 2071 VARIANTES.

467 2139 492 2201 ξι
528 2136 678 2201 Forte
701 2136 985 2201 Septimana
1011 2136 1070 2185 ad
1108 2138 1325 2186 omnium
1348 2136 1734 2199 septimanarum
1768 2134 2010 2183 rationem

415 2199 641 2251 Walker.
667 2199 842 2252 RouiIt.

468 2262 495 2301 it
532 2264 676 2314 Forte
698 2262 887 2312 Divina:
915 2261 1081 2313 Routh.

468 2328 491 2388 (ξ
531 2327 676 2376 Forte
701 2325 959 2388 Requietis
991 2322 1208 2388 Walker.
1236 2323 1409 2376 Routlt.

465 2386 493 2428 ἀ
527 2391 674 2440 Forte
698 2387 769 2438 Ac
787 2386 861 2437 Sic
897 2386 1113 2438 Walkcr.

2182 2133 2205 2160 θ
2244 2129 2392 2180 Forte
2415 2129 2596 2189 Quiete
2612 2131 2769 2181 noctis
2800 2129 3022 2183 Wallter.

2182 2189 2204 2229 ί
2245 2192 2392 2257 Ferte
2421 2193 2746 2257 liuocupetur
2774 2194 2945 2257 Routlt.

2179 2257 2208 2318 β
2243 2256 2392 2305 Forte
2413 2255 2706 2318 Jejuneinus
2730 2255 2901 2308 Ruuth.

2176 2317 2207 2358 h
2242 2320 2392 2369 Forte
2412 2318 2511 2368 Aut
2536 2331 2692 2372 usque
2719 2317 2894 2372 Routh.

2181 2381 2199 2420 ί
2241 2387 2384 2433 Forte
2401 2380 2925 2447 detend.Temporum
2958 2383 3178 2436 Watker.

1796 2490 2169 2561 COMMENTA
2180 2489 2357 2549 RIUS.

402 2619 747 2675 benedictione
774 2636 834 2672 :::
868 2618 1203 2690 consegravit,
1249 2631 1378 2690 cum
1428 2632 1456 2670 c
1503 2629 1669 2690 super
1696 2632 1728 2687 g
1769 2617 1995 2690 scripto.

406 2693 576 2748 Verba
605 2691 784 2761 quibus
814 2687 1056 2750 laborem,
1085 2688 1339 2743 transﬁxa
1363 2695 1488 2742 sunt
1511 2687 1708 2742 lineola
1735 2705 1762 2740 a
1792 2687 1997 2743 recenti

399 2781 560 2819 manu
592 2782 604 2828 ;
653 2779 720 2819 ex
750 2763 988 2832 vestigiis
1020 2762 1299 2826 scripturn:
1331 2762 1529 2814 veteris
1560 2761 1638 2814 sic
1675 2761 1899 2814 restituo
1927 2787 2000 2800 —-

402 2837 634 2906 septimo
663 2836 850 2901 quievit
873 2853 904 2886 ιι
930 2835 1102 2887 labore
1141 2843 1192 2886 et
1225 2832 1600 2906 benedictione
1633 2835 1994 2906 consecravit.

399 2903 489 2964 Sic
519 2909 679 2971 intra,
726 2907 810 2960 die
836 2910 1046 2976 septimo
1097 2905 1338 2976 requievit
1389 2903 1736 2976 ab_omnibus
1764 2905 2000 2972 aperibus

400 2980 527 3045 suis,
553 2990 600 3032 et
624 2974 1040 3032 benedixit‘eum.
1071 2975 1340 3030 Wacsen.
1373 2974 1511 3030 ——Si
1543 2974 1624 3028 hzl:
1653 2976 1749 3028 viri
1781 2976 1851 3029 cl.
1879 2990 2000 3028 ror-

402 3053 675 3106 rectiones
705 3051 758 3104 iu
810 3058 1010 3104 textum
1067 3048 1300 3102 debeant
1348 3047 1662 3117 recipi.ego
1688 3047 1902 3115 quidem
1947 3047 1999 3100 in

402 3138 506 3177 ms.
555 3123 785 3189 Spatium
838 3121 1084 3176 relictum
1139 3119 1209 3172 sit
1260 3130 1386 3173 ante
1417 3117 2000 3189 verbuntconsecravit,

401 3187 708 3249 addendum
733 3193 964 3263 putarim
987 3209 1123 3263 eum.
1159 3192 1288 3256 Sed,
1317 3203 1373 3244 ut
1405 3206 1588 3263 verum
1619 3187 1816 3263 dicam,
1851 3193 2007 3259 longe

402 3265 713 3320 reccdcrea
735 3260 1048 3318 litterarum
1075 3262 1238 3317 ductu
1284 3278 1448 3316 voces
1500 3262 1614 3315 istm
1648 3260 1920 3321 videntur,
1951 3271 2006 3314 ut

401 3338 584 3390 malim
636 3352 735 3391 0:0
779 3336 976 3401 quietus
1009 3351 1105 3404 pro
1135 3335 1316 3403 quibus
1365 3348 1652 3403 reponere,
1688 3343 1742 3386 et
1771 3349 1864 3385 sua
1906 3331 2004 3387 ad-

407 3408 537 3464 dere
566 3419 685 3473 post
707 3407 1076 3463 benedictione.
1111 3406 1316 3461 Hormi.

419 3512 428 3523 -
487 3481 888 3550 Septimam.....
916 3479 1203 3550 regionum.
1251 3477 1350 3531 Ms.
1377 3477 1648 3550 septimam
1677 3476 1744 3528 ad
1779 3475 2008 3550 omnium

411 3548 759 3622 septimarium
788 3548 1074 3623 regionum.
1095 3550 1350 3623 Lego,_de
1364 3549 1460 3623 hac
1480 3549 1763 3623 septimana
1781 3548 2006 3600 omnium

403 3620 805 3692 septintanarum
834 3620 1085 3676 rationem
1133 3620 1383 3675 metibor.
1421 3620 1584 3681 lnl'ra,
1614 3621 1702 3688 qui
1739 3628 2003 3692 extraor-

405 3690 575 3750 dinem
601 3699 896 3768 septimana:
949 3692 1300 3765 dispositionis
1349 3705 1676 3746 excessurus
1707 3701 1808 3745 est.
1840 3690 2005 3746 Win.

406 3784 599 3824 XERUS.

495 3839 706 3895 Virtutis
731 3840 867 3894 diem
892 3839 944 3892 in
961 3855 1071 3892 eam
1101 3836 1608 3892 consummationem.
1646 3835 1898 3891 Fortassze
1920 3851 2006 3892 re-

403 3912 714 3982 ponendum
747 3923 850 3978 est,
880 3911 1080 3964 virtutis
1125 3909 1320 3982 divina:
1366 3909 1873 3961 consummationem.
1908 3907 2005 3961 Hn-

408 3977 506 4040 i)es
533 3984 665 4038 infra
710 3983 774 4037 ad
808 3977 858 4051 p7.
891 3983 1016 4048 506,
1048 3982 1084 4035 ι.
1113 3981 1169 4035 9..
1197 3977 1336 4034 Deus
1364 4009 1434 4019 —
1459 3996 1615 4050 opera
1643 3997 1739 4034 sua
1766 3995 2005 4032 consum-

411 4057 584 4108 mavit.
629 4055 819 4112 Rourn

478 4125 730 4182 Conabor.
759 4125 1072 4181 Gallaudius
1099 4125 1174 4178 ait
1199 4141 1210 4176 :
1248 4142 1266 4175 ι
1295 4122 1584 4179 Walkerus
1604 4123 1815 4193 legebat
1843 4140 2002 4177 cona-

406 4215 540 4253 mur.
573 4200 682 4254 Sed
713 4197 1066 4268 [)I‘UBCCticnlizl
1091 4197 1528 4268 inetiborg—prout
1552 4205 1999 4263 potuero—cona-

411 4271 504 4323 bor
547 4266 830 4340 legendum
865 4271 1108 4324 suadent.
1137 4269 1225 4323 Sic.
1252 4266 1389 4340 infra
1429 4268 1456 4338 ς
1495 4269 1548 4332 6,
1581 4279 1634 4320 ιιι
1667 4283 1806 4319 urens
1845 4283 2003 4340 parva

408 4338 618 4411 poterit;
639 4343 859 4395 conabor
877 4340 1160 4394 ostendere.
1201 4356 1218 4388 ι
1256 4338 1310 4391 In
1342 4355 1442 4394 ms.
1474 4340 1687 4407 quidem
1725 4353 1889 4411 super
1915 4339 2003 4390 lit-

407 4409 582 4466 teram
611 4430 640 4464 θ
659 4413 1019 4484 (posteriorem
1049 4411 1100 4464 in
1129 4411 1605 4484 conamorscripta
1633 4409 1914 4484 estlittera
1943 4426 1998 4474 ιι,

2099 2624 2259 2686 atque
2293 2613 2580 2684 jejunium,
2626 2622 2734 2668 tam
2783 2624 2971 2684 quarta
3005 2615 3160 2680 feria,
3185 2630 3306 2687 quae
3341 2625 3512 2674 tetras
3545 2634 3703 2676 voca-

2107 2687 2280 2748 batur,
2312 2703 2470 2753 quam
2499 2695 2669 2748 sexta,
2708 2701 2996 2754 paras-cere
3025 2688 3184 2741 dicta.
3222 2688 3503 2746 Durabant
3531 2705 3697 2748 autem

2103 2759 2220 2832 ἰδίει»
2243 2756 2308 2811 ad
2332 2773 2503 2832 usuue
2539 2759 2727 2811 horam
2753 2773 2973 2820 nonam,
2993 2761 3268 2832 autetiam
3293 2762 3363 2815 ad
3395 2778 3667 2832 vesperam
3691 2781 3704 2827 ;

2103 2830 2218 2892 sed,
2239 2846 2296 2884 re
2313 2831 2390 2907 sic
2403 2845 2591 2898 coiupa
2601 2841 2711 2907 ratu
2723 2872 2737 2891 ,
2756 2840 2809 2884 ut
2829 2840 3040 2898 tempus
3055 2830 3508 2907 producerentur,
3520 2837 3708 2907 jejunio

2105 2917 2212 2977 non
2257 2901 2519 2977 stationes
2551 2901 2906 2977 Vocabautur,
2930 2911 3088 2977 prout
3129 2900 3264 2956 infra
3308 2900 3625 2965 auctor'ait.
3655 2922 3702 2977 p.

2104 2971 2229 3035 506,
2261 2972 2294 3024 l.
2323 2973 2376 3035 5,
2417 2971 2527 3026 Hoc
2556 2988 2756 3040 quoque
2778 2973 2861 3044 die
2887 2971 3267 3044 (sexto)—uut
3294 2978 3568 3032 stationem
3587 2971 3698 3041 Deo,

2105 3055 2193 3097 aut
2235 3044 2497 3115 jejunium
2548 3044 2787 3112 facimus.
2840 3043 3011 3098 [tumo
3051 3046 3351 3113 interdum,
3389 3059 3449 3102 ut
3477 3049 3703 3104 ostendit

2115 3115 2174 3190 δ.
2212 3115 2538 3190 Victorinus,
2585 3116 2985 3184 producebatur
3013 3127 3218 3190 quarta:
3240 3118 3427 3190 Aleriae
3451 3121 3704 3190 jejunium

2114 3188 2173 3262 in
2201 3188 2527 3262 crastinum,
2547 3202 2666 3257 quae
2712 3187 3208 3262 est__superpositio.
3238 3188 3362 3246 Vid.
3421 3187 3534 3245 unt.
3558 3207 3705 3262 supra

2111 3259 2175 3311 :ul
2205 3259 2258 3330 S.
2296 3259 2554 3329 l)iouy~ii.
2587 3275 2670 3328 ep.
2699 3260 2768 3310 ad
2790 3257 3090 3324 Basilidem,
3126 3260 3232 3314 vol.
3270 3277 3328 3324 ιι,
3371 3279 3423 3330 p.
3452 3263 3577 3319 M9.
3602 3257 3704 3321 Ad-

2117 3329 2352 3385 dendum
2385 3340 2474 3382 ant
2504 3339 2628 3385 ante
2655 3345 2813 3397 usque
2841 3331 2910 3382 ad
2937 3348 3214 3399 vesperam.
3244 3331 3304 3386 Ri
3333 3329 3466 3391 ora.

2186 3401 2493 3478 Temporum
2523 3407 2787 3478 tetradem.
2825 3401 3001 3458 Mouet
3037 3403 3331 3478 delendum
3363 3423 3490 3463 esse
3521 3419 3705 3478 tempo-

2110 3490 2224 3528 rum
2256 3472 2561 3539 Walkerus,
2593 3473 2735 3544 quod
2776 3489 2841 3528 ex
2881 3475 3230 3545 Sequentibus
3269 3476 3380 3533 huc
3431 3472 3703 3534 advectum

2110 3555 2213 3620 est.
2246 3546 2581 3620 Reposuerat
2622 3545 2868 3599 tetradem
2912 3562 3009 3616 pro
3051 3547 3248 3601 tetrade
3281 3547 3439 3605 Cavii
3491 3565 3705 3620 apogra-

2114 3618 2300 3687 phum.
2335 3618 2541 3673 Βηυτιι.

2184 3689 2268 3744 Ex
2291 3707 2350 3743 ea
2372 3706 2444 3743 re.
2477 3688 2549 3743 lla
2581 3689 2861 3758 praeclare.
2895 3689 2970 3744 ait
2994 3688 3305 3752 Walkerus.
3344 3693 3449 3749 viri
3480 3694 3622 3749 docti
3643 3693 3703 3749 ad

2109 3776 2281 3831 marg.
2314 3761 2460 3816 Cavii
2490 3775 2586 3829 pro
2611 3778 2672 3815 ea:
2700 3777 2820 3816 tere.
2853 3760 3018 3832 Igitur
3043 3763 3144 3816 hoc
3176 3765 3382 3830 recepi.
3423 3767 3630 3822 Reum.

2185 3834 2417 3899 Quatuor
2460 3834 2807 3902 generationes
2859 3833 3191 3904 populorum,
3247 3835 3312 3889 ab
3370 3838 3561 3904 Adam,
3604 3847 3698 3893 etc.

2108 3905 2245 3972 Quid
2276 3908 2326 3960 in
2376 3914 2554 3959 mente
2583 3907 2722 3959 inter
2768 3905 2881 3959 ltzec
2920 3904 3140 3960 haberet
3171 3905 3518 3975 Victorinus,
3572 3909 3701 3964 haud

2108 3979 2286 4053 capio,
2319 3978 2417 4032 nisi
2446 3977 2587 4047 quod
2616 3983 2693 4029 tot
2723 3975 2825 4053 sibi
2870 3978 3108 4053 gentium
3141 3979 3385 4053 origines
3432 3983 3487 4036 in
3531 3981 3702 4053 singuo

2109 4049 2177 4104 lis
2205 4051 2320 4103 iSliS
2346 4059 2576 4117 quatuor
2605 4047 2935 4117 genealogus
2966 4047 3247 4102 invenerit.
3273 4052 3494 4108 Roum.

2182 4121 2250 4174 Et
2296 4132 2512 4188 quatuor
2558 4119 2826 4184 animalia,
2858 4129 2962 4174 etc.
2990 4121 3120 4175 Si-il.
3153 4121 3204 4173 in
3237 4123 3432 4191 Apac.,
3467 4141 3541 4187 tv,
3572 4124 3623 4190 6,
3653 4124 3699 4190 7,

2107 4209 2204 4264 per
2229 4210 2348 4262 quae
2375 4192 2592 4264 quidem
2624 4191 2874 4264 animalia
2904 4194 3016 4246 vult
3042 4193 3240 4262 signari
3273 4204 3516 4262 quatuor
3542 4211 3698 4253 evan-

2107 4262 2326 4339 gelistas
2355 4263 2759 4319 Commentarius
2781 4262 2838 4339 in
2857 4264 3206 4339 _Apo_e'alyps.,
3233 4265 3284 4339 in
3328 4266 3583 4339 Biblioth.
3613 4284 3700 4339 pa-

2107 4337 2270 4389 risina
2297 4347 2522 4404 patrum.
2551 4344 2589 4388 ι.
2617 4350 2658 4399 ι,
2691 4351 2740 4403 p.
2772 4334 3227 4399 1249,Victoriuo
3255 4337 3384 4393 huic
3407 4351 3595 4395 nostro
3613 4334 3700 4393 ad-

2108 4419 2362 4475 St'l‘lplllS.
2386 4411 2557 4474 Atque
2583 4406 2716 4460 artis
2748 4409 2968 4475 picturae
2993 4406 3354 4477 professores,
3386 4411 3519 4466 dum
3548 4427 3699 4467 evan-

409 4498 516 4537 nou
545 4501 572 4535 τι
602 4479 856 4539 WZilkero
885 4483 1060 4537 addita
1089 4497 1181 4536 seu
1209 4483 1468 4549 reposita.
1512 4479 1682 4534 Habet
1703 4480 1847 4534 Cavii
1872 4496 2000 4550 apo-
2028 4488 2080 4548 D
2105 4479 2414 4548 gelistarum
2447 4479 2734 4548 pingebant
2769 4479 2994 4549 efﬁgies,
3040 4479 3290 4536 animalia
3332 4486 3532 4538 eadem
3557 4481 3698 4544 quasi

409 4555 674 4624 graphum
698 4554 936 4608 conabor.
963 4554 1170 4608 Roma.

486 4624 835 4679 Dnodenario.
898 4624 1273 4679 Duodecinario
1323 4638 1427 4678 ms.
1483 4619 1806 4677 Correxerat
1853 4621 2000 4677 Cavii

411 4699 706 4766 apograph.
737 4699 942 4751 ιὶουτιι.

490 4764 708 4837 Requies
733 4797 802 4808 ——
827 4769 1202 4837 superduceret.
1233 4766 1380 4821 Bene
1425 4764 1714 4821 Walkerus
1763 4767 1998 4836 requietis

413 4854 512 4908 pro
543 4840 772 4906 requies;
802 4839 946 4892 Cavii
994 4842 1357 4908 apograpltum
1390 4839 1751 4905 superduceret
1793 4837 1996 4906 praebet

413 4924 513 4980 pro
537 4909 892 4980 superdoceret
922 4911 1151 4963 lectione
1179 4925 1280 4980 ms.
1317 4908 1524 4964 Booru.

490 4980 602 5034 Hoc
628 4998 771 5035 se-—-
796 4991 1173 5049 temperarctttr.
1210 4979 1322 5033 Hoc
1363 4996 1422 5035 se
1452 4984 1654 5035 alterna
1703 4979 1818 5034 vice
1844 4980 1995 5036 labor

412 5053 596 5117 quietis
625 5053 976 5114 refoveretur,
1007 5049 1246 5104 Walkeri
1277 5052 1684 5106 emendationi-5
1731 5068 1790 5104 ac
1815 5053 1908 5115 sic,
1938 5062 1992 5107 et

411 5126 577 5192 quiete
606 5124 784 5183 noctis.
825 5122 1262 5178 commetttoruti.
1309 5124 1381 5175 Ac
1427 5124 1500 5177 sic
1547 5123 1709 5177 habes
1737 5122 1874 5177 infra
1923 5124 1992 5179 ad

410 5210 466 5264 p.
491 5196 614 5260 535,
648 5196 680 5248 Ι.
707 5197 759 5249 6.
795 5194 1001 5250 Reum.

485 5266 659 5337 Majas
687 5277 735 5321 et
752 5268 1148 5321 minus—nocti.
1173 5266 1262 5322 Sic
1285 5266 1517 5321 correxit
1539 5265 1827 5321 Caviamnn
1858 5282 1988 5337 apo-

403 5341 669 5408 graphum
717 5353 833 5408 pro,
864 5339 1033 5406 maius
1071 5349 1124 5390 ut
1158 5341 1332 5390 minus
1365 5349 1419 5391 ut
1447 5337 1674 5392 alterum
1727 5340 1984 5407 prtecessit

406 5407 513 5479 diei
561 5407 788 5464 alterum
818 5411 997 5472 noctis,
1026 5421 1080 5463 et
1109 5409 1284 5462 statim
1317 5418 1458 5476 post,
1493 5420 1776 5477 cceteraque
1797 5427 1892 5479 pro
1913 5412 1988 5464 ci-

405 5477 666 5551 tlieraque,
687 5481 827 5551 quod
852 5480 1010 5535 habet
1030 5495 1132 5534 ms.
1161 5479 1367 5551 Bouru.

480 5547 547 5603 Et
566 5547 730 5605 horas
758 5567 842 5620 per
873 5552 1132 5606 stationes.
1165 5550 1219 5604 lu
1253 5568 1354 5605 ms.
1385 5551 1580 5621 legitur
1604 5562 1657 5607 et
1686 5553 1824 5607 horis
1856 5569 1984 5621 prce-

403 5622 664 5676 stotiones.
695 5624 1093 5690 Conjecmram.
1140 5639 1259 5693 qua:
1306 5623 1546 5694 adposita
1594 5633 1712 5680 erat
1740 5625 1805 5679 ad
1832 5625 1981 5680 Cavii

401 5694 718 5765 marginem,
743 5694 924 5765 recipi.
949 5694 1162 5750 Rouru.

476 5761 598 5838 Dies
635 5781 709 5819 nn
742 5761 914 5830 tetras,
937 5775 1040 5821 etc.
1073 5766 1228 5838 Apud
1257 5775 1467 5822 veteres
1515 5767 1838 5824 christianos
1885 5765 1976 5823 ha-

394 5833 513 5894 beri
547 5846 730 5912 senta:
759 5846 885 5893 sunt
936 5833 1214 5905 stationes,
1251 5854 1446 5910 nempe
1475 5841 1758 5914 religiosus
1801 5843 1977 5903 cultus

2107 4551 2347 4620 symbola
2377 4551 2489 4604 sive
2516 4554 2666 4620 signa
2691 4550 2841 4620 juxta
2863 4566 2957 4604 cos
2976 4565 3175 4620 ponere
3201 4554 3351 4608 soliti
3369 4563 3500 4608 sunt
3537 4553 3696 4609 Immo

2107 4622 2364 4685 lrenoeus,
2389 4623 2476 4676 lib.
2506 4638 2584 4685 ιιι,
2610 4641 2660 4676 c.
2687 4625 2773 4688 tl,
2793 4624 3004 4691 gemina
3033 4632 3289 4682 seetatus.
3313 4637 3556 4695 quatuor
3585 4635 3694 4680 tau-

2105 4704 2217 4748 tum
2250 4695 2525 4760 evangelia
2561 4695 2759 4749 idcirco
2799 4695 3030 4749 existere
3057 4705 3374 4763 opportere.
3412 4699 3693 4753 ostendere

2103 4775 2186 4818 est
2206 4776 2451 4820 Conatus.
2473 4765 2813 4821 lsxcideritue
2841 4767 2978 4836 apud
3013 4765 3346 4821 Victorinum
3372 4785 3481 4824 vox
3513 4768 3695 4824 similia

2101 4849 2224 4905 post
2253 4837 2520 4901 animalia,
2542 4838 2655 4892 viso
2679 4838 2886 4892 Joanne
2908 4837 3138 4906 judices.
3172 4838 3386 4895 Βουτιι,

2172 4909 2480 4980 Euphrates.
2523 4910 2708 4964 Homo.
2764 4909 2967 4978 Legere
3012 4912 3123 4963 vult
3153 4909 3450 4966 Walkerus
3509 4922 3556 4967 et
3596 4912 3692 4967 Eu-

2097 4982 2331 5054 phrates.
2370 4981 2433 5035 Et
2469 4981 2657 5036 Homo.
2687 4981 2791 5054 Sed
2823 4980 2984 5050 priori
3031 4981 3245 5054 quidem
3276 4985 3404 5038 loco
3437 4983 3690 5054 particula

2096 5052 2366 5121 Superllua
2416 5062 2582 5117 esset,
2609 5053 2710 5106 etsi
2741 5054 2792 5106 in
2823 5053 2994 5106 altero
3025 5053 3162 5107 haud
3217 5052 3554 5123 respuenda.
3578 5055 3687 5110 Mox

2094 5135 2274 5177 auctor
2302 5139 2398 5194 pro
2425 5135 2573 5178 autor
2601 5139 2669 5179 ex
2702 5140 2802 5178 ms.
2849 5135 3102 5179 [nonente
3139 5126 3211 5178 cl.
3255 5125 3498 5192 'l‘oddio,
3529 5124 3686 5183 edidi.

3187 5197 3407 5254 Rou'rn.

2168 5266 2384 5320 Tetrade
2409 5269 2473 5320 alr
2517 5267 2706 5338 impiis.
2741 5266 2838 5321 Ms.
2867 5267 2950 5322 hic
2991 5277 3044 5323 et
3087 5270 3243 5338 paulo
3271 5269 3418 5325 infra
3450 5271 3686 5324 tetradeo:

2092 5336 2269 5394 habet.
2307 5336 2664 5393 Correxeruul
2696 5348 2750 5394 et
2782 5338 2931 5392 Cavii
2959 5336 3354 5409 apographum,
3389 5355 3442 5396 et
3478 5340 3686 5397 Walke-

2091 5425 2203 5464 rus.
2260 5411 2359 5478 Qui
2410 5426 2538 5466 vero
2587 5412 2695 5474 tiat,
2730 5421 2786 5464 ut
2833 5412 3258 5480 comprehensus
3311 5429 3442 5469 esse
3482 5415 3684 5469 dicatur

2086 5481 2334 5552 Christus
2363 5483 2590 5551 tetrade,
2625 5497 2719 5536 seu
2746 5495 2934 5552 quarta
2959 5483 3112 5544 feria.
3145 5485 3233 5538 vix
3260 5484 3576 5552 intelligere
3602 5497 3681 5539 me

2086 5551 2274 5627 fateor.
2304 5553 2530 5627 Gemina
2581 5551 2773 5627 tamen
2809 5553 2970 5607 habet
3008 5553 3346 5624 Epiphanius
3400 5551 3678 5627 inflixpos.

2084 5621 2236 5702 Fidei
2289 5624 2516 5702 Cathol.,
2548 5624 2698 5702 _§_2‘2
2746 5643 2758 5676 :
2796 5621 3264 5702 Συνὰξεςςξίιιψιὶι,
3295 5621 3678 5702 ἐπιτελούμεναι

2081 5699 2360 5776 calﬁciunt:
2383 5699 2508 5776 eia-tv
2537 5698 2638 5752 ἀπὸ
2674 5704 2772 5752 τῶν
2798 5699 3123 5776 ἁπρςτρᾎων.
3163 5699 3378 5776 τετράδι
3419 5705 3508 5756 καὶ
3539 5698 3678 5776 ’πριιι

2083 5756 2444 5847 σαξϐᾁτῳ-καὶ
2465 5777 2712 5847 {inprecari},
2740 5768 2946 5847 τετρριδι
2968 5769 3023 5847 δέ
3042 5774 3140 5847 ,καὶ
3163 5773 3214 5847 ἓν
3234 5756 3602 5847 τὶροσαϐϐἀιτῷ
3629 5773 3676 5824 ἐν

2080 5841 2421 5920 νηστείᾳῖως
2463 5841 2600 5919 «Spat-
2627 5841 3151 5920 ἐνάτηςίἙπειδήπερ
3187 5841 3671 5917 inquietatione:-
