3904 6316
174 307 268 365 515

1149 308 1626 371 FRAGMENTUM
1666 311 1756 370 DE
1795 313 2087 371 FABRICA
2133 314 2371 374 MUNDI.

3334 321 3444 386 3M

174 423 399 498 angelum
434 424 614 481 Mariae
648 427 841 500 virgini
878 430 1299 503 evangelizasse,
1331 446 1437 500 qua
1461 429 1549 488 die
1573 429 1738 489 draco
1765 437 1819 498 Α
1842 433 1965 504 quia
2020 432 2266 490 seniOres
2313 443 2442 491 sunt
2480 445 2536 493 et
2580 433 2703 492 aliis
2749 436 2959 508 angelis
3006 446 3065 495 et
3110 437 3442 501 hominibus.

174 519 321 576 Evam
347 514 591 587 seduxit;
619 536 682 579 ea
709 521 797 579 die
823 524 1082 594 Spiritum
1113 534 1357 581 sanctum
1384 524 1604 581 Mariam
1634 528 1740 582 vir-

172 612 330 685 ginem
377 613 686 680 innndasse,
714 631 817 687 qua
850 618 1023 673 lucem
1070 618 1230 683 fecit;
1260 634 1322 674 ea
1370 617 1459 674 dic
1482 619 1536 674 in
1577 633 1741 676 carne

172 719 279 762 esse
299 719 639 773 conversum,
675 723 780 779 qua
827 720 1026 766 terram
1071 722 1125 767 et
1154 727 1345 783 aquam
1378 711 1531 778 fecit;
1564 728 1624 767 ea
1653 712 1741 769 die

170 798 217 854 in
242 797 375 854 lacte
401 813 523 854 esse
545 815 902 866 conversum,
942 819 1045 875 qua
1086 804 1271 859 stellas
1306 804 1454 868 fecit;
1484 820 1544 860 ea
1575 806 1662 861 die
1686 806 1738 861 in

168 891 429 961 sanguine.
452 908 556 963 qua
580 903 722 950 terra
748 903 803 951 et
826 910 962 967 aqua
991 895 1152 954 fretus
1176 910 1307 953 suos
1330 896 1648 962 ediderunt;
1675 913 1739 954 ea

166 981 242 1037 die
278 983 329 1037 in
371 998 535 1041 carne
570 1000 694 1042 esse
731 1002 1074 1054 conversum,
1112 1004 1215 1061 qua
1244 988 1332 1044 die
1374 989 1643 1045 hominem
1672 991 1740 1046 de

165 1074 314 1131 humo
338 1075 627 1144 instruxit;
650 1094 711 1132 ea
744 1078 829 1135 die
851 1091 1035 1136 natum
1059 1095 1179 1136 esse
1203 1079 1500 1147 Christum,
1524 1097 1628 1153 qua
1652 1082 1741 1137 ho~

163 1169 345 1226 minem
374 1168 550 1237 ﬁnxit;
575 1172 763 1227 eadem
794 1181 819 1211 ι
848 1173 937 1230 die
961 1188 1084 1231 esse
1114 1188 1354 1245 passum,
1374 1189 1482 1245 quo
1510 1173 1538 1213 ιι
1570 1174 1736 1230 Adam

162 1262 368 1326 cecidit;
391 1277 456 1318 ea
481 1264 572 1319 die
587 1265 882 1322 resurrexit
904 1275 928 1304 ο
953 1283 981 1320 a
999 1266 1251 1335 mortuis,
1271 1282 1372 1338 qua
1392 1267 1565 1323 lucem
1589 1268 1717 1324 fecit

161 1351 547 1410 Humanitatem
577 1371 792 1427 quoque
820 1372 973 1412 suam
1010 1361 1318 1430 septenario
1348 1374 1574 1415 numero
1608 1373 1738 1415 con-

159 1459 394 1516 summat,
427 1450 749 1518 nativitatis,
773 1453 1033 1517 inlantiaa,
1054 1455 1317 1526 pueritize,
1337 1457 1736 1527 adolescentiae,

153 1540 455 1613 iuventutis,
479 1544 732 1615 perlecta:
746 1548 941 1607 :etatis.
962 1562 1214 1605 occasum
1229 1546 1280 1603 δ.
1303 1549 1505 1607 Judaeis
1525 1567 1740 1624 quoque

157 1635 533 1696 humanitatem
552 1656 704 1697 suam
727 1642 889 1698 etiam
910 1644 993 1699 his
1014 1644 1189 1700 modis
1215 1646 1446 1712 ostendi,
1476 1662 1597 1701 cum
1615 1662 1740 1703 esu-

156 1730 234 1796 rit,
271 1733 400 1800 sitit,
432 1734 619 1790 cibum
652 1744 945 1809 potumque
987 1737 1165 1796 dedit.
1195 1754 1318 1794 cum
1346 1739 1612 1804 ambulat,
1644 1755 1738 1797 eas

1916 574 2161 616 EXPLICIT
2190 575 2506 617 TRAC'I'A'I'US
2533 576 2805 619 VICTORINI
2833 578 2900 618 DE
2928 577 3156 620 ΡΔΒΒΙΟΔ
3183 579 3369 621 ιιυιωι.

1842 696 2056 754 Primus
2083 714 2147 753 ea:
2184 698 2358 752 codice
2383 698 2734 755 Lambetltano
2777 700 2937 756 edidit
2979 699 3103 758 Gul.
3149 699 3348 760 Cavius
3384 703 3442 759 in

2125 790 2384 864 (Historia
2416 791 2619 861 Litter.,
2649 803 2774 848 tom.
2806 809 2852 858 ι,
2884 810 2938 862 ρ.
2972 793 3124 864 148.)

1842 908 2324 974 Interpretationem
2352 924 2466 979 qua:
2495 908 2740 975 sequitur,
2772 907 2959 972 Esaite,
2983 923 3034 963 c.
3058 923 3132 974 vt,
3160 923 3359 965 comm.
3378 908 3436 977 2,

1914 1013 2275 1059 commemorat
2320 1003 2382 1059 S.
2426 1002 2790 1074 Hieronymus,
2826 1003 2972 1073 epist.
3015 1001 3085 1056 ad
3129 999 3439 1070 Damasum,

1918 1107 1959 1152 t.
1995 1115 2074 1166 ιιι,
2112 1114 2165 1168 p.
2196 1097 2323 1161 5l8,
2359 1097 2443 1152 ed.
2478 1095 2795 1151 Martiantei.

1842 1213 1949 1270 Sea:
1964 1215 2063 1269 ala:
2078 1215 2166 1269 uni
2188 1212 2274 1286 (ex
2294 1211 2622 1287 Seraphim),
2649 1222 2695 1266 et
2716 1227 2806 1266 sea:
2818 1211 2916 1266 alte
2936 1211 3087 1266 alteri
3102 1210 3239 1285 (lsa.
3253 1227 3328 1273 vt.
3350 1210 3436 1283 2),

1914 1306 2221 1362 Victorinus
2273 1314 2457 1361 noster
2510 1303 2795 1360 duodecim
2846 1303 3120 1375 apostolos
3168 1303 3440 1376 interpre-

1912 1409 2055 1456 tatus
2083 1409 2185 1455 est.

1841 1513 1921 1570 De
1968 1513 2029 1570 S.
2068 1512 2319 1569 Victorini
2364 1511 2801 1584 Interpretatione
2846 1510 3175 1569 Ecclesiastis
3200 1553 3215 1579 ,
3259 1529 3307 1567 c.
3360 1527 3438 1581 tv,

1911 1622 2094 1661 comm.
2122 1607 2209 1674 15,
2238 1607 2311 1661 ita
2338 1605 2401 1662 S.
2444 1604 2689 1674 Hierom,
2720 1604 2918 1662 Comm.
2955 1606 3007 1661 in
3043 1604 3346 1662 Ecclesiast.
3372 1605 3442 1664 ad

1913 1701 2036 1764 loc.,
2070 1710 2106 1755 t.
2129 1716 2187 1768 ιι,
2221 1718 2273 1771 ρ.
2292 1701 2421 1757 7M.

155 1837 257 1879 esse
279 1825 380 1879 scit
404 1834 451 1892 ο,
488 1840 611 1882 cum
642 1841 804 1899 super
830 1828 1153 1905 cervicalem
1185 1828 1206 1869 ί
1235 1831 1490 1887 dormivit
1514 1831 1730 1906 (Μαῖα,
1765 1847 1812 1909 Β
1911 1833 2169 1906 Origenes
2197 1844 2253 1891 et
2294 1834 2606 1891 Victorinus
2653 1849 2761 1890 non
2816 1834 3046 1890 multum
3095 1835 3240 1891 inter
3266 1849 3326 1891 se
3352 1834 3437 1891 di-

154 1919 218 1983 iv.
244 1922 331 1994 58)
353 1938 374 1987 ,°
396 1938 526 1979 cum
572 1936 752 1982 autem
781 1926 916 1983 freta
946 1937 1040 1984 aut
1078 1930 1311 2000 procella
1335 1941 1361 1979 8
1387 1931 1613 2003 pedibus
1656 1935 1739 1989 in-

152 2017 393 2087 greditur,
445 2021 631 2075 ventis
680 2022 928 2093 imperat,
978 2039 1152 2096 aegros
1198 2035 1385 2093 curat,
1424 2037 1480 2080 et
1519 2026 1738 2085 claudos

153 2109 410 2175 reformat,
430 2127 617 2169 cmcos
636 2114 944 2186 eloquentia
962 2116 1191 2172 instituit
1209 2114 1237 2156 ιι
1258 2118 1433 2175 videte
1455 2119 1736 2177 Dominum

149 2217 200 2259 se
220 2219 332 2260 esse
363 2207 611 2262 nuntiari
639 2208 883 2279 ejusdem
922 2208 966 2266 ί.

209 2296 558 2355 Duodenario
586 2316 812 2357 numero
858 2302 1085 2365 diceret
1128 2312 1185 2359 ut
1212 2319 1376 2374 supra
1421 2307 1740 2376 memoravi,

149 2407 231 2463 per
250 2392 535 2451 duodenas
564 2394 728 2452 horas
749 2396 938 2452 bil'arie
963 2397 1165 2454 divisus
1192 2408 1276 2455 est
1302 2400 1433 2455 lucis
1461 2409 1516 2454 et
1542 2401 1736 2470 noctis,

146 2485 339 2556 peritas
363 2504 610 2560 namque
630 2489 814 2556 horas,
848 2504 1065 2548 menses
1092 2501 1147 2547 ct
1173 2494 1300 2547 anni
1330 2502 1387 2548 et
1409 2501 1653 2565 tempora
1683 2501 1739 2550 et

146 2582 317 2636 secula
359 2591 773 2653 computantur.
805 2580 1111 2641 Constituta
1142 2583 1171 2623 ιε
1204 2594 1331 2640 sunt
1383 2585 1565 2657 itaque
1617 2586 1736 2643 sine

145 2670 289 2728 dubio
328 2682 523 2731 autem
566 2683 586 2722 ι
617 2674 726 2731 diei
773 2676 948 2747 angeli
990 2673 1300 2742 duodecim,
1337 2678 1516 2732 noctis
1559 2677 1737 2749 angeli

144 2765 443 2833 duodecim,
503 2783 604 2837 pro
648 2783 875 2825 numero
918 2768 1125 2825 scilicet
1171 2768 1447 2825 horarum.
1500 2770 1562 2825 ili
1607 2781 1734 2826 sunt

144 2872 351 2932 namque
364 2876 530 2917 xxutt
558 2870 724 2917 testes
745 2861 953 2917 dierum
976 2871 1033 2918 et
1054 2862 1293 2918 noctium
1320 2862 1529 2936 (Apoe.,
1551 2879 1625 2932 tv,
1647 2862 1729 2937 4),

144 2952 218 3023 qui
235 2952 436 3028 sedent
470 2962 604 3010 ante
634 2954 886 3010 thronum
918 2954 1035 3023 Dei,
1071 2969 1301 3011 coronas
1330 2970 1528 3012 aureas
1556 2956 1609 3011 in
1638 2972 1733 3012 ca-

143 3045 316 3115 pitibus
340 3047 458 3103 suis
495 3046 790 3112 habentes,
841 3062 978 3117 quos
1024 3047 1078 3103 in
1110 3057 1149 3084 ιη
1186 3049 1539 3121 Apocalypsis
1572 3048 1739 3105 toan--

143 3140 213 3198 nis
257 3142 495 3215 apostoli
520 3152 578 3198 et
613 3141 961 3215 evangelistte
1014 3142 1258 3199 seniores
1302 3151 1488 3210 vocat,
1536 3142 1737 3201 idcirco

1841 1945 1998 1986 versa
2040 1938 2343 1985 senserunt.
2373 1929 2503 1983 Post
2527 1929 2835 1999 generalem
2864 1927 3009 1984 enim
3042 1927 3189 1984 illam
3217 1937 3440 1985 senten-

1843 2023 1993 2092 tiam,
2024 2038 2146 2094 quae
2172 2022 2424 2079 omnibus
2446 2031 2612 2093 patet,
2641 2022 2783 2092 quod
2807 2022 3002 2076 melior
3030 2022 3102 2077 sit
3124 2020 3441 2078 adolescen-

1841 2116 1986 2173 tulus
2006 2130 2212 2188 pauper
2238 2125 2293 2172 et
2309 2116 2548 2186 sapiens,
2577 2130 2737 2184 quam
2766 2130 2861 2170 rex
2887 2128 3052 2171 senex
3081 2124 3134 2170 et
3157 2114 3437 2186 insipiens,

1842 2222 1898 2270 et
1927 2211 2069 2283 quod
2119 2211 2428 2281 frequenter
2466 2209 2680 2274 evenit,
2732 2218 2792 2265 ut
2831 2208 2921 2266 ille
2972 2225 3069 2280 per
3114 2209 3435 2277 sapientiam

1843 2318 1997 2361 suam
2027 2305 2189 2361 etiam
2216 2304 2285 2360 de
2312 2317 2532 2360 carcere
2573 2302 2717 2373 regis
2755 2301 3044 2373 egrediens
3085 2302 3317 2371 imperet
3338 2315 3436 2369 pro

1843 2397 2185 2454 dominatore
2217 2410 2477 2465 perverso
2505 2413 2520 2462 ;
2552 2405 2607 2451 et
2634 2410 2727 2451 res
2760 2394 3021 2464 insipiens
3050 2393 3238 2464 perdat
3269 2394 3440 2463 impe-

1845 2492 2009 2557 rium,
2038 2490 2182 2561 quod
2229 2488 2485 2545 tenebat:
2514 2503 2677 2560 super
2722 2486 2939 2543 Christo
2962 2497 3018 2543 ct
3051 2488 3272 2544 Diabolo
3298 2487 3441 2546 hunc

1838 2584 2017 2641 locum
2070 2584 2405 2652 interpretati
2437 2593 2581 2649 sunt,
2614 2582 2758 2653 quod
2792 2598 3019 2651 puerum
3071 2597 3360 2654 pauperem
3385 2592 3441 2640 et

1838 2682 2161 2750 sapientem,
2185 2676 2462 2735 Christum
2478 2677 2647 2733 velint
2674 2677 3089 2747 puerum,justa
3113 2676 3267 2741 illud,
3293 2691 3441 2749 mag-

1838 2786 1965 2826 num
1989 2770 2083 2826 tibi
2114 2778 2198 2826 est
2227 2770 2407 2826 vocari
2439 2779 2491 2826 te
2517 2784 2740 2841 puerum
2767 2783 2945 2824 meum
2967 2769 3130 2841 (lsa.,
3167 2785 3314 2835 xux,
3340 2768 3436 2841 6);

1838 2879 2130 2936 pauperem
2170 2878 2321 2926 vero.
2363 2865 2486 2935 quia
2519 2876 2723 2934 panper
2753 2862 2924 2918 lactus
2957 2870 3060 2928 est,
3089 2877 3254 2933 quum
3280 2860 3435 2919 dives

1837 2969 1986 3018 esset
2018 2959 2082 3028 (ΙΙ
2113 2958 2259 3022 Cor.,
2278 2974 2373 3014 Vlll
2392 3001 2409 3026 ,
2432 2955 2486 3029 9)
2506 2974 2521 3023 ;
2545 2966 2599 3012 et
2626 2957 3087 3028 sapientem,quia
3120 2954 3435 3025 proﬁciebat

1838 3064 2000 3110 aetate
2027 3062 2085 3109 et
2126 3052 2388 3122 sapientia
2420 3061 2475 3106 et
2501 3049 2670 3121 gratia
2716 3049 2855 3121 apud
2888 3049 3058 3106 Deum
3097 3056 3153 3104 et
3192 3046 3438 3104 homines

1841 3145 2022 3223 (Luc.,
2041 3163 2100 3214 ιι,
2116 3162 2301 3203 comm.
2321 3145 2465 3219 ult.).
2482 3143 2587 3201 Isle
2604 3153 2762 3201 natus
2774 3152 2858 3200 est
2879 3143 2932 3199 in
2956 3157 3123 3215 regno
3139 3142 3305 3208 senis,
3329 3151 3434 3201 etc.

1341 3260 1722 3321 LECTIONES
1758 3264 1848 3323 VA
1858 3264 1972 3322 BIA
1984 3264 2177 3321 NTES.

193 3361 217 3391 ⁸
246 3362 394 3414 Forte
413 3361 498 3413 Ea
527 3360 749 3412 Wallter.

190 3422 216 3463 δ
246 3425 315 3477 Fo
333 3431 391 3476 te
411 3425 528 3485 Qua
562 3425 782 3483 Watker.

191 3489 213 3517 °
242 3488 387 3541 Farte
409 3481 779 3538 ﬁewﬂexisse
802 3481 1023 3537 Walker.

188 3547 213 3588 ἀ
244 3552 386 3602 Forte
408 3550 632 3602 Occasus
666 3548 881 3600 Wallter.

194 3616 216 3644 θ
246 3621 383 3665 Forte
402 3614 474 3666 Et
496 3614 707 3664 secessit
731 3609 902 3664 Routlt.

194 3676 213 3715 ί
245 3678 388 3729 Forte
404 3675 636 3730 Cervical
653 3673 821 3729 Routlt.

191 3742 214 3782 Β
244 3741 385 3793 Forte
400 3738 693 3791 Procellosa
715 3737 883 3792 Deleta
907 3740 990 3787 aut
1013 3738 1188 3791 Routlt.

1754 3361 1801 3427 ρ
1896 3362 1928 3400 h
1962 3363 2108 3427 Forte
2130 3358 2316 3415 excidit
2360 3359 2546 3412 Sardos
2590 3357 2705 3409 facit
2750 3356 2940 3420 audire,
2967 3361 3019 3409 et
3041 3365 3261 3410 mortuos
3282 3357 3436 3409 resti-

1833 3427 1928 3476 ωιι
1951 3426 2119 3478 Rarttlt.

1900 3489 1919 3528 i
1962 3490 2109 3540 Forte
2132 3488 2372 3539 Nuntiare
2392 3486 2579 3537 eisdem
2604 3484 2779 3538 Routh.

1900 3552 1917 3602 i
1961 3554 2109 3602 Forte
2130 3550 2255 3601 Dies
2277 3547 2446 3601 Routlt.

1896 3618 1926 3684 δ
1962 3616 2106 3684 Eo?“
2121 3613 2381 3684 ςιθίὲδίίωη

1901 3676 1917 3715 1
1962 3676 2166 3727 Delettd.
2193 3678 2374 3725 Autem
2397 3672 2466 3726 ait
2499 3672 2719 3727 Walker.

1892 3740 1934 3769 ³³
1960 3740 2012 3790 [ιι
2031 3738 2208 3791 delenti
2229 3743 2386 3791 monet
2414 3736 2636 3789 Walker.

1488 3821 2056 3881 COMMENTARIUS.

139 3942 337 4012 perinde
360 3951 534 4015 atque
569 3940 663 4015 alii
702 3949 916 3996 veteres
943 3947 1346 4015 tractatoreset
1369 3939 1716 4015 clirotiologi,

141 4010 212 4085 vis
231 4029 410 4084 opera:
435 4010 675 4085 pretium
698 4023 819 4079 est,
849 4022 904 4065 ut
929 4011 1049 4083 quis
1089 4010 1356 4085 ostendat.
1388 4010 1559 4066 Paulo
1599 4022 1719 4080 post

141 4084 183 4138 in
206 4082 347 4141 Cavii
375 4082 698 4155 ap'ngrapho
725 4082 977 4155 positum"
1005 4092 1090 4139 est
1131 4082 1407 4139 mandasse
1435 4097 1530 4153 pro
1570 4086 1724 4137 inun-

141 4156 281 4211 dasse.
356 4157 580 4214 Rou'rn.

199 4226 272 4283 Ea
294 4231 378 4283 die
397 4232 455 4285 in
481 4246 635 4282 carne
652 4243 761 4283 esse
781 4242 1094 4283 conversum.
1118 4242 1218 4297 qua
1240 4236 1445 4287 terram,
1476 4235 1584 4283 etc.
1606 4225 1720 4282 Non

140 4302 428 4357 conveniret
458 4302 567 4355 hoc
586 4316 707 4354 cum
735 4301 827 4353 illo
852 4301 916 4352 ad
940 4300 1034 4354 lin.
1061 4298 1147 4358 15.
1178 4316 1238 4353 ea
1260 4297 1343 4351 die
1365 4299 1417 4351 in
1440 4314 1592 4352 carne
1618 4316 1724 4354 esse

143 4387 439 4441 conuersum,
471 4388 578 4440 qua
607 4373 689 4425 die
712 4371 966 4426 hominem
995 4370 1063 4441 de
1087 4370 1241 4425 Immo
1270 4378 1510 4424 instruxit
1529 4412 1544 4435 ,
1574 4371 1718 4438 quod

140 4442 315 4499 factum
343 4439 471 4500 esse
492 4439 496 4440 ί
517 4443 815 4499 ostenditur
842 4442 980 4497 libro
1021 4439 1228 4496 Genesis
1254 4441 1342 4495 die
1368 4451 1561 4503 sexto,
1591 4442 1715 4497 dum

141 4523 263 4586 terra
285 4527 340 4570 et
362 4531 509 4586 aqua
535 4515 620 4569 die
652 4515 808 4569 tertio
836 4513 1153 4586 apparui~se
1164 4514 1448 4586 dicuntur,
1480 4514 1580 4568 nisi
1607 4516 1719 4586 aias

140 4584 315 4641 Christi
334 4584 766 4643 incarnationem
786 4587 839 4641 in
861 4595 1017 4639 utero
1030 4584 1091 4639 Β.
1110 4584 1345 4655 Virginis
1364 4584 1478 4639 haec
1500 4584 1717 4652 quidem

140 4657 340 4729 intelligi
366 4659 595 4716 debere.
624 4655 824 4729 Confer
850 4657 1013 4711 verba
1046 4656 1216 4729 paulo
1239 4670 1397 4729 supra
1444 4656 1508 4729 ad
1539 4656 1633 4710 lin.
1662 4657 1716 4720 9,

142 4736 185 4781 et
204 4727 311 4784 noti
337 4731 392 4785 in
427 4729 743 4801 Fragment.
773 4728 791 4783 Ι
819 4728 1055 4784 Citronici
1082 4727 1345 4798 Africani,
1374 4727 1480 4783 vol.
1514 4743 1571 4794 ιι,
1596 4742 1716 4801 pag.

140 4796 247 4856 239.
320 4802 538 4856 Rou'rn.

234 4842 247 4856 .
320 4817 538 4859 ιιοῠτιι.

202 4872 309 4941 Quo
331 4886 474 4929 terra
500 4884 547 4928 et
568 4888 701 4944 aqua
730 4873 881 4941 fatus
904 4887 1023 4944 suos
1041 4870 1333 4944 ediderunt.
1369 4869 1482 4926 Hoc
1520 4870 1716 4927 factum

142 4940 426 5015 diequinto
453 4960 579 5001 esse
601 4940 797 4999 dicitur
821 4945 963 5015 adp.
998 4941 1125 5015 256,
1166 4942 1221 5015 1.,
1241 4940 1331 4997 28.
1366 4945 1431 4995 At
1470 4957 1600 4997 vero
1623 4957 1714 4997 sua

378 5032 520 5089 aqua
541 5017 758 5087 quidem
780 5014 1009 5070 truditur
1028 5013 1120 5069 die
1137 5014 1346 5085 quinto,
1374 5022 1515 5070 terra
1536 5025 1717 5069 autem

142 5083 218 5141 die
238 5099 410 5144 sexto.
433 5083 447 5089 ⁷
493 5083 703 5143 litium.

206 5156 277 5231 Ea
301 5160 385 5215 die
408 5176 520 5214 esse
544 5175 772 5231 passum,
802 5175 901 5229 qua
928 5158 1093 5212 Adam
1115 5160 1313 5213 cecidit.
1339 5158 1569 5225 Latisum
1596 5170 1718 5211 esse

144 5226 293 5301 Adam
317 5248 383 5286 eo
410 5226 664 5301 ipso'die,
696 5226 972 5301 quo'illum
1002 5232 1293 5287 creavisset
1322 5231 1462 5286 Deus
1482 5271 1498 5297 ,
1528 5243 1716 5285 omnes

145 5299 241 5354 lere
266 5299 526 5357 statuunt.
606 5299 814 5357 Rou‘rtt.

1898 3939 2072 3995 Caecus
2094 3941 2377 4011 eloquentia
2400 3940 2631 3995 instituit.
2664 3937 3023 4009 Eloquentiam
3044 3938 3165 4007 Ms.,
3191 3949 3245 3997 et
3261 3941 3436 3998 clodos

1824 4013 2044 4071 antique
2074 4028 2168 4080 pro
2192 4013 2425 4068 claudos.
2456 4013 2692 4077 Dixerat,
2721 4010 2935 4066 claudos
2952 4012 3218 4079 reformat.
3248 4017 3431 4070 statim

1830 4095 1957 4139 ante
1982 4084 2145 4145 istud,
2165 4099 2325 4137 careas
2349 4084 2640 4153 eloquentia
2667 4084 2907 4139 instituit.
2937 4083 3031 4138 Hic
3058 4100 3183 4138 vero
3207 4098 3433 4153 propter

1828 4156 2191 4225 septenarium
2222 4171 2526 4215 numerum.
2557 4155 2623 4210 de
2649 4170 2757 4226 quo
2797 4164 2872 4209 tot
2901 4154 3210 4226 Victorinus
3249 4157 3430 4225 habet,

1830 4230 1914 4281 vix
1948 4228 2134 4281 dubito
2173 4228 2296 4295 quin
2337 4226 2641 4298 hujusmodi
2671 4225 2927 4297 quaedam
2970 4225 3059 4298 illo
3098 4227 3430 4298 addidisset,

1828 4300 2009 4352 surdos
2031 4300 2155 4368 facit
2171 4298 2373 4363 audire,
2395 4295 2444 4353 et
2466 4295 2953 4353 mortuosirestituit.
2973 4295 3127 4352 Conl'.
3156 4296 3307 4362 Luc.,
3331 4295 3428 4362 vn,

1825 4370 1896 4425 22
1945 4370 2151 4425 Interea
2199 4370 2374 4424 Melito
2416 4370 2692 4425 sardensis
2736 4371 2787 4425 in
2834 4369 3136 4440 fragmento
3181 4369 3320 4424 Libri
3367 4372 3431 4426 de

1828 4440 2192 4533 ln'ca’rnatione
2216 4440 2403 4533 Christi
2435 4443 2502 4531 ita
2535 4443 2717 4532 scribit
2744 4459 2762 4532 ξ
2792 4444 2917 4533 est;
2961 4444 3072 4533 pica
3108 4440 3175 4530 ei)?
3206 4443 3335 4533 tiqu
3370 4465 3426 4500 τε

1822 4520 1903 4571 καὶ
1929 4512 2189 4591 ἄνθρωπος
2217 4514 2403 4575 τέλειος
2436 4514 2463 4570 ὁ
2494 4516 2671 4591 αὐτὸς,
2696 4516 2789 4575 τὰς
2806 4512 2898 4591 δύο
2917 4512 3077 4591 amicei}
3107 4512 3289 4575 οὐσίὰς·
3314 4517 3425 4572 ἐπι-

1827 4584 2072 4643 στώσαίτο
2100 4588 2217 4658 ἡμῖν
2235 4600 2249 4613 ⁸
2282 4592 2370 4646 τὴν
2395 4587 2739 4675 μένὶθέᾇτητα
2778 4587 2935 4641 αὐτοῦ
2964 4584 3048 4675 δξᾲ
3072 4592 3171 4675 ςτὸὶν
3203 4589 3430 4675 σημείων

1822 4661 1956 4735 incf;
1983 4656 2178 4735 τριετίᾳ
2205 4667 2266 4731 τῇ
2292 4656 2423 4735 μετᾶ
2450 4660 2509 4713 τὸ
2537 4657 2834 4735 βάπτισμα,
2864 4662 2953 4718 τήν
2981 4656 3035 4735 δέ
3062 4656 3432 4735 ἀνθραιπότητα

1823 4729 2771 4807 αὐτὸῦξένλτὸῖς-τριὰκονταχρόνοίς
2796 4737 2903 4789 τοῖς
2931 4731 3035 4806 πρὸ
3062 4729 3162 4784 τοῦ
3193 4729 3425 4803 βαπτίσ-

1821 4824 2006 4875 μαῖρς.
2087 4800 2301 4875 800⁸1³11.

1898 4872 2141 4927 Nantiuri
2169 4873 2416 4942 ejusdem.
2462 4870 2794 4927 Duodenario
2834 4888 3043 4942 numero
3083 4872 3271 4927 dicere.
3306 4872 3415 4929 Lo-

1824 4959 1944 4997 cum
1977 4941 2445 4999 tutetidosiSsimunt
2493 4944 2563 4997 ita
2596 4944 2890 4999 emendes:
2916 4941 3175 4998 Nuntiare
3207 4948 3419 5001 eisdem.

1820 5014 2152 5070 Duodenario
2180 5032 2389 5071 numero
2431 5015 2558 5069 dies.
2592 5015 2872 5070 Lectorem
2923 5015 3067 5070 enim
3112 5015 3177 5069 ad
3212 5017 3417 5071 initium

1820 5088 2246 5143 commentarioli
2278 5089 2358 5142 sui
2389 5086 2454 5139 ad
2496 5103 2547 5156 p.
2577 5087 2703 5154 505,
2740 5086 2778 5142 ι.
2812 5087 2867 5153 5,
2899 5087 3061 5142 mittit
3092 5097 3299 5142 auctor.

3182 5178 3344 5214 ιιῠτιι.

3182 5178 3210 5204 ιι
3330 5199 3344 5214 ,

1890 5229 2276 5299 Comptttantur.
2311 5239 2414 5285 etc.
2451 5230 2547 5284 Ms.
2589 5238 2948 5295 computantur
2972 5157 3415 5288 constilt‘utt'i'rsltltut.

1820 5300 2004 5372 Itaque
2030 5303 2139 5356 sine
2160 5302 2311 5356 dubio
2332 5310 2499 5357 autem
2523 5302 2641 5355 diei.
2669 5301 2983 5359 Wnlkerum
3008 5300 3166 5357 verba
3196 5301 3336 5356 inter
3356 5318 3417 5357 se

1818 5375 1977 5428 aliter
2005 5372 2442 5439 distinguentem,
2475 5382 2526 5426 et
2554 5375 2818 5428 constituti
2845 5374 3190 5437 scribentem,
3224 5373 3403 5428 deleto

1818 5456 2011 5516 autem,
2033 5446 2199 5513 magis
2220 5446 2551 5516 sequendum
2574 5460 2694 5501 esse
2724 5447 2879 5510 duco,
2910 5459 3066 5514 quam
3092 5445 3235 5497 viros
3262 5443 3411 5501 doct.

1818 5518 1884 5573 ad
1916 5515 2066 5572 Cavii
2100 5532 2267 5587 marg.
2300 5515 2388 5588 qui
2417 5518 2607 5588 partic.
2642 5530 2687 5572 et
2732 5516 2937 5571 addunt
2965 5526 3089 5571 ante
3136 5516 3413 5572 constituta

1817 5598 1953 5645 sunt.
2035 5588 2247 5643 Rourn.

1889 5661 2029 5733 Quos
2055 5659 2174 5733 [in].
2210 5660 2501 5733 Delentlttm
2528 5660 2601 5733 ait
2640 5661 2693 5714 in
2724 5658 3030 5715 Walket'us.
3065 5657 3237 5733 Minus
3264 5670 3411 5718 recte

1816 5731 2118 5804 apoeulypsi
2135 5731 2194 5787 in
2226 5732 2532 5804 npographo
2558 5732 2790 5786 Caviano
2816 5741 3010 5804 evastat.
3092 5731 3305 5787 Ιὶοιιτιι.

1893 5801 2144 5869 δραίαιω,
2169 5813 2273 5858 etc.
2299 5803 2652 5875 Victorinum,
2679 5818 2835 5873 quem
2860 5801 2963 5875 hoc
2988 5802 3107 5859 loco
3130 5814 3413 5875 propterea

1816 5875 2050 5948 appellat
2094 5885 2321 5931 nostrum
2366 5874 2745 5947 Hieronymus,
2776 5873 2917 5946 quod
2965 5889 2998 5932 e
3046 5873 3401 5947 scriptoribus
3480 5902 3486 5908 -

206 5371 441 5428 Occasus.
471 5374 548 5430 De
569 5383 742 5428 morte
763 5390 866 5429 vox
888 5375 1154 5431 interdum
1172 5374 1473 5429 adhibetur.
1498 5373 1713 5430 Roo'rn.

204 5441 439 5499 Easesse
479 5446 591 5500 scit.
646 5444 766 5499 For.
818 5448 1160 5502 scribendum
1186 5489 1201 5511 ,
1255 5456 1302 5499 et
1338 5446 1557 5500 secessit.
1598 5445 1712 5500 Vos

147 5517 271 5568 enim
317 5520 520 5571 secessit
564 5526 670 5571 vet.
723 5518 887 5572 latino
932 5517 1208 5588 interpreti
1257 5518 1516 5572 solennis.
1552 5516 1712 5573 Verbi

148 5598 309 5649 causa,
336 5588 467 5641 Cum
490 5598 658 5642 autent
683 5588 903 5642 audisset
944 5589 1116 5653 Iesus,
1148 5588 1284 5653 quod
1309 5588 1535 5642 Joannes
1559 5590 1693 5641 tradi

244 5670 383 5738 esset,
411 5660 640 5738 seorssit
662 5660 1039 5738 (ἀνεχώρησεν)
1067 5664 1119 5714 in
1143 5659 1410 5738 (initiatam
1437 5663 1453 5724 (
1468 5659 1623 5738 Matt,
1640 5675 1714 5730 tv,

151 5726 249 5803 ιι).
273 5727 377 5786 Sed
398 5730 468 5785 ad
489 5731 640 5787 Cavii
662 5726 955 5799 marginem
984 5726 1268 5803 legendum
1295 5745 1414 5786 esse
1433 5726 1718 5800 conjiritur

152 5800 297 5876 spicas
312 5818 404 5876 pro
419 5818 525 5858 eas.
556 5802 672 5858 Mos
694 5805 910 5859 ceruical
935 5800 1214 5876 legendum
1231 5811 1359 5876 puto
1377 5818 1474 5876 pro
1499 5803 1715 5857 ceruica-

154 5869 256 5940 tent,
284 5869 333 5934 ei
357 5874 489 5944 freta
510 5876 811 5948 procelloso,
841 5891 940 5950 pro
965 5869 1098 5949 {Feta
1121 5886 1208 5933 aut
1232 5869 1476 5947 procella.
1502 5876 1710 5935 Bonrn.
