3904 6316
150 390 231 449 an
827 376 883 435 s.
928 373 1275 432 VICTORINI
1310 370 1601 430 SCHOLIA
1633 369 1700 427 1N
1731 326 2198 429 “omnium
2237 362 2301 422 B.
2341 363 2637 423 JOANNIS.
3288 328 3393 419 sti

808 644 1520 821 SANCTI
1627 655 2600 813 VICTORIN
2612 658 2679 803 Ι

1035 916 1341 976 EPISCOPI
1378 910 1920 970 PETAVIONENSIS
1958 909 2051 966 ET
2089 906 2442 965 MARTYRIS

400 1110 907 1207 SCHOLIA
961 1108 1084 1198 IN
1160 1102 1942 1195 APOCALYPSIN

1524 1102 1960 1189 tLYPSIN
2013 1038 2363 1187 BEATIC
2408 1099 2905 1190 JOANNIS
2958 1090 3066 1174 (ι).

156 520 3365 570 _______________.____________..___........_

1402 1472 1652 1536 INCIPIT
1688 1470 2075 1531 EXPOSITIO.

634 1660 709 1703 ιιι
746 1660 943 1703 cum
973 1658 1159 1702 Pluto-
1720 1640 1777 1700 Α
1801 1657 2041 1711 nominis.
2085 1656 2329 1713 Similem
2354 1658 2487 1713 dicit
2516 1666 2639 1729 post
2678 1650 2909 1715 rnorteni
2949 1656 3244 1725 devictam,
3272 1664 3397 1713 cum

1800 1746 2137 1809 ascendisset
2169 1754 2221 1808 in
2252 1753 2441 1817 caelos,
2486 1744 2775 1809 adunatam
2810 1754 2861 1809 in
2889 1762 2990 1808 suo
3011 1767 3246 1821 corpore
3273 1758 3399 1810 cum

193 1849 236 1905 1.
263 1847 597 1921 Apocalypsi:
620 1846 748 1902 Jesu
767 1844 982 1913 Christi,
1011 1860 1163 1917 quam
1192 1843 1333 1899 dedit
1360 1843 1441 1899 illi
1478 1841 1619 1898 Deus
1648 1851 1696 1896 et
1800 1846 1989 1917 spiritu
2017 1847 2201 1916 glorias
2230 1860 2361 1910 suae,
2387 1860 2547 1917 quam
2576 1838 2781 1913 recepit
2808 1838 2834 1899 :i
2868 1847 3026 1901 Patre
3046 1852 3388 1915 potestatem.

140 1943 319 1997 ostendit
345 1942 501 1995 seruis
542 1941 650 1995 suis
688 1955 802 2011 quoe
826 1948 1022 2008 Oportet
1053 1939 1163 2006 ﬁeri
1190 1939 1311 2005 cito,
1344 1947 1391 1992 et
1418 1937 1688 2008 signiﬁca-
1873 1941 1959 1996 13.
1999 1931 2160 2006 Quasi
2189 1942 2353 2010 ﬁlium
2395 1942 2613 1995 hominis
2639 1936 2981 1995 anib'ulanl'em
3013 1942 3147 1997 inter
3180 1938 3401 1997 mediuni

138 2037 207 2089 rit.
235 2030 365 2087 Beati
389 2034 474 2105 qui
503 2033 675 2102 legunt
692 2043 737 2085 et
767 2031 854 2100 qui
882 2031 1099 2083 audiunt
1122 2044 1381 2083 sermones
1405 2031 1558 2089 huius
1578 2043 1696 2097 pro-
1801 2032 2221 2087 caudelabrorum
2251 2022 2540 2087 aureorum;
2585 2032 2731 2088 Inter
2781 2024 3015 2087 mediani
3048 2032 3179 2087 dicit
3225 2034 3403 2088 eccle-

140 2126 309 2198 ptietiw,
337 2134 385 2181 et
410 2135 615 2180 servant
666 2139 780 2193 qua:
824 2123 1014 2193 scripta
1043 2131 1185 2175 sunt.
1216 2120 1541 2191 Principium
1575 2121 1696 2175 libri
1801 2128 2024 2192 siarum,
2049 2129 2187 2181 sicut
2214 2129 2265 2181 in
2295 2128 2586 2183 Salomone
2603 2127 2829 2183 dicitur:
2849 2126 2991 2182 Inter
3012 2116 3216 2181 semitas
3235 2127 3403 2195 justo-

140 2222 487 2277 beatitudinetn
546 2218 766 2287 legenti,
821 2231 981 2289 atque
1034 2215 1299 2281 audienti,
1356 2227 1407 2270 et
1463 2214 1698 2271 servauti
1800 2234 1916 2273 rum
1942 2220 2208 2275 ambulabo
2237 2218 2420 2295 (Prov.
2466 2224 2576 2285 ὐιιι,
2622 2214 2920 2291 20).cdjus
2966 2216 3259 2289 antiquitas
3317 2225 3403 2275 est

140 2317 383 2387 promittit,
406 2325 463 2369 ut
494 2315 714 2369 lectioni
743 2311 968 2368 studens
1012 2311 1209 2367 exinde
1232 2327 1395 2382 opera
1424 2311 1616 2379 discat,
1644 2320 1701 2367 et
1801 2314 2196 2377 immortalitas.
2227 2327 2281 2369 et
2307 2315 2603 2384 maiestatis
2632 2308 2805 2385 origo.
3318 2296 3327 2306 ’

140 2423 364 2484 praecepta
392 2411 688 2467 custodiat.
1886 2407 2129 2463 Vestitum
2174 2408 2347 2464 talari.
2372 2409 2428 2464 111
2455 2418 2605 2465 veste
2633 2410 2809 2476 talari,
2855 2408 2907 2465 id
2937 2417 3021 2465 εει
3058 2398 3401 2476 sacerdotali;

190 2508 237 2563 «1.
255 2506 426 2562 Gratia
454 2507 596 2561 vobis
618 2515 665 2560 et
693 2521 798 2569 pas:
816 2503 878 2558 ab
906 2521 965 2559 eo
1006 2498 1095 2573 qui
1132 2500 1229 2568 est,
1276 2511 1324 2555 et
1370 2503 1457 2572 qui
1484 2512 1614 2568 erat,
1653 2510 1701 2556 et
1802 2516 2019 2557 carnem
2053 2518 2172 2573 qua:
2217 2508 2467 2570 corrupta
2495 2510 2579 2557 est
2603 2502 2683 2574 (2)
2734 2502 2798 2555 ad
2847 2494 3099 2566 inertem,
3142 2508 3197 2555 et
3242 2497 3406 2556 habet

138 2602 203 2669 qui
227 2612 453 2655 venturus
484 2609 584 2653 est.
616 2597 731 2663 Est,
761 2598 885 2670 quia
923 2608 1220 2669 permanet.
1250 2596 1400 2662 Erat,
1426 2598 1545 2666 quia
1576 2610 1699 2652 cum
1802 2611 1901 2667 per
1932 2597 2235 2666 passionem
2269 2596 2656 2659 sacerdotium,
2686 2595 3029 2664 apertiSsitne
3052 2590 3326 2648 traditum.

138 2694 262 2747 Patre
277 2692 451 2749 omnia
473 2692 623 2757 fecit,
651 2702 708 2747 et
734 2708 875 2747 nunc
894 2709 959 2747 ex
991 2692 1199 2760 virgine
1219 2691 1430 2745 initium
1447 2691 1695 2761 sumpsit.
1877 2689 1944 2745 Et
1973 2692 2273 2760 prwcinctus
2300 2699 2407 2743 erat
2426 2690 2495 2743 ad
2523 2685 2778 2744 mamilius
2800 2700 2930 2741 zona
2953 2701 3130 2740 aurea.
3156 2684 3405 2742 Mamilia:

144 2785 359 2843 Venturos
380 2799 475 2849 est,
506 2789 692 2857 utique
715 2787 780 2840 ad
804 2784 1174 2855 iudicandum.
1805 2786 1922 2856 ejus
1948 2784 2057 2839 duo
2081 2795 2207 2839 sunt
2229 2784 2598 2849 Testamenta,
2615 2792 2668 2839 et
2688 2796 2823 2837 zona
2847 2792 3010 2836 aurea
3028 2779 3229 2835 chorus
3244 2792 3403 2833 sanc-

191 2880 940 2952 Etaseptemspiritibusquiin
961 2879 1543 2949 conspectuthrouicius
1560 2888 1698 2931 sunt.
1805 2878 1981 2933 torum
2011 2887 2114 2944 est,
2164 2888 2220 2932 ut
2269 2884 2458 2933 aurum
2502 2891 2599 2947 per
2649 2877 2823 2947 ignem
2869 2875 3173 2940 probatum.
3208 2872 3401 2939 Aliter;

137 2974 479 3042 Septilormem
509 2975 758 3044 spiritum
787 2972 840 3026 in
863 2972 1020 3027 Esaia
1046 2973 1271 3038 legimus
1306 2969 1478 3041 (Esa.,
1507 2986 1583 3034 χι,
1616 2968 1697 3040 ‘2),
1733 3041 1767 3044 _
1805 2985 1939 3024 zona
1966 2986 2127 3025 aurea
2157 2970 2393 3025 accincta
2437 2970 2639 3038 pectori
2684 2968 2968 3024 conﬂatam
2991 2966 3399 3031 Conscientiam;

135 3041 335 3132 spiritum
372 3041 630 3121 videlicet
673 3064 937 3133 sapientia:
979 3072 1025 3116 et
1060 3062 1341 3116 intellectus
1361 3104 1376 3129 ,
1428 3061 1625 3116 consilii
1657 3064 1702 3115 et
1732 3041 1779 3101 Β
1807 3073 1862 3119 et
1878 3064 2069 3136 pdrum
2098 3064 2538 3135 spiritualemque
2568 3060 2767 3118 indicat
2793 3068 3033 3127 sensum,
3059 3057 3149 3131 qui
3178 3058 3404 3113 traditus

137 3158 439 3224 fortitudinis,
457 3156 977 3226 scientiwetpietutis,
998 3155 1233 3223 spiritum
1251 3154 1445 3207 timoris
1469 3152 1695 3207 Domini.
1803 3167 1887 3214 est
1910 3159 2173 3213 ecclesiis.

262 3248 325 3307 Et
352 3251 414 3304 ab
446 3251 578 3305 Jesu
604 3246 806 3303 Christo
835 3249 920 3318 qui
968 3261 1040 3301 cst
1070 3250 1204 3301 testis
1231 3247 1419 3316 ﬁdelis,
1450 3249 1701 3318 primoge—
1858 3241 1964 3307 14.
1994 3250 2160 3323 Caput
2188 3254 2357 3307 autem
2384 3255 2491 3324 ejus
2519 3260 2567 3305 et
2610 3251 2789 3321 capilli
2827 3259 2971 3303 erant
3015 3247 3118 3302 albi
3146 3250 3405 3316 (antatium

135 3345 242 3398 uitus
266 3354 605 3398 mortuorum.
631 3342 686 3395 111
709 3342 926 3394 homine
955 3352 1209 3409 susctapto
1235 3339 1503 3409 perhibuit
1548 3339 1669 3393 testi

1861 3350 1927 3401 uti
1946 3348 2062 3401 alba
2086 3356 2133 3400 et
2160 3352 2398 3418 tanquam
2430 3348 2535 3401 nia“.
2562 3347 2619 3401 111
2644 3346 2821 3415 capite
2846 3343 3050 3400 candor
3077 3340 3401 3406 ostenditur;

136 3442 336 3495 monium
393 3442 446 3495 in
499 3438 725 3503 mundo,
785 3441 836 3492 in
867 3454 972 3508 quo
1022 3437 1182 3491 etiam
1214 3452 1423 3507 passus,
1457 3451 1555 3491 suo
1602 3450 1701 3490 nos
1804 3439 1969 3506 Caput
1998 3452 2168 3493 autem
2226 3441 2431 3505 Christi,
2483 3439 2624 3494 Deus
2655 3448 2729 3495 est
2755 3437 2811 3508 (l
2844 3437 2986 3503 Con,
3017 3450 3091 3500 ιι,
3118 3434 3197 3504 5).
3228 3432 3287 3487 111
3316 3447 3406 3486 (κιο

136 3535 358 3603 sanguine
408 3533 578 3589 solvit
606 3549 634 3585 a
665 3543 910 3603 peccato,
938 3548 1003 3585 ac
1032 3531 1302 3585 debellato
1324 3531 1552 3593 interno,
1590 3528 1698 3598 pri-
1804 3532 1948 3603 pillis
1994 3534 2131 3588 albis
2160 3536 2411 3589 abbatum
2438 3542 2520 3589 est
2547 3532 2832 3588 multitudo
2870 3527 2950 3604 (5)
2972 3571 2988 3595 ,
3039 3529 3175 3583 laute
3200 3527 3403 3581 similes

135 3643 203 3679 tuo
228 3630 523 3685 resurrexit
546 3643 576 3682 a
599 3625 845 3691 mortuis,
875 3638 929 3680 et
970 3642 1105 3679 mors
1132 3626 1271 3678 ultra
1317 3625 1362 3678 ei
1407 3642 1510 3678 non
1535 3624 1701 3677 domi-
1804 3640 2027 3695 propter
2046 3642 2173 3681 oves
2218 3627 2510 3696 simplices,
2541 3626 2669 3688 nivi,
2703 3632 2926 3695 propter
2956 3618 3403 3677 innumerabilem

135 3720 299 3774 nubitur
340 3722 522 3793 (Rom.
579 3736 652 3782 vr,
682 3720 737 3791 9)
768 3736 782 3773 :
814 3719 933 3789 ipso
976 3728 1155 3772 autem
1202 3728 1460 3788 regnante
1513 3716 1701 3773 mundi
1804 3719 2014 3773 turbam
2039 3717 2443 3773 candidatorum
2471 3718 2538 3771 de
2567 3716 2706 3772 caelo
2729 3715 3032 3769 doctorum.

133 3826 318 3884 regnum
342 3815 683 3870 destructum
705 3821 805 3867 est.
1880 3810 2032 3865 Oculi
2078 3813 2186 3882 ejus
2236 3812 2367 3864 sicut
2413 3812 2625 3880 ﬂamma
2674 3808 2827 3880 ignis.
2858 3807 3131 3875 Praacepta
3158 3803 3250 3859 Dei
3279 3806 3407 3858 sunt

187 3908 232 3962 6.
257 3910 318 3964 Et
340 3911 461 3979 fecit
490 3925 587 3963 nos
606 3924 818 3978 regnum
837 3916 884 3959 et
905 3907 1191 3960 sacerdotes
1216 3905 1321 3959 Deo
1338 3915 1384 3958 et
1416 3904 1561 3960 Patri
1583 3921 1691 3960 suo.
1802 3920 1921 3975 qua:
1946 3904 2291 3960 credentibus
2332 3904 2638 3960 ministrant
2667 3903 2873 3970 iumen;
2899 3898 3190 3957 incredulis
3221 3908 3402 3953 autem

135 4000 176 4055 id
199 4014 272 4057 est
301 4005 547 4059 omnium
579 4002 814 4056 ﬁdelium
842 4000 1161 4062 Ecclesium,
1190 4000 1327 4053 sicut
1356 4000 1544 4055 Petrus
1567 4015 1701 4070 quo-
1801 3998 2128 4058 incendium.

133 4112 212 4164 que
244 4099 517 4168 apoStolus
552 4096 719 4151 dicit:
747 4094 880 4150 Gens
910 4106 1087 4150 sancta
1114 4134 1130 4163 ,
1160 4094 1331 4165 regale
1360 4094 1700 4157 sacerdotium
1875 4096 1963 4150 16.
1999 4094 2065 4149 In
2087 4096 2218 4166 facie
2256 4104 2426 4169 putem
2445 4094 2556 4165 ejus
2577 4094 2788 4148 claritas
2805 4100 2859 4147 ut
2887 4091 2985 4147 sol.
3013 4087 3234 4144 Claritas
3263 4085 3409 4156 quod

134 4187 328 4259 (lPetr.,
361 4207 418 4258 ιι,
443 4192 526 4259 9).
1802 4187 1956 4256 dixit,
2007 4190 2272 4259 apparitio
2306 4186 2455 4243 illius
2504 4187 2602 4242 luit
2623 4229 2637 4253 ,
2684 4202 2789 4257 qua
2821 4185 3033 4239 locutus
3062 4191 3147 4238 est
3176 4178 3408 4236 homini-

185 4282 229 4338 7.
255 4283 382 4338 Ecce
412 4285 576 4339 veniet
604 4299 717 4337 cum
761 4283 995 4351 nubibus,
1047 4293 1094 4336 et
1137 4284 1321 4339 videbit
1373 4300 1487 4340 eum
1534 4285 1699 4340 omnis
1804 4282 1901 4337 bus
1928 4281 2065 4337 faeie
2093 4281 2159 4336 ad
2214 4281 2430 4336 faciem.
2467 4278 2608 4335 Solis
2665 4288 2842 4333 autem
2873 4277 3046 4347 gloria
3096 4276 3273 4329 minor
3299 4274 3407 4336 etii,-

134 4382 281 4435 oculus
325 4381 428 4449 Qui
447 4380 594 4436 enim
626 4378 796 4447 primo
818 4381 869 4432 in
901 4391 1153 4449 suscepto
1178 4382 1394 4436 homine
1420 4383 1567 4435 venit
1597 4396 1695 4434 oc-
1734 4441 1769 4449 _
1804 4394 1964 4449 quam
1989 4377 2160 4448 gloria
2198 4376 2447 4443 Domini;
2498 4370 2706 4429 scilicet
2760 4379 2985 4442 propter
3014 4377 3189 4423 ortum
3224 4375 3281 4421 et
3308 4380 3407 4420 oc-

134 4473 296 4539 cultus,
326 4486 445 4545 post
479 4472 752 4543 paululum
804 4472 856 4526 in
885 4475 1161 4541 majestate
1187 4485 1239 4528 et
1266 4477 1435 4545 gloria
1458 4474 1526 4529 ad
1552 4474 1700 4546 judi-
1726 4441 1772 4504 (δ
1805 4488 2012 4537 casum,
2044 4483 2100 4527 et
2121 4486 2331 4527 rursum
2362 4482 2561 4535 ortum,
2592 4467 2735 4539 quod
2769 4472 2926 4521 natos
2960 4465 3032 4519 sit
3056 4471 3113 4517 et
3139 4472 3331 4532 passus
3354 4465 3413 4515 et

132 4564 330 4620 caudam
356 4568 538 4622 veniet
567 4566 902 4621 manifestus.
936 4567 1073 4634 Quid
1118 4579 1293 4621 autem
1326 4564 1487 4622 dicit?
1803 4568 2118 4624 resurrexit.
2154 4567 2280 4621 Ideo
2308 4565 2457 4619 dedit
2503 4561 2914 4619 similitudinem
2942 4559 3231 4629 scriptura,
3263 4551 3400 4608 assio

190 4656 265 4710 12.
294 4658 356 4713 Ει
380 4674 656 4713 conversus
681 4659 784 4711 vidi
808 4670 996 4729 septem
1026 4661 1335 4713 candelabra
1364 4677 1542 4728 aurea,
1572 4672 1621 4716 et
1648 4663 1703 4718 in
1805 4664 2001 4719 milans
2026 4662 2219 4718 faciem
2243 4661 2359 4731 ejus
2385 4658 2571 4730 gloriae
2599 4657 2754 4714 solis.

135 4749 268 4805 medio
312 4762 505 4819 septem
559 4751 981 4807 candelabrorum
1028 4768 1296 4807 aureorum
1344 4755 1562 4810 similem
1594 4757 1703 4825 ﬁlio
1878 4759 1967 4813 15.
2004 4755 2171 4812 Pedes
2221 4756 2330 4823 eius
2384 4752 2574 4808 similes
2612 4750 2907 4806 aurichalco
2950 4758 3193 4819 tanquam
3216 4746 3270 4801 in
3302 4747 3413 4818 for-

1456 4872 2019 4935 COMMENTARIUS.

193 4987 260 5061 (1)
285 4990 406 5046 litec
425 4990 641 5047 Scholia
670 4992 726 5044 S.
755 4988 1332 5061 Victorini.Bononite,
1358 4990 1681 5056 annoliib'S,
1790 4992 1897 5047 Sed
1946 4991 2142 5047 alicubi
2185 4991 2255 5045 ita
2298 4989 2489 5060 friget,
2546 4997 2617 5061 ut
2646 4988 2734 5061 vix
2782 4987 2912 5043 illud
2966 4986 3191 5042 homine
3234 4974 3401 5043 docto

137 5056 307 5125 primus
336 5064 505 5137 edidit
543 5062 771 5137 Basilius
808 5060 1073 5137 illillanins
1119 5063 1413 5137 inonachus
1452 5061 1677 5137 Casinas
1792 5062 2013 5137 dignum
2067 5077 2291 5118 censeas
2318 5104 2338 5137 ,_
2368 5056 2438 5137 fet
2492 5062 2543 5115 111
2590 5056 2811 5137 dubium
2862 5068 3155 5137 auctorem
3200 5074 3362 5137 voces
3389 5101 3406 5127 ,

136 5144 184 5182 ex
210 5149 299 5189 ms.
327 5136 512 5189 codice
543 5132 883 5204 bibliotheca:
911 5130 1250 5204 Casinensis,
1292 5134 1381 5203 qtti
1411 5142 1466 5187 et
1509 5133 1681 5187 1111110-
1793 5130 1934 5204 qtiod
1982 5134 2252 5188 interdum
2294 5133 2538 5187 videatur
2584 5132 2903 5187 recentioris
2944 5130 3247 5200 cujuspiam
3307 5133 3405 5204 lio-

138 5206 333 5260 taliones
378 5207 596 5271 adjecit.
645 5203 794 5259 Hanc
835 5205 1075 5257 omnium
1122 5201 1348 5272 primum
1395 5204 1686 5260 editionem
1794 5201 1956 5261 minis
1985 5218 2091 5259 non
2132 5204 2421 5260 admodum
2453 5203 2650 5258 eruditi
2681 5205 3203 5258 comtltentationem
3235 5201 3403 5256 redo-

138 5276 254 5342 lypis
278 5276 643 5332 excutiendam
671 5276 978 5331 curavimus
1008 5292 1020 5326 :
1055 5278 1190 5330 mire
1220 5276 1485 5345 siquidem
1521 5279 1689 5332 iuter-
1797 5278 1909 5333 lere
1943 5295 1957 5333 :
2000 5287 2058 5332 ut
2104 5276 2226 5332 heic
2274 5278 2326 5330 iu
2372 5278 2615 5331 abbatum
2664 5274 3052 5345 appellatione.
3110 5272 3243 5327 Nam
3274 5283 3405 5345 (quo

139 5349 322 5412 Dotatae,
353 5365 473 5420 qua:
502 5349 554 5404 in
584 5346 922 5404 bibliothecas
952 5346 1170 5420 Patrum
1200 5344 1509 5403 occurrunt.
1798 5358 2044 5417 tempore
2077 5348 2388 5404 Victorinus
2414 5347 2631 5409 ﬂoruit,
2677 5346 2945 5420 Antonius
2977 5347 3206 5420 primus
3234 5344 3405 5401 abbas

1058 5418 1332 5474 GALLAND.
1631 5490 1639 5492 _
1679 5489 1688 5492 _
1798 5415 1957 5492 paulo
1972 5422 2210 5475 anterior
2240 5420 2434 5483 fuerat,
2466 5421 2564 5475 nisi
2593 5421 2713 5488 quis
2734 5417 2937 5473 dixerit
2960 5415 3398 5471 monachismutn

198 5487 266 5563 (ἰ)
313 5490 525 5545 Carnem
558 5507 674 5563 quae
709 5500 955 5559 corrupta
993 5501 1107 5563 est.)
1132 5495 1284 5545 Hunc
1326 5493 1502 5544 locum
1528 5532 1543 5555 ,
1590 5489 1691 5545 nisi
1799 5487 1971 5563 usque
1998 5508 2066 5549 eo
2099 5493 2358 5548 ardenter
2401 5487 2649 5547 homines
2688 5492 3004 5563 complexos
3039 5503 3107 5563 eo
3153 5496 3403 5563 tempore

142 5557 255 5635 quid
289 5564 545 5635 quispiam
571 5557 775 5617 'ail‘erat
822 5557 1012 5617 melius
1039 5604 1053 5625 ,
1100 5562 1169 5614 ita
1211 5577 1463 5629 cuperem
1504 5576 1693 5635 emen-
1801 5557 2002 5631 fuisse,
2053 5576 2110 5619 ιιι
2152 5567 2393 5635 plerique
2440 5564 2666 5619 abbates
2706 5557 3045 5635 astiterint.
3074 5557 3214 5635 Quid
3255 5558 3402 5635 quod

144 5630 236 5683 dari
259 5650 270 5684 :
293 5630 505 5687 Carnem
526 5651 636 5704 qua:
664 5645 903 5702 corrupta
933 5650 1033 5686 non
1064 5635 1209 5686 estin
1238 5644 1395 5686 mo:te
1419 5673 1434 5696 ,
1468 5642 1512 5685 et
1542 5632 1690 5686 habet
1798 5630 2101 5690 abbatorum
2150 5630 2319 5691 etiam
2365 5636 2623 5702 scriptum
2676 5632 2903 5702 reperi?
2945 5632 3047 5684 nisi
3095 5630 3217 5700 quis
3263 5633 3403 5704 torte

146 5702 890 5778 PetroniamSacerdotium.
915 5705 1229 5778 apertissime
1258 5707 1506 5778 tradtmt._
1720 5705 1773 5765 D
1796 5707 2004 5776 judicet
2045 5708 2335 5763 albatorum
2380 5707 2666 5778 tegendum
2704 5720 2826 5761 esse
2869 5723 2881 5758 :
2925 5718 3085 5778 quam
3128 5702 3398 5767 SttSpicio-

204 5773 274 5843 ('5)
294 5776 537 5830 Abbatum
562 5786 632 5830 est
661 5773 957 5831 multitudo.
980 5776 1304 5845 Upusculuni
1328 5791 1457 5829 sane
1478 5776 1695 5831 doctum
1798 5773 1926 5834 item
1962 5782 2093 5834 mibi
2127 5782 2258 5834 satis
2288 5773 2458 5834 interii
2482 5779 2772 5840 indicasse,
2802 5791 2921 5829 cum
2958 5773 3160 5827 nullam
3190 5780 3398 5832 certam

150 5848 325 5900 etuttle
347 5890 361 5911 ,
407 5852 452 5902 si
495 5849 802 5921 universum
840 5848 1086 5902 attendas
1114 5888 1127 5910 .
1175 5858 1228 5902 et
1259 5847 1334 5921 de
1369 5863 1497 5921 quo,
1517 5862 1702 5905 amare
1805 5850 1861 5905 in
1891 5860 2035 5906 tanta
2065 5853 2140 5906 rei
2167 5862 2221 5906 et
2247 5854 2487 5919 corrupti
2516 5847 2844 5921 exemplaris
2870 5846 3208 5919 ignoratione
3230 5848 3398 5907 ratio-

151 5925 402 5980 auctorem
427 5960 444 5992 ,
476 5927 529 5978 et
551 5923 601 5979 ei
625 5919 829 5979 debere
856 5928 909 5980 te
938 5921 1228 5990 plurimum
1255 5918 1445 5982 lubens
1473 5920 1698 5983 fateare.
1804 5937 1930 5982 nem
1954 5924 2231 5993 assignare
2252 5918 2466 5993 queam.
