3904 6316
510 306 616 364 519

1654 357 1659 361 .
1725 299 1783 356 S.
1828 295 2176 357 VICTOBINI
2214 294 2504 355 SCBOLIA
3682 303 3766 361 320

509 439 637 479 noce
654 423 899 494 conﬂato.
930 417 1105 478 Pedes
1134 419 1414 491 apostolos
1435 416 1588 481 dicit.
1612 418 1725 489 qui,
1758 432 1853 487 per
1905 415 2109 487 passio-
2137 415 2189 475 Α
2216 423 2326 471 tera
2358 416 2478 485 ejus
2496 415 2686 477 stellas
2730 425 2937 486 septem
2967 415 3101 473 dixit
3128 432 3142 469 τ
3167 415 3289 488 quia
3315 415 3543 488 Spiritus
3581 429 3769 477 sanctus

509 532 636 575 nem
665 516 906 580 conﬂati,
937 515 992 571 in
1017 514 1274 571 universo
1294 513 1425 569 orbe
1454 514 1679 569 verbum
1706 513 1826 584 ejus
1857 511 2117 582 praedica-

509 618 733 678 verunt;
769 624 865 680 per
889 623 1026 679 quos
1053 608 1198 663 enim
1230 606 1526 663 ambulavit
1556 604 1886 675 praedicatio,
1921 606 2116 661 merito

509 701 678 774 pedes
708 699 1028 756 nominavit.
1070 697 1224 755 Unde
1271 712 1325 752 et
1373 698 1633 769 propheta
1676 698 1991 768 anticipavit
2034 697 2117 753 di-

507 790 683 847 cendo
729 810 744 843 :
790 791 1133 847 Adorabimus
1170 792 1226 845 in
1268 790 1379 845 loco
1409 789 1494 844 ubi
1533 800 1774 845 steterunt
1800 792 1952 862 pedes
1978 792 2109 863 ejus.

509 882 737 958 (Psalm.
758 899 942 951 cxxxt,
964 882 1042 956 7).
1059 884 1323 952 Quoniam
1346 882 1438 938 ubi
1464 883 1535 939 illi
1570 885 1799 953 primum
1822 892 2110 951 steterunt,

508 987 566 1035 et
589 977 891 1035 Ecclesiam
922 978 1408 1042 conﬁrmaverunt,
1442 977 1494 1033 id
1542 989 1625 1034 est
1678 978 1730 1033 in
1784 977 1991 1043 .ludtea,
2040 977 2111 1034 ibi

506 1083 701 1127 omnes
754 1071 927 1130 sancti
979 1070 1301 1128 conventuri
1326 1078 1471 1138 sunt,
1518 1080 1574 1126 et
1621 1070 1905 1127 Dominum
1954 1086 2110 1126 suum

512 1163 811 1223 adoraturi.

581 1259 672 1317 16.
703 1259 766 1315 Et
796 1276 862 1316 ea:
881 1277 970 1316 ore
992 1262 1135 1317 illius
1158 1261 1366 1335 gladius
1404 1276 1468 1316 ex
1494 1270 1711 1333 utraque
1750 1269 1898 1333 parte
1925 1270 2110 1315 acutus

511 1353 812 1426 procedens.
839 1353 943 1409 Per
997 1354 1231 1426 gladium
1283 1355 1368 1409 bis
1406 1363 1620 1409 acutum
1679 1354 1748 1410 de
1796 1370 1891 1410 ore
1944 1354 2111 1426 ip~ius

507 1447 828 1503 emicantem
862 1446 1187 1510 omenditur,
1211 1448 1385 1517 ipsum
1411 1461 1553 1512 esse,
1584 1446 1674 1517 qui
1694 1453 1751 1500 et
1773 1461 1915 1501 nunc
1945 1461 2111 1503 evan-

508 1540 640 1613 gelii
672 1540 920 1608 verbum,
963 1549 1020 1596 et
1049 1540 1197 1609 prius
1222 1555 1319 1611 per
1343 1539 1525 1595 Mosen
1568 1540 1700 1611 legis
1725 1542 1965 1596 notitiam
1995 1540 2114 1596 uni-

508 1649 674 1692 verso
698 1635 818 1691 orbi
836 1635 1075 1706 protulit.
1092 1634 1198 1691 Sed
1221 1636 1341 1703 quia
1371 1651 1440 1691 ex
1464 1634 1653 1691 eodem
1684 1636 1849 1691 verbo
1872 1635 1926 1691 in
1952 1650 2112 1691 omne

2218 511 2547 581 scptilormis
2571 513 2783 566 virtutis
2810 511 2971 567 datus
2999 522 3083 567 est
3110 511 3164 566 in
3206 519 3467 581 potesmtc
3501 510 3611 582 ejus
3635 527 3662 566 a
3683 513 3767 568 Pa-

2219 613 2320 658 tre.
2350 603 2499 660 Sicnt
2521 604 2715 660 Petrus
2741 604 2807 661 ad
2838 604 3038 662 Judeos
3065 606 3384 662 exclamavit
3416 622 3431 660 :
3465 605 3667 661 Dextera
3695 606 3771 662 Dei

2217 700 2471 752 exaltatus
2500 707 2762 768 acceptum
2789 715 2819 751 a
2850 696 3010 753 Patre
3030 697 3281 769 Spiritum
3306 698 3493 771 effudit
3517 699 3640 753 hunc
3651 716 3771 771 quem

2216 792 2397 847 videtis
2426 802 2471 845 et
2496 793 2686 847 auditis
2717 792 2881 867 (Act.,
2907 809 2965 863 ιι,
3019 794 3143 864 55).
3200 792 3305 850 Sed
3335 803 3391 848 et
3418 792 3640 850 Joannes
3662 795 3772 864 Bap.

2217 884 2338 939 tista
2361 885 2765 956 anticipaverat,
2794 886 3075 956 discipulis
3104 885 3217 941 suis
3245 886 3474 942 dicendo
3499 904 3513 942 :
3535 884 3648 941 Non
3665 889 3772 942 enim

2215 982 2284 1035 ad
2310 998 2597 1036 mensuram
2626 983 2715 1037 dat
2746 983 3003 1053 Spiritum
3029 981 3182 1036 Deus.
3221 980 3395 1047 Pater,
3440 981 3621 1053 inquit,
3664 992 3774 1038 amet

2216 1074 2429 1140 Filium,
2466 1084 2513 1129 et
2541 1076 2714 1131 omnia
2759 1076 2897 1131 dedit
2938 1076 2992 1131 in
3041 1093 3197 1133 manu
3241 1077 3353 1148 ejus
3380 1074 3579 1145 (10am,
3608 1091 3677 1141 tu,
3699 1077 3768 1143 54,

2214 1168 2327 1240 35).
2372 1168 2492 1223 Ista:
2533 1178 2742 1239 septem
2786 1169 2960 1225 stellae
3000 1180 3123 1224 sunt
3169 1180 3379 1240 septem
3411 1169 3645 1225 ecclesite
3667 1185 3775 1240 quas

2214 1262 2455 1316 nominat
2485 1262 2537 1316 in
2568 1262 2845 1317 vocabulis
2875 1262 3007 1329 suis,
3038 1271 3091 1317 et
3117 1273 3269 1319 vocat
3295 1277 3391 1317 eas
3416 1264 3481 1315 ad
3514 1276 3640 1331 quas
3673 1262 3775 1318 fecit

2214 1354 2489 1425 epistolas.
2538 1354 2656 1409 Non
2715 1356 2836 1426 quia
2879 1356 3010 1424 ipsa:
3040 1355 3170 1410 sola:
3220 1363 3352 1409 sunt
3409 1353 3672 1421 Ecclesiae,
3705 1362 3778 1410 aut

2214 1449 2518 1520 principes;
2580 1447 2674 1504 sed
2702 1447 2848 1515 quod
2894 1450 2985 1504 uni
3014 1448 3162 1513 dicit,
3198 1447 3453 1503 omnibus
3500 1447 3645 1503 dicit.
3664 1447 3776 1504 Nihil

2215 1544 2356 1598 enim
2391 1541 2672 1608 differunt,
2705 1549 2765 1597 ut
2788 1557 2857 1596 ex
2888 1540 2976 1596 illa
3006 1543 3215 1596 ratione
3254 1540 3380 1612 quis
3424 1554 3698 1611 paucorum
3723 1540 3778 1595 si-

2217 1634 2424 1690 milium
2452 1634 2641 1704 majori
2666 1648 2892 1689 uumero
2928 1642 3243 1704 anteponat.
3273 1632 3335 1688 In
3377 1642 3492 1687 toto
3537 1631 3659 1687 orbe
3680 1648 3778 1701 sep-

508 1743 683 1801 genus
712 1730 1030 1798 humanum,
1060 1738 1167 1784 tant
1189 1727 1326 1785 Novi
1349 1743 1510 1800 quam
1538 1727 1749 1784 Veteris
1767 1727 2099 1784 Testamenti
2129 1740 2178 1801 Β
2208 1729 2467 1790 tennalim
2498 1725 2758 1784 ecclesias
2801 1742 3022 1794 omnes,
3078 1738 3286 1798 septem
3332 1740 3455 1781 esse
3492 1726 3777 1790 nominatas,

506 1821 875 1877 vindicaturus
894 1830 1011 1886 est;
1040 1821 1163 1877 ideo
1194 1820 1276 1878 bis
1304 1833 1494 1876 acutus
1519 1829 1975 1876 commemoratus
1999 1832 2105 1878 est.

508 1914 733 1974 Gladius
762 1914 907 1971 enim
937 1914 1164 1970 militem
1195 1925 1390 1981 armat,
1420 1914 1630 1986 gladius
1660 1915 1870 1971 hostem
1897 1916 2105 1971 interii-

505 2008 598 2076 cit,
619 2008 834 2080 gladius
876 2007 1211 2065 desertorem
1258 2008 1426 2078 punit.
1462 2007 1530 2063 Et
1558 2017 1616 2063 ut
1641 2009 1952 2065 ostenderet
1972 2023 2103 2080 apo-

503 2102 664 2159 stolis
698 2101 841 2171 quod
863 2101 1127 2173 judicium
1173 2102 1552 2162 annuntiabat,
1578 2104 1654 2157 ait
1683 2120 1696 2156 :
1732 2102 1854 2158 Non
1884 2104 1996 2157 veni
2016 2120 2109 2173 pa-

504 2211 613 2254 cem
652 2196 870 2259 mittere,
901 2196 991 2252 sed
1044 2196 1275 2268 gladth
1300 2194 1541 2265 (Matth.,
1572 2193 1649 2269 x).
1705 2196 1771 2252 Et
1821 2206 2105 2268 postquam

503 2300 977 2347 consummaverat
994 2289 1280 2361 parabolas
1295 2294 1372 2345 ait
1385 2290 1453 2346 ad
1472 2290 1592 2347 illos
1614 2308 1627 2344 :
1648 2289 1674 2343 Ι
1684 2292 1985 2347 ntellexistis
1998 2292 2107 2346 hac

506 2385 718 2442 omnia?
743 2383 811 2440 Et
838 2384 1100 2451 dixerunt,
1129 2386 1222 2442 ita.
1260 2383 1327 2439 Et
1348 2386 1583 2455 adjecit:
1615 2397 1888 2457 propterea
1942 2390 2107 2443 omnis

505 2477 673 2534 scriba
693 2478 875 2533 doctus
902 2479 957 2532 in
976 2495 1138 2550 regno
1164 2478 1261 2534 Dei
1294 2479 1478 2535 similis
1499 2489 1572 2535 est
1599 2478 1793 2536 homini
1817 2482 2108 2553 patrifami-

507 2573 605 2629 lias
630 2574 914 2644 profer-cuti
937 2572 1004 2627 de
1031 2572 1271 2628 thesauro
1293 2590 1387 2629 suo
1414 2590 1546 2629 nova
1574 2585 1622 2629 et
1646 2584 1810 2629 vetera
1861 2574 2104 2645 (Matth.,

505 2683 621 2731 xnt,
651 2668 741 2735 5|,
772 2667 867 2737 52)
900 2684 914 2721 :
944 2681 1080 2723 nova
1132 2668 1437 2739 evangelica
1494 2670 1655 2726 verba
1706 2670 2106 2740 apostolorum;

508 2770 715 2821 vetera.
738 2760 875 2832 legis
901 2770 955 2817 et
977 2760 1361 2833 prophetarum
1387 2774 1683 2834 praecepta;
1708 2775 1762 2819 et
1787 2764 1903 2819 haec
1922 2764 1990 2821 de
2016 2781 2110 2822 ore

505 2869 606 2913 suo
633 2855 964 2926 processisse
994 2864 1220 2926 testatus
1246 2868 1347 2913 est.
1382 2856 1489 2913 Sed
1541 2865 1596 2913 et
1621 2856 1783 2914 Petro
1814 2858 1889 2913 ait
1916 2877 1929 2914 :
1970 2857 2113 2915 Vade

504 2949 577 3005 ad
602 2923 746 3005 mare
774 2960 821 3004 et
846 2951 992 3005 mitte
1010 2923 1241 3018 mimum,
1270 2962 1316 3006 et
1344 2952 1529 3021 piscem
1556 2955 1644 3025 qui
1674 2955 1891 3024 primunt
1933 2972 2109 3011 ascen-

2212 1833 2266 1881 et
2299 1838 2461 1878 unam
2508 1835 2633 1877 esse
2673 1818 2996 1876 catholicam
3025 1819 3221 1874 Paulus
3266 1816 3474 1873 docuit.
3501 1814 3568 1872 Et
3588 1816 3780 1887 primum

2213 1918 2430 1989 quidem
2481 1925 2539 1970 ut
2592 1924 2832 1972 servaret
2861 1922 2917 1969 et
2942 1914 3059 1983 ipse
3089 1922 3278 1985 typum
3309 1923 3519 1983 septem
3552 1910 3780 1968 Ecclesia-

2210 2027 2350 2078 rum,
2385 2026 2494 2065 non
2528 2009 2760 2065 excessit
2784 2023 3089 2063 numerum.
3141 2007 3246 2064 Sed
3279 2007 3498 2077 scripsit
3536 2006 3598 2061 ad
3621 2006 3781 2062 Bouia—

2209 2119 2332 2167 nos,
2356 2104 2421 2159 ad
2451 2102 2785 2170 Corinthios,
2800 2102 2868 2158 ad
2892 2100 3132 2169 Galatas,
3152 2102 3219 2157 ad
3248 2100 3538 2172 Ephesios,
3564 2101 3626 2158 ad
3644 2100 3782 2157 Thes-

2211 2200 2601 2264 salonicenses,
2633 2197 2699 2252 ad
2722 2197 3121 2268 Philippeuses,
3139 2196 3208 2252 ad
3236 2196 3588 2252 Colossenses
3626 2194 3779 2251 Postea

2210 2293 2568 2366 singularibus
2601 2292 2843 2362 personis
2868 2292 3105 2363 scripsit,
3126 2305 3194 2346 ne
3222 2288 3519 2347 excederet
3538 2303 3779 2345 numerum

2210 2401 2415 2461 septem
2452 2387 2823 2443 ecclesiarum.
2860 2385 2948 2450 Et,
2984 2387 3035 2440 in
3069 2386 3216 2441 brevi
3259 2389 3591 2443 contrahens
3619 2384 3779 2456 pmdi-
3864 2420 3865 2435 χ

2210 2486 2477 2541 cationem
2509 2498 2683 2547 suam,
2712 2481 2779 2537 ad
2808 2480 3154 2537 Timotheum
3177 2481 3254 2536 sic
3284 2482 3360 2537 ait
3391 2500 3406 2538 :
3442 2479 3510 2537 Ut
3529 2480 3650 2536 scias
3678 2493 3779 2549 qua-
3864 2484 3865 2549 ξ

2213 2583 2326 2636 liter
2349 2582 2529 2637 debeas
2554 2579 2839 2634 conversari
2867 2578 2921 2631 in
2950 2574 3182 2631 Ecclesia
3204 2574 3303 2631 Dei
3334 2576 3434 2631 vivi
3455 2574 3523 2648 (ι,
3558 2573 3699 2641 Tim,
3718 2588 3777 2639 tn,
3864 2573 3865 2607 ‘

2215 2674 2329 2747 15).
2364 2675 2515 2731 Hunc
2562 2685 2743 2748 typum
2774 2683 2831 2729 et
2875 2672 2944 2727 ab
2975 2672 3177 2742 Spiritu
3216 2680 3409 2728 sancto
3453 2687 3548 2743 per
3595 2669 3770 2725 Esaiam

2212 2769 2505 2840 praedicare
2555 2768 2782 2839 legimus
2807 2784 2822 2822 :
2848 2765 2925 2820 De
2947 2776 3139 2836 septem
3166 2765 3467 2821 mulieribus
3484 2780 3593 2835 qua:
3618 2779 3772 2830 appre»

2214 2862 2497 2917 [tendet-unt
2538 2862 2794 2916 hominem
2820 2875 2977 2913 unum
3006 2856 3183 2924 (Esa.,
3212 2874 3286 2923 tv,
3328 2859 3405 2929 1).
3466 2856 3609 2915 Unus
3650 2854 3777 2910 homo

2215 2955 2460 3012 Christus
2489 2966 2592 3022 est,
2628 2970 2732 3010 non
2752 2971 2817 3010 ex
2843 2953 3050 3009 semine
3080 2961 3271 3008 natus:
3303 2961 3514 3021 septem
3537 2966 3657 3007 vero
3688 2965 3778 3003 tnu-

505 3042 660 3109 derit,
684 3044 827 3110 tolle,
866 3054 915 3098 et
943 3053 1121 3116 aperto
1143 3060 1231 3100 ore
1253 3046 1365 3115 ejus
1390 3047 1613 3102 invenies
1634 3057 1870 3102 staterem
1889 3090 1904 3113 ,
1930 3047 1983 3103 id
2026 3057 2111 3104 est
2135 3057 2181 3121 ο
2216 3048 2378 3106 lieres
2404 3060 2609 3121 septem
2638 3048 2889 3105 ecclesiae
2908 3056 3052 3105 sunt.
3078 3061 3269 3116 panem
3293 3046 3620 3117 accipientes
3638 3057 3778 3107 suum,

505 3137 643 3194 duos
663 3138 936 3207 denarios,
964 3150 1013 3194 et
1054 3139 1199 3195 dabis
1222 3157 1314 3211 pro
1342 3157 1421 3195 me
1448 3151 1495 3195 et
1522 3159 1614 3212 pro
1642 3153 1687 3195 te
1709 3141 1949 3214 (Matth,
1979 3159 2109 3209 xvu,

502 3231 617 3305 26).
651 3232 720 3289 Et
774 3233 938 3289 David
990 3233 1243 3289 similiter
1273 3250 1367 3305 per
1393 3234 1651 3306 Spiritum
1678 3235 1752 3290 ait
1785 3254 1800 3291 :
1832 3235 2005 3292 Semel
2033 3238 2113 3292 to-

505 3334 654 3383 cuttts
679 3337 752 3384 est
778 3325 950 3392 Deus,
1001 3326 1107 3382 duo
1155 3328 1262 3383 haec
1304 3328 1764 3402 audivi(Psalm.,
1803 3334 1941 3402 ut).
1976 3330 2109 3401 Quia

505 3420 672 3476 semel
699 3420 939 3477 decrevit
968 3420 1037 3476 ab
1073 3420 1229 3476 initio
1275 3421 1436 3487 Deus,
1485 3422 1627 3494 quod
1657 3438 1825 3494 usque
1853 3425 1920 3480 ad
1949 3424 2109 3481 linem

508 3509 748 3568 futurum
800 3523 903 3569 est.
956 3512 1196 3581 Denique
1246 3528 1369 3569 cum
1413 3513 1581 3585 judex
1626 3514 1696 3570 sit
1737 3516 1853 3586 ipse
1894 3532 1923 3571 a
1951 3517 2111 3574 Patre

504 3608 829 3665 constitutus
845 3617 1065 3679 propter
1089 3609 1324 3665 hominis
1338 3609 1785 3679 assumptionem,
1805 3611 1994 3666 volens
2017 3625 2109 3666 os-

510 3701 735 3758 tendere
773 3702 1026 3773 quoniam
1084 3701 1249 3758 verbo
1295 3701 1693 3772 przedicationis
1733 3701 2112 3773 judieabuntur

506 3792 778 3861 homines,
810 3794 925 3849 ait:
960 3793 1168 3850 Putatis
1211 3796 1334 3863 quia
1353 3812 1446 3866 ego
1479 3811 1565 3850 vos
1584 3796 1833 3865 judicabo
1863 3796 1917 3850 in
1944 3796 2111 3851 novis-

504 3888 634 3941 simo
660 3887 786 3941 die?
815 3903 938 3950 non,
968 3889 1060 3943 sed
1092 3889 1293 3944 verbum
1334 3887 1554 3963 (inquit)
1581 3890 1718 3962 quod
1742 3890 1883 3945 vobis
1911 3890 2110 3946 locutus

503 3997 635 4043 sum,
668 3980 798 4035 illud
827 3997 912 4035 vos
929 3982 1183 4052 judicabit
1229 3982 1284 4036 in
1331 3983 1605 4037 novissimo
1649 3982 1733 4037 die
1762 3983 1983 4056 (learn,
2009 3998 2106 4051 xu,

502 4073 621 4147 48).
655 4074 724 4129 Et
756 4075 950 4130 Paulus
998 4075 1067 4131 de
1112 4074 1441 4131 antechristo
1484 4076 1550 4132 ad
1601 4076 2110 4133 Tltessalonicenses

503 4168 572 4223 ait
611 4166 820 4235 :Quem
865 4167 1118 4224 Dominus
1162 4169 1314 4224 Jesus
1340 4169 1614 4240 inter/ieiet
1665 4171 1849 4241 spiritu
1893 4172 1998 4225 oris
2022 4171 2102 4226 sui

505 4258 574 4332 (ll
601 4258 802 4323 Thess.,
834 4276 892 4324 tt,
920 4260 998 4333 8).
1035 4261 1098 4316 Et
1127 4260 1314 4317 Esaias
1347 4280 1359 4316 :
1386 4261 1591 4329 Spiritu
1618 4262 1835 4336 (inquit)
1858 4263 2108 4319 labiorunt

504 4370 711 4410 suorum
738 4355 1008 4425 interﬁciet
1039 4356 1252 4427 impium
1305 4355 1481 4429 (Esa.,
1524 4373 1599 4424 ιι,
1638 4357 1720 4427 4).
1749 4357 1844 4413 llic
1872 4372 2002 4428 ergo
2027 4357 2109 4413 bis

505 4454 694 4502 acutus
716 4445 930 4516 gladius
950 4455 1054 4514 est,
1077 4447 1372 4518 procedens
1397 4447 1466 4502 de
1487 4464 1581 4504 ore
1601 4448 1740 4519 ejus.

580 4538 668 4595 l5.
701 4536 767 4592 Et
794 4553 893 4594 voa:
905 4544 1015 4611 ejus
1038 4550 1298 4611 tamquam
1319 4555 1417 4594 vox
1445 4556 1694 4611 aquarum
1707 4538 2103 4612 multarum(l).

506 4631 676 4702 Aquae
726 4633 930 4699 multa),
961 4632 1141 4701 p0puli
1194 4646 1315 4687 esse
1362 4614 1757 4700 intelliguntur,
1787 4647 1880 4687 seu
1903 4631 2104 4688 donum

506 4728 781 4797 baptismi,
812 4728 956 4799 quod
982 4728 1162 4783 emisit
1185 4743 1281 4799 per
1302 4726 1592 4798 Apostolos
1619 4728 1803 4782 dicens
1830 4743 1842 4780 :
1876 4725 1977 4787 Ite,
2012 4726 2107 4781 do-

506 4832 613 4878 cete
633 4838 806 4876 omnes
833 4832 1023 4891 gentes,
1056 4823 1372 4893 baptizantes
1417 4838 1502 4876 eos
1528 4822 1582 4875 in
1623 4822 1829 4876 nomine
1860 4819 2032 4879 Patris
2062 4832 2110 4877 et

507 4916 638 4973 Filii
661 4926 707 4971 et
734 4916 962 4988 Spiritus
987 4918 1155 4973 sancti
1183 4917 1424 4990 (Matth,
1457 4932 1647 4976 xxvm.
1685 4916 1797 4988 l9).

582 5010 671 5067 16.
696 5007 765 5065 Et
790 5008 1002 5065 habebat
1030 5010 1084 5064 in
1112 5010 1320 5066 dextera
1345 5027 1437 5065 sua
1465 5010 1639 5065 stellas
1663 5020 1874 5082 septem.
1900 5011 1957 5067 ln
1980 5011 2109 5070 dex-

2214 3153 2269 3198 et
2292 3143 2484 3198 tunicis
2514 3144 2626 3199 suis
2652 3142 2863 3207 velatae,
2907 3154 3029 3212 quae
3061 3148 3290 3209 poscunt
3317 3138 3520 3195 aul'erri
3547 3139 3778 3209 impropc-
3864 3138 3865 3201 ξ

2214 3239 2350 3295 rium
2402 3254 2581 3304 suum,
2615 3245 2818 3292 tantum
2851 3245 2910 3290 ut
2941 3250 3137 3290 nomen
3168 3235 3317 3290 illius
3371 3244 3596 3291 vocetur
3649 3244 3778 3301 super
3864 3222 3865 3291 ξ

2215 3334 2353 3389 illas.
2382 3332 2582 3387 Panem
2612 3330 2872 3401 Spiritum
2904 3340 3167 3392 sanctum,
3202 3328 3292 3398 qui
3340 3328 3507 3383 nutrit
3556 3328 3606 3382 itt
3653 3325 3781 3379 vitam
3864 3338 3865 3383 ξ

2214 3434 2474 3481 aeternam
2493 3468 2507 3490 ,
2532 3424 2633 3480 sibi
2659 3422 2912 3479 videlicet
2944 3437 3041 3493 per
3066 3421 3443 3477 credulitatem
3487 3419 3778 3491 promissam.

2213 3517 2436 3573 Tunica:
2462 3532 2590 3572 vero
2612 3532 2743 3581 sum,
2767 3516 2960 3587 quibus
2982 3513 3247 3586 eooperiri
3283 3528 3343 3569 se
3368 3523 3576 3584 optant,
3595 3513 3776 3569 immoro

2215 3612 2435 3667 talitatis
2484 3620 2566 3667 est
2618 3611 2810 3682 gloria,
2858 3610 2926 3665 de
2967 3620 3071 3681 qua
3110 3607 3314 3663 Paulus
3372 3608 3641 3679 apostolus
3684 3604 3774 3658 ait:
3864 3664 3865 3675 χ

2215 3704 2429 3775 Oportet
2456 3722 2579 3776 ergo
2609 3703 2938 3775 corruptibile
2964 3704 3059 3757 Itoc
3103 3701 3315 3757 induere
3338 3702 3393 3757 in
3419 3702 3774 3771 corruptionem,
3864 3710 3865 3727 ξ

2211 3808 2261 3853 et
2309 3796 2520 3851 mortale
2565 3797 2659 3851 hoc
2706 3796 2920 3851 induere
2972 3795 3416 3851 immortalitatem
3461 3792 3774 3868 (ICor.,x\',

2212 3888 2324 3960 53).
2352 3889 2558 3945 Aulerri
2586 3905 2713 3946 vero
2740 3890 3124 3961 intproperiunt
3153 3904 3311 3945 suum
3337 3898 3567 3960 poscunt
3586 3886 3677 3960 (2),
3698 3884 3775 3938 hoc

2212 3994 2295 4039 est
2323 3982 2599 4037 emundari
2641 3997 2700 4038 se
2739 3997 2766 4035 a
2800 3983 3031 4052 peccatis
3075 4001 3088 4036 :
3139 3982 3529 4052 itnpmperiutn
3559 3979 3688 4036 enim
3712 3983 3776 4031 est

2214 4086 2489 4145 peccatum
2539 4075 2844 4146 pristinum,
2891 4075 3035 4145 quod
3088 4073 3329 4131 aufertur
3356 4075 3412 4130 in
3441 4077 3706 4144 baptismo,
3737 4079 3777 4122 et

2213 4167 2478 4238 incipiunt
2503 4168 2680 4222 vocari
2714 4167 2961 4222 homines
3011 4166 3328 4233 christiani;
3374 4166 3520 4238 quod
3546 4165 3775 4230 est,inroo

2211 4272 2352 4316 cetur
2379 4276 2562 4316 nomen
2613 4270 2755 4315 tuum
2799 4277 2954 4332 super
2982 4276 3097 4315 nos.
3138 4259 3195 4315 In
3224 4258 3310 4315 his
3340 4277 3472 4333 ergo
3496 4269 3689 4331 septem
3706 4270 3775 4310 cc-

2212 4356 2413 4419 clesiis,
2450 4357 2608 4412 unius
2653 4354 2908 4412 Ecclesiae
2936 4354 3249 4420 catholicas,
3275 4354 3466 4413 ﬁdeles
3504 4364 3653 4417 sunt,
3678 4349 3774 4420 quia

2128 4448 2314 4510 Duua
2371 4451 2423 4504 in
2476 4458 2682 4520 septem
2730 4462 2824 4518 per
2876 4448 3185 4517 qualitatem
3240 4446 3367 4503 ﬁdei
3424 4458 3480 4503 et
3532 4441 3773 4502 electionis

2212 4555 2314 4601 est.
2344 4543 2469 4601 Sive
2506 4544 2572 4598 ad
2603 4557 2698 4600 eos
2737 4542 2998 4605 scribens,
3029 4544 3117 4612 qui
3147 4543 3394 4598 laborant
3420 4545 3475 4599 in
3500 4540 3702 4605 saeculo,
3732 4544 3774 4591 et

2211 4648 2504 4711 operantur
2534 4638 2614 4712 (5)
2647 4638 2715 4694 tle
2743 4637 3046 4708 frugalitate
3084 4651 3304 4691 suorum
3329 4638 3594 4697 laborum,
3624 4644 3672 4689 et
3696 4644 3769 4702 pa-

2215 4734 2411 4789 tientes
2451 4743 2605 4799 sunt;
2641 4741 2695 4787 et
2733 4744 2853 4786 cum
2890 4728 3106 4785 videant
3157 4729 3406 4784 homines
3451 4727 3693 4800 quosdam
3732 4723 3771 4776 in

2215 4825 2455 4882 Ecclesia
2483 4824 2887 4894 dispensatores
2916 4833 2968 4877 et
2999 4820 3302 4892 pestiferos,
3324 4839 3392 4879 ne
3418 4822 3666 4878 dissentio
3684 4817 3769 4880 ﬁat.

2217 4927 2451 4992 portant.
2479 4918 2748 4975 Admonet
2776 4926 2956 4972 tamen
2983 4929 3078 4970 cos
3105 4914 3173 4971 de
3197 4931 3403 4983 amore,
3436 4925 3493 4971 ut
3535 4917 3584 4970 itt
3612 4908 3772 4983 quibus

2218 5002 2352 5070 lides
2373 5026 2561 5067 eorum
2581 5009 2753 5076 deest,
2783 5018 2943 5081 agant
2970 5009 3361 5081 pocuitcntiam.
3393 5012 3501 5067 Aut
3519 5008 3583 5064 ad
3602 5021 3684 5062 eos
3700 4997 3772 5073 qui

1903 5105 2463 5165 COMMENTARIUS.

586 5197 666 5271 (1)
714 5198 779 5253 Et
805 5214 904 5254 voa:
931 5199 1042 5269 ejus
1074 5209 1339 5271 tamquam
1387 5215 1484 5254 vox
1530 5215 1779 5270 aquarum
1822 5201 2098 5257 mularum.

507 5270 958 5344 Non’ntiraheris
982 5270 1119 5344 heic
1153 5283 1208 5326 et
1246 5272 1366 5344 aliis
1412 5276 1674 5344 praterea
1727 5274 1858 5327 locis
1898 5274 2103 5344 aliquot

507 5343 738 5417 apostoli
772 5342 935 5417 verba
978 5343 1197 5398 inverso
1223 5342 1415 5417 ordine.
1451 5343 1593 5411 legi,
1641 5360 1762 5398 rum
1792 5345 1951 5417 paulo
1983 5342 2106 5417 post

509 5413 835 5484 scriptorem
866 5415 1008 5468 hunc
1048 5424 1289 5468 nostrum
1327 5413 1690 5469 alﬁrmantem
1732 5413 2005 5482 audieris,
2050 5419 2104 5472 in

510 5484 634 5541 libri
666 5486 823 5557 hujus
864 5485 1316 5555 interpretatione
1357 5502 1461 5557 non
1492 5487 1782 5541 verborum
1813 5487 2061 5543 ordinem
2086 5534 2101 5556 ,

511 5565 605 5629 aut
642 5570 818 5612 textus
856 5558 1299 5628 consequentiam
1339 5556 1434 5612 sed
1474 5572 1654 5612 rerum
1698 5559 2106 5629 intelligentiam

512 5627 771 5699 lectorem
802 5633 953 5699 sequi
984 5627 1207 5686 debere.

586 5697 666 5772 (ξ)
708 5697 919 5770 Auferri
958 5718 1076 5757 vero
1113 5701 1482 5771 improperium
1525 5717 1679 5755 suum
1720 5711 1955 5772 poscunt.
2002 5701 2113 5758 Nos

516 5765 656 5825 illud
674 5765 884 5845 poscunt
907 5789 976 5829 ex
1005 5765 1293 5845 superiore
1320 5774 1571 5845 lectione
1592 5772 1661 5845 de
1691 5765 1877 5828 n'ostro
1906 5774 2115 5830 addidi-

517 5854 672 5911 mus,
712 5852 771 5898 ut
807 5843 1135 5905 locutionem
1189 5846 1480 5905 clariorem
1520 5844 1883 5907 efﬁceremus.
1931 5846 2116 5920 Neque

2184 5798 2185 5803 π
2223 5774 2594 5843 dissipatores.
2626 5782 2833 5844 portant
2864 5776 2991 5829 item
3020 5787 3119 5845 pro
3147 5772 3326 5830 lerunt

2206 5201 2343 5257 ratio
2369 5216 2396 5251 a
2427 5198 2581 5254 nobis
2610 5199 2933 5267 ubicumque
2962 5198 3161 5270 aliquid
3199 5197 3635 5261 emendavimus,
3662 5204 3770 5270 conj

2209 5273 2358 5327 tinuo
2396 5270 2670 5326 reddenda
2715 5271 2906 5337 fuerit;
2944 5267 3070 5326 cuni
3090 5270 3222 5325 illud
3261 5280 3371 5343 tam)
3396 5271 3601 5343 ﬁrmum
3628 5271 3701 5343 est
3728 5267 3770 5314 el

2211 5360 2306 5415 per
2343 5357 2403 5399 se
2443 5347 2659 5415 planum
2682 5384 2697 5408 ,
2734 5352 2842 5398 uta
2885 5335 3152 5412 quoquam
3195 5343 3322 5412 quin
3360 5341 3541 5415 ita_sit
3568 5335 3769 5410 scribsit:

2209 5413 2370 5482 dum,
2421 5413 2651 5467 dubitari
2708 5432 2812 5469 non
2868 5416 3039 5485 possit
3082 5429 3260 5485 :nant
3319 5413 3497 5469 omnia
3554 5416 3766 5485 pcheqm

2212 5474 2378 5560 pr0pe
2397 5495 2541 5560 esset
2567 5485 2854 5554 inﬁnitum,
2869 5474 3051 5556 'usque
3076 5484 3214 5540 adeo
3236 5484 3440 5556 singula
3468 5474 3611 5554 ptrue
3632 5474 3764 5531 verba

2220 5558 2529 5631 perturbata
2561 5568 2616 5612 et
2643 5571 2901 5631 corrupta
2925 5567 3100 5631 erant.
3134 5628 3144 5631 Α
3360 5629 3370 5631 _
3652 5620 3662 5631 ι

2292 5631 2373 5701 (5)
2422 5627 2732 5699 Operantnr.
2771 5621 3102 5701 Crediderint
3134 5628 3235 5683 ltoc
3264 5629 3479 5685 verbum
3510 5638 3600 5694 pro
3622 5621 3762 5701 vivunt

2220 5698 2532 5771 usurpatum
2580 5701 2648 5754 ab
2684 5708 2903 5756 auctore
2942 5700 3105 5755 luisse
3130 5742 3145 5765 ,
3199 5710 3256 5756 et
3292 5702 3646 5771 dispensatores
3682 5698 3760 5759 pI‘O

3362 5719 3370 5754 Β
3406 5719 3646 5755 euentura
3682 5719 3759 5759 μιν

3362 5719 3523 5846 (qua:
3556 5766 3665 5823 dua:
3685 5774 3759 5815 vo-

2223 5860 2317 5904 ces
2341 5861 2373 5904 e
2397 5845 2623 5915 vestigio
2646 5846 2986 5918 sequuntur)
3016 5847 3238 5903 dixisse.
