3904 6316
139 327 216 385 521
1242 313 1306 370 ΙΝ
1345 301 1814 369 APOCALYPSIN
1843 308 1903 364 Β.
1947 306 2247 367 JOAN'NIS.

3279 303 3386 362 522

135 451 176 506 in
200 443 315 501 locis
339 437 636 498 crudelibus
681 433 982 491 inhabitant
1013 433 1154 490 inter
1201 440 1592 504 persecutores,
1619 440 1678 484 ιιι
1703 431 1755 488 Α
1785 427 1949 482 fortes
1979 438 2105 482 sunt
2148 429 2200 481 in
2235 424 2369 490 fide,
2419 430 2473 480 et
2511 436 2614 479 non
2649 430 3014 496 expavescunt
3041 425 3408 495 persecutio-'

133 545 436 615 perseverent
465 533 672 588 ﬁdeles.
695 531 804 587 Ant
828 530 892 583 ad
920 544 1013 584 eos
1038 528 1148 598 qui,
1173 527 1273 581 sub
1303 533 1561 594 praetextu
1587 523 1683 576 ιιιί-

134 614 421 692 scricordite,
448 625 632 681 illicita
665 631 883 694 peccata
909 621 960 674 in
991 620 1229 674 Ecclesia
1254 617 1478 680 faciunt,
1500 614 1684 669 ctaliis

133 720 330 778 facienda
360 716 666 774 ostendunt.
708 721 810 770 Aut
853 712 920 769 ad
968 728 1063 768 eos
1101 711 1192 782 qui
1219 710 1420 764 suntin
1446 707 1682 763 Ecclesia

129 815 299 872 faciles.
337 813 441 869 Aut
483 810 548 865 ad
591 824 686 865 eos
732 808 822 879 qui
863 806 1193 876 negligentes
1234 802 1452 857 nomine
1477 809 1682 854 tantum

129 908 367 965 christiani
413 914 558 961 sunt.
593 903 701 958 Aut
744 901 811 958 ad
860 915 955 955 eos
1002 899 1093 970 qui
1145 895 1414 951 humiliter
1442 891 1685 948 instructi

126 1013 242 1070 sunt,
264 1013 316 1056 ut
357 1002 408 1054 in
461 998 568 1054 ﬁde
596 997 804 1052 fortiter
835 1002 1199 1066 perseverent.
1235 993 1342 1046 Aut
1381 987 1449 1044 ad
1476 1003 1569 1043 eos
1597 985 1686 1056 qui

126 1094 306 1150 student
351 1090 667 1162 Scripturis,
715 1098 769 1144 et
824 1088 1072 1142 laborant
1121 1097 1448 1155 cognoscere
1491 1093 1684 1134 arcana

126 1185 498 1259 prtedicationis,
531 1192 587 1238 et
615 1183 707 1238 Dei
735 1196 871 1251 opus
903 1180 1081 1236 facere
1105 1179 1313 1239 Itnlttnt,
1342 1175 1394 1230 id
1419 1182 1502 1229 est
1527 1173 1687 1227 mise-

126 1277 368 1333 ricordiam
390 1288 446 1332 et
473 1290 749 1330 amorem:
779 1273 1028 1328 omnibus
1082 1270 1448 1342 pmnitentiam
1489 1267 1688 1322 denun-

126 1372 213 1439 tiat,
239 1369 482 1427 omnibus
505 1367 771 1438 judicium
801 1365 1104 1421 annuntiat.

677 1523 751 1562 EX
793 1520 985 1562 CAPITE
1028 1519 1086 1558 ll.

174 1627 220 1680 2.
279 1624 396 1680 Scio
457 1624 683 1679 laborem
729 1633 872 1676 tuum
902 1664 917 1688 ,
967 1630 1014 1674 et
1042 1635 1198 1689 opera
1224 1659 1237 1684 ,
1294 1629 1341 1673 et
1387 1617 1686 1688 patientiam

124 1729 250 1773 tuam.
287 1718 340 1772 ln
374 1717 549 1788 prima
581 1715 808 1787 epistola
841 1715 918 1769 sic
957 1715 1070 1780 ait,
1119 1713 1231 1768 scio
1263 1721 1314 1766 te
1347 1712 1594 1767 laborare
1632 1719 1688 1766 et

123 1813 311 1883 operari,
347 1811 505 1868 rideo
530 1813 820 1882 patientem
849 1817 902 1864 te
931 1823 1054 1865 esse
1089 1824 1103 1860 :
1135 1822 1203 1862 ne
1233 1817 1386 1877 putes
1415 1822 1499 1862 me
1527 1806 1687 1876 longe
1714 1833 1762 1894 Β

123 1905 284 1962 morari
309 1922 336 1959 a
365 1915 442 1962 tc.

175 1999 227 2054 Et
262 1999 377 2068 quia
413 2016 524 2054 non
560 2009 702 2068 potes
736 2005 942 2069 portare
975 1997 1172 2063 malos,
1216 2006 1264 2051 et
1299 1997 1387 2067 qui
1415 2012 1468 2050 se
1507 1995 1682 2050 dicunt

121 2092 292 2147 Judaos
321 2110 427 2148 esse
447 2135 464 2157 ,
508 2102 554 2148 et
584 2109 686 2147 non
715 2102 869 2158 sunt,
919 2101 965 2145 et
994 2091 1231 2146 invenisti
1261 2106 1347 2144 eos
1376 2090 1642 2144 mendaces
1663 2130 1678 2156 ,

121 2201 156 2242 et
183 2189 464 2259 patientiam
501 2189 657 2244 habes
695 2197 904 2259 propter
940 2203 1124 2242 nomen
1162 2202 1349 2240 meum.
1389 2185 1514 2240 Hzcc
1560 2184 1681 2238 uni-

120 2299 240 2339 versa
278 2285 340 2338 ad
375 2282 594 2339 laudem
635 2292 918 2348 Spectant,
965 2293 1020 2336 et
1067 2279 1278 2335 laudem
1319 2295 1423 2334 non
1473 2278 1681 2333 medio—

119 2387 232 2431 erem
267 2391 281 2429 :
311 2386 363 2431 et
409 2375 550 2430 tales
591 2375 736 2430 viros
759 2416 774 2441 ,
821 2374 1089 2445 talemque
1132 2373 1396 2436 classem,
1449 2386 1512 2426 ac
1550 2371 1684 2425 tales

119 2469 354 2524 electionis
407 2469 661 2524 hatnines
712 2475 924 2538 Oportet
972 2467 1194 2521 omnino
1223 2465 1543 2530 admoneri,
1590 2480 1680 2532 ne,

117 2561 207 2616 istis
229 2563 312 2619 Dei
335 2564 500 2618 bonis
526 2563 822 2629 concessis,
847 2561 1189 2618 fraudentur.
1211 2559 1337 2616 Haec
1361 2575 1528 2630 pauca
1548 2558 1685 2613 dixit

117 2672 159 2712 se
180 2657 366 2714 habere
394 2659 665 2714 adversus
696 2657 840 2713 illos.

175 2751 220 2816 l,
244 2752 293 2808 5.
328 2752 391 2806 Et
429 2753 737 2806 charitatem
765 2763 900 2805 tuam
929 2751 1200 2823 pristinam
1236 2751 1487 2823 reliquisti
1518 2792 1532 2816 ,
1575 2766 1683 2804 me-

115 2857 245 2900 mento
280 2849 414 2901 unde
444 2848 724 2902 excideris.
767 2847 869 2915 Qui
898 2847 1042 2902 cadit
1070 2889 1084 2911 ,
1125 2848 1193 2902 de
1220 2847 1328 2900 alto
1354 2831 1532 2912 cadit,
1564 2844 1684 2899 ideo

114 2939 232 3006 dixit,
258 2942 422 3007 unde;
460 2941 718 3009 quoniam
752 2957 920 3013 usque
946 2942 1011 2996 ad
1048 2942 1436 3004 novissimum,
1482 2940 1684 2994 amoris

113 3048 238 3104 opera
274 3036 582 3093 exercenda
614 3049 767 3104 sunt,
814 3036 957 3108 quod
999 3045 1083 3091 est
1137 3035 1426 3106 principale
1464 3035 1684 3088 manda-

114 3140 214 3184 tum.
246 3132 490 3202 Denique
528 3131 631 3186 nisi
674 3130 796 3195 ﬁat,
841 3131 1074 3186 minatus
1113 3139 1196 3186 est
1227 3144 1447 3185 movere
1477 3128 1682 3184 cande-

113 3221 280 3280 labrum
309 3227 373 3281 de
403 3229 530 3281 loco
570 3240 690 3290 suo,
723 3224 774 3279 id
796 3234 880 3279 est
908 3239 1163 3294 spargere
1194 3223 1433 3294 plebem.

162 3318 204 3371 6.
245 3318 330 3374 Sic
357 3320 518 3373 habes
559 3328 604 3372 et
642 3329 697 3370 tu
727 3318 870 3371 odire
913 3333 1068 3386 opera
1117 3315 1518 3371 Nicolaitarum.
1572 3315 1680 3373 Sed

111 3412 315 3481 quoniam
346 3423 397 3466 et
429 3414 554 3481 ipse
585 3410 780 3466 oderas
821 3420 1068 3466 tenentes
1103 3409 1407 3466 doctrinam
1444 3410 1678 3464 Nicolai—

112 3515 275 3573 larunt,
324 3509 548 3563 laudem
578 3515 882 3577 exspectas.
927 3506 1089 3562 Odire
1117 3517 1294 3561 autem
1328 3521 1491 3576 opera
1524 3504 1680 3560 Nico-

112 3597 314 3654 laitarum
334 3618 459 3672 quae
495 3611 550 3656 et
579 3602 692 3670 ipse
724 3601 944 3666 oderat,
977 3599 1080 3656 hoc
1107 3599 1174 3654 ad
1204 3599 1415 3655 laudem
1448 3607 1676 3669 spectat.

110 3693 452 3753 Nicolaitarum
509 3707 688 3752 autem
733 3710 898 3766 opera
945 3704 1099 3750 erant
1140 3695 1234 3750 illo
1279 3706 1520 3765 tempore
1571 3693 1680 3748 ﬁcti

111 3785 312 3848 homines
332 3803 386 3850 et
417 3791 692 3865 pestiferi,
720 3794 809 3863 qui
841 3791 939 3846 sub
967 3791 1184 3845 nomine
1209 3789 1410 3844 Nicolai
1441 3789 1678 3844 ministri

110 3881 309 3943 fecerant
341 3889 445 3945 sibi
485 3887 761 3952 haeresim,
809 3895 868 3941 ut
897 3885 1188 3941 delibatum
1233 3886 1317 3952 Η)
1346 3883 1681 3939 exorcizare-

110 3987 173 4034 tur
203 3992 250 4036 et
285 3981 607 4037 manducari
639 3989 820 4051 posset
845 3995 857 4033 :
887 3988 941 4034 et
983 3987 1040 4033 ut
1081 3978 1405 4048 quicumque
1438 3975 1672 4031 fornica-

109 4082 171 4129 tus
187 4090 348 4146 esset,
395 4085 600 4132 octavo
629 4075 716 4130 die
745 4089 930 4142 pacem
959 4073 1262 4141 acciperet;
1312 4073 1438 4126 ideo
1471 4070 1675 4126 collau-

110 4164 175 4220 dat
205 4168 318 4224 illos
367 4171 436 4225 ad
493 4183 632 4240 quos
681 4167 907 4233 scribit,
959 4167 1154 4241 quibus
1211 4165 1406 4220 talibus
1462 4173 1516 4220 et
1569 4173 1676 4219 tam

111 4263 276 4331 magnis
311 4262 443 4318 viris
495 4260 742 4332 promisit
784 4259 990 4331 lignum
1037 4257 1177 4329 quod
1224 4267 1305 4314 est
1335 4258 1390 4313 in
1430 4256 1679 4328 paradiso

112 4346 179 4406 Dei
204 4355 298 4411 sui.

162 4447 383 4519 Sequens
413 4447 648 4518 epistola
678 4456 996 4519 sequentem
1025 4445 1500 4502 conversationem
1533 4445 1674 4500 alte-

111 4537 194 4592 tius
219 4543 400 4598 classis
429 4553 492 4600 et
514 4542 957 4598 consuetudinem
991 4540 1210 4609 detegit.
1246 4539 1487 4610 Denique
1516 4539 1591 4594 ait
1622 4557 1635 4592 :

161 4632 204 4687 9.
225 4635 338 4692 Scio
370 4636 755 4690 tribulationem
781 4644 920 4688 tuam
941 4644 987 4688 et
1015 4643 1386 4706 paupertatem,
1419 4635 1508 4688 sed
1535 4633 1674 4688 dives
1697 4648 1752 4710 Ι)

111 4738 162 4778 es.
182 4726 280 4782 Scit
301 4731 447 4784 enim
482 4728 621 4800 apud
641 4742 700 4784 se
725 4729 919 4783 talibus
945 4727 1160 4783 divitias
1185 4742 1307 4783 esse
1340 4727 1669 4795 reconditas,

111 4828 149 4873 et
168 4821 596 4880 detractationem
623 4823 690 4879 de
703 4823 904 4879 Judaeis
934 4833 1190 4900 negantes
1209 4865 1222 4888 ,
1255 4823 1439 4877 dicunt
1461 4839 1519 4878 se
1549 4838 1674 4878 esse

112 4911 308 4987 ludam,
335 4931 390 4974 ct
418 4935 523 4975 n0n
553 4929 698 4984 sunt,
728 4917 821 4972 sed
856 4933 1123 4991 synagoga
1155 4927 1379 4987 satanrc,
1412 4919 1669 4989 quoniam

113 5009 162 5062 ab
180 5013 483 5069 antichristo
513 5013 854 5082 colliguntur,
891 5012 1085 5082 quibus
1116 5011 1191 5065 ait
1226 5031 1240 5065 :

166 5106 239 5161 l0.
280 5107 398 5164 Esto
428 5109 597 5178 ﬁdelis
637 5125 791 5176 usque
827 5107 897 5161 ad
930 5118 1161 5162 mortem.
1205 5107 1276 5164 Ut
1323 5119 1674 5179 perseverent

114 5191 265 5257 ﬁdeles
292 5218 412 5258 esse
439 5217 612 5274 usque
641 5202 706 5256 ad
733 5209 984 5258 mortem.

169 5294 244 5348 ll.
284 5296 381 5365 Qui
410 5297 584 5352 vicerit
611 5313 712 5351 non
733 5296 944 5350 tardetur
973 5312 1004 5350 a
1034 5305 1192 5351 morte
1219 5298 1468 5354 secunda.
1501 5298 1560 5355 ld
1589 5308 1672 5355 est

115 5395 196 5437 n0n
220 5392 560 5460 castigabitur
586 5391 639 5445 in
669 5390 897 5446 inferno.

170 5478 328 5539 Tertia
359 5485 551 5540 classis
589 5494 899 5541 sanctorum
933 5483 1174 5541 ostendit
1193 5499 1315 5542 esse
1343 5485 1494 5542 viros
1519 5529 1533 5554 ,
1579 5487 1668 5558 qui

1788 536 1938 585 nell];
1975 521 2068 575 sed
2093 521 2213 590 quia
2245 530 2296 572 ct
2331 518 2383 572 in
2417 517 2525 573 illis
2551 527 2713 585 sunt,
2747 517 2838 589 qui
2865 519 3018 589 proni
3041 516 3253 574 suntad
3282 516 3387 573 illi-

1786 610 1919 666 citas
1949 613 2356 682 permixtioncs,
2390 611 2501 666 ait:
2995 598 3000 603 ’

1862 704 1929 758 Μ
1949 745 1964 767 ,
1997 705 2082 759 l6.
2132 703 2302 759 Habes
2333 703 2402 757 ibi
2433 714 2656 759 tenentes
2698 705 2984 760 doctrinam
3012 704 3265 773 Balaam,
3298 705 3388 776 qui

1788 795 1996 850 docebat
2021 798 2072 850 in
2104 795 2264 850 Balac
2289 797 2484 851 mittere
2509 799 2811 852 scandalum
2835 814 3007 852 coram
3037 799 3162 866 ﬁliis
3187 797 3380 867 Israel,

1788 889 1964 955 edere,
1994 899 2038 943 et
2069 890 2317 959 fornicari
2347 906 2366 944 :
2395 891 2468 944 ita
2496 891 2650 946 habes
2677 900 2722 945 et
2751 901 2806 945 tu
2834 902 3056 947 tenentes
3095 892 3388 946 doctrinam

1790 979 2202 1047 Nicolaitarum,
2252 983 2340 1036 sed
2381 984 2616 1055 pugnabo
2659 1000 2775 1038 cum
2819 983 2924 1039 illis
2965 986 3020 1039 in
3064 985 3240 1056 gladio
3283 986 3389 1040 oris

1789 1074 1906 1126 mei.
1930 1072 1983 1127 ld
2005 1083 2087 1128 est
2106 1116 2119 1139 ,
2151 1073 2277 1143 quid
2313 1075 2656 1145 praeceperim
2685 1075 2882 1134 dicam.
2912 1085 2963 1130 et
2993 1075 3120 1145 quid
3151 1075 3388 1131 feceritis

1789 1168 2080 1223 c0nferam.
2121 1166 2251 1222 Nam
2286 1167 2498 1222 Balaam
2532 1170 2550 1237 (
2584 1168 2778 1235 Num.,
2823 1173 2908 1240 tt)
2948 1168 3193 1224 doctrina
3226 1169 3389 1225 doce-

1788 1262 1878 1315 bat
1921 1261 2082 1314 Balab
2126 1263 2340 1317 mittere
2383 1263 2695 1319 scandalum
2743 1275 2868 1319 ante
2915 1265 3102 1319 oculos
3148 1263 3381 1320 ﬁliorum

1791 1353 1987 1419 Israel,
2037 1370 2158 1410 esse
2196 1353 2522 1423 delibatum,
2571 1369 2624 1411 et
2663 1356 2948 1421 fornicari;
2992 1356 3042 1410 id
3077 1356 3217 1426 quod
3260 1355 3388 1411 olim

1789 1448 2048 1504 accidisse
2091 1457 2274 1503 notum
2315 1459 2417 1504 est.
2462 1449 2556 1505 llle
2595 1451 2737 1505 enim
2776 1450 2880 1506 hoc
2923 1449 3206 1506 consilium
3244 1450 3394 1507 dedit

1791 1542 1901 1612 regi
1933 1543 2303 1609 Moabitarnm,
2332 1553 2388 1599 et
2417 1545 2925 1602 scandalizaverunt
2956 1547 3230 1617 populum.
3262 1545 3385 1614 Sic,

1791 1635 1992 1706 inquit,
2038 1638 2178 1692 inter
2203 1653 2298 1692 vos
2341 1639 2548 1693 habetis
2580 1643 2738 1694 talem
2770 1649 3016 1696 tenentes
3053 1640 3384 1711 doctrinam,

1791 1739 1849 1782 ut
1871 1730 1972 1782 sub
2006 1739 2264 1798 praetextu
2300 1732 2691 1786 misericordiae
2721 1732 2858 1788 alios
2888 1734 3172 1789 vitiaretis.

1865 1822 1952 1876 17.
2003 1823 2104 1887 Qui
2147 1824 2358 1892 vicerit,
2403 1824 2534 1878 dabo
2555 1825 2634 1879 illi
2675 1841 2865 1880 manna
2909 1826 3295 1894 absconditum,
3343 1835 3392 1883 et

1786 1916 1917 1983 dabo
1972 1916 2052 1970 illi
2103 1919 2357 1973 calculum
2409 1921 2709 1976 candidum.
2773 1921 2961 1976 Manna
3017 1921 3392 1978 absconditum

1788 2009 2165 2065 immortalitas
2191 2021 2296 2078 est,
2341 2027 2554 2082 gemma
2583 2012 2700 2067 alba
2734 2012 2957 2083 adoptio
2983 2013 3034 2066 in
3072 2013 3238 2068 ﬁlium
3267 2014 3390 2080 Dei;

1786 2117 1984 2157 nomen
2013 2117 2208 2158 novum
2241 2104 2292 2157 in
2319 2103 2531 2159 calculo
2561 2104 2821 2174 scriptum
2842 2147 2856 2171 ,
2891 2103 3256 2161 Christianum
3284 2113 3390 2164 est.

1858 2194 2061 2263 Quarta
2109 2196 2296 2251 classis
2352 2197 2684 2252 nobilitatem
2743 2198 2985 2254 ﬁdelium
3049 2200 3392 2271 operantium

1787 2288 2054 2359 quotidie,
2095 2301 2143 2345 et
2175 2290 2375 2359 majora
2414 2289 2727 2348 facientium
2759 2307 2925 2363 opera
2962 2293 3246 2365 signiﬁcat.
3287 2293 3393 2351 Sed

1787 2390 1840 2437 et
1870 2383 1940 2438 ibi
1980 2397 2102 2438 esse
2131 2399 2344 2454 quoque
2385 2383 2567 2442 faciles
2612 2385 2855 2442 homines
2893 2387 2959 2441 ad
2998 2387 3208 2443 illicitas
3238 2401 3395 2458 paces

1788 2475 1991 2555 dandas
2017 2485 2073 2531 et
2101 2491 2272 2532 novas
2305 2478 2614 2546 prophetias
2640 2479 3014 2543 attendendas,
3046 2479 3304 2546 ostendit,
3337 2488 3396 2536 et

1788 2569 1982 2640 arguit,
2013 2579 2069 2625 et
2101 2581 2398 2639 prmmonet
2427 2579 2680 2636 caeteros,
2710 2572 2907 2641 quibus
2931 2590 3036 2630 non
3069 2575 3244 2644 placet
3269 2573 3392 2640 hoc,

1787 2666 1878 2734 qui
1909 2674 2243 2736 cognoscunt
2271 2665 2564 2735 nequitiam
2600 2666 2909 2734 adversam,
2940 2666 3136 2738 quibus
3162 2666 3316 2722 malis
3333 2671 3396 2722 et

1788 2757 2006 2814 dolores
2048 2758 2302 2814 inducere
2343 2760 2536 2830 quaerit
2575 2760 2626 2814 in
2667 2761 2843 2831 capite
2879 2760 3114 2816 ﬁdelium
3154 2769 3210 2816 et
3249 2759 3394 2831 peri-

1788 2853 1938 2918 cula;
1973 2861 2028 2907 et
2058 2853 2177 2908 ideo
2199 2852 2274 2907 ait
2301 2869 2317 2908 :

1858 2946 1947 3002 24.
1981 2945 2102 3000 Non
2125 2948 2266 3001 mitto
2298 2963 2452 3016 super
2475 2963 2562 3002 vos
2591 2947 2737 3001 aliud
2768 2947 2991 3018 pondus.
3040 2945 3096 3002 Id
3125 2954 3239 3013 est,
3281 2961 3390 3002 non

1787 3039 1911 3098 dedi
1951 3043 2102 3096 vobis
2133 3043 2312 3118 leges,
2345 3043 2752 3099 observationes
2790 3051 2846 3098 et
2883 3057 3081 3112 onera,
3123 3041 3266 3114 quod
3310 3048 3394 3098 est

1787 3135 1931 3190 aliud
1963 3136 2193 3206 pondus.

1706 3239 1755 3306 ο
1857 3229 1948 3288 ‘25.
1977 3228 2068 3283 '26.
2104 3228 2211 3286 Sed
2233 3231 2376 3300 quod
2404 3230 2631 3297 habetis,
2683 3229 2927 3294 teneatis,
2964 3229 3126 3284 donec
3158 3227 3390 3296 veniam;

1785 3333 1834 3378 et
1858 3325 1942 3390 qui
1969 3323 2142 3378 vicerit
2175 3325 2306 3379 dabo
2343 3325 2423 3380 illi
2459 3335 2760 3396 potestatem
2786 3341 2942 3391 super
2976 3340 3150 3380 omnes
3192 3334 3388 3396 gentes.

1786 3418 1842 3473 Id
1897 3427 2017 3486 est,
2078 3419 2314 3490 judicem
2379 3419 2531 3474 illum
2582 3421 2904 3476 constituam
2961 3421 3104 3476 inter
3153 3430 3386 3474 caeteros

1785 3524 2020 3568 SQDCIOS.

1855 3630 1947 3684 28.
1979 3628 2045 3684 Ει
2072 3629 2202 3683 dabo
2230 3630 2312 3684 illi
2337 3631 2538 3685 stellam
2567 3630 2892 3686 matutinum.
2927 3629 3164 3685 Primam
3196 3642 3386 3684 resur-

1784 3723 2077 3778 rectionem
2101 3723 2342 3787 scilicet;
2374 3724 2619 3794 promisit
2649 3723 2860 3778 stellam
2891 3724 3234 3787 matntinam,
3265 3736 3388 3791 qua:

1785 3830 1995 3875 noctem
2022 3819 2167 3891 fugat
2192 3830 2247 3875 et
2277 3819 2453 3876 lucem
2482 3820 2786 3885 annuntiat,
2814 3819 2865 3874 id
2895 3828 2994 3885 est,
3022 3817 3129 3874 diei
3156 3815 3386 3872 initium.

2362 3953 2432 3991 EX
2491 3951 2683 3991 CAPITE
2733 3951 2812 3990 lli.

1855 4029 2047 4099 Quinta
2078 4030 2268 4085 classis
2298 4029 2548 4085 collectio
2582 4029 2665 4084 vel
2700 4026 3042 4084 conversatio
3072 4034 3385 4082 sanctorum

1783 4123 2021 4181 declarat
2071 4124 2318 4179 homines
2361 4123 2720 4195 negligentes,
2771 4132 2827 4179 et
2869 4123 3003 4177 alias
3045 4137 3203 4192 quam
3246 4135 3380 4190 quas

1783 4227 1997 4289 Oportet
2036 4219 2086 4272 in
2117 4219 2315 4273 s:cculo
2345 4228 2568 4288 agentes
2597 4215 2970 4286 operationes,
3013 4213 3386 4268 nomine‘tan-

1784 4311 2058 4370 tummodo
2102 4311 2449 4367 christianos.
2496 4311 2564 4366 Et
2595 4309 2716 4365 ideo
2754 4308 2997 4364 hortatur
3028 4306 3148 4362 illos
3175 4304 3223 4360 si
3251 4319 3386 4375 quo«

1781 4408 1943 4464 modo
1969 4409 2170 4464 reversi
2196 4424 2226 4463 a
2254 4407 2578 4480 negligentia
2605 4404 2814 4478 possint
2841 4403 2978 4459 salvi
3005 4416 3124 4459 esse
3142 4443 3158 4470 ,
3187 4410 3240 4456 et
3265 4399 3386 4456 ideo

1781 4504 1896 4559 ait:

1850 4619 1906 4674 9...
1943 4619 2067 4674 Esto
2119 4616 2338 4689 vigilans
2379 4626 2426 4671 et
2473 4615 2722 4684 conﬁrma
2766 4622 2953 4669 cwtera
2996 4627 3092 4681 que
3133 4607 3384 4664 moritura

1779 4724 1922 4768 erant
1947 4730 1965 4767 :
1997 4730 2099 4768 non
2140 4713 2276 4767 enim
2313 4711 2483 4766 inueni
2522 4727 2679 4780 Opera
2707 4717 2796 4762 tua
2841 4706 2992 4774 plena
3031 4720 3205 4759 coram
3252 4702 3381 4758 Deo.

1777 4807 1892 4864 Non
1925 4808 2068 4864 enim
2107 4808 2240 4863 satis
2274 4817 2358 4861 est
2386 4804 2634 4859 arborem
2669 4803 2851 4858 vivere
2875 4841 2890 4862 .
2923 4808 2978 4855 et
3011 4798 3244 4854 fructum
3277 4811 3382 4850 non

1778 4901 2013 4966 habere;
2046 4900 2186 4954 sicut
2214 4914 2320 4954 non
2352 4897 2484 4953 satis
2505 4906 2588 4952 est
2611 4895 2963 4952 christianum
2987 4891 3116 4956 dici,
3145 4899 3199 4946 et
3222 4887 3382 4946 Chri-

1779 5005 1921 5049 stum
1953 4993 2236 5060 conﬁteri,
2281 4991 2457 5058 ipsum
2491 5001 2619 5045 vero
2648 4988 2700 5043 in
2728 5001 2892 5058 opere
2922 4999 3029 5041 non
3063 4983 3259 5039 habere
3281 5021 3298 5049 ,
3329 4979 3380 5035 id

1780 5099 1864 5145 est
1889 5089 2006 5158 ejus
2034 5096 2306 5158 praecepta
2331 5101 2435 5140 non
2461 5084 2657 5140 facere.

1850 5205 2013 5262 Sexta
2061 5203 2252 5258 classis
2294 5210 2379 5257 est
2420 5199 2764 5257 conversatio
2813 5196 3094 5255 electionis
3139 5193 3378 5265 optimae.

1775 5295 2124 5355 Consuetudo
2177 5297 2484 5350 sanctorum
2532 5293 2876 5357 declaratur,
2930 5289 3119 5344 horum
3173 5285 3382 5342 scilicet

1777 5391 1869 5462 qui
1901 5389 2132 5445 humiles
2160 5397 2287 5444 sunt
2328 5387 2382 5442 in
2414 5386 2646 5454 saeculo,
2692 5395 2746 5442 et
2782 5383 3038 5442 rusticani
3064 5382 3118 5437 in
3147 5381 3379 5450 scriptu-

1776 5487 1874 5556 ris,
1918 5495 1973 5542 et
2019 5484 2176 5541 ﬁdem
2221 5482 2570 5539 immobiliter
2597 5490 2818 5550 tenent,
2868 5494 2969 5535 nec
3004 5476 3227 5533 omnino
3266 5473 3378 5530 ullo

1424 5601 1984 5660 COMMENTARIUS.

174 5719 238 5792 (l)
265 5720 544 5778 Delibatum
568 5721 686 5779 heic
715 5729 770 5776 et
794 5718 988 5776 alicubi
1016 5717 1198 5791 posuit
1221 5733 1318 5788 pro
1345 5717 1666 5792 idolothyto.

116 5785 200 5845 hoc
223 5785 308 5848 est
328 5812 391 5850 eo
421 5794 562 5866 quod
587 5792 892 5850 simulacris
923 5785 1326 5866 immolabatur.
1363 5785 1669 5866 Exorcisarc

117 5873 221 5918 vero
247 5882 338 5936 pro
373 5883 403 5920 a
441 5861 717 5924 temerato
747 5881 844 5922 seu
878 5864 1092 5937 pollutae
1129 5863 1409 5935 religionis
1439 5861 1668 5919 crimine

1774 5718 1998 5788 erpiare
2029 5715 2196 5786 accipi
2228 5713 2452 5788 Avidetur
2473 5755 2488 5779 ,
2551 5710 2696 5788 quod
2745 5717 2837 5788 es__t_
2867 5715 3064 5788 contra.
3104 5703 3373 5788 propriam

1773 5776 1918 5845 mihi
1959 5776 2405 5859 signiﬁcationem
2440 5776 2614 5859 {nam
2645 5783 2911 5859 έξορκίξειν
2954 5779 3133 5852 potius
3162 5787 3248 5836 est
3276 5776 3374 5835 ob~

1769 5855 2058 5934 stringere,
2091 5875 2251 5931 quam
2281 5859 2494 5916 solvere
2519 5855 2800 5926 religione.
