3904 6316
548 238 655 325 :23

1805 254 1864 325 s.
1894 230 2240 339 vicroatnt
2278 256 2570 319 scaeua
3694 266 3773 329 sei

546 391 674 443 casn
702 373 853 433 tracti
880 366 1632 443 auttimore,'retrahuutura
1665 371 1789 430 ﬁde.
1820 373 1947 429 Ideo
1971 376 2046 430 ait
2071 373 2140 428 ad
2169 380 2215 441 Α
2245 376 2440 431 laniem
2491 394 2550 432 se
2606 375 2803 434 vidisse
2833 376 3063 435 fatetur:
3112 383 3165 435 et
3195 391 3337 436 nunc
3380 380 3555 439 exinde
3597 389 3773 456 recolit,

544 470 669 527 illos
704 489 718 526 :

618 568 671 620 8.
726 563 859 618 Dedi
897 572 1015 618 ante
1049 572 1095 618 te
1129 564 1316 620 ostium
1356 574 1625 633 apertum,
1672 571 1719 618 et
1760 564 1999 633 quoniam
2034 580 2140 623 ser-

544 658 669 723 uasti
697 656 902 727 uerbum
930 658 1191 729 patientia:
1218 673 1364 725 metu.
1410 658 1465 717 In
1496 666 1604 711 tam
1636 657 1822 728 parvis
1848 657 2073 711 viribus.

616 749 703 811 10.
742 748 809 805 Et
832 767 926 831 ego
956 762 1003 817 te
1024 749 1233 819 servabo
1263 750 1324 809 ab
1353 750 1482 805 hora
1513 749 1826 821 tentationis.
1870 747 1942 821 Ut
1969 749 2141 807 sciant

540 844 847 916 hldnsmodi
890 846 1114 917 gloriam
1158 860 1311 911 suam
1338 862 1350 903 ;
1378 859 1480 900 nec
1518 844 1737 914 quidem
1785 844 1838 901 in
1884 844 2138 899 tentatio-

538 955 664 1003 nem
695 955 790 1003 eos
815 940 952 1019 tradi
977 940 1235 1011 permitti.

612 1032 701 1093 12.
744 1032 845 1101 Qui
880 1034 1056 1089 vicerit
1096 1035 1183 1103 ﬁet
1226 1034 1468 1099 columna
1505 1033 1561 1089 in
1598 1032 1784 1095 templo
1822 1030 1939 1088 Dei.
1988 1029 2139 1093 Sicut

537 1126 681 1189 enim
712 1126 960 1185 columna
996 1125 1161 1182 decor
1183 1136 1266 1181 est
1296 1125 1510 1181 aediﬁcii
1533 1166 1550 1190 ,
1595 1125 1674 1181 sic
1702 1124 1792 1195 qui
1826 1138 2138 1194 persevera-

538 1218 699 1284 verit,
730 1218 1065 1283 nobilitatem
1101 1219 1153 1285 ip
1185 1217 1427 1273 Ecclesia
1449 1227 1830 1289 consequetur.

609 1310 851 1381 Septima
881 1325 1097 1381 quoque
1118 1311 1372 1367 Ecclesiae
1398 1310 1644 1365 collectio
1661 1310 1927 1376 declarat,
1962 1309 2139 1366 homi-

536 1420 636 1473 nes
656 1405 955 1475 locupletes
978 1405 1030 1459 in
1061 1404 1418 1477 dignitatibus
1446 1406 1761 1471 collocatos,
1790 1403 1885 1477 sed
1912 1403 2138 1460 creden-

537 1506 618 1573 tes
660 1507 718 1565 ut
758 1497 1057 1583 locupletes
1081 1538 1096 1562 ,
1136 1499 1281 1569 apud
1309 1512 1445 1571 quos
1476 1496 1529 1553 in
1570 1496 1818 1553 cubiculo
1856 1498 2137 1568 scriptura:

535 1590 754 1663 quidem
785 1601 1081 1657 tractantur
1101 1632 1116 1657 ,
1140 1589 1275 1647 foris
1299 1600 1479 1647 autem
1506 1601 1632 1646 sunt
1660 1591 1867 1653 ﬁdeles.
1895 1601 1951 1669 et
1975 1605 2005 1649 a
2036 1605 2136 1647 ne-

536 1686 681 1739 mine
710 1686 1113 1757 intelliguntur,
1139 1684 1409 1755 jactantes
1433 1684 1642 1741 scilicet
1670 1700 1751 1750 se,
1793 1692 1849 1739 et
1895 1683 2134 1739 dicentes

2247 488 2366 541 (μιευ
2398 488 2491 540 per
2515 473 2683 541 legem
2718 472 2768 525 in
2802 471 3245 528 similitudinibus
3275 476 3605 542 prteuuntiata
3634 492 3771 548 erant,

2247 575 2301 619 ct
2330 581 2423 635 per
2449 564 2584 621 hanc
2614 565 2934 634 scripturam
2962 565 3235 636 conjungit
3266 580 3449 621 amnes
3470 567 3654 635 priores
3680 586 3776 637 pro-

2248 658 2457 729 phetas,
2490 667 2545 711 et
2571 658 2744 726 aperit
2785 658 3103 727 scripturas.
3140 658 3204 712 Et
3229 658 3351 728 quia
3376 669 3632 729 postquam
3674 663 3780 719 invi-

2246 750 2375 803 tavit
2398 750 2448 803 in
2479 750 2671 804 malum
2717 765 2905 804 omne;
2931 750 3213 805 credentes
3266 750 3314 802 in
3350 751 3552 805 nomine
3579 768 3664 806 suo
3690 753 3778 807 Do-

2243 841 2421 896 minus
2456 853 2658 906 noster,
2689 843 2865 896 statim
2922 842 3183 911 Spiritum
3213 854 3457 898 sanctum
3509 842 3675 899 ell'udit
3710 845 3780 917 qui

2244 932 2480 987 ferturus
2507 943 2590 987 cst
2613 931 2693 1005 (ι)
2721 931 2788 987 ad
2820 934 3039 1001 coelum,
3068 936 3176 989 ait:

2313 1026 2368 1083 2.
2404 1026 2591 1083 Statim
2619 1027 2693 1097 fui
2716 1027 2767 1080 in
2790 1028 2993 1097 spiritu.
3030 1028 3094 1082 Et
3142 1044 3262 1084 cum
3290 1029 3553 1098 aperiatur
3578 1045 3663 1101 per
3684 1030 3781 1102 Spi-

2242 1118 2402 1173 ritum
2428 1126 2670 1174 sanctum
2704 1135 2853 1173 mens
2881 1118 3144 1187 ﬁdelium,
3177 1131 3231 1175 et
3279 1120 3405 1176 illud
3452 1123 3526 1175 eis
3568 1121 3780 1177 manifes-

2243 1218 2404 1275 tetur,
2465 1211 2607 1281 quod
2664 1218 2718 1266 et
2771 1211 3036 1283 prioribus
3086 1221 3171 1267 est
3227 1212 3588 1284 praedicatum,
3620 1214 3785 1285 signiti-

2240 1314 2426 1358 canter
2447 1306 2540 1358 ait.

2313 1396 2383 1450 Et
2411 1413 2521 1451 ecce
2545 1397 2691 1453 sedes
2710 1398 2876 1470 posita
2893 1408 3002 1455 erat
3024 1400 3077 1454 in
3104 1399 3250 1455 coelo.
3294 1398 3463 1455 Sedes
3484 1397 3663 1471 posita,
3688 1397 3785 1471 quid

2240 1501 2343 1553 est,
2371 1489 2470 1544 nisi
2502 1490 2660 1546 sedes
2686 1491 2873 1561 judicii
2904 1503 2959 1547 ct
2986 1492 3170 1564 regis?

2311 1585 2365 1639 5.
2423 1584 2490 1643 Et
2518 1603 2676 1656 supra
2725 1587 2894 1643 sedem
2940 1588 3140 1661 sedens,
3187 1587 3373 1657 similis
3413 1599 3614 1663 aspectu
3659 1591 3785 1665 lapidi

2229 1679 2430 1750 jaspidi
2460 1688 2505 1733 et
2532 1681 2727 1739 sardio.
2759 1679 2931 1751 Supra
2958 1680 3149 1747 solium
3182 1684 3382 1741 vidisse
3410 1686 3481 1742 ait
3521 1685 3785 1742 similitudi-

533 1792 592 1845 se
630 1778 809 1849 omnia
856 1792 1222 1850 cognoscere,
1282 1776 1491 1847 praediti
1536 1777 1728 1851 liducia
1783 1776 2095 1845 litteraturae
2115 1817 2131 1842 ,
2162 1792 2211 1857 Β
2241 1789 2362 1829 nem
2384 1774 2609 1845 jaspidis
2636 1783 2692 1831 et
2718 1776 2903 1832 sardii.
2931 1775 3111 1848 Jaspis
3141 1793 3294 1849 aquae
3324 1780 3519 1836 coloris
3546 1792 3643 1848 est,
3694 1796 3788 1837 sar-

532 1882 696 1941 opere
723 1881 901 1939 autem
928 1880 1211 1937 vacantes,
1249 1881 1305 1927 et
1331 1870 1454 1926 ideo
1475 1869 1552 1924 ait
1581 1888 1595 1925 :

604 1965 695 2023 l5.
741 1965 921 2037 Neque
959 1966 1175 2037 {rigidos
1205 1981 1363 2033 neque
1393 1968 1640 2043 ferventes
1670 1962 1786 2023 illos
1813 1978 1938 2019 esse.
1969 1960 2025 2018 Id
2051 1970 2133 2019 est

532 2071 707 2128 neque
756 2056 1103 2127 incredulos,
1153 2072 1326 2127 neque
1359 2055 1546 2112 ﬁdeles
1588 2075 1600 2111 :
1638 2055 1704 2111 ad
1755 2071 1944 2111 omnes
1986 2055 2130 2111 enim

527 2150 706 2220 pmnia
735 2159 876 2238 sunt.
914 2150 980 2207 Et
999 2151 1250 2220 quoniam
1278 2150 1369 2219 qui
1398 2166 1502 2203 non
1535 2148 1760 2219 frigidus
1781 2157 1866 2207 est
1894 2163 1995 2203 nec
2026 2161 2121 2202 ca-

529 2242 694 2313 lidus,
720 2242 814 2313 sed
849 2242 1059 2311 tepidus
1081 2251 1183 2305 est,
1211 2256 1466 2297 nauseam
1490 2240 1634 2313 facit,
1665 2241 1738 2315 ait
1768 2257 1782 2294 :

599 2333 687 2395 06.
740 2332 951 2409 Yomqm
977 2344 1024 2389 te
1052 2332 1114 2387 de
1144 2349 1229 2387 ore
1256 2348 1385 2401 meo.
1424 2330 1632 2387 Nausea
1662 2329 1907 2402 quamvis
1935 2329 2118 2385 odibi-

530 2427 595 2497 lis
618 2428 717 2503 sit,
752 2436 929 2495 tamen
963 2427 1236 2483 nemiuem
1265 2425 1411 2481 laadit
1446 2424 1562 2480 :sic
1590 2429 1647 2479 et
1673 2422 1978 2497 lmjusmodi
2020 2421 2123 2477 ho-

526 2520 700 2595 mines
751 2534 873 2599 cum
919 2518 1122 2595 iuerint
1172 2517 1420 2597 projecti.
1468 2514 1575 2571 Sed
1630 2516 1753 2588 quia
1805 2526 2017 2585 tempus
2045 2521 2127 2570 est

530 2612 866 2689 paenitentiae
884 2652 899 2677 ,
928 2611 1003 2681 ait
1034 2628 1046 2664 :

599 2706 688 2787 18.
722 2690 1056 2781 Suadeotipi
1081 2713 1135 2758 ut
1167 2719 1307 2787 emas
1349 2720 1383 2756 a
1412 2719 1492 2758 me
1517 2718 1702 2756 aurum
1740 2702 2036 2781 con/latum.
2067 2699 2123 2759 Id

525 2784 659 2864 est,
692 2817 800 2871 quo
829 2801 991 2856 modo
1022 2784 1227 2869 pOteris
1273 2814 1371 2869 pro
1396 2799 1611 2853 nomine
1644 2796 1858 2875 Domini
1893 2798 2000 2873 pati
2032 2796 2129 2852 tri-

525 2893 833 2969 bulatioues
858 2901 914 2971 et
941 2894 1241 2965 paSs‘iones.

597 2988 663 3043 Et
709 2988 924 3059 collyrio
960 2988 1149 3060 inunge
1193 2986 1367 3041 oculos
1405 2995 1539 3043 tuos.
1595 2984 1667 3042 Ut
1706 2984 1849 3061 quod
1890 2984 2125 3055 libenter

523 3081 809 3152 cognoscis
855 3096 951 3150 per
990 3064 1347 3151 scripturam,
1387 3081 1545 3151 hujus
1583 3082 1745 3136 etiam
1778 3096 1914 3152 opus
1941 3079 2124 3137 facere

2237 1866 2359 1922 dius
2404 1867 2561 1938 ignis.
2616 1869 2741 1925 llaec
2764 1869 2871 1925 duo
2914 1869 3112 1941 judicia
3165 1872 3340 1943 posita
3393 1889 3514 1930 esse
3549 1889 3701 1947 usque
3737 1876 3789 1933 ad

2236 1961 2753 2027 consummationem
2810 1962 2956 2021 orbis
2999 1980 3164 2035 super
3217 1967 3448 2025 tribunal
3490 1968 3582 2025 Dei
3629 1968 3791 2026 exinde

2235 2053 2666 2123 manifestantur,
2696 2071 2922 2126 quorum
2956 2058 3287 2128 judiciorum
3322 2077 3489 2116 unum
3539 2062 3643 2132 jam
3688 2075 3789 2116 con-

2233 2158 2558 2202 summatum
2585 2158 2669 2203 est
2697 2148 2749 2203 in
2781 2150 3106 2221 cataclysmo
3120 2166 3215 2223 per
3228 2167 3450 2224 aquam,
3479 2153 3620 2209 aliud
3642 2161 3790 2208 autem

2234 2241 2697 2297 consummabitur
2721 2257 2815 2313 per
2839 2244 3036 2312 ignem.

2304 2336 2372 2391 Et
2397 2337 2487 2390 iris
2515 2347 2623 2392 erat
2648 2338 2701 2392 in
2726 2340 2945 2395 circuitu
2972 2339 3165 2396 throni.
3200 2340 3302 2397 Iris
3323 2350 3511 2401 autem
3544 2342 3677 2400 circa
3718 2355 3791 2397 so-

2231 2426 2361 2482 lium
2417 2429 2635 2486 eosdem
2667 2431 2879 2489 colores
2933 2432 3115 2490 habet.
3170 2433 3272 2499 Iris
3315 2451 3476 2495 arcus
3505 2435 3707 2501 dicitur,
3739 2432 3794 2489 de

2229 2535 2336 2590 quo
2354 2521 2511 2575 etiam
2541 2521 2608 2577 ad
2649 2522 2761 2577 Noe
2786 2531 2841 2585 et
2879 2524 2945 2579 ad
2976 2525 3113 2603 ﬁlios
3140 2526 3255 2597 ejus
3287 2526 3504 2583 locutus
3530 2536 3614 2585 est
3640 2524 3795 2583 Domi-

2230 2626 2330 2665 nus
2358 2611 2549 2680 (Gen.,
2573 2616 2681 2684 ix),
2713 2631 2780 2669 ne
2811 2617 3063 2672 timerent
3085 2619 3220 2675 ultra
3248 2618 3515 2677 diluvium
3560 2621 3613 2675 in
3654 2632 3794 2691 gene-

2230 2709 2439 2760 ratione
2466 2706 2580 2773 Dei,
2608 2708 2703 2761 sed
2728 2709 2925 2779 ignem.
2960 2710 3050 2768 Sic
3075 2713 3217 2767 enim
3240 2713 3348 2768 ait:
3380 2712 3620 2769 Statuam
3643 2724 3796 2783 arcum

2228 2813 2408 2853 meum
2433 2797 2486 2851 in
2514 2800 2767 2867 nubibus,
2811 2812 2867 2857 ut
2898 2816 3003 2858 non
3044 2801 3157 2874 jam
3188 2820 3385 2875 aquam
3432 2803 3681 2871 linteatis,
3719 2799 3795 2856 sed

2228 2891 2426 2963 ignem.

2298 2987 2351 3043 6.
2380 2986 2444 3042 Et
2471 2998 2589 3045 ante
2610 2988 2779 3044 sedem
2800 2999 3057 3061 tamquam
3084 3007 3226 3047 mare
3256 2994 3480 3048 vitreum
3517 2990 3677 3046 simile
3700 3004 3795 3059 cry-

2224 3082 2395 3141 stallo.
2430 3082 2484 3138 Id
2514 3093 2595 3139 est
2625 3084 2826 3140 donum
2860 3086 3131 3158 baptismi,
3161 3087 3304 3161 quod
3332 3103 3431 3160 per
3454 3085 3649 3143 Filium
3669 3096 3800 3139 suum

522 3173 757 3228 coneris.
791 3172 861 3249 ﬁt
888 3174 1141 3245 quoniam
1165 3174 1209 3230 si
1243 3174 1323 3228 his
1355 3173 1529 3247 modis
1561 3173 1808 3230 homines
1837 3174 1905 3229 de
1928 3188 2123 3244 magno
2147 3193 2195 3257 ς
2228 3178 2558 3248 pmnitentiae
2590 3188 2854 3250 tempore,
2883 3194 3169 3255 antequam
3196 3183 3466 3252 judicium
3493 3177 3801 3245 faciat,eﬂu-

522 3267 733 3323 excidio
756 3266 823 3341 ad
854 3282 1105 3345 magnam
1129 3268 1357 3324 redeant
1382 3268 1778 3343 ptenitentiam,
1813 3284 1919 3321 non
1945 3269 2119 3355 solum

521 3358 621 3417 sibi
680 3369 805 3427 sunt
854 3359 1053 3425 utiles,
1107 3360 1202 3441 sed
1263 3368 1319 3416 et
1347 3360 1532 3445 multis
1563 3360 1818 3427 prodesse.
1852 3368 2118 3443 possunt;

520 3454 826 3509 mercedem
860 3468 966 3507 non
998 3453 1324 3509 mediocrem
1348 3455 1427 3509 eis
1453 3454 1719 3524 promisit,
1751 3451 2004 3508 nimirum
2028 3467 2117 3508 se-

520 3545 650 3602 dere
680 3545 735 3601 in
762 3545 899 3601 solio
926 3545 1140 3617 judicii.

528 3632 531 3635 ’
1115 3654 1184 3696 εχ
1208 3654 1400 3695 ωριτε
1442 3654 1518 3698 iv.

593 3733 721 3793 Post
770 3735 877 3790 [nec
928 3734 1031 3789 vidi
1081 3743 1130 3788 et
1168 3751 1281 3789 ecce
1336 3734 1522 3788 ostium
1570 3741 1805 3804 apertum
1863 3732 1918 3787 in
1969 3731 2112 3786 caelo.

518 3829 724 3887 Ostium
754 3816 999 3902 apertum
1032 3814 1089 3883 in
1109 3825 1500 3894 cmlo,Novum
1529 3825 1941 3881 Testamentum
1972 3838 2114 3895 pra:-

518 3922 754 3977 dicatur.

590 4036 655 4092 Et
682 4053 779 4091 vox
803 4037 971 4108 prima
1005 4053 1162 4104 quam
1188 4035 1395 4101 audivi,
1429 4044 1673 4103 tanquam
1706 4036 1841 4091 tuba:
1865 4034 2119 4105 loquentis

514 4147 731 4193 mecum,
763 4131 935 4185 dicens
963 4152 975 4187 :
1000 4130 1219 4184 ascende
1248 4130 1369 4185 huc.
1400 4128 1626 4198 Quando
1655 4137 1900 4198 apertum
1931 4136 2118 4181 osten-

516 4223 699 4288 ditur,
733 4208 976 4277 claushm
1022 4222 1188 4278 fuisse
1228 4233 1387 4277 antea
1419 4220 1729 4276 hominibus
1773 4219 2117 4275 manifestum

514 4323 617 4372 est.
663 4313 804 4371 Satis
856 4326 1033 4371 autem
1071 4327 1124 4372 et
1165 4316 1322 4387 plene
1371 4313 1693 4385 patefactum
1739 4323 1852 4378 est,
1904 4312 2119 4383 quando

515 4405 763 4463 Christus
798 4421 918 4462 cum
948 4422 1175 4478 corpore
1208 4409 1261 4461 in
1291 4406 1461 4461 caelos
1501 4406 1569 4461 ad
1600 4406 1815 4461 Patrem
1848 4406 2115 4461 ascendit.

517 4500 631 4555 Vox
654 4509 833 4555 autem
864 4500 1009 4570 prior
1039 4516 1199 4571 quam
1226 4501 1510 4564 audierat,
1544 4516 1663 4553 cum
1691 4499 1819 4553 dicit
1848 4498 1995 4553 illam
2025 4514 2116 4554 se-

2225 3280 2321 3335 dit.
2372 3280 2498 3335 ldeo
2524 3290 2650 3336 ante
2678 3281 2897 3344 solium,
2939 3281 2992 3337 id
3032 3292 3115 3337 est
3158 3282 3448 3352 judicium.
3488 3280 3623 3339 Cum
3650 3288 3802 3335 autem

2223 3373 2352 3427 dicit
2370 3388 2517 3428 mare
2538 3374 2766 3428 vitreum
2790 3374 2966 3429 simile
2986 3374 3303 3445 chrystallo,
3327 3391 3531 3447 aquam
3555 3371 3801 3436 mundam,

2223 3467 2495 3531 stabilem,
2528 3483 2633 3521 non
2680 3476 2841 3523 vento
2871 3468 3147 3537 agitatam,
3181 3484 3289 3524 non
3333 3470 3390 3523 in
3448 3467 3686 3539 proclivo
3726 3463 3803 3519 de.

2223 3556 2500 3622 ﬂuentem,
2528 3558 2621 3613 sed
2657 3567 2928 3631 tamquam
2956 3558 3178 3616 domum
3210 3560 3306 3615 Dei
3335 3560 3676 3619 immobilem
3716 3565 3803 3612 tra-

2223 3652 2389 3710 ditam
2414 3654 2670 3710 ostendit.

2294 3745 2363 3801 Et
2395 3764 2484 3817 per
2526 3747 2797 3801 circuitum
2837 3748 2971 3803 sedis
3015 3756 3234 3820 quatuor
3282 3749 3567 3807 animalia.
3596 3746 3806 3817 Quatuor

2211 3843 2470 3915 animalia
2493 3852 2725 3914 quatuor
2743 3852 2869 3898 sunt
2893 3845 3202 3917 Evangelia.

2295 3939 2489 3994 7—10.
2524 3936 2759 3992 Primum
2791 3938 2984 3991 animal
3013 3938 3177 3993 simile
3230 3938 3396 4004 leoni,
3452 3949 3503 3995 et
3558 3933 3807 3995 secundum

2220 4033 2386 4089 simile
2417 4033 2599 4101 vitulo,
2631 4044 2678 4087 et
2706 4033 2911 4088 tertium
2940 4034 3130 4088 habens
3155 4035 3345 4105 faciem
3365 4034 3596 4091 similem
3619 4027 3805 4093 homini,

2222 4137 2267 4182 et
2296 4138 2534 4197 quartum
2558 4127 2726 4183 simile
2756 4126 2945 4197 aquila:
2972 4126 3202 4192 volanti;
3235 4130 3491 4183 habentia
3510 4110 3626 4182 alas
3651 4132 3808 4179 senas:

2222 4231 2267 4277 et
2290 4238 2379 4293 per
2409 4223 2678 4276 circuitum
2709 4233 2754 4277 et
2785 4223 2946 4289 intus,
2974 4220 3127 4294 plena
3150 4223 3352 4285 oculis;
3382 4234 3431 4278 et
3471 4222 3699 4294 requiem
3726 4229 3810 4270 non

2222 4313 2473 4367 habebant
2500 4313 2754 4367 dicentia:
2790 4312 3035 4380 Sanctus,
3069 4314 3315 4381 Sanctus,
3369 4315 3625 4377 Sanctus,
3658 4306 3811 4365 Domi-

2223 4422 2318 4459 nus
2350 4406 2691 4477 omnipotens.
2729 4405 2792 4460 Et
2817 4406 3133 4477 procidentes
3158 4408 3338 4477 viginti
3371 4418 3602 4479 quatuor
3617 4404 3810 4461 seniores

2221 4510 2340 4552 ante
2377 4500 2547 4552 sedem
2591 4501 2928 4554 adoraverunt
2975 4499 3158 4555 Deum.
3209 4500 3419 4572 Viginti
3471 4510 3702 4573 quatuor
3740 4508 3810 4549 86°

515 4608 635 4647 cum
667 4606 788 4647 esse
827 4593 1059 4647 locutam
1088 4635 1103 4660 ,
1146 4593 1263 4647 sine
1302 4591 1733 4647 contradictione
1772 4593 1948 4662 arguit
1979 4608 2075 4648 eos
2095 4635 2110 4657 ,
2138 4598 2193 4667 1)
2221 4590 2400 4644 niores
2427 4591 2615 4661 viginti
2642 4603 2870 4663 quatuor
2891 4592 3006 4647 libri
3028 4603 3153 4647 sunt
3182 4596 3612 4665 prophetarum,
3631 4602 3686 4648 et
3700 4586 3810 4659 legis

514 4686 603 4756 qui
636 4684 796 4738 alium
830 4685 881 4738 in
923 4684 1238 4755 prophetis,
1286 4683 1446 4738 alium
1487 4683 1540 4737 in
1583 4683 1880 4756 Evangelia
1925 4684 2115 4742 dicunt

513 4778 679 4832 fuisse
711 4779 982 4843 locutum,
1042 4794 1163 4833 cum
1192 4778 1361 4848 magis
1388 4776 1506 4848 ipse
1540 4777 1631 4846 qui
1662 4778 1848 4840 venit,
1896 4777 2013 4847 ipse
2044 4778 2114 4834 sit

513 4874 604 4945 qui
640 4874 692 4929 iu
725 4874 1004 4945 prophetis
1045 4875 1253 4929 locutus
1281 4884 1386 4929 est.
1433 4873 1671 4928 immites
1706 4874 1849 4929 etiim
1890 4889 1955 4927 ex
2000 4872 2110 4929 cir-

512 4968 843 5024 cumcisione
881 4977 1036 5033 erat;
1067 4977 1122 5023 et
1162 4968 1340 5023 omnis
1380 4967 1471 5023 ille
1504 4967 1734 5038 populus
1772 4968 1861 5037 qui
1896 4965 2109 5024 Veteris

512 5061 846 5118 Testamenti
889 5058 1328 5131 praedicationem
1359 5059 1622 5128 audierat,
1661 5060 1750 5116 illa
1776 5075 1907 5117 voce
1940 5061 2111 5117 aedili-

513 5166 666 5213 CﬂlllS
688 5164 791 5211 ρει.

527 5280 533 5289 ι
584 5247 691 5305 Illa
717 5246 991 5318 eademque
1014 5262 1133 5321 uox,
1164 5245 1358 5318 inquit,
1381 5263 1535 5317 quam
1560 5247 1847 5312 audierant,
1867 5247 1959 5303 illa
1984 5245 2110 5305 mihi

512 5340 641 5399 dixit
669 5355 688 5399 :
714 5341 941 5405 Ascende
969 5340 1090 5395 huc.
1122 5338 1178 5405 Id
1207 5347 1291 5393 est
1327 5338 1567 5411 spiritus,
1599 5355 1758 5411 quem
1794 5340 1953 5409 paulo
1982 5346 2107 5419 ante

512 5449 671 5505 quam
701 5434 867 5493 lilium
900 5433 1134 5489 hominis
1158 5432 1300 5488 inter
1326 5432 1648 5489 candelabra
1696 5448 1859 5487 aurea
1916 5431 2107 5487 ambu-

2219 4686 2519 4743 rcfcreutes
2553 4687 3083 4759 testimoniajudicii.
3117 4692 3254 4751 Sunt
3283 4701 3480 4746 autem
3521 4700 3577 4745 et
3608 4679 3811 4756 vinginti

2218 4788 2446 4850 quatuor
2475 4792 2675 4847 patres,
2723 4780 3004 4835 duodecim
3047 4781 3277 4852 apostoli
3308 4792 3368 4836 et
3401 4780 3696 4837 duodecim
3735 4788 3812 4845 p8-

2220 4874 2488 4927 triarchm.
2514 4873 2778 4928 Animalia
2814 4874 2973 4945 igitur
2991 4875 3135 4947 quod
3159 4875 3472 4930 dillerentia
3504 4884 3633 4929 sunt
3655 4870 3812 4926 vultus

2216 4967 2354 5021 hanc
2374 4967 2573 5022 habent
2594 4968 2857 5022 rationem
2886 4984 2900 5033 ;
2943 4968 3118 5023 simile
3152 4969 3294 5022 leoni
3324 4970 3565 5035 animal,
3600 4967 3813 5023 Marcum

2214 5063 2476 5132 designat,
2507 5062 2560 5117 in
2584 5077 2691 5131 quo
2719 5078 2821 5116 vox
2853 5061 3026 5118 leonis
3052 5064 3104 5118 in
3134 5079 3318 5119 eremo
3368 5064 3642 5136 rugientis
3682 5055 3813 5113 audi-

2216 5164 2320 5209 tur.
2346 5155 2586 5209 llominis
2608 5162 2784 5208 autem
2813 5155 2981 5225 ﬁgura
3000 5157 3218 5213 enititur
3240 5158 3539 5215 Matthzeus
3554 5138 3816 5213 enuntiare

2213 5247 2366 5302 nobis
2391 5263 2560 5317 genus
2581 5246 2759 5301 Maria:
2781 5246 2884 5320 (2),
2912 5250 3053 5303 unde
3075 5264 3291 5307 carnem
3309 5254 3538 5322 accepit
3564 5250 3810 5307 Christus.

2210 5338 2352 5409 Ergo
2373 5339 2498 5393 dum
2528 5350 2806 5394 enumerat
2836 5341 2904 5394 ab
2933 5342 3203 5395 Abraham
3242 5357 3421 5412 usque
3451 5344 3523 5398 ad
3557 5338 3738 5404 David,
3764 5341 3811 5391 et

2210 5448 2379 5503 usque
2401 5430 2468 5487 ad
2505 5429 2727 5502 Ioseph,
2757 5442 3027 5504 tamquam
3076 5434 3144 5489 de
3173 5434 3404 5491 homine
3456 5436 3675 5492 locutus
3718 5435 3823 5485 est:

1900 5545 2456 5604 COMMENTARIUS.

582 5668 661 5742 tl)
696 5668 940 5738 Ferturus
971 5686 1067 5744 pro
1093 5670 1327 5744 laturus,
1347 5678 1402 5725 et
1431 5668 1475 5725 si
1504 5681 1713 5744 nonne:
1760 5681 1864 5743 usu
1917 5681 2097 5744 gram-

513 5737 848 5817 maticorum,
890 5737 1164 5817 uti'etiam
1206 5741 1369 5814 paulo
1399 5738 1716 5817 ante‘odire,
1764 5737 1861 5817 pro
1889 5737 2091 5806 odisse,

512 5814 770 5885 dicimus;
803 5810 1088 5872 lectionem
1125 5810 1303 5873 tamen
1333 5811 1560 5886 antiqui,
1589 5824 1645 5869 et
1667 5810 1902 5885 maxime
1933 5819 2087 5865 vetu-

2206 5676 2343 5721 state
2372 5664 2696 5720 vouerahilis
2727 5662 2931 5719 codicis
2957 5664 3244 5722 immutare
3271 5667 3584 5724 noluimus.

2271 5737 2352 5812 (2)
2379 5735 2618 5812 Hominis
2640 5737 3540 5812 autemﬁguraenititurgMatutinus
3567 5734 3818 5812 enuntiare

2197 5806 2339 5866 nobis
2367 5826 2524 5882 genus
2549 5808 2602 5862 Μ
2610 5808 2753 5863 urite.
2781 5806 2915 5865 Vide
2936 5819 2995 5865 ut
3022 5810 3197 5867 tradat
3222 5810 3555 5870 Manlianum
3572 5807 3814 5885 genetrice
