3904 6316
466 254 573 313 327

1677 261 1737 319 S.
1772 261 2112 328 VlCTORlNi
2149 270 2440 332 SCHOLIA
3619 283 3705 340 528

466 369 844 443 prophetarum
865 407 881 437 ,
923 385 1239 444 magnorum
1268 372 1478 430 scilicet
1502 375 1741 432 virorum
1780 381 1869 451 qui
1901 399 2056 452 quas-
2085 391 2132 448 Α
2163 403 2320 458 quam
2338 388 2421 444 leo
2443 386 2978 459 confregitmortcm,
3008 396 3066 445 et
3081 401 3201 458 qute
3222 387 3289 446 de
3302 401 3368 446 eo
3393 399 3705 462 prrenuntiata

464 478 698 536 cumque
727 465 986 519 habebant
1017 467 1224 536 palmas
1247 469 1590 525 victoriarum
1619 487 1836 527 suarum
1869 485 2057 532 contra

466 565 767 627 peccatum,
809 557 1000 612 victori
1046 561 1286 614 omnium
1316 559 1554 627 Christo,
1588 579 1682 617 eas
1709 564 1809 619 Sub
1837 567 2060 634 pedibus

460 649 756 720 jactabaut.
799 651 980 706 Palma
1005 663 1185 709 autem
1213 665 1269 711 et
1295 669 1497 711 corOna
1535 657 1674 712 idem
1716 658 2064 728 signiﬁcant,

465 760 586 814 qua:
614 760 720 800 non
748 743 944 800 dantur
970 745 1072 800 nisi
1096 747 1309 804 victori.

1048 855 1117 894 EX
1154 855 1346 896 (ΞΑΡΙΤΕ
1390 857 1440 895 ν.

536 932 586 987 1.
623 929 688 985 Et
718 931 822 985 vidi
850 932 904 986 in
933 934 1144 988 dextera
1173 935 1396 992 sedentis
1435 954 1587 1007 super
1613 941 1838 996 tribunal
1875 943 2062 997 librum

463 1024 708 1093 scriptum
732 1026 870 1078 intus
891 1035 937 1080 et
965 1027 1113 1098 foris,
1153 1030 1410 1098 signatum
1442 1031 1628 1102 sigillis
1658 1045 1867 1105 septem.
1902 1035 2063 1092 Liber

466 1117 552 1172 hic
583 1116 747 1174 Vetus
778 1117 1182 1176 Testamentum
1209 1115 1496 1193 signiﬁcat,
1527 1125 1668 1194 quod
1690 1137 1773 1181 est
1803 1127 1986 1183 datum
2007 1128 2059 1184 in

467 1211 714 1266 manibus
763 1212 970 1268 Domini
1003 1213 1175 1270 nostri
1214 1214 1370 1272 .lesus
1396 1217 1616 1286 Christi,
1660 1220 1748 1290 qui
1788 1221 1994 1291 accepit
2031 1235 2058 1273 a

463 1301 623 1358 Patre
643 1303 928 1370 judicium.

532 1398 589 1462 2,
616 1398 667 1452 5.
705 1397 769 1452 Et
796 1399 898 1454 vidi
941 1401 1191 1474 Angelunt
1229 1404 1548 1473 fortitudinis
1586 1405 1824 1474 plenum,
1866 1406 2059 1476 prwdi-

463 1499 660 1544 cantem
678 1507 800 1546 voce
829 1509 1015 1564 magna
1044 1511 1063 1549 :
1091 1494 1218 1563 Quis
1243 1507 1316 1550 est
1347 1497 1530 1567 dignus
1555 1501 1754 1568 aperire
1777 1500 1984 1564 librum,
2014 1507 2062 1552 et

463 1581 653 1636 solvere
681 1583 947 1653 signacula
981 1586 1094 1655 ejus
1111 1587 1138 1638 Ρ
1159 1598 1205 1640 et
1228 1604 1373 1642 nemo
1398 1589 1630 1644 inventus
1660 1601 1730 1644 est
1758 1591 1943 1661 dignus
1973 1607 2061 1644 ne-

462 1691 557 1746 que
582 1678 634 1728 in
665 1677 792 1731 caelo
821 1694 981 1747 neque
1004 1681 1057 1732 in
1087 1689 1243 1746 terra,
1273 1697 1432 1749 neque
1452 1682 1619 1736 subter
1648 1695 1834 1737 terram
1863 1684 2062 1752 aperire

2166 482 2378 537 fuerant
2401 484 2647 553 replevit,
2674 491 2728 539 et
2760 484 3028 538 licininem
3065 485 3328 549 liberavit,
3349 487 3396 540 id
3423 499 3500 544 est
3521 505 3704 549 carnem

2165 577 2232 633 de
2245 590 2436 644 morte,
2462 587 2516 633 ct
2532 577 2737 648 accepit
2756 581 3149 648 possessionem
3169 581 3711 642 subStanliammorien-

2167 677 2253 738 tis,
2280 674 2328 727 id
2354 684 2433 728 est
2456 673 2817 730 membrorum
2838 674 3218 729 humanorum.
3235 672 3305 732 Ut
3321 675 3551 748 sicutper
3571 696 3706 738 unum

2163 779 2361 836 corpus
2387 782 2575 822 omnes
2608 767 2854 822 homines
2875 768 3056 823 debito
3079 769 3266 824 mortis
3289 784 3398 824 suae
3423 771 3708 840 ceciderant,

2165 876 2262 930 per
2295 878 2456 917 unum
2486 865 2646 918 etiam
2687 877 2883 932 corpus
2918 864 3152 919 universi
3184 863 3461 920 credentes
3493 867 3643 922 renati
3666 867 3708 922 in

2166 954 2326 1008 vitam
2357 964 2723 1026 resurgerent.
2748 957 2941 1012 Merito
2957 972 3085 1028 ergo
3105 956 3268 1012 facies
3290 956 3415 1012 Mosi
3441 957 3653 1028 aperitur
3669 969 3714 1014 et

2165 1048 2466 1115 revelatur;
2517 1049 2742 1120 ideoque
2793 1049 3180 1121 Apocalypsis,
3227 1049 3495 1105 Revelatio
3527 1049 3704 1106 dicitur.

2165 1140 2322 1195 Modo
2355 1142 2498 1195 enim
2538 1142 2676 1197 liber
2699 1142 2816 1212 ejus
2844 1144 3171 1214 resignatur,
3200 1142 3361 1198 modo
3390 1144 3564 1199 hostiae
3589 1144 3714 1199 obla-

2167 1233 2328 1288 tionis
2355 1234 2752 1305 intelliguntur,
2781 1235 2941 1290 modo
2961 1235 3304 1292 Sacerdotium
3326 1237 3561 1292 chrisma:
3577 1235 3712 1292 fabri-

2165 1329 2338 1394 catio;
2369 1329 2462 1384 sed
2493 1339 2546 1384 et
2574 1331 2877 1384 testimonia
2899 1339 3085 1401 aperte
3116 1330 3498 1400 intelliguntur.

2236 1423 2290 1486 8,
2324 1421 2379 1476 9.
2433 1419 2627 1494 Viginti
2676 1432 2896 1494 quatuor
2935 1426 3160 1479 seniores
3189 1433 3235 1477 et
3261 1432 3475 1489 quatuor
3508 1423 3719 1479 animalia

2163 1518 2388 1571 citharas
2413 1527 2463 1572 et
2502 1519 2705 1588 phialas
2737 1519 2999 1586 habentes,
3032 1529 3076 1574 et
3099 1530 3360 1575 cantantes
3381 1519 3616 1574 canticum
3639 1537 3718 1574 no-

2164 1629 2301 1666 vum.
2344 1612 2645 1682 Conjuncta
2683 1612 2892 1668 Veteris
2922 1611 3256 1669 Teslanu-nli
3287 1614 3583 1684 praedicatio
3617 1631 3718 1670 cum

2165 1718 2324 1768 novo,
2350 1705 2606 1775 populum
2625 1703 2978 1760 christianum
3009 1704 3278 1776 signiﬁcat
3304 1715 3593 1760 cantantem
3616 1719 3722 1760 can-

462 1770 666 1870 “b'Wf-
696 1773 918 1870 {‘Perire
936 1785 1116 1830 amem
1146 1775 1341 1831 "brum
1363 1785 1466 1844 es"
1501 1792 1596 1848 Ρθτ
1624 1776 1894 1833 hominem
1913 1793 2060 1832 "‘0'"
2089 1795 2135 1857 Β
2165 1798 2328 1852 ticum
2358 1813 2576 1863 novum,
2605 1798 2656 1852 id
2685 1808 2769 1854 est
2784 1797 3179 1855 confessionem
3209 1815 3361 1856 suam
3393 1799 3594 1870 publice
3616 1815 3722 1854 cono

462 1872 568 1918 tem
599 1865 906 1923 devincere.

529 1959 586 2014 4.
622 1957 736 2014 Hoc
776 1961 962 2033 dignus
993 1964 1162 2031 facere
1200 1981 1346 2020 nemo
1387 1975 1460 2020 est
1505 1966 1756 2022 inventus.
1795 1965 1979 2038 Neque
2005 1966 2058 2022 in

459 2051 665 2124 angelis
694 2055 764 2108 de
787 2057 965 2123 cmlo,
999 2072 1172 2128 neque
1217 2059 1268 2112 in
1312 2059 1620 2114 hominibus
1662 2061 1713 2114 in
1763 2072 1924 2125 terra,
1960 2075 2060 2116 nec

461 2147 602 2204 inter
627 2149 834 2203 animas
864 2161 1174 2206 sanctorum
1206 2153 1257 2206 in
1283 2157 1486 2225 requie,
1521 2154 1620 2208 nisi
1646 2155 1790 2209 solus
1814 2154 2061 2210 Christus

458 2239 626 2295 Filius
645 2233 762 2307 Dei,
785 2258 942 2313 quem
961 2245 1091 2299 dicit
1110 2244 1311 2301 vidisse
1326 2261 1520 2318 agnum
1539 2257 1768 2301 stantem
1790 2257 2058 2318 tamquam

458 2348 721 2400 ocmsum,
769 2334 1056 2392 habentem
1089 2353 1290 2392 cornua
1334 2349 1562 2408 septem.
1597 2339 1750 2406 Quod
1795 2358 1900 2394 non
1942 2351 2062 2397 erat

466 2435 592 2483 tunc
617 2427 985 2497 praedicatum,
1010 2439 1064 2485 et
1080 2429 1338 2501 quidquid
1371 2449 1464 2502 per
1485 2434 1662 2488 varias
1687 2435 1985 2490 oblationes
2005 2445 2060 2490 et

457 2520 745 2587 sacriﬁcia,
796 2523 882 2578 lex
929 2523 981 2578 in
1031 2524 1181 2579 illum
1225 2525 1477 2581 meditata
1528 2527 1718 2592 fuerat,
1755 2530 1926 2598 ipsum
1961 2529 2060 2584 im-

462 2615 612 2686 plere
631 2615 934 2685 oportebat.
956 2617 1022 2672 Et
1047 2619 1170 2689 quia
1196 2619 1308 2688 ipse
1326 2629 1442 2674 erat
1459 2628 1688 2675 testator
1710 2623 1800 2692 qui
1829 2635 2056 2677 mortem

455 2707 752 2774 devicerat,
785 2709 958 2780 ipsum
995 2721 1113 2765 erat
1144 2710 1348 2781 justum
1379 2713 1635 2768 constitui
1668 2715 1922 2770 heredem
1956 2715 2060 2769 Do-

455 2803 610 2870 mini,
635 2814 692 2860 ut
707 2804 1012 2876 possideret
1031 2805 1359 2862 subtantiam
1381 2809 1688 2873 morientis,
1713 2809 1764 2864 id
1783 2819 1866 2866 est
1884 2825 2056 2866 mem-

456 2893 550 2950 bra
575 2895 834 2952 humana.

527 2992 582 3048 5.
631 2992 767 3048 Ecce
794 2993 912 3047 vicit
945 2992 1021 3049 leo
1051 2993 1113 3048 de
1135 2993 1268 3048 tribu
1309 2992 1472 3056 Juda,
1496 2995 1650 3051 radix
1679 2994 1866 3050 Dauid.
1907 2996 2060 3053 Hunc

459 3085 674 3143 leonem
703 3087 771 3142 de
807 3087 948 3142 tribu
976 3087 1112 3144 Juda
1143 3088 1335 3144 vicisse
1370 3087 1422 3143 in
1451 3087 1651 3145 Genesi
1691 3089 1935 3159 legimus,
1969 3090 2057 3145 uhi

2167 1895 2446 1948 ferentem.
2498 1893 2706 1949 Novum
2758 1903 2870 1961 cst,
2919 1893 3085 1948 lilium
3136 1894 3227 1951 Dei
3290 1893 3555 1951 hominem
3607 1892 3720 1948 ﬁeri.

2164 1984 2370 2041 Novum
2398 1995 2501 2049 est.
2535 2002 2655 2042 cum
2678 2002 2906 2058 corpore
2936 1988 2988 2042 in
3013 1986 3182 2044 cozlos
3208 1987 3518 2044 ascendere.
3545 1985 3721 2041 Novum

2163 2091 2266 2146 est,
2288 2081 2658 2137 remissionem
2679 2089 3018 2150 peccatorum
3035 2081 3340 2137 hominibus
3357 2081 3503 2137 dare.
3521 2079 3721 2146 Novum,

2163 2186 2352 2229 sancto
2380 2174 2583 2244 Spiritu
2608 2173 2808 2245 signari
2838 2173 3102 2230 homines.
3132 2173 3340 2229 Novum
3377 2183 3479 2240 cst,
3506 2172 3725 2229 sacerdm

2165 2267 2294 2322 tium
2338 2267 2584 2337 accipere
2635 2283 2804 2323 sacra:
2840 2267 3267 2334 observationis,
3313 2279 3370 2325 et
3405 2283 3617 2339 regnum
3644 2280 3723 2321 ex-

2162 2369 2408 2428 spectare
2432 2357 2712 2414 immensae
2752 2359 3208 2429 repromissiOnis.
3241 2357 3460 2414 Cithara
3483 2370 3530 2415 et
3553 2356 3726 2413 chorda

2163 2453 2216 2507 in
2261 2452 2402 2524 ligno
2447 2463 2669 2510 extensa
2719 2454 2984 2526 signiﬁcat
3013 2469 3230 2510 carnem
3256 2451 3458 2510 Christi
3493 2450 3726 2525 passionis

2161 2546 2304 2610 ligno
2344 2546 2706 2618 conjunctam.
2754 2547 2934 2603 Phiala
2965 2548 3361 2605 Confessionem
3381 2591 3397 2616 ,
3430 2557 3483 2604 et
3512 2547 3625 2601 novi
3654 2559 3726 2600 sa-

2161 2637 2384 2693 cerdotii
2435 2641 2803 2710 propaginem.
2846 2639 3174 2711 Angelorum
3213 2649 3394 2696 autem
3445 2640 3723 2704 multorum,

2161 2732 2327 2786 immo
2370 2734 2610 2787 omnium
2649 2734 2783 2800 laus,
2825 2737 3063 2789 omnium
3095 2737 3241 2790 salus
3273 2746 3390 2804 est,
3423 2745 3478 2792 et
3515 2732 3730 2792 testimo.

2161 2824 2309 2879 nium
2333 2826 2601 2880 universa:
2625 2827 2918 2882 creationis
2944 2827 3171 2883 Domino
3189 2840 3380 2883 nostro
3409 2827 3727 2885 referentium

2161 2918 2569 2988 gratulationem
2598 2918 2934 2974 liberationis
2964 2920 3239 2974 hominum
3271 2921 3342 2976 de
3362 2920 3514 2976 clade
3543 2919 3726 2975 mortis.

2163 3008 2477 3080 Resignatio
2510 3011 2840 3082 sigillorum,
2871 3022 2928 3066 ut
2950 3011 3208 3080 diximus,
3243 3015 3456 3084 apertio
3483 3022 3563 3069 est
3591 3010 3730 3066 Vete-

2163 3105 2238 3159 ris
2287 3103 2654 3172 Testamenti,
2705 3115 2760 3161 et
2812 3105 3222 3177 praedicatorum
3273 3107 3644 3178 przenuntiatio
3690 3106 3732 3158 in

461 3180 630 3239 Jacob
676 3182 980 3254 patriarcha
1008 3182 1080 3237 ait
1107 3199 1120 3235 :
1149 3181 1290 3237 Juda
1320 3191 1367 3236 te
1393 3183 1676 3237 laudabunt
1723 3187 1908 3255 fratres
1937 3184 2009 3236 tui
2043 3199 2059 3237 :

2167 3197 2458 3253 novissimo
2519 3208 2764 3269 tempore
2809 3199 3138 3266 futurorum;
3171 3217 3290 3272 qua:
3336 3203 3462 3258 licet
3496 3201 3733 3270 scriptura

455 3277 727 3332 recubuisti
746 3319 762 3345 ,
793 3288 839 3333 et
871 3278 1135 3343 dormisti,
1178 3289 1225 3332 et
1259 3278 1527 3333 surrexisti
1567 3289 1825 3348 tamquam
1859 3277 1969 3340 leo,
2012 3287 2057 3332 et

456 3381 717 3438 tamquam
743 3372 947 3428 catulus
975 3372 1136 3427 leonis
1165 3370 1348 3440 (Gem,
1377 3387 1528 3438 xm,
1565 3372 1620 3439 8,
1654 3373 1732 3442 9).
1765 3371 1843 3427 Ad
1867 3371 2056 3427 devin-

455 3465 688 3520 cendum
730 3464 874 3520 enim
916 3475 1143 3519 mortem
1188 3465 1272 3520 leo
1310 3465 1484 3520 dictus
1510 3474 1623 3530 est;
1653 3465 1716 3519 ad
1751 3465 2057 3536 patiendum

456 3571 588 3612 vero
619 3573 716 3628 pro
749 3557 1080 3624 hominibus,
1124 3566 1377 3629 tanquam
1422 3573 1592 3628 agnus
1626 3559 1692 3612 ad
1733 3559 2057 3614 occisionem

460 3647 653 3706 ductus
694 3659 796 3705 est.
854 3649 960 3706 Sed
993 3650 1116 3720 quia
1160 3659 1390 3705 mortem
1431 3649 1659 3714 devicit,
1703 3659 1758 3705 et
1803 3651 2060 3718 praevenit

461 3743 730 3801 carniﬁcis
755 3743 1015 3810 officium,
1046 3743 1198 3814 quasi
1229 3744 1442 3799 occisus
1462 3743 1637 3799 dictus
1661 3753 1765 3799 est.
1799 3744 1892 3799 Hic
1930 3759 2060 3816 ergo

456 3838 632 3904 aperit
653 3845 709 3892 et
741 3837 999 3905 resignat,
1023 3835 1167 3906 quod
1195 3836 1310 3906 ipse
1329 3837 1636 3906 signaverat
1658 3848 2054 3892 testamentum.

454 3933 570 3990 Hoc
593 3931 912 4004 signiﬁcans
939 3930 1114 3986 Moses
1137 3931 1433 4001 legislator,
1462 3930 1606 4002 quod
1633 3931 1915 4001 oportebat
1938 3945 2060 3986 esse

453 4028 723 4098 signatum
739 4037 794 4098 et
811 4025 1043 4081 celatum
1065 4039 1235 4095 usque
1249 4023 1315 4079 ad
1331 4024 1620 4080 adventum
1639 4025 1904 4094 passionis
1920 4025 2055 4095 ejus,

453 4120 654 4177 velavit
712 4095 902 4175 faciem
960 4134 1152 4186 suam,
1183 4125 1238 4173 et
1283 4117 1361 4172 sic
1409 4127 1493 4173 est
1543 4117 1742 4187 popqu
1789 4117 1999 4172 locutus
2043 4135 2058 4172 :

454 4211 750 4270 ostendens
782 4213 956 4268 velata
1001 4226 1122 4267 esse
1149 4211 1313 4266 verba
1359 4208 1758 4280 przedicatiouis
1803 4225 1970 4279 usque
1993 4209 2061 4264 ad

455 4303 744 4360 adventum
794 4302 1052 4374 temporis
1096 4302 1235 4374 ejus.
1270 4300 1401 4357 Nam
1435 4309 1488 4356 et
1521 4301 1636 4372 ipse
1676 4317 1796 4356 cum
1844 4301 2064 4371 legisset

455 4398 676 4469 ροῃυιο,
723 4405 945 4468 accepta
999 4397 1120 4452 lana
1150 4396 1365 4451 succina
1399 4394 1501 4467 (1),
1534 4396 1795 4466 sanguine
1834 4394 1980 4448 vituli
2010 4403 2065 4450 et

454 4508 590 4563 aqua
635 4492 872 4562 aspersit
918 4492 1175 4561 populum
1227 4491 1540 4545 universum
1579 4489 1814 4545 dicens:
1857 4489 1954 4544 Hic
1982 4496 2064 4545 est

2163 3295 2472 3366 prOphctica
2509 3310 2602 3366 per
2632 3294 2839 3366 singula
2879 3296 3050 3366 sigilla
3082 3296 3245 3364 dicat,
3287 3297 3542 3353 omnibus
3581 3305 3734 3350 tamen

2162 3391 2342 3457 simul,
2373 3391 2578 3462 apertis
2612 3391 2842 3462 sigillis,
2875 3391 3119 3448 ordinem
3159 3408 3316 3450 suum
3365 3393 3528 3449 habet
3569 3387 3736 3463 pra-di-

2161 3484 2326 3540 catio.

2744 3607 2836 3659 ἐι
2861 3618 3052 3660 ωριτε
3078 3619 3154 3658 v1.

2237 3740 2287 3795 1,
2313 3738 2367 3794 2.
2401 3740 2600 3796 Etcum
2622 3742 2900 3813 aperuisset
2918 3759 3083 3816 agnus
3101 3760 3258 3798 unum
3272 3745 3538 3817 deseptem
3559 3739 3736 3814 sigillis,

2161 3830 2262 3886 vidi
2290 3842 2336 3886 et
2360 3834 2534 3888 audivi
2561 3852 2719 3890 unum
2751 3836 2815 3890 de
2845 3848 3065 3908 quatuor
3092 3839 3404 3894 animalibus
3431 3841 3619 3905 dicens,
3634 3832 3742 3889 Veni

2163 3937 2209 3981 et
2231 3928 2362 3983 vide.
2395 3927 2462 3984 Et
2490 3945 2602 3984 ecce
2621 3932 2953 4001 equusalbus
2972 3974 2988 3999 ,
3025 3943 3072 3988 et
3097 3935 3184 4005 qui
3209 3935 3420 3991 sedebat
3439 3950 3590 4007 super
3613 3931 3741 3984 illum

2164 4023 2351 4078 habens
2378 4041 2576 4078 arcum.
2628 4025 2833 4095 Aperto
2873 4026 3050 4098 sigillo
3091 4029 3264 4098 primo
3306 4029 3442 4085 dicit
3471 4044 3532 4084 se
3571 4025 3742 4081 vidisse

2165 4132 2359 4186 equum
2379 4117 2560 4173 album
2578 4126 2630 4172 et
2644 4119 2882 4189 equitem
2900 4131 3218 4176 coronatum
3239 4121 3534 4178 habentem
3555 4129 3738 4174 arcum.

2165 4207 2280 4266 Hoc
2308 4211 2448 4265 enim
2499 4226 2594 4282 per
2637 4212 2810 4283 ipsum
2857 4213 3030 4283 primo
3075 4212 3273 4270 factum
3314 4227 3423 4272 est.
3477 4215 3744 4284 Postquam

2166 4303 2306 4358 enim
2335 4305 2577 4360 ascendit
2605 4306 2660 4362 in
2683 4308 2852 4363 celos
2876 4308 3222 4369 Dominus.et
3243 4311 3461 4382 aperuit
3491 4311 3740 4370 universa.

2167 4397 2313 4451 misit
2345 4397 2600 4466 Spiritum
2639 4410 2884 4456 sanctum
2907 4445 2922 4468 ,
2970 4403 3125 4471 cujus
3160 4403 3322 4458 verba
3385 4403 3745 4474 pra-dicatores

2168 4496 2437 4558 tamquam
2495 4490 2716 4559 sagittas
2771 4491 2840 4545 ad
2891 4506 2986 4547 cor
3048 4493 3343 4550 humanum
3401 4496 3742 4565 pertingentes

455 4588 672 4654 sanguis
727 4584 1038 4640 testamenti
1078 4583 1228 4655 ejus,
1261 4583 1350 4652 qui
1385 4582 1665 4637 mundavit
1693 4597 1789 4638 vos
1837 4581 2058 4654 (Exod.,
2086 4609 2139 4671 Ι)
2166 4581 2460 4638 emiserunt
2489 4580 2586 4654 (2),
2619 4591 2679 4637 ut
2715 4584 3027 4640 evincerent
3060 4585 3520 4642 incredulitatem.
3554 4585 3743 4642 Corona

456 4694 610 4740 XXIV.
635 4677 688 4745 7,
719 4675 798 4749 8).
822 4676 1190 4732 Animadverti
1221 4677 1382 4747 igitur
1403 4685 1618 4748 oportet
1635 4675 1906 4731 hominem
1935 4676 2056 4732 dili-

454 4783 646 4844 genter
669 4769 987 4842 praedicare,
1011 4771 1328 4826 etuniversa
1349 4770 1403 4825 in
1421 4785 1590 4825 uuttm
1609 4769 1906 4826 colui-rere.
1928 4769 2060 4827 Nam

458 4882 568 4925 non
600 4865 800 4922 sufﬁcit
830 4865 1002 4936 legem
1052 4865 1198 4920 illam
1231 4864 1375 4930 dici,
1420 4863 1516 4920 sed
1558 4875 1640 4920 est
1683 4872 2060 4922 testamentum

461 4960 736 5018 nominata
768 4967 878 5014 est.
912 4957 1064 5013 Nulla
1104 4958 1247 5012 enim
1281 4957 1368 5014 lex
1409 4966 1785 5012 testamentum
1816 4967 2058 5021 Vocatur,

455 5070 556 5112 nec
599 5061 982 5109 testamentum
1038 5050 1180 5106 aliud
1235 5051 1455 5115 dicitur,
1506 5049 1607 5105 nisi
1657 5051 1799 5119 quod
1860 5052 2060 5108 faciunt

456 5147 726 5205 morituri.
757 5145 823 5201 Et
843 5144 1222 5216 quodcumque
1249 5144 1576 5200 intrinsecus
1605 5147 1911 5202 testamenti
1939 5156 2056 5215 est,

456 5245 726 5314 signatum
769 5253 854 5299 est
891 5255 1062 5310 usque
1100 5239 1168 5294 ad
1195 5239 1339 5296 diem
1371 5240 1563 5296 mortis
1605 5242 1896 5297 testatoris.
1929 5240 2056 5296 Ideo

456 5336 618 5394 modo
642 5337 839 5393 merito
878 5333 1123 5405 signatur
1148 5347 1244 5404 per
1267 5348 1464 5404 agnum
1505 5333 1764 5403 occisum,
1795 5334 1886 5406 qui
1915 5343 2056 5388 tam-

2166 4685 2344 4732 autem
2372 4692 2536 4745 super
2565 4688 2725 4748 caput
2755 4678 3198 4748 praedicatoribus
3239 4691 3322 4737 est
3356 4681 3617 4752 promissa
3665 4691 3744 4748 per

2167 4768 2425 4838 Spiritum
2454 4777 2719 4824 sanctum.
2753 4770 2949 4825 Cteteri
2977 4779 3085 4826 tres
3109 4772 3266 4842 equi,
3303 4774 3444 4828 bella
3467 4815 3483 4841 ,
3509 4775 3671 4827 fames
3701 4774 3748 4824 et

2167 4861 2501 4932 pestilentias
2530 4861 2581 4916 iu
2611 4861 2908 4934 Evangelio
2935 4879 2964 4917 a
2995 4863 3222 4920 Domino
3251 4876 3445 4921 nostro
3477 4864 3744 4935 przedicata

2167 4956 2499 5011 manifestius
2515 4955 2836 5026 signiﬁcant.
2875 4955 3103 5027 Ideoque
3133 4957 3236 5023 ait,
3267 4973 3438 5014 unum
3467 4957 3538 5014 de
3562 4955 3746 5011 anima-

2167 5049 2306 5104 libus
2325 5049 2526 5105 dixiSse
2556 5049 2701 5120 (quia
2732 5049 2914 5104 omnia
2940 5059 3170 5121 quatuor
3207 5066 3376 5106 unum
3409 5051 3558 5121 sunt)
3582 5091 3597 5114 ,
3637 5042 3746 5100 Veni

2164 5153 2210 5198 et
2235 5143 2367 5197 vide.
2397 5141 2530 5197 Veni
2570 5142 2767 5198 dicitur
2804 5141 3029 5198 invitato
3068 5143 3135 5198 ad
3184 5143 3364 5199 ﬁdem.
3410 5143 3544 5198 Vide
3569 5138 3745 5196 dicitur

2161 5235 2234 5302 ei,
2275 5234 2367 5305 qui
2402 5250 2508 5289 nou
2550 5235 2784 5291 videbat.
2839 5235 2978 5306 Ergo
3023 5250 3196 5306 equus
3238 5236 3400 5292 albus
3428 5237 3646 5291 verbum
3674 5235 3746 5285 est

2159 5331 2555 5402 praedicationis
2583 5345 2705 5388 cum
2735 5332 2936 5404 Spiritu
2961 5343 3147 5390 sancto
3191 5334 3244 5390 in
3277 5334 3467 5391 orbem
3511 5334 3736 5391 missum.

1811 5473 2381 5534 COMMENTARIUS.

459 5629 641 5682 sensu,
668 5613 1022 5672 restituimus.

530 5687 609 5758 (1)
640 5686 884 5758 succina.
913 5687 991 5742 Ex
1021 5685 1152 5742 Heb.
1175 5703 1250 5754 ix,
1278 5683 1368 5740 20.
1397 5683 1686 5757 legendum
1708 5683 1920 5740 videtur
1945 5699 2060 5741 coc-

462 5759 623 5813 cinea.
654 5757 930 5813 GALLAND.

534 5827 615 5901 (2)
659 5827 966 5920 Emiserunt.
998 5830 1296 5888 Dietioncm
1326 5829 1467 5888 hanc
1495 5830 1815 5902 (emiserunt)
1843 5829 2054 5887 addidi-

2170 5627 2313 5678 mus,
2343 5621 2397 5669 et
2424 5615 2636 5691 sagittas
2663 5615 2751 5672 ubi
2775 5617 2975 5688 sagitta:
3003 5618 3149 5688 prius
3187 5619 3492 5691 legebatur,
3528 5612 3746 5690 reposniv

2163 5703 2325 5741 mus:
2362 5687 2531 5741 cuivis
2568 5699 2715 5743 certe
2763 5687 2954 5744 molior
2992 5687 3107 5747 hmc
3152 5687 3310 5748 lectio
3361 5693 3530 5749 videri
3583 5687 3743 5751 debet.

2162 5774 2322 5886 33am
2353 5758 2440 5814 illa
2468 5759 2703 5832 antiquae
2729 5761 3011 5834 scripturzc
3031 5805 3044 5832 ,
3071 5764 3155 5822 cui
3187 5780 3288 5822 nos
3313 5780 3425 5822 non
3459 5764 3608 5822 valde
3632 5775 3744 5819 con-

2243 5845 2404 5886 imus.
