3904 6316
481 355 622 414 351-

1698 348 1756 406 S.
1795 339 2140 406 VICTORINI
2175 337 2466 399 SCHOLIA
3653 333 3738 392 332

483 477 859 541 tentationem,
887 475 980 528 en’t
1013 472 1148 529 enim
1167 471 1407 544 angustia
1428 485 1632 543 magna,
1669 471 1838 540 quatis
1857 487 1961 526 non
1989 468 2088 540 fuit
2114 469 2166 528 Α
2191 478 2264 520 est
2282 463 2540 520 silentium
2567 459 2622 514 in
2647 458 2773 514 calo
2795 455 2962 512 media
2987 459 3146 530 ferme
3175 454 3324 510 hora.
3345 451 3446 508 Per
3464 450 3591 524 quod
3605 453 3738 524 signi-

487 571 550 624 ab
573 569 766 640 origine
785 567 962 620 mundi
980 582 1000 620 :
1019 576 1066 620 et
1087 565 1184 620 nisi
1201 564 1532 619 abbreviasset
1553 562 1806 618 Dominus
1819 563 1925 616 dies
1943 562 2084 627 illos,

486 679 586 716 non
615 667 740 714 esset
770 659 912 713 salva
953 657 1118 712 omnis
1155 673 1274 712 caro
1309 654 1530 728 (Mare,
1565 655 1678 720 xtii,
1722 651 1940 725 18-20).
1977 652 2087 708 llos

485 769 614 826 ergo
655 749 1008 824 archangelos
1049 765 1274 822 magnos
1309 748 1630 820 septemgad
1677 745 2090 817 percutiendum

483 861 708 920 regnum
747 846 1048 902 antichristi
1084 846 1298 911 mittet;
1349 859 1472 900 nam
1517 854 1572 900 et
1619 844 1735 914 ipse
1781 845 1852 898 ita
1891 841 2030 897 dixit
2070 856 2084 894 :

487 941 631 996 Tunc
661 941 820 994 mittet
843 937 1014 994 Filius
1036 939 1256 994 hominis
1273 939 1478 994 nuntios
1499 955 1620 992 suos
1647 937 1754 1008 (l),
1783 947 1829 991 et
1852 935 2092 1007 colligent

483 1033 664 1089 electos
685 1035 795 1104 ejus
815 1033 878 1088 tle
898 1043 1116 1102 quatuor
1143 1033 1346 1105 angulis
1361 1034 1496 1088 uenti
1521 1049 1554 1086 ιι
1583 1030 1771 1102 ﬁnibus
1797 1029 1914 1085 τίειὲ
1933 1045 2092 1100 usque

483 1129 552 1181 ad
574 1127 700 1197 ﬁnes
739 1129 850 1201 ejus
879 1127 1102 1196 (Mam,
1139 1143 1256 1193 xm,
1287 1127 1404 1202 27).
1439 1125 1574 1182 Nam
1623 1136 1678 1182 et
1715 1133 1841 1182 ante
1879 1126 1955 1180 ait
1993 1133 2092 1193 per

479 1223 804 1294 Prophetam
835 1242 848 1276 :
877 1222 1024 1278 Tunc
1053 1223 1146 1277 erit
1174 1237 1278 1294 pan;
1297 1232 1448 1276 terra:
1475 1231 1686 1286 nostrae,
1711 1235 1830 1274 cum
1851 1233 2092 1274 surrexe-

477 1319 584 1372 rint
607 1319 662 1371 in
691 1333 750 1372 ea
765 1327 955 1388 septem
983 1325 1238 1389 pastores,
1269 1323 1318 1369 et
1346 1325 1462 1370 acto
1497 1329 1700 1368 morsus
1721 1313 2016 1378 hominum,
2047 1319 2094 1364 et

483 1409 802 1482 indagabunt
834 1411 1014 1476 Assur,
1046 1409 1098 1464 id
1127 1417 1211 1465 est
1238 1407 1640 1478 antichristum,
1667 1407 1723 1460 in
1757 1407 1894 1478 fossa
1925 1403 2094 1458 Nem-

483 1503 632 1559 broth
660 1503 872 1576 (Hicin,
912 1519 964 1570 v,
1012 1503 1067 1566 5,
1121 1503 1204 1572 6),
1261 1503 1314 1557 id
1353 1512 1444 1558 est
1498 1503 1549 1556 in
1595 1499 1814 1556 natione
1871 1497 2091 1566 diaboli,

483 1598 741 1654 Ecclesiae
771 1599 988 1669 spiritu.
1019 1597 1281 1654 Similiter
1307 1609 1430 1652 cum
1461 1597 1590 1652 moti
1619 1595 1820 1652 fuerint
1839 1593 2098 1649 custodes

481 1689 694 1746 domus.
717 1688 836 1761 Ipse
860 1699 1038 1746 autem
1065 1689 1328 1747 Dominus
1349 1689 1400 1744 in
1431 1689 1686 1759 parabole
1713 1688 1780 1743 ad
1793 1687 2094 1758 apostolos,

479 1799 602 1840 cum
633 1783 880 1840 venissen
901 1785 988 1840 tad
1003 1799 1129 1841 eum
1149 1786 1411 1855 cperarii,
1443 1797 1498 1840 et
1519 1785 1782 1839 dixissent
1811 1799 1826 1836 :
1851 1783 2092 1847 Domine,

481 1895 650 1932 nonne
692 1878 879 1932 bonum
909 1895 1078 1933 semen
1124 1879 1388 1934 seminasti
1427 1880 1479 1932 in
1517 1895 1640 1949 agro
1663 1887 1770 1942 tuo,
1801 1881 1939 1932 unde
1971 1893 2094 1947 ergo
2125 1874 2173 1936 B

479 1971 549 2026 ibi
573 1971 798 2026 lolium?
821 1972 1085 2042 respondit
1107 1973 1178 2027 eis
1208 1989 1227 2027 :
1252 1971 1504 2026 Inimicus
1523 1972 1675 2026 homo
1703 1972 1796 2026 hoc
1824 1975 1943 2042 fecit
1967 1989 1986 2026 :
2007 1971 2093 2024 cui

480 2065 740 2134 dixerunt,
775 2065 863 2124 Vis
890 2067 1076 2122 ibimus
1109 2066 1187 2140 (9.)
1211 2077 1256 2122 et
1285 2067 1656 2122 eradicabimus
1689 2065 1861 2121 illud?
1879 2068 1968 2137 qui
1995 2067 2088 2133 ait,

482 2159 626 2226 Non,
657 2161 745 2216 sed
768 2161 921 2216 sinite
945 2171 1162 2233 utraque
1181 2177 1405 2216 crescere
1428 2177 1582 2232 usque
1611 2162 1678 2214 ad
1707 2177 1941 2224 messem,
1963 2169 2012 2214 et
2041 2161 2095 2213 in

483 2263 710 2326 tempore
747 2254 924 2308 messis
959 2255 1129 2308 dicant
1165 2253 1494 2320 messoribus,
1524 2254 1766 2324 colligere
1802 2253 2002 2318 lolium,
2045 2259 2096 2306 et

483 2349 652 2418 facere
674 2347 964 2417 manipulos
987 2346 1228 2419 (Matth.,
1261 2363 1378 2415 xui,
1395 2345 1610 2418 27-50),
1640 2357 1694 2401 et
1715 2361 1960 2402 cretuare
1985 2345 2094 2416 igni

483 2448 714 2506 aeterno,
747 2439 980 2495 triticum
1001 2448 1184 2494 autem
1213 2439 1470 2511 colligere
1503 2439 1558 2494 in
1589 2437 1784 2494 horrea
1812 2453 1954 2494 mea.
1981 2433 2096 2494 l-los

483 2533 645 2605 igitur
687 2547 956 2588 messores
981 2543 1036 2588 et
1063 2543 1308 2602 pastores
1347 2542 1402 2588 et
1429 2532 1706 2603 operarios
1729 2531 1852 2588 heic
1877 2533 2092 2602 Apoca-

497 2628 666 2698 lypsis
694 2625 931 2683 ostendit
955 2641 1080 2682 esse
1105 2626 1345 2696 angelos.
1381 2623 1527 2682 Tuba
1555 2634 1734 2680 autem
1765 2609 1987 2680 verbum
2011 2633 2104 2681 est:

485 2721 793 2791 potestatis.
835 2719 904 2774 Et
947 2719 1072 2776 licet
1106 2727 1316 2790 repetat
1359 2733 1456 2789 per
1501 2719 1747 2787 phialas,
1777 2733 1884 2774 non
1915 2727 2098 2774 tamen

484 2813 639 2884 quasi
663 2811 748 2868 bis
783 2811 986 2868 factum
1017 2805 1216 2868 dicitur
1239 2831 1252 2866 :
1277 2812 1371 2867 sed
1390 2812 1641 2882 quoniam
1661 2812 1830 2868 semel
1859 2811 2098 2868 futuram

487 2913 591 2970 est,
619 2903 764 2976 quod
789 2913 873 2960 est
899 2919 929 2958 a
963 2903 1194 2960 Domino
1225 2903 1504 2959 decretum
1535 2913 1593 2958 ut
1620 2905 1730 2971 ﬁat,
1765 2904 1886 2959 ideo
1903 2905 1991 2958 bis
2019 2903 2100 2958 di-

489 2999 648 3055 citur.
677 2999 830 3067 Quod
857 3013 987 3070 ergo
1015 2999 1069 3054 in
1101 2999 1250 3054 tubis
1281 3001 1457 3054 minus
1483 2997 1636 3064 dixit,
1671 2999 1792 3054 heic
1823 2999 1876 3053 in
1903 2997 2099 3068 phialis

488 3103 590 3150 est.
639 3091 759 3148 Non
806 3092 1148 3164 aspiciendus
1191 3102 1276 3148 est
1327 3091 1459 3147 ordo
1505 3091 1793 3156 dictorum,
1845 3093 2101 3163 quoniam

489 3203 638 3259 saepe
661 3187 891 3258 Spiritus
923 3198 1162 3254 sanctus,
1191 3186 1288 3242 ubi
1315 3187 1382 3242 ad
1423 3187 1702 3242 novissimi
1733 3188 2002 3258 temporis
2033 3189 2100 3241 ti-

2193 559 2382 614 ﬁcatur
2409 557 2616 612 initiqu
2645 552 2838 624 quietis
2866 561 3082 608 aeternae
3109 569 3123 606 :
3155 551 3248 606 sed
3275 559 3473 618 partem
3493 546 3740 612 intellexit,

2193 654 2316 724 quia
2346 653 2645 720 interrupto
2669 647 2883 702 silentio
2901 662 3017 701 eam
3043 660 3140 716 per
3157 643 3402 698 ordinem
3425 639 3744 710 repetit.l\‘am

2195 748 2238 802 si
2261 755 2404 804 esset
2433 745 2559 814 iuge
2585 743 2860 798 silentium
2885 784 2898 806 ,
2937 741 3056 796 heic
3083 740 3202 794 linis
3223 737 3472 792 narrandi
3503 735 3655 790 ﬁeret.

2269 840 2358 895 ‘15.
2395 836 2460 892 Et
2485 837 2588 892 uidi
2615 852 2773 890 unum
2803 833 3040 906 angelum
3067 833 3316 888 volantem
3341 847 3430 898 per
3453 828 3651 884 medium
3669 845 3746 882 cae-

2196 934 2322 988 lum.
2375 931 2477 986 Per
2525 929 2772 1002 angelum
2825 943 2922 998 per
2975 925 3206 982 medium
3267 923 3460 980 cadum
3517 921 3746 976 volantem

2195 1029 2425 1100 Spiritus
2469 1033 2689 1080 sanctus
2755 1020 3106 1094 significatur,
3159 1019 3214 1074 in
3261 1017 3468 1074 duobus
3517 1011 3749 1086 prophetis

2197 1128 2503 1178 contestans
2529 1132 2774 1188 magnam
2799 1115 3075 1186 plagarum
3097 1111 3231 1167 iram
3257 1109 3548 1166 imminere.
3574 1103 3622 1162 Si
3646 1120 3751 1176 quo-

2199 1212 2359 1268 modo
2379 1211 2604 1282 quisque
2633 1209 2822 1264 volens
2848 1208 2916 1262 sit
2949 1206 3250 1262 novissimo
3293 1213 3528 1273 tempore
3563 1215 3748 1255 conver-

2199 1320 2312 1372 sus,
2345 1313 2400 1358 ut
2423 1303 2616 1373 aliquis
2642 1301 2818 1356 adhuc
2842 1300 3021 1355 salvus
3042 1313 3161 1354 esse
3201 1299 3394 1368 possit.

2790 1433 2864 1472 EX
2903 1431 3100 1472 CAPITE
3129 1431 3206 1472 IK.

2273 1559 2362 1624 l5,
2393 1557 2476 1614 ll.
2517 1555 2580 1612 Et
2611 1555 2781 1610 audivi
2829 1561 3001 1610 vocem
3045 1571 3200 1608 unam
3227 1569 3290 1609 ea:
3316 1561 3531 1624 quatuor
3561 1551 3758 1607 cornibus

2199 1649 2375 1704 altaris
2397 1651 2534 1704 aurei
2557 1649 2691 1720 quod
2719 1658 2789 1703 est
2811 1649 2862 1702 in
2901 1655 3174 1716 conspectu
3213 1641 3306 1701 Dei
3327 1689 3341 1712 ,
3375 1639 3614 1700 dicentem
3637 1653 3758 1698 sexto

2203 1744 2389 1816 angelo
2419 1745 2503 1814 qui
2541 1743 2754 1797 habebat
2795 1741 2967 1796 tubam
2999 1758 3016 1795 :
3052 1737 3205 1797 Solve
3253 1751 3470 1811 quatuor
3489 1739 3691 1811 angelos.
3715 1737 3762 1792 Id

2203 1847 2305 1902 est,
2338 1847 2567 1908 quatuor
2597 1835 2820 1908 angulos
2869 1844 3028 1890 terra:
3061 1839 3312 1890 tenentes
3342 1844 3564 1902 quatuor
3587 1841 3762 1887 ventos.

2277 1934 2378 1999 Qui
2401 1923 2546 2004 ligati
2567 1943 2682 1986 sunt
2704 1933 2770 1984 ad
2791 1929 3004 2001 [luvium
3037 1947 3278 2000 magnum
3325 1925 3645 1998 Euphratem.
3683 1925 3764 1980 Per

2200 2029 2426 2099 a‘ngu‘los
2451 2038 2633 2092 teme,
2667 2029 2779 2082 sive
2809 2036 3040 2098 quatuor
3065 2035 3261 2081 ventos
3287 2033 3436 2081 trans
3481 2019 3766 2093 Euphratem

2201 2121 2449 2192 ﬂuvium,
2479 2125 2667 2194 gentes
2694 2131 2818 2177 sunt
2840 2131 3089 2192 quatuor,
3117 2119 3240 2191 quia
3275 2117 3424 2172 omni
3464 2117 3599 2187 genti
3629 2113 3766 2184 depu-

2203 2227 2346 2272 tatus
2375 2227 2457 2272 est
2485 2217 2728 2286 angelus,
2753 2217 2892 2270 sicut
2925 2216 3012 2269 lex
3033 2213 3165 2269 dicit
3203 2229 3216 2265 :
3248 2207 3448 2268 Statuit
3476 2227 3556 2265 eos
3583 2225 3666 2278 per
3691 2223 3770 2260 nu-

2204 2327 2398 2365 merum
2422 2311 2720 2383 angelorum
2751 2309 2847 2363 Dei
2871 2307 3074 2382 (Deut.,
3105 2323 3271 2372 xxxu,
3301 2305 3382 2379 8),
3411 2309 3577 2360 donec
3595 2311 3773 2358 sancto—

2211 2419 2331 2459 rum
2363 2405 2646 2476 expleatur
2685 2419 2940 2459 numerus
2972 2423 2985 2458 :
3017 2419 3144 2458 suos
3175 2417 3281 2457 non
3323 2397 3660 2472 egrediuntur
3683 2405 3773 2450 ter-

2205 2499 2400 2565 minos,
2440 2500 2560 2569 quia
2605 2503 2658 2554 in
2701 2500 2996 2555 novissimo
3043 2514 3166 2554 cum
3207 2497 3527 2552 antichristo
3570 2492 3770 2549 vcnient.

2827 2642 2896 2682 ex
2935 2623 3124 2681 cari'rn
3165 2639 3225 2678 κ.

2277 2743 2333 2804 ί,
2374 2741 2429 2796 9.
2471 2741 2588 2796 Vidi
2615 2741 2836 2796 alterum
2863 2740 3108 2810 angelum
3129 2741 3314 2810 fortem
3337 2733 3707 2793 descendentem
3728 2727 3774 2782 dc

2215 2836 2362 2900 caelo,
2399 2837 2642 2890 amictum
2669 2835 2802 2890 nube
2825 2877 2840 2902 ,
2873 2845 2922 2890 et
2951 2843 3058 2888 erat
3095 2833 3190 2886 iris
3231 2847 3392 2902 super
3437 2837 3585 2900 caput
3609 2827 3722 2898 ejus.
3743 2829 3779 2874 ιι

2211 2927 2370 2995 facies
2399 2927 2511 2998 ejus
2531 2937 2800 2998 tamquam
2829 2927 2930 2992 sol,
2955 2935 3002 2980 et
3032 2925 3182 2996 pelles
3209 2925 3322 2994 ejus
3341 2933 3602 2994 tamquam
3621 2917 3781 2973 colum-

2209 3035 2290 3074 na:
2319 3021 2488 3090 ignis:
2521 3030 2568 3074 et
2599 3021 2814 3074 habebat
2844 3021 2898 3074 in
2939 3035 3096 3072 manu
3127 3033 3224 3072 sua
3263 3017 3456 3071 librum
3489 3023 3719 3084 apertum,
3745 3017 3780 3060 et

2209 3116 2378 3185 posuit
2403 3114 2583 3184 pedem
2607 3131 2756 3170 suum
2783 3115 3022 3170 dextrum
3049 3128 3202 3183 super
3231 3128 3390 3176 mare,
3421 3111 3670 3166 sinistrum
3703 3117 3780 3156 att-

2209 3217 2310 3262 tem
2329 3225 2481 3278 super
2509 3219 2714 3264 terram.
2758 3209 3024 3280 Angelum
3055 3207 3214 3262 istum
3243 3205 3442 3262 fortem
3469 3247 3484 3268 ,
3507 3215 3656 3274 quem
3679 3194 3782 3252 dicit

493 3295 616 3335 nem
645 3280 973 3350 percurrerit
995 3322 1009 3344 ,
1037 3291 1222 3334 rursu
1250 3277 1318 3333 ad
1347 3277 1534 3334 eadem
1565 3287 1806 3348 tempora
1837 3279 2012 3346 redit,
2045 3287 2102 3334 et
2133 3285 2178 3347 C
2213 3277 2560 3358 descendisse
2587 3302 2654 3356 de
2698 3277 3133 3358 cmlo'amicwm
3181 3300 3359 3363 nube,
3403 3297 3674 3352 Dominum
3709 3301 3784 3344 no.

493 3371 712 3443 supplet
735 3387 797 3428 ea
818 3389 937 3443 quae
966 3375 1144 3426 minus
1165 3371 1334 3427 dixit:
1364 3387 1461 3427 nec
1492 3373 1848 3442 requirendus
1869 3382 1952 3428 est
1973 3371 2107 3428 ordo

497 3463 550 3518 in
595 3463 956 3536 Apocalypsi,
987 3464 1084 3520 sed
1121 3447 1428 3519 intellectus
1467 3463 1774 3533 sequendus
1806 3475 1887 3520 est
1917 3481 2104 3520 eorum

496 3557 616 3626 quae
648 3558 961 3630 prophetale
1006 3565 1151 3614 sunt.
1201 3557 1336 3614 Sunt
1365 3559 1523 3628 igitur
1549 3555 1848 3629 signiﬁcata
1878 3559 1928 3614 in
1961 3559 2106 3615 tubis

497 3661 552 3708 et
573 3652 769 3722 'phialis
817 3659 908 3706 aut
946 3651 1220 3722 plagarum
1259 3649 1376 3708 orbi
1419 3651 1706 3706 missarum
1757 3643 1958 3722 clades,
2017 3653 2109 3708 adt

499 3743 666 3814 ipsius
703 3743 1007 3822 antichristi
1055 3743 1286 3814 insania,
1327 3757 1418 3800 aut
1459 3747 1778 3818 pepulerunt
1819 3737 2105 3816 detractio,

501 3847 592 3893 aut
621 3838 898 3909 plagarum
939 3835 1237 3892 differentia
1263 3882 1276 3904 ,
1310 3846 1402 3894 aut
1439 3855 1561 3908 spes
1603 3839 1654 3894 in
1692 3849 1858 3912 regno
1905 3849 2110 3897 sancto-

503 3933 645 4008 rt'tm,
676 3941 768 3986 aut
795 3933 949 3985 ruina
970 3911 1265 3998 civ’itatuni,
1285 3941 1376 3986 aut
1393 3932 1553 3986 'ruina
1579 3941 1769 4004 magna
1795 3925 2106 4005 Babylonis,

506 4011 686 4092 idest,
720 4023 950 4078 civitatis
981 4031 1241 4078 romana).

577 4113 632 4170 9.
663 4113 790 4170 Post
812 4117 918 4171 lucc
947 4113 1072 4184 vidi,
1104 4113 1170 4171 Et
1196 4131 1306 4171 ecce
1329 4117 1482 4172 turba
1503 4119 1676 4172 "multa
1699 4119 2110 4190 quam‘dinume-

507 4215 623 4265 rare
663 4227 807 4267 nemo
847 4223 1044 4286 poterat
1085 4229 1147 4268 ex
1189 4213 1328 4267 omni
1355 4217 1526 4285 gente,
1561 4216 1716 4282 tribu,
1746 4223 1790 4270 et
1828 4215 2032 4286 populis
2064 4225 2112 4269 et

511 4301 722 4374 linguis,
746 4307 915 4360 anticti
942 4305 1084 4360 stolis
1111 4303 1257 4360 albis.
1301 4305 1454 4375 Quod
1489 4307 1626 4362 dicit
1655 4309 1806 4362 turba
1835 4309 1999 4363 multa
2033 4311 2112 4364 'ex

511 4397 658 4451 omni
689 4397 850 4464 tribu,
876 4403 942 4454 ex
974 4397 1222 4454 omnibus
1245 4399 1588 4454 credentibus
1611 4401 1904 4455 electorum
1927 4403 2113 4456 nume-

507 4483 632 4544 rum
686 4491 938 4560 OStendit,
969 4495 1057 4566 qui
1101 4495 1152 4548 in
1181 4491 1440 4565 sanguine
1484 4483 1620 4566 Ἀιςηὶ
1653 4509 1748 4564 per
1781 4483 2114 4566 baptismum

509 4587 722 4674 purgati
746 4602 869 4642 suas
897 4587 1062 4643 stolas
1085 4587 1325 4644 fecerunt
1349 4585 1603 4644 candidas
1629 4631 1644 4656 ,
1675 4583 1952 4646 servantes
1987 4603 2118 4662 grav

515 4677 643 4734 liam
665 4681 823 4750 quam
851 4689 1191 4752 acceperunt.

1091 4829 1386 4875 ux-csrt'rn
1409 4825 1524 4876 tetu.

2215 3403 2386 3450 strum
2417 3411 2540 3450 esse
2567 3396 2856 3467 signiﬁcat,
2891 3395 3030 3450 sicut
3057 3395 3310 3464 superius
3331 3394 3706 3449 enarravimus.

2289 3487 2474 3544 Facies
2505 3489 2616 3559 ejus
2643 3489 2772 3542 sicut
2795 3487 2897 3544 sol.
2931 3486 2984 3542 Id
3014 3497 3120 3548 est.
3157 3487 3226 3542 de
3247 3485 3669 3542 resurrectione.

2291 3581 2461 3652 Super
2503 3591 2660 3652 caput
2707 3581 2822 3652 ejus
2865 3582 2977 3636 iris.
3025 3580 3295 3636 Judicittm
3340 3579 3517 3634 innuit
3542 3574 3686 3648 quid.
3711 3581 3785 3640 Pel'

2221 3673 2369 3730 illum
2393 3674 2599 3730 .l'actum
2623 3682 2726 3740 est,
2759 3683 2852 3728 aut
2865 3673 3111 3728 futurum
3139 3682 3244 3728 est.

2289 3767 2442 3824 Liber
2463 3777 2692 3838 apertus.
2709 3767 3000 3824 Reve-latio
3029 3781 3257 3838 operum
3285 3767 3354 3822 in
3383 3765 3576 3822 futuro
3593 3755 3783 3832 judicio.

2221 3863 2308 3918 vel
2339 3861 2694 3934 Apocalypsis
2723 3877 2882 3932 quam
2907 3863 3117 3930 accepit
3141 3860 3404 3916 Joannes.

2295 3955 2462 4012 Pedes
2479 3958 2614 4028 ejus.
2637 3955 2712 4012 -Ut
2725 3955 2988 4026 superius
3011 3953 3268 4022 diximus,
3283 3961 3414 4010 sunt
3425 3949 3662 4024 apostoli.
3679 3942 3786 4000 Nam

2221 4049 2418 4104 calcari
2443 4049 2512 4104 ab
2559 4064 2625 4104 eo
2669 4057 2727 4104 et
2765 4048 2972 4102 marina
3017 4055 3075 4102 et.
3111 4057 3348 4114 terrena,
3389 4046 3570 4102 omnia
3595 4036 3785 4111 .pedibﬂs

2221 4143 2339 4216 ejus
2361 4143 2602 4212 subjecta
2625 4141 2914 4212 signiﬁcat.
2963 4141 3230 4210 Angelum
3265 4139 3600 4196 autemdieit
3619 4175 3632 4197 ,
3649 4125 3700 4184 id

2215 4237 2491 4302 nuntium,
2524 4236 2730 4292 scilicet
2753 4234 2926 4290 Patris
2952 4252 2967 4287 ε
2990 4245 3212 4290 vocatur
3231 4235 3376 4290 enim
3405 4231 3578 4303 magni
3615 4215 3786 4280 consilii

2223 4332 2472 4388 Nuntius.
2501 4329 2776 4386 Clamasse
2793 4345 3006 4402 quoque
3037 4345 3162 4386 eum
3189 4343 3324 4386 voce
3361 4341 3552 4397 magna
3573 4321 3660 4377 ait.
3700 4309 3788 4365 VM

2217 4441 2420 4498 magna
2449 4433 2532 4482 est
2557 4426 2794 4483 caelestis
2813 4425 3205 4496 omnipotentis
3227 4425 3324 4480 Dei
3343 4422 3508 4480 verba
3531 4406 3787 4474 hominibus

2227 4519 2495 4586 nuntiare,
2517 4529 2572 4573 et
2599 4522 2912 4584 contestari,
2959 4519 3082 4590 quia
3101 4528 3238 4590 .post
3275 4518 3516 4574 clausam
3563 4503 3787 4578 ΡωηίιθΨ

2219 4614 2355 4668 tiam
2383 4627 2512 4682 spes
2531 4624 2722 4684 postea
2753 4613 2928 4668 futura
2959 4627 3066 4668 non
3091 4621 3195 4668 est.

2146 4699 2202 4761 Ι)
2299 4706 2354 4759 5.
2381 4703 2578 4758 Locuta
2615 4715 2734 4759 sunt
2755 4715 2948 4775 septem
2973 4706 3203 4756 tonitrua
3247 4717 3392 4756 uoces
3429 4713 3570 4754 suas.
3597 4693 3784 4760 Septem

2219 4800 2464 4854 .touitrua
2515 4799 2694 4856 locuta
2735 4813 2894 4856 voces
2937 4813 3084 4866 suas,
3115 4795 3364 4866 Spiritus
3409 4801 3624 4852 sanctus
3659 4779 3788 4852 σερίδ’

2229 4893 2418 4949 formis
2453 4892 2665 4948 virtutis
2689 4899 2778 4948 est
2801 4893 2894 4962 qui
2925 4907 3018 4962 per
3061 4889 3358 4960 prephetns
3381 4889 3700 4958 protestatus
3723 4879 3790 4928 esi

591 4961 730 5041 L'Et
759 4999 874 5038 cum
911 4982 1189 5054 aperuisset
1220 4981 1538 5053 signaculum
1569 4957 1840 5050 sep-timum
1865 5021 1880 5050 ,
1915 4984 2118 5053 factum
2229 4987 2409 5042 omnia
2451 4986 2661 5053 futura,
2697 4994 2752 5040 et
2789 4957 3098 5040 v‘oce‘illius
3135 4957 3190 5036 in
3214 4979 3436 5053 |saeculo
3465 4967 3790 5034 testimonium

1872 5085 2447 5161 COMMENTARIUS.

581 5223 660 5300 (ll)
681 5217 836 5279 Tunc
859 5221 1017 5275 mittet
1053 5213 1220 5300 Filius
1246 5213 1468 5300 nominis
1510 5213 1856 5300 ngfttiMﬁlta
1901 5233 2106 5276 omnes

509 5285 862 5370 quicéumque
913 5307 1035 5370 cum
1079 5301 1147 5345 ex
1169 5286 1378 5370 Veteri,
1401 5295 1524 5370 tum
1549 5285 1698 5370 Novo
1733 5285 2104 5370 Testamento,

511 5363 744 5426 citantur
771 5363 1136 5426 auctoritates,
1165 5367 1434 5428 Corruptae
1455 5363 1586 5411 's'tt'ut
1615 5366 1669 5412 et
1695 5363 1995 5428 ‘ttiErvcrsm,
2051 5371 2112 5418 ut,

509 5444 700 5512 cuique
727 5440 907 5494 videre
933 5439 1108 5500 liceat,
1143 5433 1472 5512 Victorinum
1507 5429 1914 5512 hune'nostrmn
1945 5477 1959 5499 ,
1990 5435 2109 5504 qui-

511 5502 740 5582 cumque
764 5509 1057 5582 illel'nerit,
1088 5515 1177 5559 aut
1199 5503 1422 5582 omnino
1437 5515 1611 5570 graece
1641 5502 1768 5582 nihil
1795 5505 1991 5582 scisse,
2011 5502 2114 5582 aut

511 5574 796 5638 editionem
825 5581 1059 5648 aliquam
1095 5591 1196 5646 qua
1239 5575 1436 5644 paSsim
1479 5585 1544 5626 eo
1581 5579 1824 5648 tempore
1861 5574 2112 5648 Ecclesia

513 5663 770 5720 uteretur,
797 5642 1045 5720 religiose
1069 5642 1663 5720 ni'utissecutuntcsse.
1693 5642 1826 5696 Nam
1859 5648 2002 5713 quiut
2040 5647 2110 5720 de

513 5724 656 5778 fossa
684 5714 1000 5786 Nein‘lirrith,
1027 5729 1092 5790 {ct
1125 5717 1382 5790 Ecclesia:
1425 5714 1618 5790 Spiritu
1647 5723 1771 5790 mos
1811 5719 2104 5790 subjungit,

513 5807 620 5848 non
644 5809 826 5863 parum
859 5789 1186 5863 difﬁcultatis
1303 5785 1836 5863 obsctrritatis'ltaltet
1867 5803 1880 5839 :
1911 5785 2111 5857 ρης-ιρι.

511 5856 660 5918 enim
685 5881 842 5935 quam
870 5863 1012 5932 quod
1039 5862 1200 5916 verba
1229 5861 1315 5914 illa
1344 5875 1374 5935 a
1395 5857 1585 5935 graecis
1599 5857 1745 5935 unde
1762 5856 1946 5935 hausta
1961 5865 2106 5929 sunt,

512 5929 737 5994 multum
783 5929 1120 6003 discrepant,
1164 5929 1432 6002 posterior
1480 5929 1669 6004 etiam;l
1691 5929 1782 5988 ille
1821 5931 2114 5992 verborum

2218 5217 2351 5275 ordo
2389 5215 2512 5290 (nisi
2547 5213 2822 5291 Tollimur)
2871 5215 2942 5270 ita
2973 5213 3314 5291 ‘deprgava'tus
3354 5203 3461 5280 est,
3503 5191 3786 5291 titilii‘ticilg

2215 5281 2506 5346 mlmmlum
2555 5287 2625 5343 sit
2653 5281 2978 5360 genitalium
3012 5281 3075 5340 es
3121 5287 3204 5360 his
3253 5297 3476 5360 sensum
3506 5281 3787 5360 elicerttiff

2219 5345 2346 5434 quid
2377 5373 2554 5415 tamen
2581 5345 2850 5434 doctiores
2896 5359 3141 5412 homines
3177 5359 3228 5411 in
3265 5357 3519 5434 ’medium
3555 5345 3788 5434 attulre-Ili?i

2222 5426 2366 5504 quod
2403 5433 2593 5486 rationi
2625 5431 2793 5502 magis
2815 5439 3234 5484 consentaneum
3253 5429 3344 5496 sit,
3369 5430 3582 5482 illorum
3609 5426 3788 5475 semen“

2227 5509 2315 5560 tia:
2345 5505 2501 5558 facile
2530 5505 2949 5558 sultscribemus.
3537 5567 3550 5570 _
3643 5567 3646 5570 ν
3695 5559 3708 5570 ο

2301 5557 2381 5649 (il)
2422 5557 2506 5649 Vis
2527 5557 2736 5649 ibimus.
2759 5571 2899 5642 :Quis
2921 5573 3170 5628 lteic'tton
3197 5571 3376 5649 videat
3401 5567 3581 5649 latinis
3607 5557 3788 5649 ςιὶιζξδξξξ

2223 5659 2277 5722 et
2295 5632 2564 5722 orationis
2588 5632 2999 5722 ornatuT‘usque
3017 5661 3082 5700 eo
3111 5645 3251 5700 male
3279 5632 3790 5722 consultantessgff

2221 5695 2277 5774 ξί·
2295 5695 2714 5790 ditissimi-Eii
2728 5695 2811 5770 ’Ῑέι
2827 5695 3494 5790 5p;istoin;estatinae

2222 5771 2535 5862 {istiista
2551 5771 2869 5862 assam;
2910 5771 3094 5862 uicere
3123 5771 3445 5862 Tcompeua'i,
3491 5789 3590 5840 mw
3623 5771 3784 5834 ιιηιιτιει

2227 5872 2318 5918 aut
2341 5859 2549 5918 temere
2575 5861 2630 5918 id
2653 5863 2849 5918 t'ecisse
2873 5859 3152 5916 rideatur?
3185 5923 3187 5926 ,
