3904 6316
486 273 592 329 555

1707 270 1762 326 S.
1811 268 2154 328 VICTORINI
2194 266 2481 327 SCIIOIJA
3655 274 3738 331 556

471 395 527 449 in
562 409 704 448 χχχι
754 405 873 462 cap.
931 389 1178 446 Ezechiel
1222 409 1236 444 :
1281 388 1414 443 Ecce
1459 388 1648 453 Assur,
1695 403 1964 458 cupressus
2019 389 2070 442 in
2101 397 2154 456 Α
2178 403 2366 442 corona
2411 384 2677 439 stellarum
2717 382 2985 438 duodecim
3011 397 3031 436 :
3063 392 3109 439 et
3152 382 3206 436 in
3243 391 3389 438 utero
3426 384 3614 451 habens,
3643 390 3737 444 cla-

484 500 655 544 monte
703 487 884 542 Libani
927 486 1164 559 (Esca/L,
1209 501 1362 550 xm,
1414 486 1494 551 5).
1538 486 1710 540 Assur
1749 485 2081 555 deprimens,

479 596 772 653 cupressus
799 579 1072 644 excelsus,
1100 594 1347 634 ramosus
1367 620 1382 643 ,
1416 577 1467 632 id
1499 587 1583 634 est
1617 578 1844 648 populus
1885 578 2084 632 multus

475 673 534 728 in
581 684 762 728 monte
791 671 1016 738 Libano,
1065 672 1117 726 in
1149 686 1313 741 regno
1350 686 1637 741 regnorum
1678 671 1728 724 id
1773 679 1856 726 est
1885 670 2084 724 Roma-

479 781 696 822 norum.
722 764 1014 822 Formosus
1036 772 1216 819 autem
1249 763 1392 834 quod
1416 764 1488 817 ait
1516 763 1567 816 in
1597 763 1950 833 germinibus,
1973 761 2084 817 for—

474 869 582 914 tem
613 859 743 916 dicit
772 859 824 913 in
862 858 1211 916 exercitibus.
1243 857 1415 928 Aqua,
1448 857 1640 928 inquit,
1674 857 1875 912 nutriet
1905 857 2077 923 illum,

473 953 528 1007 id
551 964 656 1018 est,
687 952 853 1008 multa
883 952 1047 1007 millia
1081 951 1357 1007 hominum
1387 967 1505 1022 quae
1527 950 1767 1021 subjecta
1799 959 1955 1006 erunt
1977 949 2075 1003 illi.

474 1050 542 1103 Et
567 1049 794 1120 abyssus
822 1049 970 1103 auxit
1001 1047 1175 1113 illum,
1207 1047 1258 1102 id
1286 1056 1370 1103 est
1395 1047 1660 1102 ernctavit
1689 1061 1838 1102 eum.
1869 1045 2000 1100 Nam
2024 1052 2080 1100 et

468 1141 660 1198 Esaias
706 1157 842 1212 pene
885 1139 1078 1196 iisdem
1126 1140 1306 1196 verbis
1349 1141 1606 1212 loquitur.
1651 1139 1839 1195 Fuisse
1889 1149 2073 1194 autem

467 1251 589 1292 eum
624 1235 675 1289 in
706 1250 874 1305 regno
904 1235 1271 1291 Romanorum
1293 1279 1307 1300 ,
1341 1245 1396 1290 et
1437 1235 1604 1291 fuisse
1633 1237 1773 1290 inter
1794 1233 2069 1299 Caesares,

467 1337 525 1382 et
558 1327 755 1383 Paulus
785 1329 1064 1399 apostolus
1092 1337 1460 1393 contestatur;
1491 1329 1566 1382 ait
1595 1329 1737 1383 enim
1760 1327 1826 1382 ad
1850 1326 2077 1382 Thessa-

463 1422 814 1478 lonicenses:
853 1422 953 1489 Qui
997 1438 1132 1476 nunc
1173 1431 1323 1487 tenet,
1379 1431 1565 1486 teneat,
1607 1421 1766 1476 donec
1810 1422 1873 1475 de
1906 1421 2072 1474 medio

465 1519 670 1586 ﬁat;et
712 1527 832 1572 tunc
857 1516 1124 1588 apparebit
1153 1515 1374 1586 iniquus,
1413 1516 1501 1570 ille
1534 1518 1682 1587 cujus
1718 1526 1791 1570 est
1828 1517 2072 1570 adventus

466 1611 745 1665 secundum
773 1611 1048 1681 efﬁcaciam
1082 1610 1298 1666 Satana:
1323 1611 1482 1680 signis
1511 1619 1558 1663 et
1587 1609 1833 1678 portentis
1860 1607 2070 1662 menda-

461 1704 602 1758 cibus
628 1702 716 1775 (ll,
755 1703 961 1761 Thess..
994 1721 1052 1772 tt,
1078 1706 1131 1768 7,
1162 1704 1238 1776 8).
1272 1703 1340 1758 Et
1372 1715 1428 1758 ut
1456 1705 1658 1758 scirent
1695 1701 1843 1756 illum
1874 1709 2067 1755 ventu-

2195 497 2359 545 mans,
2393 479 2703 548 parturiens,
2733 487 2780 532 et
2807 487 3056 532 tormenta
3081 477 3335 532 sustinens
3361 488 3415 532 ut
3441 485 3613 549 pariat.
3642 480 3740 536 ﬂu-

2187 573 2289 630 lier
2316 575 2509 628 amicta
2547 573 2696 638 sole,
2739 581 2794 629 et
2819 573 3000 627 lunam
3042 572 3142 627 sub
3171 571 3338 643 pedes
3382 586 3502 627 suos
3533 576 3736 640 habens,

2184 683 2550 740 coronamque
2578 669 2631 722 in
2657 669 2830 738 capite
2857 679 3074 740 gestans
3095 668 3374 724 stellarum
3405 654 3744 735 duodecim.et

2186 767 2488 835 parturiens
2536 766 2588 820 in
2635 765 2910 822 doloribus
2953 769 3096 834 suis,
3146 767 3362 838 antiqua
3412 767 3634 826 Ecclesia
3673 779 3742 826 est

2186 866 2396 926 patrum
2427 867 2482 912 et
2519 857 2901 927 prophetarum
2923 901 2936 924 ,
2966 868 3020 913 et
3057 866 3398 923 sanctorum,
3429 871 3481 915 et
3506 861 3744 932 apostolo-

2184 965 2301 1004 rum
2325 967 2339 1015 ;
2368 965 2487 1021 qua:
2513 950 2742 1022 gemitus
2785 962 2841 1008 et
2880 962 3147 1009 tormenta
3176 952 3431 1008 desiderii
3461 954 3538 1009 sui
3563 953 3741 1022 habuit,

2182 1057 2461 1113 usquequo
2509 1041 2738 1098 fructum
2789 1059 2854 1100 ex
2899 1045 3056 1116 plebe
3106 1060 3199 1101 sua
3240 1048 3526 1102 secundum
3555 1062 3742 1103 carnem

2179 1135 2306 1190 ohm
2340 1135 2664 1206 promissum
2694 1136 2792 1192 sibi
2828 1139 3036 1195 videret
3062 1139 3336 1195 Christum
3371 1156 3438 1196 ex
3465 1141 3571 1212 ipsa
3597 1151 3735 1214 gente

2180 1245 2378 1300 corpus
2406 1231 2732 1302 sump~isse.
2765 1233 2894 1290 Sole
2937 1243 3117 1290 autem
3161 1235 3379 1300 amicta,
3414 1251 3558 1306 spem
3589 1253 3748 1292 resur-

2178 1325 2434 1380 rectionis
2465 1326 2754 1398 signiticat,
2788 1339 2845 1384 et
2873 1328 3101 1399 gloriam
3134 1329 3591 1399 repromissionis.
3622 1329 3746 1385 Luna

2177 1432 2308 1474 vero
2337 1434 2524 1474 casum
2565 1432 2881 1476 sanctorum
2924 1436 3218 1493 corporum
3252 1438 3318 1478 ex
3361 1422 3542 1478 debito
3563 1424 3747 1490 mortis,

2175 1511 2318 1581 quod
2347 1512 2582 1568 deﬁcere
2614 1529 2904 1584 numquam
2933 1523 3132 1585 potest.
3162 1513 3296 1570 Nam
3327 1514 3748 1584 quemadmodum

2174 1607 2434 1661 minuitur
2463 1608 2592 1674 vita,
2621 1607 2701 1663 sic
2732 1619 2788 1664 ct
2819 1618 3070 1680 augetur.
3105 1608 3217 1664 Nec
3257 1609 3313 1663 in
3347 1619 3517 1665 totum
3545 1609 3752 1664 extincta

2172 1709 2257 1756 est
2284 1717 2409 1772 spes
2429 1701 2847 1770 dormientium,
2876 1711 2936 1758 ut
2963 1703 3182 1775 quidam
3213 1713 3423 1774 putant,
3452 1705 3545 1760 sed
3576 1703 3750 1759 habent

462 1814 605 1862 rum,
637 1797 728 1869 qui
773 1805 898 1852 tunc
926 1809 1042 1853 erat
1087 1800 1356 1867 princeps,
1399 1797 1596 1866 adjecit
1626 1812 1643 1850 :
1674 1797 1930 1850 Arcanum
1952 1796 2069 1866 jam
2098 1804 2146 1864 Β
2175 1797 2227 1852 in
2273 1798 2513 1854 tenebris
2553 1799 2730 1854 lucem
2759 1800 2901 1854 sicut
2931 1799 3078 1854 Iona.
3124 1798 3338 1854 Corona
3383 1807 3562 1855 autem
3592 1797 3754 1853 atella-

461 1893 673 1946 malitia:
715 1894 923 1947 molitur
965 1892 1154 1959 (Ibid.,
1195 1891 1256 1960 9)
1298 1910 1311 1946 :
1359 1890 1411 1946 id
1453 1902 1568 1956 est,
1612 1891 1868 1945 malitiam
1909 1905 2066 1960 quam

459 1986 702 2043 facturus
722 1994 826 2051 est,
851 2000 1049 2041 arcane
1076 1985 1320 2049 molitur,
1347 1983 1442 2039 sed
1467 1999 1572 2037 non
1601 1999 1696 2038 sua
1723 1984 1941 2044 virtute,
1970 1997 2068 2037 nec

458 2079 628 2149 patris
649 2082 754 2144 sui,
783 2080 1094 2144 suscitatur,
1120 2079 1214 2135 sed
1238 2079 1390 2150 jussu
1422 2079 1540 2140 Dei,
1569 2093 1672 2149 qua
1697 2077 1765 2134 de
1792 2093 1850 2133 re
1871 2077 2067 2132 Paulus

460 2173 651 2228 iisdem
683 2173 814 2227 dicit
841 2190 854 2226 :
878 2171 1084 2226 Idcirco
1113 2173 1355 2241 quoniam
1385 2189 1487 2225 non
1516 2181 1812 2236 receperunt
1842 2187 2066 2224 amorem

459 2265 578 2332 Dei,
609 2266 766 2320 mittet
792 2266 863 2320 eis
893 2266 1132 2335 spiritum
1154 2266 1342 2320 erroris
1376 2274 1430 2317 ut
1466 2281 1640 2318 ontnes
1663 2268 2067 2334 persuadeantur

461 2360 746 2423 mendacio,
787 2360 874 2430 qui
918 2377 1020 2413 non
1062 2369 1180 2413 sunt
1219 2358 1445 2427 persuasi
1483 2358 1691 2411 veritate
1721 2356 1906 2429 (Ibid.,
1947 2356 2061 2428 10).

453 2450 523 2507 Et
555 2453 741 2506 Esaias
767 2451 878 2505 ait:
907 2450 1290 2507 Sustinentibus
1327 2449 1433 2504 illis
1476 2449 1660 2516 lucem,
1691 2450 1906 2504 tenebrat
1939 2459 2065 2504 orta:

455 2553 574 2598 sunt
604 2544 708 2598 illis
758 2540 934 2615 (Esa.,
981 2559 1090 2608 LIX,
1121 2543 1199 2614 9).
1232 2541 1343 2598 Hos
1382 2558 1513 2614 ergo
1556 2542 1848 2614 prophetas
1874 2543 1942 2598 ab
1971 2557 2064 2598 eo-

453 2638 575 2694 dem
618 2637 845 2693 interﬁci
892 2636 1197 2693 manifestat
1225 2637 1602 2709 Apocalypsis,
1644 2646 1700 2692 et
1738 2644 1927 2708 quarta
1975 2636 2062 2692 die

452 2747 757 2803 resurgere,
791 2747 860 2786 ne
889 2731 1010 2799 quis
1031 2730 1253 2801 aequalis
1287 2731 1399 2786 Deo
1431 2731 1760 2786 inveniatur.

525 2825 580 2880 8.
630 2807 708 2877 Et.
734 2824 978 2894 jacebunt
1023 2839 1240 2894 corpora
1289 2839 1464 2878 eorum
1517 2823 1570 2876 iu
1619 2824 1801 2895 plateis
1847 2824 2061 2880 civitatis

449 2934 654 2989 magna:
680 2935 795 2988 qua:
821 2928 1032 2973 vocatur
1065 2919 1401 2989 spiritualiter
1428 2918 1658 2974 Sodoma
1687 2929 1734 2972 et
1769 2916 2053 2990 nggptus.

450 3012 686 3068 Sodoma
734 3019 914 3066 autem
969 3021 1026 3067 et
1078 3010 1368 3082 .-Egyptum
1420 3010 1549 3065 dicit
1601 3010 2054 3080 Hierosolymam,

447 3119 700 3160 acervum
764 3103 948 3174 populi
1006 3104 1368 3173 persecutoris
1423 3102 1692 3157 eﬂ‘ectam.
1764 3102 2059 3174 Diligenter

2175 1907 2296 1947 rum
2339 1892 2630 1950 duodecim
2671 1893 2897 1949 chorum
2940 1904 3150 1964 patrum
3185 1893 3456 1962 signiﬁcat
3484 1889 3751 1949 secundum

2173 1986 2357 2040 carnis
2396 1986 2766 2055 nativitatem,
2810 2002 2880 2043 ex
2909 1985 3106 2058 quibus
3144 1995 3262 2043 erat
3287 1984 3538 2043 Christus
3561 2001 3752 2043 carnem

2182 2087 2522 2148 sumpturus.

2241 2195 2296 2250 5.
2326 2193 2395 2248 Et
2437 2196 2601 2250 visum
2621 2205 2694 2252 est
2738 2196 2886 2252 aliud
2921 2196 3130 2269 signum
3170 2196 3224 2252 in
3253 2197 3385 2255 caelo
3413 2214 3432 2254 :
3463 2195 3593 2254 Ecce
3618 2197 3754 2253 draco

2169 2287 2354 2343 rubeus
2379 2288 2572 2344 habens
2598 2291 2774 2360 capita
2797 2300 3014 2362 septem.
3054 2291 3208 2359 Quod
3241 2301 3430 2349 autem
3466 2293 3609 2348 illum
3643 2291 3754 2348 dicit

2168 2381 2373 2438 coloris
2415 2397 2539 2438 esse
2584 2383 2760 2450 rubei,
2798 2383 2851 2439 id
2895 2394 2981 2440 est
3028 2386 3294 2451 coccinei,
3345 2388 3529 2458 operis
3573 2385 3754 2442 fructus

2167 2478 2331 2531 talem
2362 2476 2513 2532 dedit
2537 2477 2587 2532 ei
2628 2478 2890 2534 colorem.
2923 2479 3007 2534 Ab
3030 2479 3184 2536 initio
3214 2483 3364 2537 enim
3414 2481 3517 2536 fuit
3555 2484 3630 2554 (ut
3661 2481 3751 2536 Do-

2166 2568 2343 2625 minus
2365 2569 2466 2643 ait)
2497 2571 2799 2643 homicida,
2835 2584 2890 2630 et
2917 2588 3082 2630 omne
3123 2592 3294 2646 genus
3333 2576 3628 2632 humanum
3662 2591 3751 2631 non

2167 2673 2274 2719 tam
2297 2663 2479 2721 debito
2509 2668 2720 2734 mortis,
2756 2683 2944 2724 verum
2988 2670 3151 2725 etiam
3181 2671 3352 2726 variis
3380 2670 3577 2744 gladiis
3609 2670 3751 2744 obiti-

2165 2759 2372 2830 busque
2403 2763 2696 2832 oppressit.
2735 2763 2956 2832 Septem
2986 2765 3183 2835 capita,
3230 2739 3446 2836 septem
3477 2739 3753 2838 reges’Ro-

2163 2869 2447 2910 manorum
2473 2871 2537 2912 cx
2570 2855 2765 2928 quibus
2801 2865 2858 2914 et
2884 2857 3241 2914 antichristus
3283 2871 3392 2927 est,
3431 2871 3490 2914 ut
3523 2860 3574 2915 in
3610 2855 3750 2930 priori

2161 2945 2418 3004 diximus.

2230 3066 2301 3120 Et
2333 3083 2527 3123 cornua
2553 3067 2744 3124 decem.
2776 3069 2974 3126 Decem
3009 3085 3166 3142 reges
3194 3070 3250 3125 in
3283 3070 3587 3128 novissimo
3617 3077 3743 3125 tem-

448 3215 578 3270 ergo
605 3208 659 3253 et
686 3162 809 3252 cum
838 3162 1048 3252 summa
1093 3197 1455 3254 sollicitudine
1497 3199 1648 3268 sequi
1690 3162 1902 3268 υρυτιθῖ
1933 3215 2058 3270 pro-
2082 3208 2127 3270 α
2161 3177 2292 3270 pote
2326 3162 2436 3270 ΒΨ
2477 3164 2699 3270 θθῗόθξη
2739 3165 2993 3270 φῴζω
3023 3166 3232 3270 Ρ¹θ¹ξί¹¹⁵
3273 3165 3347 3221 ibi
3397 3163 3750 3270 ιηειέιτξωυε·

445 3291 718 3362 pheticam
749 3289 1210 3362 prtedicationem,
1235 3300 1290 3345 et
1316 3289 1623 3361 intelligere
1649 3293 1789 3361 quod
1822 3293 2054 3362 Spiritus

446 3399 515 3437 ex
567 3383 726 3438 Patre
770 3394 826 3438 et
875 3383 1154 3453 praedicat,
1199 3392 1252 3438 et
1299 3382 1785 3454 przeposwratﬂ);
1835 3394 1889 3440 et
1929 3401 2051 3440 cum

449 3477 803 3548 przccurrerit
833 3493 1000 3549 usque
1027 3477 1096 3533 ad
1135 3477 1509 3544 novissimum,
1551 3493 1763 3532 rursum
1809 3491 2050 3549 tempora

439 3576 724 3644 superiora
756 3575 972 3644 repetit.
1004 3573 1070 3628 Et
1093 3573 1234 3643 quod
1269 3572 1504 3626 facturus
1526 3582 1609 3627 est
1628 3573 1820 3638 semel,
1845 3573 2052 3644 aliquo-

438 3669 543 3724 ties
568 3667 722 3739 quasi
763 3668 963 3722 factum
998 3665 1277 3723 ostendit:
1311 3665 1453 3736 quod
1496 3666 1597 3720 nisi
1637 3668 1904 3737 intelligas
1945 3668 2047 3722 ali-

439 3764 654 3836 quoties
675 3771 734 3818 ut
759 3761 983 3829 factum,
1013 3761 1295 3832 aliquoties
1331 3768 1388 3815 ut
1414 3760 1673 3828 futurum,
1706 3762 1756 3816 in
1786 3761 2044 3832 grandem

439 3858 723 3930 caliginem
788 3855 1015 3911 incides.
1075 3854 1217 3925 Ergo
1279 3854 1651 3925 interpretatio
1703 3855 2040 3925 sequentium

439 3952 706 4007 dictorum
738 3949 791 4004 in
817 3965 879 4004 ea
907 3947 1244 4014 monstravit,
1273 3958 1332 4026 ut
1360 3963 1468 4002 non
1488 3945 1624 4003 ordo
1650 3946 1919 4015 lectionis,
1943 3948 2039 4004 sed

438 4043 703 4101 orationis
734 4042 1083 4114 intelligatur.

518 4141 601 4196 l9.
635 4139 704 4192 Et
739 4149 973 4209 apertum
1009 4145 1083 4191 est
1125 4137 1370 4207 templum
1397 4135 1494 4192 Dei
1537 4138 1675 4208 quod
1703 4149 1777 4194 est
1809 4140 1860 4194 in
1890 4141 2036 4194 caelo.

436 4231 720 4302 'l‘emplum
768 4241 1015 4301 apertum
1059 4230 1418 4286 manilestatio
1462 4241 1547 4286 est
1587 4232 1796 4288 Domini
1843 4235 2034 4289 nostri.

433 4325 719 4394 Templum
743 4326 888 4381 enim
925 4326 1020 4380 Dei
1052 4323 1217 4378 Filius
1257 4334 1362 4392 est,
1393 4325 1533 4380 sicut
1565 4327 1680 4394 ipse
1704 4329 1778 4380 ait
1805 4345 1817 4380 :
1847 4326 2039 4382 Solvite

436 4417 682 4486 templum
705 4420 819 4482 hoc,
848 4425 895 4471 et
919 4417 973 4470 in
999 4415 1159 4470 tribus
1187 4415 1366 4470 diebus
1391 4417 1644 4471 suscitabo
1673 4418 1802 4471 illud
1831 4417 2034 4488 (Joan.,

434 4525 496 4576 ll,
531 4510 618 4572 iit,
646 4509 737 4571 ‘20.
765 4508 882 4580 21).
917 4509 982 4564 Ει
1023 4509 1326 4565 dicentibus
1370 4508 1592 4575 JwalS,
1624 4510 1965 4582 quadraginta
1993 4521 2039 4566 et

2230 3258 2284 3311 4.
2317 3255 2388 3310 Et
2425 3258 2592 3312 cauda
2619 3261 2732 3330 ejus
2765 3259 2982 3314 habebat
3021 3261 3223 3315 tertiam
3250 3271 3473 3330 portent
3512 3257 3753 3314 stellarum

2159 3350 2293 3415 caeli,
2323 3361 2370 3404 et
2409 3350 2545 3404 misit
2582 3349 2702 3406 illas
2730 3353 2784 3406 in
2821 3361 3030 3408 terram.
3063 3352 3218 3420 Quod
3255 3362 3446 3409 autem
3480 3353 3614 3408 dicit
3641 3349 3750 3404 dra-

2156 3443 2307 3498 conis
2331 3444 2556 3498 caudam
2583 3446 2812 3500 traxisse
2837 3447 3048 3500 tertiam
3075 3456 3283 3515 parlem
3307 3445 3597 3501 stellarum
3620 3438 3750 3504 cteli,

2154 3535 2400 3592 bifariam
2448 3537 2553 3594 hoc
2586 3537 2756 3608 accipi
2797 3548 3006 3608 potest;
3049 3540 3204 3595 multi
3241 3541 3396 3596 enim
3439 3539 3752 3596 arbitrantur

2154 3629 2368 3685 tertiam
2399 3643 2610 3703 partem
2651 3632 2931 3690 hominum
2960 3633 3302 3690 credentium
3335 3651 3508 3706 posse
3537 3647 3655 3690 eum
3679 3645 3750 3686 se-

2152 3723 2373 3781 ducere.
2403 3727 2511 3783 Sed
2550 3727 2696 3800 quod
2737 3729 2919 3784 verius
2957 3729 3187 3801 intelligi
3216 3729 3428 3786 drbeat
3457 3729 3750 3800 angelorum

2150 3817 2252 3874 sibi
2278 3819 2618 3876 subditorum
2647 3837 2771 3878 cum
2809 3821 2987 3878 adhuc
3019 3823 3276 3894 princeps
3312 3835 3492 3892 esset,
3522 3838 3642 3879 cum
3665 3820 3750 3875 de-

2147 3911 2434 3969 scenderet
2486 3913 2876 3970 constitutione
2930 3930 3062 3983 sua,
3125 3918 3347 3973 tertiam
3408 3930 3622 3990 partem
3671 3928 3751 3968 se-

2146 4004 2406 4064 duxisse:
2447 4024 2578 4082 ergo
2623 4010 2769 4078 quod
2813 4010 3066 4081 superius
3112 4011 3443 4071 dicebamus
3489 4013 3568 4069 ait
3617 4011 3748 4083 Apo-

2144 4099 2398 4172 calypsis.

2220 4213 2284 4268 Et
2313 4215 2470 4270 draco
2498 4219 2634 4272 stetit
2662 4218 2718 4272 in
2756 4227 3035 4287 conspectu
3074 4219 3310 4278 mulieris
3346 4237 3470 4294 qua
3494 4213 3747 4291 incipiam

2145 4324 2344 4374 parere,
2373 4319 2428 4362 ut
2455 4326 2570 4364 cum
2599 4311 2897 4381 peperisset,
2929 4311 3097 4380 ﬁlium
3122 4315 3236 4384 ejus
3265 4314 3568 4371 devoraret.
3596 4313 3745 4366 Draco

2141 4400 2294 4455 rufus
2327 4410 2478 4456 stans
2518 4412 2574 4457 et
2615 4413 2906 4473 exoptans,
2953 4414 3011 4459 ut
3047 4421 3171 4461 cum
3212 4409 3533 4478 peperisset
3571 4403 3743 4463 lilium,

2142 4492 2429 4549 devoraret
2457 4510 2604 4562 eum,
2631 4497 2880 4553 diabolus
2904 4508 3006 4563 est,
3033 4499 3274 4570 Angelus
3303 4500 3504 4571 refuga
3535 4496 3742 4557 stiliceb

432 4618 523 4655 sea:
549 4602 696 4656 armis
720 4601 1033 4668 mdiﬁcatum
1061 4613 1133 4656 est
1164 4602 1407 4672 templum
1433 4600 1572 4654 istud
1593 4619 1611 4666 ;
1632 4601 1738 4667 ille,
1758 4603 1835 4656 ait.
1861 4602 2038 4658 Evan-

2169 4588 2232 4657 [ui
2270 4588 2549 4644 hominum
2591 4591 2832 4646 omnium
2864 4592 3137 4648 interitum
3170 4609 3267 4663 per
3305 4603 3552 4650 mortem
3577 4602 3741 4661 atqua-

430 4695 642 4765 gelista,
667 4694 860 4748 dicebat
892 4695 955 4747 de
977 4695 1163 4762 templo
1191 4695 1421 4764 corporis
1446 4694 1546 4747 sui.

505 4790 573 4843 Et
601 4793 708 4842 visa
751 4798 823 4844 est
867 4804 988 4842 arca
1027 4789 1310 4842 testamenti
1348 4787 1558 4841 Domini
1587 4788 1640 4842 in
1670 4790 1860 4858 templo
1898 4793 2031 4861 ejus.

431 4883 708 4954 Evangelii
755 4882 1064 4952 praedicatio
1107 4891 1161 4937 et
1209 4882 1536 4952 indulgentia
1586 4882 1935 4951 delictorum,
1979 4897 2035 4940 et

427 4979 610 5034 omnia
658 4976 796 5032 dona
839 4991 1191 5048 qumcutnque
1234 4992 1356 5032 cum
1399 4976 1493 5031 illo
1535 4977 1899 5048 advenerunt,
1940 4980 2030 5036 illa

426 5073 557 5130 dicit
585 5071 916 5144 apparuisse.

1016 5227 1083 5266 EX
1121 5227 1312 5266 CAPITE
1352 5226 1447 5266 XII.

498 5355 552 5418 I,
577 5353 633 5407 2.
668 5351 731 5407 Et
760 5354 959 5423 signum
1003 5351 1197 5422 grande
1242 5350 1405 5405 visum
1433 5359 1504 5405 est
1541 5352 1596 5404 in
1637 5353 1763 5409 caelo
1785 5371 1804 5407 :
1838 5353 2025 5409 Mulier

423 5447 610 5504 amicta
647 5447 774 5511 sole,
805 5456 851 5500 et
881 5446 1008 5499 luna
1034 5445 1124 5499 sub
1151 5443 1366 5515 pedibus
1396 5447 1528 5513 ejus,
1555 5456 1602 5500 et
1628 5447 1682 5500 in
1711 5449 1878 5518 capite
1914 5451 2024 5518 ejus

2145 4679 2251 4735 lem
2287 4697 2408 4737 esse
2443 4683 2766 4753 opinabatur
2795 4703 2809 4739 :
2842 4685 2938 4742 sed
2987 4687 3076 4757 qui
3107 4686 3176 4742 de
3205 4687 3433 4744 semine
3463 4695 3622 4742 natus
3648 4696 3741 4738 non

2141 4783 2288 4840 erat,
2335 4775 2464 4830 nihil
2507 4778 2666 4832 morti
2709 4777 2976 4845 debebat,
3024 4789 3247 4849 pr0pter
3293 4781 3454 4850 quod
3493 4779 3743 4836 devorare

2140 4882 2262 4921 eum
2297 4884 2400 4923 non
2429 4871 2620 4940 potuit,
2649 4869 2703 4926 id
2730 4881 2815 4926 est
2843 4872 2895 4926 in
2924 4883 3099 4928 morte
3134 4873 3426 4941 detinere,
3451 4889 3580 4928 nam
3601 4869 3742 4926 tertia

2136 4959 2226 5016 die
2243 4963 2555 5018 resurrexit.
2581 4964 2818 5035 Denique
2830 4976 2883 5019 et
2901 4966 3213 5036 priusquam
3239 4976 3536 5036 pateretur
3550 4976 3742 5024 tentare

2137 5069 2259 5110 eum
2279 5059 2506 5113 accessit
2529 5067 2800 5130 tamquam
2830 5059 3100 5115 hominem
3132 5077 3145 5114 :
3176 5059 3274 5116 sed
3302 5078 3437 5116 cum
3463 5079 3570 5117 non
3603 5064 3740 5116 inve-

2134 5150 2306 5205 nisset
2349 5151 2498 5207 illutn
2554 5167 2676 5210 esse
2723 5169 2885 5224 quem
2937 5153 3178 5223 putabat,
3223 5153 3500 5213 discessit
3547 5154 3616 5211 ab
3659 5149 3738 5208 illo

2134 5257 2304 5314 usque
2328 5246 2395 5300 ad
2429 5255 2675 5318 tempus;
2705 5248 2846 5303 unde
2876 5246 2997 5303 heic
3022 5248 3222 5304 dicitur
3249 5265 3266 5301 :

2201 5359 2256 5415 5.
2293 5359 2359 5414 Et
2396 5363 2589 5433 peperit
2619 5363 2782 5432 [ilium
2803 5363 2892 5433 qui
2929 5363 3114 5435 incipit
3141 5379 3324 5436 regere
3357 5381 3542 5424 omnes
3581 5370 3738 5438 gentes

2126 5451 2179 5505 in
2201 5454 2345 5525 virga
2365 5453 2550 5523 ferrea.
2579 5453 2738 5526 Virga
2761 5454 2955 5522 ferrea,
2981 5455 3193 5526 gladius
3210 5467 3303 5514 est
3325 5457 3732 5531 persecutionis.

1773 5582 2339 5647 COMMENTARIUS.

497 5720 575 5797 (l)
600 5721 962 5797 Prwposterat.
990 5722 1092 5778 Pro
1115 5729 1449 5794 praepostero
1468 5722 1658 5797 ordine
1681 5723 1865 5793 utitur,
1885 5741 2009 5797 pro-

420 5793 596 5866 prium
621 5793 833 5853 illorum
865 5803 1192 5868 temporum,
1227 5793 1282 5852 et
1321 5809 1433 5852 suae
1461 5794 1691 5854 fortasse
1719 5793 2008 5856 etiam’na-

2122 5729 2281 5788 tionis
2307 5748 2461 5790 usum
2494 5734 2749 5807 loquendi
2772 5747 3012 5795 secutus.
