3904 6316
212 313 334 401 an~

1315 340 1378 397 IN
1419 339 1896 398 APOCALYPSIN
1934 339 1996 396 Β.
2036 341 2338 399 JOANNIS.

3367 344 3472 398 358

271 458 446 515 Omnes
471 458 570 513 vidi
613 458 873 514 recessisse
901 458 965 513 de
1003 460 1127 514 locis
1170 461 1298 513 suis.
1332 457 1445 514 Hoc
1486 467 1590 524 est,
1638 457 1765 513 boni
1790 457 1846 520 Α
1873 457 2056 527 pardo.
2085 457 2330 527 Regnum
2363 455 2506 512 illius
2547 455 2809 526 temporis
2853 452 3200 521 Antichristi,
3233 469 3356 511 cum
3386 473 3479 512 va-

207 553 535 610 movebuntur
561 552 989 622 persecutionem
1019 552 1305 623 fugientes.

267 645 328 701 Et
353 645 487 714 ﬁlius
514 655 691 715 raptus
718 655 790 698 est
834 644 903 699 ad
943 642 1109 698 Deum
1149 653 1195 698 et
1237 643 1305 697 ad
1353 643 1592 696 thronum
1638 643 1769 709 ejus.

201 743 410 812 Raptum
448 739 514 795 ad
538 739 729 795 solium
773 739 866 794 Dei
891 748 946 794 et
973 754 1070 793 nos
1097 739 1327 809 legimus
1369 738 1420 791 iu
1465 737 1612 791 Actis
1638 751 1772 806 apo-

196 837 466 901 stolorum,
526 835 984 906 quemadmodum
1039 835 1264 906 loquens
1317 849 1439 889 cum
1493 833 1771 904 discipulis

195 941 359 1001 raptus
383 938 466 984 est
491 931 544 984 in
575 929 763 985 cmlos.

255 1025 301 1080 6.
344 1022 533 1078 Mulier
554 1032 726 1078 autem
761 1025 893 1095 fugit
918 1023 971 1077 in
1007 1023 1368 1086 solitudinem;
1397 1030 1444 1076 et
1479 1020 1614 1076 datm
1652 1029 1770 1074 sunt

194 1121 260 1174 illi
286 1119 398 1174 dure
425 1119 526 1174 alte
554 1119 741 1189 aquilte
764 1134 984 1190 magna.
1025 1117 1291 1173 Auxilium
1321 1117 1529 1171 alarum
1562 1129 1769 1185 magna:

190 1215 384 1287 aquilze,
411 1213 615 1271 donum
644 1215 851 1271 scilicet
873 1214 1277 1286 prophetarum.
1304 1214 1598 1270 Ecclesiam
1625 1214 1768 1269 illam

188 1309 482 1365 catholicam
516 1325 588 1365 ex
621 1325 727 1380 qua
771 1310 823 1363 in
869 1309 1167 1366 novissimo
1215 1319 1460 1381 tempore
1493 1308 1766 1364 creditura

186 1412 295 1458 sunt
316 1413 532 1460 centum
565 1403 917 1474 quadraginta
940 1412 1174 1474 quatuor
1196 1402 1362 1458 millia
1392 1401 1674 1456 hominum
1701 1400 1767 1456 ad

187 1500 603 1570 praedicationem
629 1499 796 1564 Elize;
825 1499 918 1555 sed
943 1509 994 1554 et
1015 1507 1270 1554 cmterum
1296 1497 1552 1568 populum
1581 1497 1767 1551 vivum

183 1593 386 1649 inveniri
429 1593 483 1649 in
527 1593 769 1649 adventu
811 1593 1045 1658 Domini,
1077 1591 1200 1647 beie
1227 1591 1378 1647 dicit.
1408 1591 1474 1646 Et
1510 1591 1768 1654 Dominus

181 1686 224 1741 in
253 1687 541 1757 Evangelio
565 1687 640 1743 ait
670 1706 683 1743 :
715 1687 857 1742 Tunc
887 1691 974 1758 qui
1002 1687 1056 1741 in
1082 1685 1270 1740 ludam
1302 1695 1455 1753 sunt,
1485 1687 1686 1756 fugiant
1713 1688 1770 1740 in

181 1792 347 1837 montes
387 1781 576 1854 (Luc.,
612 1797 724 1846 XXI,
771 1781 868 1852 2t)
904 1800 917 1835 :
949 1779 1003 1836 id
1033 1791 1154 1846 est,
1202 1788 1468 1850 quotquot
1496 1779 1548 1833 in
1577 1777 1766 1834 Judzea

1879 553 2070 609 rietate
2096 553 2336 623 gentium
2364 561 2416 608 et
2446 552 2700 622 populum
2723 551 3094 615 commixtum,
3121 551 3398 622 signiﬁcat.

1948 647 2004 701 2.
2045 645 2210 701 Pedes
2240 647 2350 715 ejus
2383 656 2642 714 tamquam
2667 646 2792 699 ursi.
2825 644 3003 699 Fortis
3033 644 3088 700 et
3117 646 3480 714 spurcissima:

1875 741 2062 798 bestia:
2092 759 2104 793 :
2141 739 2324 809 pedes,
2358 739 2526 794 duces
2553 739 2670 810 ejus
2700 738 3026 809 intelligendi
3059 748 3204 795 sunt.

1950 834 2016 888 Et
2054 851 2109 888 os
2134 834 2244 902 ejus
2274 843 2532 903 tamquam
2563 833 2777 886 leonem.
2823 831 2876 886 ld
2924 844 3034 898 εει,
3061 832 3127 887 ad
3157 833 3476 903 sanguinem

1875 937 2142 983 armatum
2172 943 2234 983 os
2271 927 2421 997 ejus,
2445 925 2618 995 jussio
2656 925 2802 979 illius
2829 935 2942 990 est,
2973 935 3026 980 et
3057 925 3233 996 liugna
3263 941 3384 996 qute
3411 925 3479 982 ad

1875 1022 2101 1076 nihilum
2136 1020 2280 1076 aliud
2323 1033 2638 1091 processura
2670 1027 2790 1085 est,
2821 1018 2924 1074 nisi
2949 1017 3017 1072 ad
3045 1019 3364 1088 sanguinem
3393 1017 3479 1074 ef-

1875 1113 2229 1169 fundendum.

1947 1222 2077 1274 xvn,
2117 1206 2169 1259 9.
2203 1205 2412 1276 Septem
2457 1206 2627 1276 capita
2672 1213 2863 1274 septem
2903 1214 3097 1258 montes
3133 1215 3250 1259 sunt
3285 1202 3388 1276 (l),
3424 1204 3480 1257 in

1873 1298 2055 1370 quibus
2084 1299 2268 1353 mulier
2288 1299 2446 1353 sedet.
2478 1295 2532 1352 Id
2563 1305 2666 1362 est,
2696 1296 2894 1351 civitas
2925 1296 3189 1351 Boiuana.

1949 1391 2036 1447 10.
2073 1391 2138 1444 Et
2173 1408 2316 1463 reges
2351 1403 2541 1460 septem
2575 1399 2734 1444 sunt:
2756 1389 2977 1461 quinque
3008 1389 3321 1452 ceciderunt,
3345 1406 3480 1444 unus

1873 1494 1946 1540 est
1966 1527 1980 1550 ,
2012 1495 2059 1540 et
2088 1486 2222 1540 alius
2259 1486 2488 1540 nondum
2527 1487 2694 1548 venit;
2715 1496 2762 1539 et
2792 1501 2906 1538 cum
2935 1485 3153 1549 venerit,
3184 1485 3318 1538 breui
3348 1495 3480 1539 tem-

1875 1597 1999 1652 pore
2051 1581 2144 1636 erit
2194 1579 2296 1652 (ἓ).
2335 1580 2562 1651 Iutelligi
2603 1588 2820 1649 oportet
2861 1589 3074 1648 tempus
3121 1594 3227 1649 quo
3278 1579 3481 1648 scripta

1875 1677 2226 1747 Apocalypsis
2256 1675 2400 1732 edita
2425 1685 2509 1731 est
2538 1692 2551 1729 :
2583 1675 2838 1746 quoniam
2865 1683 2992 1728 tunc
3018 1683 3136 1729 erat
3163 1673 3343 1728 Caesar
3369 1672 3477 1727 Do-

1873 1769 2166 1833 mitianus;
2199 1781 2327 1825 ante
2358 1769 2506 1824 illum
2539 1779 2717 1823 autem
2749 1768 2920 1822 fuerat
2945 1767 3096 1822 Titus
3125 1767 3292 1822 frater
3313 1767 3479 1830 illius,

179 1875 354 1931 fuerint
381 1876 637 1941 collecti,
671 1884 800 1931 eant
834 1875 900 1930 ad
935 1874 1086 1928 illum
1119 1874 1298 1928 locum
1327 1887 1486 1942 quem
1516 1881 1764 1944 paratum
1795 1864 1843 1923 B
1871 1874 1926 1920 et
1961 1863 2354 1933 Vespasianus,
2392 1863 2564 1928 Otho,
2605 1862 2855 1917 Vitellius
2891 1872 2948 1918 et
2985 1860 3172 1916 Galba.
3221 1858 3312 1915 Isti
3353 1871 3480 1916 sunt

176 1968 376 2034 habent,
404 1979 466 2025 et
496 1969 806 2025 nutriantur
848 1967 918 2024 ibi
963 1967 1250 2023 triennium
1276 1975 1330 2020 et
1357 1979 1574 2020 menses
1612 1980 1706 2020 sex
1732 1980 1762 2019 a

178 2063 292 2118 facie
317 2063 540 2119 diaboli.
1699 2136 1708 2142 1

233 2158 311 2212 Η.
338 2158 450 2213 Alte
480 2157 600 2213 dure
628 2174 851 2230 magnae.
888 2158 1006 2212 Duo
1031 2166 1159 2212 sunt
1184 2156 1464 2228 prophetae
1484 2199 1498 2223 ,
1528 2155 1674 2213 Elias
1708 2166 1762 2212 et

177 2254 249 2322 qui
276 2269 390 2308 cum
419 2254 519 2308 illo
547 2255 704 2310 fuerit
733 2253 1015 2326 propheta.

228 2347 307 2401 15.
333 2346 397 2401 Et
413 2349 590 2402 emisit
612 2364 820 2415 serpens
841 2365 906 2402 ex
925 2363 1013 2402 ore
1033 2365 1126 2402 suo
1156 2357 1268 2419 post
1289 2349 1551 2403 mulierem
1573 2365 1759 2421 aquam

170 2444 283 2496 velut
305 2445 525 2515 ﬂumen,
551 2453 606 2498 ut
634 2461 747 2498 eam
775 2461 832 2498 eo
858 2445 1073 2515 flumine
1091 2445 1335 2514 auferret.
1362 2445 1567 2515 Aquam
1595 2459 1756 2515 quam

173 2536 329 2591 emisit
352 2537 419 2592 de
449 2552 556 2592 ore
598 2551 698 2592 suo
737 2552 998 2608 serpens,
1035 2537 1188 2608 jussu
1233 2551 1334 2593 suo
1362 2537 1620 2608 populum
1667 2538 1757 2609 qui

174 2642 514 2701 persequatur
539 2647 683 2699 eam,
715 2630 998 2700 significat.

226 2722 306 2780 l6.
339 2723 406 2780 Et
453 2724 658 2793 adjuvit
689 2726 948 2779 mulierem
977 2734 1134 2790 terra,
1178 2734 1226 2779 et
1266 2726 1469 2794 aperuit
1499 2741 1554 2779 os
1581 2742 1753 2793 suum,

169 2828 208 2871 et
230 2817 488 2874 absorbuit
509 2819 644 2873 illud
662 2821 854 2890 ﬂumen
885 2821 1023 2890 quod
1060 2820 1214 2873 draco
1245 2821 1410 2874 emisit
1437 2837 1498 2874 ea:
1524 2835 1612 2874 ore
1639 2836 1752 2874 suo.

171 2913 440 2980 Aperuissc
477 2928 540 2968 os
565 2928 722 2969 suum
755 2925 979 2981 terram,
1012 2925 1066 2969 et
1096 2915 1388 2970 devorasse
1415 2931 1602 2985 aquas,
1631 2917 1754 2970 vin-

165 3002 337 3060 dictam
369 3007 441 3064 de
489 3009 846 3079 praesentibus
887 3009 1218 3065 manifestat.
1256 3010 1403 3067 lianc
1436 3013 1598 3081 igitur
1629 3013 1757 3068 licet

163 3101 536 3165 parturientem
560 3101 842 3171 significet,
878 3112 1059 3170 postea
1094 3113 1248 3174 partu
1279 3103 1426 3158 edito
1459 3103 1753 3175 fugientem

162 3193 401 3258 «tendit;
432 3193 565 3264 quia
598 3209 704 3250 non
735 3211 842 3250 uno
871 3205 1117 3267 tempore
1149 3206 1376 3269 utraque
1403 3209 1527 3251 sunt
1561 3197 1700 3254 facta
1736 3215 1750 3252 :

161 3281 381 3341 Christus
402 3286 557 3342 enim
597 3288 740 3357 quod
783 3298 939 3343 natus
965 3264 1050 3344 est
1091 3264 1325 3355 scimus;
1371 3291 1465 3346 sed
1499 3299 1743 3362 tempora

1876 3265 2138 3321 ll‘illial‘iOS
2183 3264 2252 3319 ab

163 3370 550 3444 laterassisse,
578 3389 636 3434 ut
671 3380 759 3436 illa
783 3379 1022 3452 aufugiat
1045 3397 1073 3434 a
1103 3381 1242 3438 facie
1263 3386 1557 3454 serpentis,
1583 3384 1762 3440 adhuc

182 3482 342 3528 actum
367 3491 486 3531 non
515 3490 656 3531 esse.
695 3475 898 3532 Deinde
923 3476 999 3531 ait
1028 3495 1041 3532 :

219 3566 325 3622 7-9.
344 3566 574 3622 Factum
587 3579 660 3623 est
677 3569 858 3640 praelia
866 3587 912 3623 m
926 3571 980 3623 in
994 3571 1118 3624 coelo
1135 3587 1153 3625 :
1169 3570 1391 3627 Michael
1407 3584 1452 3626 et
1469 3573 1640 3644 angeli
1651 3574 1762 3644 ejus

163 3663 438 3731 pugnabant
476 3679 591 3716 cum
623 3664 856 3733 dracone,
884 3674 928 3719 et
943 3665 1098 3719 draco
1121 3665 1386 3734 praeliatus
1417 3677 1554 3722 estet
1588 3669 1762 3738 angeli

161 3758 289 3824 ejus:
307 3769 353 3813 et
379 3776 492 3816 non
511 3760 800 3824 valuerunt,
830 3778 921 3815 nec
942 3765 1170 3816 inventus
1188 3761 1328 3816 locus
1344 3778 1514 3816 eorum
1537 3764 1762 3834 amplius

159 3849 200 3901 in
219 3851 354 3906 (telo.
372 3850 444 3906 Et
473 3854 732 3924 projectus
753 3853 994 3908 estdraco
1023 3855 1111 3908 ille
1139 3871 1376 3926 magnus,
1393 3873 1602 3925 serpens
1627 3859 1762 3910 anti-

158 3958 296 4011 quus:
313 3947 576 4017 projectus
587 3957 660 4002 est
676 3949 728 4000 in
749 3958 954 4002 terram.
975 3948 1086 4003 Hoc
1102 3959 1184 4005 est
1196 3950 1403 4004 initium
1425 3950 1758 4026 Antichristi.

160 4048 266 4093 ante
291 4048 477 4095 tamen
499 4048 713 4111 oportet
738 4040 1033 4110 praedicare
1057 4041 1251 4105 Eliam,
1271 4051 1327 4096 et
1348 4045 1492 4112 pacis
1514 4053 1759 4115 tempora

160 4141 290 4206 esse;
313 4148 377 4187 ac
404 4142 600 4203 postea
623 4135 1014 4190 consummatis
1039 4136 1271 4190 triennio
1291 4149 1345 4190 et
1365 4151 1458 4192 sex
1483 4137 1760 4194 mensibus

160 4216 202 4275 'n
227 4226 609 4293 przedicatione
641 4227 802 4292 Elite,
833 4227 992 4282 etiam
1019 4227 1209 4298 jactari
1248 4245 1370 4284 eum
1399 4231 1466 4286 de
1507 4231 1648 4287 coelo
1669 4231 1758 4287 ubi

161 4313 393 4374 habuerat
411 4330 738 4390 potestatem
753 4321 1080 4377 ascendendi
1099 4338 1268 4393 usque
1284 4323 1350 4378 ad
1370 4323 1498 4378 illud
1524 4333 1755 4396 tempus:

158 4418 204 4462 et
226 4413 444 4483 angelos
486 4413 702 4484 refugas
737 4415 1037 4482 universos,
1068 4417 1146 4470 sic
1171 4427 1228 4471 et
1249 4417 1657 4486 Antichristum,
1689 4419 1760 4476 de

161 4500 352 4558 inferno
364 4508 646 4570 suscitari,
665 4509 858 4562 Paulus
871 4511 1149 4578 apostolus
1163 4511 1266 4566 ait:
1284 4510 1406 4566 Nisi
1417 4515 1558 4583 prius
1569 4515 1759 4570 venerit

161 4594 402 4666 discessio,
422 4608 476 4655 et
495 4605 793 4672 apparuerit
809 4605 960 4658 homo
986 4606 1196 4676 peccati,
1227 4607 1368 4676 filius
1389 4609 1690 4680 perditionis
1713 4621 1758 4666 et

1869 1960 2106 2031 quinque
2134 1960 2220 2027 qui
2252 1957 2586 2013 ceciderunt.
2618 1956 2762 2012 Unus
2791 1965 2986 2021 exstat,
3009 1956 3112 2012 sub
3137 1970 3246 2025 quo
3274 1956 3474 2024 scripta

1869 2063 1948 2108 est
1979 2052 2367 2123 Apocalypsis,
2403 2051 2736 2105 Dontitianus
2777 2049 3003 2104 scilicet.
3053 2050 3200 2104 Alius
3239 2047 3468 2102 nondum

1865 2147 2030 2213 venit,
2054 2146 2284 2202 Nervam
2309 2145 2440 2200 dicit
2465 2162 2478 2198 :
2504 2155 2549 2200 et
2576 2161 2693 2198 cum
2716 2145 2927 2210 venerit,
2950 2143 3088 2196 breui
3111 2152 3336 2213 tempore
3355 2143 3476 2207 erit,

1865 2240 2144 2298 biennium
2173 2240 2316 2295 enim
2350 2255 2457 2294 non
2490 2239 2760 2310 implevit.

1943 2335 2046 2393 1L,
2069 2332 2136 2387 Et
2166 2333 2322 2387 bestia
2352 2349 2504 2403 quam
2534 2333 2706 2386 vidisti
2729 2373 2744 2398 ,
2775 2333 2837 2386 de
2863 2343 3052 2402 septem
3081 2340 3173 2386 est.
3205 2329 3472 2400 Quoniam

1863 2439 1988 2483 ante
2016 2428 2148 2482 istos
2178 2442 2364 2497 reges,
2396 2426 2537 2482 Nero
2567 2428 2831 2496 regnavit.

1940 2521 2008 2576 Et
2045 2535 2222 2576 octaua
2252 2530 2343 2576 est.
2379 2520 2467 2575 Ait
2494 2519 2654 2574 modo
2688 2519 2807 2592 (5):
2840 2533 2963 2574 cum
3013 2519 3100 2573 illa
3146 2516 3470 2580 advenerit,

1863 2624 2116 2685 computa
2153 2615 2332 2670 locum
2374 2625 2622 2669 octavum
2647 2657 2660 2679 ,
2689 2615 2943 2684 quoniam
2986 2614 3040 2669 in
3084 2612 3178 2668 illo
3218 2621 3303 2669 cst
3339 2625 3472 2667 con—

1861 2709 2152 2764 summatio
2170 2751 2183 2772 ,
2223 2707 2443 2777 adjecit.

1933 2801 2003 2855 Et
2029 2803 2081 2855 in
2108 2801 2369 2854 interitum
2395 2802 2564 2854 vadet.
2590 2798 2723 2853 Nam
2761 2799 2951 2854 decem
2990 2799 3167 2869 Reges
3190 2797 3470 2866 accepisse

1861 2896 2100 2968 regalem
2147 2904 2504 2964 potestatem,
2546 2907 2667 2948 cum
2719 2893 2812 2947 ille
2854 2893 3082 2946 moverit
3110 2871 3456 2953 abbriente,

1857 2989 1960 3043 ait:
1989 2988 2227 3043 Mittelur
2253 2987 2320 3042 ab
2351 2985 2484 3040 urbe
2513 2985 2680 3040 Roma
2712 3001 2833 3039 cum
2865 2985 3198 3041 exercitibus
3227 2984 3360 3039 suis.
3395 2983 3469 3038 Et

1858 3096 2058 3137 cornua
2087 3079 2275 3136 decem
2314 3089 2369 3134 et
2406 3079 2594 3134 decem
2632 3077 2934 3132 diademata
2984 3077 3168 3132 Daniel
3208 3074 3467 3131 ostendit.

1859 3173 1927 3228 Et
1966 3173 2068 3227 tria
2112 3171 2374 3226 eradicari
2418 3170 2484 3224 de
2527 3169 2825 3240 prioribus,
2860 3168 2962 3223 hoc
2998 3178 3114 3231 est,
3149 3179 3259 3223 tres
3303 3167 3471 3223 duces

2291 3263 2630 3320 Autichristo
2675 3260 2926 3316 interfici.
2960 3257 3218 3340 .Caeteros
3261 3267 3470 3330 septem

1866 3359 1997 3414 dare
2026 3358 2100 3412 illi
2139 3358 2402 3413 honorem
2425 3399 2439 3422 ,
2480 3365 2535 3410 et
2577 3355 2896 3420 consilium,
2929 3365 2982 3409 et
3015 3362 3369 3424 potestatem,
3401 3351 3472 3407 de

1866 3453 2058 3525 quibus
2086 3453 2162 3507 ait
2190 3471 2204 3507 :

1938 3547 2026 3602 16.
2059 3545 2134 3599 Hi
2163 3546 2333 3600 odient
2368 3543 2710 3612 meretricem,
2745 3544 2920 3597 urbem
2944 3542 3166 3607 scilicet,
3194 3551 3242 3594 et
3282 3553 3463 3594 carnes

1865 3645 1981 3714 ejus
2016 3643 2308 3696 comburent
2343 3641 2472 3711 igni.
2507 3639 2681 3694 Unum
2721 3647 2900 3693 autem
2929 3636 2996 3690 de
3022 3634 3289 3705 capitibus
3314 3632 3467 3702 quasi

1866 3739 2105 3795 occisum
2137 3737 2190 3791 in
2223 3744 2482 3800 mortem,
2513 3744 2567 3788 et
2591 3733 2800 3804 plagam
2829 3731 3018 3786 mortis
3047 3729 3164 3798 ejus
3195 3734 3461 3789 curatam,

1867 3832 2139 3888 Neronem
2162 3831 2312 3886 dicit.
2339 3827 2560 3883 Constat
2585 3827 2750 3891 enim,
2782 3825 2911 3880 dum
2940 3825 3315 3892 insequeretur
3340 3833 3463 3873 eum

1867 3925 2135 3996 equitatus
2162 3923 2358 3978 missus
2401 3936 2429 3973 a
2467 3929 2688 3985 senatu,
2719 3919 2892 3988 ipsum
2935 3915 3036 3972 sibi
3073 3914 3251 3984 gulam
3291 3909 3464 3966 succi-

1865 4020 2031 4075 disse.
2050 4019 2200 4073 lluuc
2215 4032 2344 4088 ergo
2360 4017 2672 4070 suscitatum
2691 4015 2827 4068 Deus
2840 4012 3012 4066 mittet
3028 4023 3205 4079 regem
3222 4006 3461 4078 dignum,

1865 4112 1960 4168 sed
1981 4111 2196 4182 dignum
2210 4108 2424 4180 qualem
2439 4104 2956 4163 merueruntlndaai.
2975 4101 3300 4172 thuouiam
3317 4098 3466 4153 aliud

1865 4219 2059 4261 notuen
2084 4202 2364 4257 habiturus
2390 4212 2505 4267 est,
2535 4200 2678 4254 aliud
2708 4199 2872 4253 etiam
2903 4197 3242 4251 insututurus
3263 4234 3277 4256 ,
3303 4199 3360 4245 ut
3385 4191 3465 4245 sic

1865 4317 1986 4356 cum
2019 4309 2290 4370 tamquam
2316 4297 2588 4353 Christum
2619 4296 2890 4365 excipiant
2921 4293 3115 4358 Judzei,
3155 4289 3231 4343 ait
3273 4285 3465 4342 Daniel

1863 4395 2062 4467 (Dan.,
2097 4411 2180 4461 χι,
2207 4392 2308 4463 37)
2329 4435 2342 4458 ,
2370 4391 2647 4448 Desideria
2679 4389 2962 4445 mulierum
2993 4401 3098 4442 non
3135 4389 3465 4454 cognoscet,

1863 4505 1984 4545 cum
2004 4489 2148 4560 prius
2162 4488 2323 4543 fuerit
2347 4486 2762 4558 irnpurissimus,
2777 4483 3050 4541 etnullum
3069 4481 3233 4535 Deum
3250 4487 3464 4548 patrum

1861 4599 2083 4640 suorum
2113 4591 2422 4654 cognoscet.
2453 4580 2567 4636 Non
2597 4583 2741 4634 enim
2773 4578 3033 4634 seducere
3060 4574 3256 4644 poterit
3293 4584 3464 4642 popu-

161 4693 493 4764 adversarius,
527 4665 623 4768 qui
653 4699 919 4754 ερειευαυίι
944 4665 1098 4770 sepe,-
1122 4665 1271 4757 on,,;e
1297 4665 1433 4776 quo",
1463 4706 1757 4762 nominum,
1780 4691 1833 4757 D
1861 4677 1969 4732 lum
2011 4675 2469 4740 circumcisionis,
2503 4673 2603 4728 nisi
2633 4673 2768 4743 legis
2795 4671 2866 4724 sit
2895 4668 3186 4738 judicator.
3223 4665 3465 4776 Denique

163 4781 310 4856 Deus,
341 4791 599 4859 autquod
626 4792 812 4848 colitur
843 4791 917 4865 (Il
947 4793 1154 4860 Thess.,
1183 4811 1218 4849 ll
1237 4837 1252 4862 ,
1285 4797 1340 4862 5,
1371 4797 1422 4851 4.
1448 4795 1492 4867 ).

716 4923 786 4963 EX
824 4923 1020 4964 CAPITE
1059 4925 1170 4964 XIII.

1856 4780 1912 4825 et
1941 4782 2160 4826 sanctos
2189 4783 2297 4824 non
2326 4767 2393 4823 ad
2419 4767 2561 4822 idola
2592 4765 2814 4820 colenda
2846 4769 3192 4817 revocaturus
3225 4765 3307 4814 est
3325 4797 3340 4822 ,
3365 4756 3465 4812 sed

1850 4865 1919 4921 ad
1949 4865 2413 4922 circumcisionem
2443 4862 2862 4933 suscipiendam,
2890 4869 2944 4915 et
2971 4859 3016 4912 si
3059 4871 3193 4927 quos
3223 4852 3466 4927 potuerit

1849 4961 2144 5026 seducere;
2185 4962 2255 5016 ita
2303 4961 2445 5015 enim
2493 4958 2653 5014 faciet
2697 4956 2831 5020 sibi,
2875 4966 2931 5008 ut
2979 4951 3227 5008 Christus
3265 4948 3335 5004 ab
3377 4947 3460 5003 eis

223 5042 268 5097 l.
317 5042 381 5100 Et
428 5047 533 5102 uidi
583 5047 646 5102 de
692 5049 823 5103 mari
865 5049 1218 5104 ascendentem
1265 5048 1476 5106 bestiam
1528 5053 1745 5107 similem
1845 5055 2169 5126 appelletur.
2217 5054 2293 5110 De
2334 5052 2548 5109 inferno
2596 5059 2778 5107 autem
2819 5049 2901 5120 (4)
2944 5047 3094 5102 illum
3137 5053 3458 5112 resurgere.

1516 5186 2077 5249 COMMENTARIUS.

227 5317 303 5388 (l)
329 5321 537 5390 Septem
580 5322 751 5391 capita
779 5332 967 5392 septem
998 5332 1190 5378 montes
1214 5331 1347 5377 sunt.
1384 5323 1498 5379 Hoc
1527 5340 1592 5379 ex
1620 5339 1739 5392 cap.

165 5393 359 5464 xvn,9.
380 5401 651 5461 sumptum
679 5405 780 5461 est,
811 5409 979 5464 usque
1005 5410 1093 5460 eo,
1122 5393 1210 5448 ubi
1241 5397 1430 5448 iterum
1463 5396 1624 5450 verba
1651 5398 1734 5458 15,

164 5462 337 5542 capitis
385 5464 568 5536 incipit
618 5462 979 5542 interpretari,
1008 5481 1128 5521 cum
1175 5466 1283 5542 ail‘,
1314 5464 1572 5542 Numerus
1609 5471 1742 5542 enim

164 5530 364 5609 ltomiuis
385 5546 457 5589 est
485 5530 505 5587 Ξ
531 5552 653 5609 qua:
693 5530 852 5609 verba
888 5547 1096 5592 mutare
1124 5530 1390 5592 noluimus
1417 5539 1487 5591 ob
1517 5538 1567 5592 id
1598 5541 1739 5606 quod

165 5607 410 5678 inlcrpres
447 5609 561 5676 ipse
597 5607 727 5662 dicit
769 5609 1026 5678 Spiritum
1076 5621 1319 5663 sanctum
1372 5625 1475 5662 non
1523 5625 1742 5666 servare

165 5674 429 5746 )‘erborutn
447 5674 713 5747 ordinem,
730 5674 824 5752 sed
842 5696 870 5734 a
893 5682 1176 5752 postremis
1200 5680 1463 5736 interdum
1482 5682 1546 5735 ad
1571 5684 1739 5751 prima

169 5752 544 5807 Interpretanda
575 5751 823 5807 transire.

347 5819 456 5898 ξιρε
471 5839 841 5898 es_cap,xvn,
865 5833 1141 5898 sumptum
1168 5833 1268 5880 cst.
1296 5822 1466 5898 GALL.

231 5881 305 5952 (5)
333 5887 417 5941 Ait
443 5895 610 5949 modo.
635 5881 738 5951 'llic
770 5881 920 5952 locus
948 5881 1035 5952 uie
1075 5897 1165 5952 diu
1209 5896 1395 5966 torsit,
1435 5911 1556 5953 cttm
1602 5897 1742 5955 laede

1850 5327 1872 5396 ζ
1894 5327 1944 5380 ni
1973 5327 2160 5400 fallor)
2187 5337 2473 5399 corruptus
2498 5339 2642 5384 esset
2673 5345 2686 5381 :
2716 5343 2840 5382 eum
2866 5335 3043 5400 tamen
3070 5322 3342 5400 corrigere
3365 5334 3458 5376 co-

1849 5393 2006 5452 natus
2055 5393 2208 5462 sum,
2249 5393 2389 5468 quod
2434 5416 2501 5454 an
2567 5409 2889 5454 consecutus
2943 5398 3078 5468 sim,
3136 5393 3457 5468 eruditiores

1849 5468 2098 5524 homines
2122 5465 2461 5539 judicabant.
2490 5470 2546 5525 In
2604 5471 2969 5537 manuscripto
3019 5467 3088 5520 ita
3138 5465 3452 5534 legebatur:

1848 5541 1933 5594 Att
1955 5542 2105 5595 modo
2135 5560 2247 5595 eum
2277 5543 2366 5598 ille
2391 5545 2672 5609 advenerit,
2705 5551 2942 5612 amputas
2964 5541 3075 5592 loco
3102 5546 3303 5612 actuum
3325 5553 3455 5606 quo-

1847 5614 1983 5666 niam
2007 5618 2058 5667 in
2082 5612 2172 5668 illa
2196 5625 2265 5668 est
2287 5615 2675 5668 consummatio.
2704 5608 2905 5666 Octavo
2934 5611 3052 5664 loco
3079 5608 3454 5663 auticltristum

1851 5698 2134 5739 venturum
2163 5687 2320 5750 dicit;
2354 5702 2474 5740 nam
2505 5685 2781 5739 octonario
2809 5697 3034 5736 numero
3065 5679 3324 5749 perfectio
3353 5679 3452 5733 de-

1845 5757 2106 5824 signatur,
2137 5772 2256 5811 cmn
2287 5758 2471 5812 mundi
2502 5758 2625 5810 linis
2651 5755 2948 5817 advenerit,
2973 5753 3096 5808 ideo
3119 5752 3264 5808 addit
3290 5769 3301 5805 :
3327 5766 3454 5821 quo-

1849 5827 1987 5882 niam
2017 5831 2068 5881 in
2096 5829 2188 5884 illo
2214 5842 2286 5883 est
2307 5827 2695 5884 consunmtatio.

1834 5947 1836 5949 ,
1922 5900 2003 5971 (ι)
2031 5899 2181 5956 Nunc
2212 5902 2352 5956 redit
2379 5900 2444 5956 ad
2475 5915 2594 5972 cap.
2628 5914 2741 5955 xm.
2771 5897 2941 5954 GALL.
