3904 6316
232 245 315 306 5H
1347 234 1415 292 IN
1451 231 1928 294 APOCALYPSIN
1966 234 2027 291 Β.
2060 231 2366 293 JOANNIS.

1820 356 1876 425 ᾼ
1901 352 2049 411 mille
2077 362 2257 410 autem
2282 353 2447 423 dicti,
2476 370 2542 412 eo
2579 355 2836 427 loquendi
2864 354 3026 412 modo
3058 368 3165 427 quo
3187 369 3316 427 pars
3334 353 3501 427 signi—

796 373 864 414 ΕΧ
893 371 1084 413 CAPITE
1108 371 1199 411 XV.

287 525 331 579 l.
358 522 424 577 Et
440 520 545 577 ridi
565 518 713 575 aliud
730 519 935 591 signum
959 532 1209 589 magnum.
1227 524 1282 573 et
1306 516 1561 583 utirabile,
1587 515 1799 589 angelos

227 625 420 689 septeni,
463 611 703 667 habentes
746 610 926 681 plagas
970 619 1165 678 septem
1207 607 1509 663 nouissimus
1532 624 1553 663 :
1577 609 1698 677 quia
1743 608 1798 664 in

226 713 331 786 ipsis
350 717 696 764 consummata
721 715 796 761 est
822 704 1109 775 indignatio
1136 702 1253 759 Dei.
1281 703 1508 773 Semper
1533 703 1678 759 enim
1717 703 1795 759 ira

226 806 304 863 Dei
327 802 547 875 percutit
576 801 837 873 populum
874 806 1247 853 contumacem
1275 805 1484 867 septem
1514 795 1715 867 plagis;
1742 796 1796 853 id

226 897 563 972 estperlecte,
589 903 652 950 ut
676 894 728 948 in
761 892 1000 949 [ιενίιίεο
1026 890 1156 949 dicit
1201 889 1406 963 (Leuit.
1426 931 1442 957 ,
1464 905 1621 954 xx",
1649 887 1749 961 2i)
1775 907 1791 945 :

223 1009 320 1066 qua;
357 991 407 1045 in
448 987 639 1044 ultimo
678 985 874 1042 futurae
910 993 1068 1051 sunt,
1096 997 1222 1039 cum
1248 981 1487 1039 Ecclesia
1516 981 1587 1041 de
1613 981 1795 1045 medio

222 1086 400 1144 exierit.

276 1179 324 1231 2.
356 1175 560 1232 Stantes
598 1188 759 1243 supra
798 1187 943 1226 mare
982 1170 1228 1236 vitreum,
1262 1167 1504 1222 habentes
1547 1165 1789 1221 citharas.

215 1272 265 1337 id
290 1278 383 1338 est,
416 1285 580 1337 super
602 1267 927 1338 baptismum
950 1278 1108 1320 suum
1138 1261 1399 1318 stabiliter
1431 1260 1488 1315 iu
1515 1258 1623 1315 ﬁde
1655 1274 1790 1314 con-

217 1367 413 1430 stitisse,
435 1373 490 1419 et
509 1361 910 1420 confessionem
935 1359 988 1413 in
1014 1373 1111 1414 ore
1134 1371 1284 1412 suam
1309 1354 1587 1421 habentes,
1611 1351 1793 1419 exsul-

212 1468 394 1515 taturos
423 1458 476 1512 iu
517 1470 688 1529 regno
727 1468 910 1510 coram
958 1451 1091 1507 Deo.
1125 1448 1233 1506 Sed
1276 1447 1345 1506 ad
1392 1446 1666 1520 proposita
1705 1461 1791 1502 re-

206 1563 467 1610 vertemur.

764 1700 835 1747 ex
863 1698 1057 1743 CAPIT]:
1086 1668 1214 1743 xvii.

265 1852 310 1917 l,
342 1851 393 1907 6.
431 1848 582 1904 Venit
609 1863 740 1903 unus
767 1864 796 1902 e
823 1856 1013 1926 septem
1047 1843 1241 1918 angelis
1268 1843 1357 1916 qui
1388 1841 1573 1897 habent
1595 1846 1788 1911 septem

206 1955 408 2021 pateras,
451 1954 498 1999 et
546 1944 749 1997 locutus
788 1950 859 1997 est
898 1955 1090 1992 mecum
1126 1938 1336 1991 dicens:
1372 1933 1496 1989 Veni
1522 1933 1789 1989 ostendam

208 2040 283 2095 tibi
313 2036 568 2110 judicium
606 2034 884 2089 meretricis
920 2032 1060 2085 illius
1087 2044 1305 2101 magnai,
1330 2042 1445 2099 qua:
1467 2025 1605 2081 sedet
1633 2038 1790 2094 super

207 2148 347 2206 aquas
386 2131 591 2184 multas.
638 2127 704 2182 Et
748 2126 854 2180 uidi
896 2124 1159 2181 mulierem
1204 2122 1394 2177 ebriam
1432 2121 1495 2175 de
1541 2120 1791 2191 sanguine

204 2235 472 2280 sanctorum
527 2230 573 2279 et
627 2220 879 2291 sanguine
940 2226 1242 2289 martyrum.
1295 2214 1518 2269 Decreta
1571 2221 1790 2269 senatus

206 2319 335 2373 illius
356 2332 571 2388 semper
592 2325 715 2368 sunt
733 2319 1102 2368 consummata
1134 2311 1184 2363 in
1213 2323 1420 2374 omnes,
1440 2318 1625 2363 contra
1647 2321 1791 2362 vera:

204 2414 310 2469 ﬁdei
335 2410 798 2487 praedicationem.
832 2405 902 2460 Et
928 2421 1073 2459 nunc
1099 2404 1209 2474 jam
1228 2445 1242 2470 ,
1265 2402 1406 2474 jacta
1436 2401 1783 2477 indulgentia,

206 2507 349 2561 etiam
380 2506 493 2576 ipse
520 2502 670 2558 dedit
697 2502 975 2556 decretum
1006 2498 1058 2552 in
1090 2496 1353 2552 universis
1376 2494 1646 2566 gentibus.

266 2603 314 2658 5.
350 2598 416 2655 Et
451 2598 554 2652 vidi
596 2598 763 2668 ipsam
808 2594 1074 2649 mulierem
1119 2590 1373 2646 sedentem
1402 2606 1554 2661 super
1579 2588 1792 2643 bestiam

207 2694 512 2758 coccineum,
568 2688 776 2761 plenam
833 2686 1120 2740 nominibus
1180 2682 1526 2753 blasphemite.
1591 2682 1793 2739 Sedere

206 2797 367 2841 autem
396 2798 557 2855 super
575 2780 804 2837 bestiam
822 2779 1043 2834 rubeam
1066 2786 1340 2831 auctorem
1358 2773 1789 2839 homicidiorum,

207 2878 389 2935 diaboli
420 2877 598 2947 imago
622 2882 727 2941 est,
752 2871 843 2927 ubi
882 2869 1042 2926 etiam
1086 2870 1154 2926 de
1202 2867 1511 2939 captivitate
1549 2866 1695 2937 ejus,
1724 2865 1792 2922 de

205 2987 291 3044 qua
320 2967 786 3042 pertractavimus.
818 2963 1032 3019 Memini
1057 2963 1195 3018 hanc
1215 2959 1430 3033 quidem
1460 2959 1790 3031 Babylonem

204 3073 407 3138 propter
446 3062 816 3119 confusionem
863 3058 967 3114 dici
1014 3064 1070 3113 et
1128 3057 1179 3111 in
1228 3055 1583 3127 Apocalypsi,
1626 3063 1681 3109 et
1735 3054 1786 3107 in

3392 233 3502 293 τιιῖ

1906 446 2097 502 ﬁcatur
2139 462 2171 502 a
2201 455 2314 503 toto
2339 448 2478 504 sicut
2513 457 2597 505 est
2625 448 2798 505 illud:
2840 448 3023 517 Verbi,
3068 448 3205 520 quod
3241 447 3502 503 mandauit

1904 541 1960 594 in
1995 541 2134 596 mille
2170 542 2520 612 generationes
2550 540 2724 614 (Psal.
2768 558 2893 609 ctv,
2927 542 2985 613 8)
3016 561 3030 597 :
3061 557 3184 597 cum
3228 555 3337 597 non
3377 552 3505 598 sunt

1902 631 2071 687 mille.
2110 630 2264 700 Quod
2304 642 2482 688 autem
2526 634 2635 699 ait,
2667 643 2725 687 et
2754 634 2891 687 misit
2930 631 3083 688 illum
3119 633 3179 688 in
3214 632 3458 704 abyssum
3488 673 3504 699 ,

1902 724 2007 782 boc
2050 726 2254 796 inquit,
2299 726 2422 796 quia
2468 725 2716 782 diabolus
2762 727 3014 781 exclusus
3065 740 3097 781 a
3153 724 3493 781 credentium

1902 817 2156 874 cordibus
2176 859 2190 883 ,
2223 820 2387 893 cmpit
2416 818 2611 888 impios
2639 817 2918 889 possidere
2941 859 2956 883 ,
2983 819 3038 874 in
3067 833 3298 889 quorum
3324 819 3504 889 quoti-

1901 910 1990 967 die
2034 911 2194 965 caecis
2239 910 2522 979 cordibus,
2570 918 2843 982 tamquam
2889 910 2943 964 in
2988 909 3173 983 abyssi
3235 908 3503 981 profundo

1899 1003 2141 1060 inclusus
2186 1011 2289 1058 est.
2331 1004 2399 1059 Et
2441 1003 2666 1071 clausit,
2714 1003 2918 1073 inquit,
2966 1010 3022 1058 et
3064 1002 3301 1074 signavit
3343 1016 3507 1074 super

1902 1112 2025 1153 eum
2058 1104 2116 1150 ut
2158 1110 2264 1150 non
2310 1096 2595 1151 seduceret
2629 1103 2824 1167 gentes
2867 1094 3044 1151 donec.
3071 1094 3327 1151 ﬁniantur
3356 1095 3507 1152 mille

1901 1189 2050 1245 anni.
2082 1187 2276 1243 Clausit
2306 1204 2461 1258 super
2485 1203 2600 1242 eunt
2641 1187 2845 1243 dictum
2868 1194 2988 1253 est,
3019 1186 3074 1242 id
3100 1195 3185 1243 est
3227 1186 3507 1244 interdixit

1899 1293 2060 1356 atque
2098 1282 2371 1348 cohibuit,
2404 1298 2474 1337 ne
2504 1282 2728 1338 seducat
2747 1283 3089 1353 pertinentes
3107 1280 3178 1337 ad
3202 1280 3505 1338 Christum.

1901 1375 2136 1451 Signavit
2190 1386 2369 1433 autem
2415 1393 2568 1449 super
2597 1394 2744 1441 eunt,
2792 1378 2915 1449 quia
2962 1376 3238 1433 occultum
3277 1384 3366 1433 est
3410 1378 3502 1448 qui

1897 1471 2209 1542 pertineant
2262 1470 2329 1525 ad
2377 1479 2586 1542 partem
2633 1470 2871 1535 diaboli,
2919 1478 2977 1525 et
3029 1470 3129 1540 qui
3160 1469 3230 1524 ad
3276 1467 3499 1526 Christi.

1897 1563 2031 1619 Nam
2063 1573 2117 1619 et
2144 1563 2235 1634 qui
2264 1548 2519 1618 videntur
2540 1569 2687 1619 stare
2706 1605 2721 1630 ,
2753 1564 3028 1619 nescimus
3056 1563 3102 1619 si
3135 1562 3315 1621 casuri
3355 1564 3502 1632 sint;

1898 1666 1954 1715 et
1982 1659 2073 1729 qui
2097 1659 2309 1727 jacent,
2345 1658 2392 1712 si
2418 1669 2643 1730 surgant
2670 1658 2937 1715 incertum
2978 1665 3082 1713 est.
3116 1657 3277 1725 Quod
3319 1666 3502 1717 autem

1820 1759 1871 1823 Β
1896 1752 1972 1807 ait
2012 1751 2233 1821 ligatum
2265 1760 2428 1822 atque
2469 1750 2740 1806 inclusum
2785 1750 2972 1815 illum,
3020 1758 3080 1806 ut
3130 1766 3239 1808 non
3281 1751 3507 1808 seducet

1894 1853 2124 1917 gentes:
2152 1853 2342 1915 gentes
2387 1844 2683 1900 Ecclesium
2710 1843 3018 1915 signiﬁcant
3045 1858 3112 1900 ex
3139 1843 3341 1915 quibus
3373 1844 3494 1916 ipsa

1899 1944 2149 2002 constat,
2183 1950 2320 2007 quas
2359 1935 2614 1992 seductas
2654 1943 2781 1991 ante
2821 1934 3078 2003 tenebat,
3120 1935 3280 1990 donec
3318 1935 3509 2005 ﬁnian-

1903 2040 2007 2099 tur,
2050 2031 2262 2100 inquit,
2302 2031 2445 2086 mille
2482 2033 2643 2099 anni,
2690 2029 2745 2087 id
2788 2040 2873 2087 est
2918 2030 3065 2101 quod
3111 2031 3382 2103 reliquum
3424 2041 3513 2089 est

1898 2124 1966 2179 de
1994 2132 2157 2179 sexto
2200 2124 2318 2192 die,
2349 2124 2560 2181 scilicet
2600 2125 2669 2182 de
2712 2133 2864 2181 sexta
2908 2134 3098 2193 astate,
3126 2141 3250 2197 quae
3292 2135 3509 2183 constat

1898 2218 2049 2274 mille
2088 2218 2266 2273 annis.
2312 2217 2441 2273 Post
2482 2222 2592 2275 hac
2633 2229 2838 2291 oportet
2864 2236 2983 2276 sum
3021 2220 3155 2276 solui
3198 2220 3337 2276 breui
3374 2232 3506 2277 tem.-

1899 2327 2043 2384 pore.
2072 2310 2246 2366 Breve
2274 2318 2490 2381 tempus
2516 2321 2628 2369 tres
2655 2327 2831 2369 annos
2868 2320 2927 2370 et
2958 2327 3055 2370 sex
3085 2327 3302 2370 menses
3339 2314 3507 2386 signi-

1901 2406 2056 2473 ﬁcat,
2089 2403 2284 2479 quibus
2314 2407 2443 2461 totis
2463 2407 2669 2463 viribus
2690 2422 2750 2463 se
2775 2408 2983 2463 ulturus
3008 2416 3093 2463 est
3118 2406 3368 2464 diabolus
3402 2410 3504 2465 sub

1902 2501 2244 2557 Antichristo
2286 2501 2552 2557 adversus
2598 2502 2922 2558 Ecclesium.
2955 2501 3160 2559 Deinde
3203 2512 3315 2574 post
3348 2503 3499 2572 dicit,

1899 2595 2044 2666 quod
2092 2595 2384 2650 solvendus
2410 2597 2516 2651 erit
2543 2596 2821 2664 diabolus,
2866 2606 2923 2652 et
2966 2591 3288 2652 seductuius
3313 2606 3503 2668 gentes

1898 2696 2015 2742 toto
2055 2687 2185 2744 orbe
2232 2697 2500 2744 terrarum
2524 2730 2543 2757 ,
2598 2697 2655 2744 et
2695 2688 2936 2745 attrahet
2991 2689 3190 2749 bellum
3244 2689 3502 2750 adversus

1898 2777 2199 2835 Ecclesium
2221 2822 2236 2849 ,
2265 2794 2494 2850 quorum
2518 2779 2753 2837 hostium
2800 2796 3060 2839 numerus
3097 2782 3203 2838 erit
3234 2792 3294 2838 ut
3333 2796 3497 2839 arena

1898 2870 2085 2926 maris.
3204 2862 3217 2875 ’

1969 2968 2026 3033 4,
2059 2967 2114 3022 5.
2142 2964 2217 3021 Ει
2235 2967 2340 3022 uidi
2369 2967 2512 3023 sedes
2531 2977 2581 3022 et
2599 2968 2832 3024 sedentes
2849 2985 3005 3041 super
3032 2985 3148 3037 eas,
3178 2979 3227 3024 et
3244 2970 3496 3041 iudicium

1897 3061 2075 3115 datum
2099 3071 2173 3115 est
2187 3059 2292 3115 illis
2306 3078 2325 3116 :
2343 3070 2390 3115 et
2402 3062 2600 3116 animus
2620 3063 2904 3118 occisorum
2922 3072 3130 3135 propter
3151 3064 3495 3120 testimonium

203 3159 374 3225 Esaia;
408 3169 460 3216 et
486 3153 739 3211 Ezechiel
777 3153 1066 3208 Sodomam
1112 3148 1420 3205 nominavit.
1460 3147 1698 3217 Denique
1739 3147 1785 3203 si

1898 3155 2041 3223 Jesu,
2056 3165 2104 3210 et
2116 3165 2322 3227 propter
2332 3172 2413 3211 ver
2420 3150 2711 3224 bumDei,ct
2721 3157 2809 3228 qui
2820 3171 2922 3212 non
2935 3158 3272 3215 aderauerunt
3283 3157 3493 3213 bestiam

203 3266 463 3325 compares
504 3264 625 3322 quae
663 3257 851 3303 contra
893 3243 1184 3300 Sndomam
1223 3242 1365 3297 dicta
1404 3250 1551 3309 sunt,
1585 3248 1640 3295 et
1665 3255 1788 3310 quas

205 3342 364 3398 Esaias
396 3349 585 3397 contra
614 3337 943 3411 Babylonem
970 3334 1122 3403 dicit,
1151 3348 1378 3406 quaeque
1410 3332 1783 3405 Apocalypsis,

203 3451 343 3492 unum
365 3449 490 3492 esse
513 3435 692 3490 omnia
721 3430 961 3487 invenies

761 3588 833 3629 ΒΧ
857 3588 1046 3635 ῦΔΡΙΤε
1075 3588 1185 3629 XIX.

265 3738 343 3797 il.
375 3738 447 3793 Et
474 3736 578 3792 vidi
604 3735 784 3792 caelum
809 3742 1043 3804 apertum
1074 3747 1091 3784 :
1117 3738 1165 3784 et
1193 3744 1306 3784 ecce
1330 3745 1488 3800 equus
1527 3727 1672 3783 albus
1695 3768 1711 3794 ,
1735 3734 1784 3783 et

205 3832 277 3901 qui
318 3830 519 3886 sedebat
566 3844 720 3900 super
762 3843 897 3891 eum,
944 3822 1215 3879 vocabatur
1267 3820 1462 3877 Fidelis
1501 3829 1546 3876 et
1589 3818 1780 3875 Verax.

204 3923 363 3996 Equus
388 3934 445 3980 et
474 3922 670 3978 sedens
703 3935 863 3990 super
889 3934 1010 3974 eum
1048 3917 1333 3971 Dominum
1373 3924 1617 3971 nostrum
1660 3929 1783 3969 cum

205 4018 416 4071 exercitu
450 4015 661 4072 caelesti
687 4012 1063 4068 advenientem
1092 4008 1158 4063 ad
1188 4023 1412 4079 regnum
1450 4005 1704 4067 ostendit.
1736 4009 1784 4067 Α

205 4110 319 4164 mari
355 4109 553 4166 etenim
596 4105 876 4178 Aquilonis
914 4102 1057 4175 quod
1087 4110 1171 4159 est
1198 4101 1487 4163 Arabicum
1519 4115 1686 4171 usque
1712 4100 1781 4155 ad

206 4216 334 4258 mare
354 4202 623 4259 thnicls
651 4211 706 4256 et
734 4214 900 4270 usque
924 4199 990 4252 ad
1015 4198 1150 4253 lines
1166 4204 1327 4253 terras
1350 4196 1584 4265 majores
1604 4204 1783 4265 partes

208 4292 289 4350 has
325 4297 373 4365 in
418 4297 654 4351 adventu
703 4293 912 4349 Domini
960 4292 1086 4348 lesu
1118 4291 1196 4364 (l)
1225 4290 1524 4347 mandaturi
1550 4297 1700 4354 sunt,
1729 4296 1784 4345 et

208 4401 371 4446 omnes
410 4390 606 4446 animae
638 4388 875 4460 gentium
902 4386 1371 4459 congregabantur
1398 4383 1467 4441 ad
1492 4382 1778 4454 judicium.

763 4543 833 4584 EX
873 4542 1065 4585 (ΣΔΡΙΤΕ
1103 4541 1199 4583 XX.

270 4666 374 4725 1-3.
402 4664 473 4722 Et
500 4663 607 4720 uidi
638 4664 874 4736 angelum
902 4660 1285 4719 descendentem
1314 4659 1377 4714 de
1398 4659 1551 4727 caelo,
1585 4660 1782 4715 haben-

211 4763 294 4811 tem
327 4760 514 4814 clavem
541 4757 744 4827 abyssi,
777 4765 824 4812 et
854 4767 1086 4815 catenam
1114 4756 1169 4808 in
1196 4771 1354 4809 manu
1381 4771 1497 4819 sua.
1531 4752 1600 4809 Et
1623 4754 1783 4811 tenuit

211 4848 474 4917 draconem,
513 4850 661 4905 illum
681 4860 967 4920 serpentem
989 4852 1256 4920 antiquum
1283 4852 1369 4920 qui
1396 4850 1786 4921 cognominatus

212 4952 272 4994 est
294 4944 514 4998 diabolus
543 4952 589 4997 et
616 4953 851 5007 satanas,
890 4952 937 4996 et
971 4941 1202 5013 alligavit
1222 4942 1371 4996 illum
1406 4943 1547 4997 mille
1576 4945 1728 4998 annis
1765 4954 1790 4995 ιτ

213 5041 252 5085 et
290 5037 415 5090 misit
446 5037 594 5090 illum
624 5037 674 5089 in
724 5034 1001 5106 abyssum,
1029 5043 1077 5087 et
1097 5035 1314 5102 clausit,
1357 5042 1404 5088 et
1444 5035 1665 5104 signavit
1694 5050 1782 5090 su-

215 5143 289 5196 per
304 5147 431 5195 eum,
460 5140 516 5184 ut
541 5144 639 5191 non
669 5129 928 5187 seduceret
950 5120 1100 5187 eliam
1122 5138 1314 5199 gentes,
1337 5128 1497 5189 donec
1531 5129 1780 5196 ﬁniantur

217 5222 334 5275 mille
360 5225 498 5278 anni.
535 5222 663 5277 Post
685 5221 794 5277 lucc
853 5230 1049 5292 Oportet
1079 5234 1192 5274 eum
1219 5220 1347 5275 solvi
1375 5221 1512 5275 brevi
1533 5232 1779 5293 tempore.

216 5310 286 5370 Illi
306 5318 421 5372 anni
449 5320 501 5374 in
528 5318 719 5389 quibus
746 5317 993 5407 alligatus
1015 5326 1100 5389 est
1120 5318 1351 5395 Satanas
1375 5360 1392 5385 ,
1422 5319 1509 5377 isti
1548 5327 1676 5381 sunt
1723 5321 1782 5383 in

1892 3266 1984 3305 nec
1992 3250 2266 3321 imaginem
2283 3252 2415 3323 ejus,
2432 3266 2594 3321 neque
2607 3259 2912 3321 acceperunt
2928 3252 3254 3322 scriptionum
3268 3251 3322 3306 in
3342 3251 3493 3322 [rem

1890 3354 1991 3399 tem
2007 3353 2097 3398 aut
2116 3345 2171 3398 in
2199 3356 2408 3398 manum
2434 3359 2603 3411 suam,
2622 3353 2670 3399 et
2688 3354 3028 3416 regnaverunt
3042 3360 3170 3399 cum
3191 3343 3321 3400 Iesu
3346 3344 3488 3400 mille

1889 3436 2250 3507 anniszrellqui
2266 3451 2441 3492 eorum
2460 3453 2565 3493 non
2579 3439 2889 3498 reuixerunt.
2906 3440 3066 3493 donec
3082 3438 3335 3507 ﬁniantur
3350 3437 3492 3493 mille

1889 3532 2035 3587 anni.
2068 3530 2197 3586 Htec
2247 3534 2552 3588 resurrectio
2580 3534 2750 3604 prima
2775 3542 2869 3589 est.
2899 3532 3028 3588 Duae
3056 3541 3183 3588 sunt
3217 3547 3492 3589 resurrec-

1890 3626 2109 3682 tiones:
2142 3626 2237 3682 sed
2284 3628 2455 3698 prima
2514 3629 2840 3685 resurrectio
2880 3642 3025 3683 nunc
3068 3636 3153 3686 est
3186 3629 3487 3683 animarum

1887 3735 1988 3792 per
2017 3721 2179 3778 ﬁdem
2200 3765 2216 3790 ,
2248 3737 2369 3793 quae
2398 3737 2509 3778 non
2549 3723 2814 3793 permittit
2855 3722 3107 3778 homines
3148 3721 3383 3777 transire
3419 3718 3497 3776 ad

1887 3824 2118 3871 mortem
2149 3815 2464 3871 secundam.
2494 3815 2572 3873 De
2612 3818 2713 3873 hac
2742 3816 3140 3874 resurrectione
3178 3802 3314 3871 dicit
3337 3810 3489 3887 Apos

1890 3907 2064 3963 stolus
2101 3926 2114 3962 :
2148 3908 2211 3964 Si
2237 3910 2586 3966 resurremistis
2606 3925 2724 3965 cum
2748 3909 2982 3977 Christo,
3013 3923 3129 3981 quat
3149 3922 3351 3963 sursum
3369 3916 3488 3967 sunt

1887 4000 2100 4073 quaerite
2126 4000 2343 4075 (Coloss.
2390 4017 2448 4057 Ill
2469 4044 2482 4068 ,
2514 4003 2595 4073 l).

1960 4094 2016 4149 6.
2040 4093 2229 4150 Beatus
2262 4104 2309 4149 et
2354 4105 2563 4153 sanctus
2596 4097 2683 4168 qui
2718 4096 2867 4155 habet
2904 4096 2960 4153 in
2991 4095 3090 4157 hac
3118 4095 3487 4151 resurrectione

1888 4200 2087 4261 partem
2117 4208 2130 4245 :
2158 4189 2212 4247 in
2249 4188 2363 4245 istis
2392 4188 2620 4247 secunda
2642 4206 2780 4245 mors
2807 4206 2912 4246 non
2938 4187 3139 4247 habebit
3163 4195 3482 4261 potestatem,

1888 4283 1976 4338 sed
2006 4292 2152 4337 erunt
2186 4283 2475 4339 sacerdotes
2500 4282 2598 4339 Dei
2640 4292 2688 4339 et
2725 4283 2953 4352 Christi,
2978 4293 3025 4339 et
3049 4284 3333 4355 regnabant
3369 4299 3488 4339 cum

1885 4393 1944 4431 eo
1987 4376 2130 4431 mille
2169 4377 2339 4431 annis.
2364 4375 2511 4432 Mille
2549 4390 2812 4432 annorum
2840 4373 2925 4449 (Ξ)
2963 4391 3184 4447 regnum
3210 4391 3320 4433 non
3346 4376 3492 4432 arbi-

1889 4479 2004 4531 tror
2053 4484 2175 4529 esse
2227 4478 2529 4539 aeternum;
2589 4479 2683 4531 aut
2734 4471 2783 4531 si
2844 4471 2920 4531 ita
2977 4470 3316 4533 sentiendum
3370 4480 3487 4542 est,

1806 4567 1862 4627 D
1885 4564 2173 4635 completis
2199 4565 2357 4621 annis
2384 4565 2534 4623 mille
2560 4578 2793 4637 regnare
2822 4563 3116 4631 desinunt;
3149 4565 3246 4623 sed
3280 4573 3339 4621 ut
3376 4565 3489 4625 mei

1889 4670 2082 4715 sensus
2112 4659 2383 4730 capacitas
2422 4659 2619 4725 sentit,
2649 4658 2941 4730 proferam.
2989 4653 3251 4716 Denarlus
3289 4673 3488 4715 nume-

1890 4768 1985 4811 rus
2022 4752 2337 4829 decalogum
2377 4753 2674 4828 signiﬁcat,
2705 4761 2760 4810 et
2788 4751 3131 4811 centenarias
3163 4750 3490 4825 virginitatis

1892 4862 2149 4913 coronam
2194 4846 2430 4907 ostendit
2462 4865 2478 4903 :
2509 4847 2600 4918 qui
2653 4846 2800 4907 enim
2848 4845 3171 4919 virginitatis
3211 4846 3486 4915 integrum

1894 4942 2190 4999 servaverit
2220 4943 2576 5012 propositum,
2621 4951 2676 4999 et
2719 4941 2963 5012 decalogl
2996 4948 3266 5011 praecepta
3294 4940 3490 5010 imple-

1890 5036 2035 5090 verit
2074 5034 2324 5101 ﬁdellter,
2357 5043 2413 5090 et
2436 5035 2580 5090 feros
2608 5048 2791 5089 mores
2820 5033 2903 5088 vel
2927 5032 3170 5104 impurus
3207 5032 3489 5103 cogitatio-

1881 5134 1986 5193 nes
2032 5130 2178 5189 intra
2221 5127 2401 5187 cordis
2428 5126 2734 5195 cubiculum
2774 5125 3141 5197 iugulaverit,
3193 5138 3262 5179 ne
3312 5121 3487 5178 domi-
3558 5138 3565 5143 '

1887 5234 2086 5280 nentur
2137 5222 2225 5289 ei,
2282 5222 2388 5279 istc
2446 5231 2532 5278 est
2585 5236 2746 5278 verus
2809 5217 3065 5276 sacerdos
3136 5217 3368 5283 Christi,
3434 5226 3491 5275 et

1884 5316 2251 5385 amillenarium
2306 5330 2593 5377 numerum
2654 5315 2942 5391 perliciens
2992 5314 3200 5384 integre
3247 5311 3487 5368 creditur

218 5406 423 5466 adventu
462 5412 635 5482 primo
674 5398 875 5477 Chrisii
907 5424 1077 5479 usque
1105 5407 1173 5466 ad
1211 5410 1500 5469 terminum
1542 5410 1734 5473 saeculi
1761 5430 1777 5479 ;
1832 5438 1837 5449 ι
1883 5425 2116 5483 regnare
2142 5423 2269 5469 cum
2296 5398 2552 5478 Christo.
2591 5416 2648 5469 et
2675 5416 2826 5471 recte
2851 5406 2994 5480 apud
3024 5421 3148 5465 eum
3181 5404 3375 5479 ligatus
3402 5411 3489 5460 est

1574 5551 2134 5615 COMMENTARIUS.

222 5662 225 5675 '
281 5661 351 5735 (l)
392 5663 455 5720 In
504 5666 721 5721 adventu
763 5664 976 5737 Domini
1021 5663 1150 5722 Iesu
1191 5663 1506 5720 mandaturi.
1566 5665 1702 5734 Quid
1741 5671 1789 5725 si

227 5737 491 5795 mandaturi
516 5738 681 5810 legas,
706 5738 862 5810 unius
893 5746 1095 5810 tantum
1122 5737 1664 5810 littermmutatione?
1689 5740 1793 5798 Ne-

236 5815 324 5873 que
359 5822 450 5866 nos
483 5806 648 5868 ullum
691 5808 860 5883 magis
889 5808 1164 5882 proprium
1189 5808 1331 5881 quod
1358 5806 1615 5870 afﬁnitate
1634 5812 1793 5883 sylla-

1896 5671 2086 5727 barum
2112 5683 2237 5725 cum
2278 5667 2347 5723 lis
2384 5681 2505 5739 quae
2547 5663 2778 5739 subindo
2815 5670 3116 5736 acuuntur
3157 5662 3526 5733 cohaereret.‘

1898 5742 2123 5799 verbum
2153 5737 2717 5811 invenire'potuimus.

1908 5896 1915 5901 ι
1984 5812 2065 5888 (2)
2094 5812 2235 5869 mille
2263 5806 2518 5868 annorum
2546 5823 2781 5883 regnum.
2815 5806 2933 5883 Ego
2967 5806 3115 5875 hunc
3150 5808 3327 5871 locum
3346 5851 3367 5893 ρ
3406 5807 3514 5879 nisi
