3904 6316
193 337 286 393 Titii
1485 330 1758 389 NOTITIA
1795 330 2175 390 HISTORICA.

3354 334 3461 392 346

197 452 348 507 ruisse
374 447 720 505 existimatur.
753 447 830 503 lta
860 446 1075 519 quidem
1111 461 1225 519 prae
1256 449 1466 504 caeteris
1507 447 1758 502 doctissi-
1793 448 1837 508 Α
1865 448 1982 502 nius
2020 448 2125 519 (t).
2169 448 2454 520 Complura
2496 466 2627 507 vero
2666 452 2978 508 earumdem
3019 450 3457 523 Apocriticorum

193 558 299 599 ntus
318 542 699 609 Tilbmontius,
749 543 841 613 qui
891 543 960 598 de
1004 544 1108 598 isto
1155 543 1405 599 Ecclesia:
1455 544 1751 613 scriptore,

189 638 381 693 obscuri
426 636 653 691 nominis
697 636 848 703 licet,
900 638 1175 708 ipsiusque
1222 637 1522 692 litterarum
1564 652 1754 693 monu-

188 731 362 787 mentis
396 730 520 785 satis
553 730 836 802 diligenter
869 729 1119 785 edisserit
1153 728 1258 805 (t).
1303 729 1622 787 Gnilielmus
1661 745 1756 784 au-

185 834 278 881 tem
327 821 530 878 Caveus
581 839 686 879 non
741 824 913 880 solum
968 824 1203 879 auctoris
1254 831 1468 879 aetatem
1526 823 1756 879 antehae

185 920 547 989 incompertam
571 961 588 986 ,
619 918 715 975 sed
741 934 847 989 quo
876 918 1036 973 etiam
1085 920 1399 974 charactere
1436 917 1599 973 fuerit
1627 917 1755 973 insi-

180 1012 418 1082 signitus,
464 1011 729 1081 expiscari
777 1011 882 1067 sibi
925 1010 1141 1068 demum
1189 1012 1405 1067 licuisse
1450 1013 1752 1082 proﬁtetur.

181 1105 257 1160 Sic
282 1104 421 1158 enim
454 1104 540 1159 ille
569 1103 680 1177 (9.):
712 1103 1011 1160 Germanus
1040 1103 1342 1175 patriarcha
1380 1105 1751 1163 constantino-

178 1198 425 1269 politanus
456 1198 509 1252 in
545 1198 855 1268 Dogmatico
892 1197 960 1252 ad
1004 1197 1317 1254 Anthimum
1358 1215 1459 1254 ms.
1502 1203 1640 1269 apud
1681 1199 1751 1255 cl.

177 1290 379 1345 Galenm
401 1332 416 1356 ,
453 1290 539 1345 ubi
570 1290 640 1346 de
668 1290 876 1360 synodo
913 1292 1229 1349 antiochena
1265 1292 1521 1349 adversus
1561 1292 1753 1349 Samo-

174 1396 397 1440 satenunt
442 1386 587 1455 agit,
629 1385 745 1442 haec
786 1385 966 1444 habet.
1010 1386 1335 1454 lnlererant,
1376 1386 1579 1457 inquit,
1621 1385 1755 1443 Con-

173 1482 276 1535 cilio
294 1478 638 1536 Antiocheno
658 1490 842 1537 contra
872 1481 1089 1536 Paulum
1119 1481 1523 1539 Samosatenum
1547 1478 1752 1551 Grego—

170 1573 267 1629 rius
291 1572 726 1646 Thaumaturgus
749 1618 765 1639 ,
796 1575 900 1631 Leo
929 1574 1197 1631 Tarsensis
1226 1576 1247 1646 (
1263 1574 1546 1646 legendum
1573 1575 1755 1645 judice

169 1665 325 1723 Cavea
350 1670 532 1730 Ελενος
556 1684 656 1739 pro
684 1681 855 1736 Λεων,
888 1670 988 1726 levi
1021 1669 1339 1734 mutatione,
1374 1670 1421 1724 is
1457 1670 1600 1726 enim
1637 1679 1755 1726 erat

168 1761 256 1818 hoc
283 1771 530 1834 tempore
559 1765 817 1819 tarsensis
845 1765 1160 1835 episcopus,
1192 1764 1267 1819 uti
1310 1762 1511 1820 diserte
1554 1763 1757 1820 habent

1860 545 2285 616 ἁποσπασμάτια
2303 554 2490 600 extare
2518 556 2815 601 noscuntur
2840 547 2894 601 itt
2916 544 3205 617 Nieephori
3228 543 3458 615 patriar-

1859 635 1975 691 chae
2023 637 2586 706 constantinopolitani
2633 638 2775 693 libris
2818 637 3173 692 Antirrheticis
3213 636 3457 697 adversus

1858 729 2261 794 Iconomachos;
2285 746 2404 799 quae
2435 733 2654 788 ineunte
2682 732 2784 788 hoc
2808 739 3008 789 saeculo
3033 733 3114 788 vir
3138 733 3320 788 clarus
3344 732 3459 789 An-

1857 824 2059 879 selmus
2087 822 2387 879 Bandurius
2414 824 2707 881 monachus
2736 826 2970 898 etabbas
2989 823 3362 881 benedictione
3387 838 3458 880 ex

1858 917 2017 987 regiis
2046 915 2320 972 codicibus
2356 916 2655 986 descripta,
2701 915 2816 973 fere
2853 932 2882 970 a
2914 931 2975 973 se
3013 918 3065 971 in
3098 916 3270 972 lucem
3301 915 3456 972 emit-

1858 1008 2017 1064 tenda
2045 1010 2175 1064 viris
2205 1009 2432 1064 eruditis
2474 1018 2756 1080 receperat
2796 1008 2914 1081 (2):
2959 1008 3154 1065 additis
3192 1018 3458 1081 praeterea

1859 1103 2129 1158 nonnullis
2175 1102 2491 1174 fragmentis
2536 1104 2916 1159 commentarii
2955 1104 3196 1174 ejusdem
3243 1102 3461 1160 Macarii

1857 1197 2111 1267 Magnetis
2135 1199 2188 1252 in
2215 1198 2464 1254 Genesim
2485 1238 2501 1263 ,
2532 1214 2599 1255 ex
2623 1213 2725 1253 ms.
2755 1198 2943 1255 codice
2968 1196 3319 1254 ottoboniano
3347 1195 3448 1254 de—

1858 1291 2106 1361 sumptis.

1927 1385 2151 1455 Jamque
2188 1397 2344 1442 antea
2384 1387 2654 1457 integrum
2713 1385 2911 1441 librum
2961 1395 3342 1457 excerptorum
3386 1398 3458 1441 ex

1856 1477 2132 1548 scriptoris
2174 1479 2339 1534 nostri
2379 1478 2688 1548 apocriticis
2733 1477 3013 1534 detexerat
3059 1476 3459 1535 eruditissimus

1856 1571 2090 1628 Joannes
2124 1572 2379 1628 Bovinius
2425 1573 2479 1628 in
2516 1571 2802 1642 Nicephori
2846 1571 3225 1627 Antirrheticis
3264 1570 3460 1626 inseri.

1858 1676 2049 1736 ptum:
2095 1666 2159 1721 de
2187 1665 2510 1722 Testimoniis
2552 1666 2773 1721 Macarii
2815 1664 3093 1738 Magnetis,
3136 1666 3213 1721 uti
3240 1666 3469 1737 ipsemet

1858 1768 2086 1815 testatur
2112 1760 2217 1833 (5).

166 1854 433 1917 Eusebius,
461 1855 748 1927 Syneellus
767 1866 822 1912 et
846 1855 1206 1931 Nicephorus)
1229 1855 1489 1912 Maximus
1514 1856 1754 1912 Bostren-
1782 1858 1832 1918 B
1928 1852 2064 1907 Dum
2108 1868 2236 1909 vero
2279 1855 2347 1908 ab
2393 1853 2474 1908 his
2521 1853 2818 1908 duumviris
2855 1852 3156 1925 evulganda
3196 1850 3464 1921 ejusmodi

163 1948 239 2014 sis,
260 1954 345 2004 καὶ
368 1948 742 2026 Ἱεροσολύμων
765 1952 965 2025 Μάγνης
988 1972 1067 2011 τις
1091 1952 1254 2027 ἱερεὺς
1279 1953 1367 2006 καὶ
1388 1959 1483 2011 τῆς
1505 1952 1759 2026 ἡμετέρας·

164 2039 518 2102 Καππαδοκίας
544 2042 861 2119 Φιρμιλιανός
888 2042 915 2098 ὁ
933 2045 1219 2117 Θαμὰσιος.
1242 2041 1583 2108 Tlteotecnus,
1611 2041 1758 2096 Pho-

164 2135 313 2201 tinus,
355 2132 679 2199 Marcellas,
716 2146 820 2190 etc.
855 2135 1061 2190 Claruit
1112 2137 1271 2206 igitur
1298 2150 1441 2191 anno
1469 2134 1613 2201 265.
1649 2150 1759 2208 quo

163 2223 327 2282 habita
353 2236 440 2283 est
476 2227 737 2282 adversus
766 2227 988 2283 Paulum
1021 2228 1320 2284 Antiochia:
1349 2229 1622 2300 synodus;
1653 2229 1760 2285 sal-

165 2330 259 2376 tem
277 2335 422 2374 anno
452 2334 568 2375 uno
593 2321 834 2376 alterove
846 2318 1128 2392 'sequenti.
1152 2321 1454 2393 Episcopos
1480 2322 1624 2377 enim
1656 2322 1758 2379 hac

172 2414 442 2468 occasione
479 2416 615 2470 κατὰ
642 2417 821 2491 καιρὸν
848 2413 1100 2491 διαφόρως
1129 2420 1217 2471 καὶ
1243 2416 1479 2477 πολλάκις
1507 2415 1561 2470 in
1591 2429 1756 2470 unum

159 2506 329 2561 coiisse
366 2504 545 2561 refert
573 2505 841 2561 EuSebius
870 2506 963 2562 lib.
999 2523 1101 2579 νιι,
1134 2523 1255 2577 cap.
1300 2506 1408 2575 28,
1451 2507 1629 2578 quod,
1674 2506 1757 2564 vel

159 2596 218 2654 de
240 2598 473 2654 diversis
491 2599 714 2672 synodis
731 2601 813 2655 vel
834 2600 902 2655 de
913 2600 1142 2655 diversis
1156 2600 1397 2672 ejusdem
1420 2600 1610 2672 synodi
1631 2616 1750 2657 ses-

159 2690 375 2748 sioaibns
404 2691 816 2762 intelligendum
846 2701 949 2749 est.
971 2693 1241 2765 Quidquid
1261 2696 1352 2761 sit,
1402 2694 1487 2750 vix
1534 2694 1605 2751 de
1646 2694 1751 2751 alia

158 2787 365 2856 synodo,
411 2802 583 2856 quam
628 2802 749 2858 qua:
789 2801 933 2843 anno
970 2787 1099 2854 265,
1154 2787 1331 2843 habita
1376 2799 1491 2853 est,
1536 2789 1756 2856 intelligi

160 2886 315 2942 potest
350 2878 687 2943 Germanus.
715 2894 835 2934 cum
885 2878 989 2935 hoc
1030 2880 1244 2936 circiter
1284 2895 1426 2936 anno
1467 2878 1756 2951 Gregorius

159 2966 581 3043 Thaumatnrgus
599 2971 799 3028 abiisse
814 2972 1024 3028 dicitur.
1045 2973 1178 3028 Cum
1199 2973 1356 3044 igitur
1370 2973 1623 3030 sacerdos
1641 2973 1757 3031 fue-

157 3062 211 3118 rit
228 3062 741 3138 hieromlymitanus
762 3064 980 3135 Magnes
1001 3076 1202 3129 noster,
1250 3047 1600 3138 Hymenaeum
1640 3067 1755 3138 epi-

156 3173 356 3232 scopum
371 3176 540 3217 suum
563 3175 631 3217 eo
646 3159 928 3216 comitatus
955 3167 1056 3215 εει.
1080 3159 1270 3216 Plures
1288 3161 1430 3216 enim
1453 3161 1754 3234 presbyteri

1864 1947 2095 2016 pretiosa
2137 1947 2414 2017 scriptoris
2458 1946 2805 2002 vetustissimi
2853 1955 3202 2002 monumenta
3248 1944 3465 2000 solliciti

1862 2039 2311 2108 exspectabamus
2328 2080 2344 2103 ,
2373 2053 2525 2109 spem
2555 2039 2683 2094 fecit
2708 2038 2966 2108 deinceps
2992 2037 3216 2109 Magnus
3244 2035 3468 2092 Crusius

1861 2130 1943 2204 (4)
1991 2146 2088 2185 nos
2132 2132 2202 2187 ab
2239 2147 2300 2187 se
2348 2131 2564 2188 tandem
2609 2130 2798 2187 eadem
2847 2140 3102 2201 excerpta
3151 2128 3467 2202 propediem

1861 2226 2030 2283 fuisse
2068 2236 2422 2297 accepturos,
2454 2242 2576 2297 quae
2608 2226 2862 2282 nimirum
2904 2241 3027 2281 eum
3063 2240 3131 2282 eo
3166 2223 3470 2281 communi-

1863 2325 2003 2378 carit
2040 2323 2270 2393 ispemet
2310 2321 2590 2376 Bovinius.
2631 2320 2804 2376 Petita
2844 2329 2972 2376 sunt
3008 2334 3107 2386 ea,
3150 2320 3357 2391 inquit,
3397 2333 3468 2374 ex

1861 2413 1991 2469 libro
2028 2431 2080 2470 tv
2105 2415 2540 2487 Apocriticorttm,
2573 2414 2660 2469 ubi
2689 2425 2879 2469 auctor
2902 2413 2971 2469 ad
2997 2413 3281 2470 veritatem
3334 2412 3469 2470 reli-

1858 2506 2036 2576 gionis
2065 2506 2379 2562 christiana:
2417 2506 2797 2562 stabiliendam
2840 2504 3107 2577 imprimis
3134 2508 3245 2577 agit
3273 2515 3464 2562 contra

1859 2614 2094 2671 grteeum
2139 2600 2432 2672 quemdam
2489 2598 2911 2671 philosophum;
2964 2596 3354 2672 speciatilnque
3398 2600 3468 2656 de

1861 2692 2173 2749 monarcbia
2202 2692 2383 2749 divina
2401 2735 2418 2760 ,
2440 2694 2799 2763 ejusdemque
2819 2691 3108 2760 majestate
3127 2701 3319 2748 contra
3350 2690 3469 2748 ido-

1859 2787 2128 2842 lolatriam
2174 2787 2452 2856 gentilium
2497 2785 2758 2857 disputat.
2814 2784 3148 2856 Subditque:
3189 2784 3469 2843 Accedent

1860 2877 1985 2933 huic
2033 2878 2186 2948 Operi
2236 2879 2400 2934 etiam
2446 2877 2749 2947 fragmenta
2793 2877 3169 2933 commentarii
3217 2878 3465 2949 ejusdem

1858 2969 2078 3025 Macarii
2116 2960 2382 3042 Magnetis
2421 2971 2475 3025 in
2515 2969 2809 3034 Genesim;
2853 2970 2909 3024 in
2948 2969 3145 3041 quibus
3172 2969 3242 3026 de
3271 2971 3463 3028 Adami

1859 3064 2137 3120 creatione
2158 3104 2175 3131 ,
2206 3063 2275 3118 de
2304 3063 2686 3121 benedictione
2710 3062 2819 3119 diei
2846 3062 3091 3133 septima:
3110 3104 3126 3130 ,
3157 3061 3227 3119 de
3256 3063 3463 3134 planta.

1859 3158 2009 3214 tione
2039 3156 2184 3212 horti
2212 3156 2362 3213 Eden
2385 3199 2401 3224 ,
2430 3157 2498 3212 de
2530 3156 2880 3228 impositione
2918 3155 3196 3212 nominum
3236 3156 3462 3228 singulis

155 3263 200 3308 et
213 3254 414 3311 diaconi
440 3254 806 3312 huiecOneilio
826 3253 1198 3311 interfuerunt.
1224 3255 1507 3328 ﬂuensque
1523 3257 1752 3313 Caveus.
1781 3259 1827 3322 C
1863 3251 2154 3307 bestiarum
2184 3252 2475 3323 generibus
2503 3251 2572 3306 ab
2609 3251 2820 3307 Adamo
2862 3250 3036 3316 facta,
3077 3250 3148 3307 de
3187 3251 3461 3322 adjutorio

212 3346 285 3401 De
308 3349 483 3418 ipsius
504 3347 760 3420 Magnetis
780 3350 1064 3403 litterarum
1082 3350 1440 3406 monumentis.
1458 3379 1530 3391 —-
1543 3349 1743 3408 Verum

155 3439 209 3495 ad
236 3442 669 3516 presbyteralem
697 3441 959 3513 Magnetis
985 3442 1298 3515 dignitatem
1331 3444 1471 3516 quod
1513 3446 1741 3514 attinet,

156 3534 545 3592 observandum
575 3550 697 3590 cum
729 3534 1092 3605 'l'illemontio,
1124 3537 1243 3607 ejus
1273 3552 1468 3595 nomen
1498 3537 1743 3609 Episcopi

159 3628 291 3684 titulo
318 3629 498 3686 fuisse
529 3638 881 3698 praenotatum
918 3631 1240 3709 (ἱεράρχης)
1273 3632 1326 3687 in
1356 3632 1535 3701 operis
1562 3647 1743 3688 exem-

154 3721 267 3791 piari
297 3725 365 3780 ab
395 3739 470 3780 eo
500 3724 696 3779 litteris
720 3725 1019 3797 consignati
1041 3768 1057 3791 ,
1088 3725 1231 3797 quod
1260 3726 1361 3781 sub
1386 3727 1597 3782 initium
1634 3742 1743 3783 sae-

154 3816 243 3872 culi
265 3818 389 3873 noni
417 3816 525 3872 fuit
546 3815 816 3873 detectum
841 3819 911 3873 ab
931 3818 1266 3883 orthodoxis,
1294 3819 1386 3889 qui
1411 3835 1530 3875 cnm
1556 3820 1744 3876 lcono-

154 3910 336 3967 maehis
364 3912 746 3969 decertabant.
779 3911 976 3968 Narrat
1004 3911 1227 3967 Photius
1257 3911 1369 3987 (5),
1400 3914 1472 3968 uti
1513 3913 1743 3970 advertit

153 4002 465 4077 Leqnienius
493 4005 573 4077 (ι)
620 4008 760 4061 inter
801 4006 1102 4074 Praesules,
1147 4006 1237 4078 qtti
1274 4006 1532 4063 adversus
1571 4006 1742 4081 Chry-

155 4109 431 4155 sostomum
484 4099 536 4153 in
578 4097 800 4173 Synodo
839 4099 906 4155 ad
937 4099 1205 4169 Quercnm
1244 4096 1601 4155 Chalcedonis
1647 4115 1740 4155 su-

153 4187 380 4249 burbium
430 4207 780 4256 convenere,
837 4193 1107 4249 adSLitisse
1180 4208 1393 4265 quoque
1447 4192 1740 4250 Macarittm

151 4283 409 4357 Magnesia:
434 4330 453 4353 ,
500 4288 617 4343 sive
661 4286 963 4357 Magnetum
1016 4286 1381 4356 Episcopum,
1434 4286 1737 4344 delatorem

151 4377 428 4437 Heraclida:
457 4423 475 4447 ,
533 4396 693 4452 quem
759 4383 987 4450 ipsemet
1053 4379 1472 4453 Cltrysostomtts
1537 4381 1738 4452 Ephesi

153 4470 465 4546 Episcopum
494 4484 794 4529 creaverat.
831 4474 963 4529 llinc
993 4475 1219 4530 fortasse
1247 4475 1358 4530 sive
1390 4473 1597 4541 fraude,
1627 4480 1741 4532 sive

154 4566 434 4637 ignorantia
458 4613 476 4635 ,
503 4569 749 4641 Episcopi
777 4569 989 4625 titulum
1016 4568 1284 4627 addiderit
1310 4569 1562 4626 librarius
1579 4612 1596 4638 ,
1624 4568 1736 4625 Ma-

157 4667 308 4732 gnetis
335 4666 655 4721 vetustioris
681 4679 817 4736 opus
831 4664 1160 4721 exscribens.

209 4757 344 4815 Libri
389 4776 424 4814 ν
476 4758 887 4829 Responsionum
930 4758 1171 4814 adversus
1213 4757 1583 4814 Theostltencm
1614 4757 1733 4815 Da-

152 4854 353 4907 masceni
379 4868 493 4909 (eno
521 4849 1029 4906 notissinti.——Utut
1065 4863 1179 4917 est,
1219 4852 1435 4921 scripsit
1472 4852 1736 4909 Macarius

152 4938 348 5015 Magnes
376 4944 549 4999 libros
578 4959 610 4997 v
632 4944 993 5020 Ἀποκριτικῶν
1012 4984 1026 5005 .
1058 4956 1153 4998 seu
1194 4944 1603 5014 responsionum
1636 4945 1732 5001 ad-

153 5048 323 5091 versus
349 5034 760 5093 Theosthenetn
802 5035 1070 5091 cthniettm
1094 5078 1108 5097 .
1152 5036 1496 5108 Evangelinm
1533 5038 1737 5093 calum-

153 5126 393 5184 niantem.
445 5131 623 5200 Atque
664 5126 762 5183 hos
805 5128 1021 5198 quidem
1064 5128 1230 5184 libros
1264 5130 1577 5186 llatnasceni
1618 5145 1736 5186 :evo

154 5218 300 5279 fuisse
326 5224 641 5279 notissimos
662 5265 676 5290 ,
718 5222 998 5278 annotavit
1036 5221 1197 5279 modo
1226 5222 1471 5279 laudatus
1502 5223 1736 5295 Lequie-

215 5408 287 5481 (l)
309 5409 644 5477 Tillemont.,
672 5408 910 5465 Memoir.
937 5425 1029 5467 seu
1060 5408 1199 5464 Hist.
1227 5411 1316 5464 des
1338 5406 1576 5481 Emper.,
1600 5419 1731 5481 tom.

156 5480 355 5553 ινέικιε.
379 5482 578 5539 308-51
595 5483 615 5537 l
630 5523 645 5547 ,
669 5482 802 5537 dans
827 5481 997 5537 la‘Vie
1017 5484 1083 5538 de
1103 5482 1417 5537 Constantin
1447 5482 1495 5536 le
1515 5480 1694 5537 Grand
1714 5524 1730 5549 ,

158 5554 291 5625 artic.
326 5570 485 5619 xcnt,
517 5555 651 5609 edit.
688 5554 944 5619 Brttxell.,
975 5570 1095 5625 pag.
1126 5554 1225 5610 1‘27
1254 5564 1307 5609 et
1331 5568 1484 5624 seqq.

218 5624 290 5763 ἒξ)
318 5625 479 5691 Cave,
508 5625 645 5709 Hist.
671 5628 914 5688 litterar.,
937 5628 1003 5680 ad
1026 5624 1116 5681 an.
1138 5626 1262 5691 265,
1296 5635 1424 5680 tom.
1451 5642 1497 5689 ι,
1523 5639 1574 5695 p.
1603 5624 1727 5681 156.

274 5697 292 5763 )
323 5696 473 5752 Pltot.
504 5697 643 5752 Bibl.
673 5696 807 5755 Cod.
839 5713 944 5753 th.

239 5696 292 5764 ὅ)
323 5696 473 5752 Pltot.
504 5697 643 5752 Bibl.
673 5696 807 5755 Cod.
839 5713 944 5753 th.

220 5768 294 5840 (5)
319 5768 574 5837 Lequien.
601 5767 695 5824 Or.
725 5770 924 5826 Christ.
953 5778 1083 5824 tom.
1111 5785 1177 5835 ιι,
1211 5785 1329 5840 pag.
1358 5768 1484 5824 698.
1511 5767 1589 5822 Ne
1613 5783 1734 5822 ver-

165 5836 325 5912 llulnm
356 5836 457 5895 huc
480 5842 534 5896 in
569 5843 687 5912 loco
717 5842 785 5898 de
814 5840 1055 5912 Magnete
1084 5836 1353 5912 oren'rri't.
1387 5840 1514 5897 falsa
1547 5840 1732 5896 eitatio

164 5906 427 5965 Callandii.
454 5912 559 5969 Sed
588 5911 705 5969 hace
733 5906 995 5971 habentur
1024 5913 1076 5968 in
1106 5912 1240 5969 Nota
1270 5911 1374 5988 (5).

1850 3345 2069 3402 femina:
2097 3345 2166 3401 ab
2196 3347 2314 3416 ipso
2343 3345 2456 3401 Deo
2485 3338 2731 3401 instituto
2750 3387 2766 3411 ,
2797 3344 2866 3400 de
2891 3344 3209 3401 seductione
3236 3360 3461 3417 serpen-

1849 3439 1952 3506 tis,
1999 3450 2056 3495 et
2102 3440 2253 3510 lapsu
2303 3440 2598 3510 primorum
2648 3449 2968 3510 parentum,
3010 3449 3067 3496 et
3103 3440 3343 3511 denique
3382 3440 3455 3497 de

1848 3532 2044 3587 tunicis
2078 3530 2318 3602 pelliceis
2343 3545 2372 3585 a
2405 3531 2517 3586 Deo
2548 3530 2856 3586 fabrefactis
2884 3530 3193 3587 disseritur.
3239 3531 3455 3588 [lucus-

1845 3640 1952 3696 quc
1977 3624 2048 3679 cl.
2077 3624 2329 3680 Crusius.
2390 3623 2608 3680 Utinam
2640 3640 2770 3680 vero
2809 3625 2896 3681 vel
2938 3625 3210 3696 integrum
3238 3625 3453 3681 Macarii

1846 3717 2109 3789 Magnetis
2139 3718 2574 3788 Apocriticorum
2602 3734 2740 3790 opus
2761 3761 2776 3784 ,
2809 3719 2894 3774 vel
2935 3720 3133 3776 saltem
3172 3720 3319 3777 illius
3356 3735 3455 3776 ex-

1845 3823 2032 3885 cerpta
2049 3854 2064 3878 ,
2089 3814 2294 3870 Graecis
2316 3813 2604 3884 latinisque
2629 3813 2826 3870 litteris
2845 3814 3138 3887 aliquando
3164 3815 3451 3887 prodeant.

1917 3906 2287 3979 Fragmentum
2336 3906 2593 3978 Magnetis
2624 3909 2693 3963 de
2721 3906 3050 3964 Eucharistia
3086 3910 3210 3963 ottm
3242 3927 3277 3963 α
3318 3909 3453 3964 Tur-

1843 4003 1991 4057 riano
2023 4002 2216 4056 editum
2244 4018 2277 4055 a
2308 4001 2587 4057 ϐαλιαηάἰο
2616 4003 2800 4057 iterum
2828 4004 3139 4074 uulgatum.
3168 4032 3241 4043 —
3268 4004 3446 4076 Atque

1844 4099 2117 4168 integrum
2149 4111 2282 4151 sane
2312 4096 2440 4152 illud
2473 4110 2610 4166 opus
2634 4110 2747 4166 pra:
2773 4095 3020 4151 manibus
3052 4095 3306 4151 habuisse
3330 4111 3453 4167 per-

1845 4192 2061 4248 hibetur
2087 4191 2410 4247 Franciscus
2435 4188 2770 4246 Turrianus:
2801 4205 2869 4245 ex
2896 4204 2964 4246 eo
2988 4189 3253 4261 siquidem
3283 4190 3450 4246 multa

1844 4287 2043 4357 passim
2077 4285 2367 4352 delibavit,
2398 4283 2596 4355 quibus
2623 4284 2886 4340 adversus
2916 4294 3208 4339 novatorcs
3237 4299 3450 4341 summa

1844 4378 1972 4436 fidei
2013 4380 2187 4451 capita
2235 4387 2614 4450 propugnaret.
2658 4377 2939 4449 Imprimis
2994 4387 3173 4433 autem
3219 4394 3286 4435 eo
3322 4394 3452 4435 usus

1842 4485 1925 4530 est
1955 4476 2035 4530 vir
2065 4475 2258 4529 doetus
2289 4474 2343 4528 in
2377 4481 2609 4528 tractatu
2639 4471 2701 4527 de
2728 4473 3053 4527 sanctissima
3083 4470 3450 4541 Eacharistia;

1843 4585 2002 4641 quem
2034 4567 2272 4639 vulgavit
2295 4565 2554 4621 adversus
2577 4563 2847 4620 Andream
2873 4563 3139 4620 Volztnum
3164 4566 3448 4634 Polonum,

1764 4662 2049 4723 DCalvini
2103 4662 2461 4732 discipulum;
2512 4659 2602 4715 ubi
2647 4658 3133 4716 luculentissimum
3187 4659 3450 4733 Magnetis

1844 4758 2208 4817 testimonium
2253 4754 2461 4827 profert
2501 4753 2568 4809 de
2607 4753 2740 4810 reali
2783 4755 3072 4824 praesentia
3121 4756 3366 4826 corporis
3394 4764 3451 4812 et

1840 4854 2116 4927 sanguinis
2141 4851 2341 4909 Christi
2369 4853 2421 4906 in
2458 4859 2797 4906 sacramento
2817 4848 3179 4905 eueharistico
3201 4849 3404 4907 Altaris
3426 4891 3443 4919 ,

1837 4965 1906 5006 ex
1936 4949 2054 5021 ejus
2084 4948 2223 5003 libro
2250 4962 2308 5001 Ill
2338 4946 2770 5016 Apoeriticorum
2797 4944 3167 5015 desumptnm.

1911 5043 2079 5112 Quem
2112 5040 2325 5113 quidem
2360 5040 2537 5094 locum
2567 5053 2630 5094 ex
2665 5038 2836 5108 prima
2867 5037 3010 5093 illius
3038 5044 3303 5093 tractatus
3331 5036 3446 5091 edi-

1841 5139 1987 5194 tione
2024 5135 2308 5192 florentino
2351 5148 2494 5190 anno
2526 5133 2667 5191 1575
2699 5132 3031 5203 descriptum
3063 5129 3440 5187 exeudendum

1839 5231 2046 5288 curavit
2072 5230 2372 5284 indefessus
2397 5227 2641 5283 Andreas
2666 5225 2983 5283 Gallandius
3012 5228 3062 5280 in
3094 5223 3442 5282 Bibliotheca:

1840 5324 2095 5380 Veterum
2124 5322 2345 5377 Patrum
2391 5330 2539 5376 tomo
2566 5335 2625 5375 Ill
2645 5361 2661 5385 ,
2694 5335 2723 5372 a
2776 5334 2896 5390 pag.
2927 5316 3247 5382 541—543,
3273 5324 3328 5371 et
3354 5332 3441 5371 re-

1835 5431 1921 5479 cte
1949 5418 2199 5492 quidem;
2232 5430 2355 5471 nam
2386 5415 2553 5472 editio
2583 5414 2896 5486 parisiensis
2938 5411 3064 5468 anni
3097 5412 3260 5478 t577,
3294 5411 3439 5469 unde

1911 5622 1990 5696 (1)
2018 5622 2174 5696 Tom.
2207 5637 2255 5686 t,
2289 5633 2410 5696 pag.
2442 5616 2569 5696 27},
2611 5628 2835 5696 operum
2866 5613 2924 5669 S.
2959 5611 3438 5696 Dantasceni;_l_.e—

1834 5684 1992 5769 quieti
2020 5696 2074 5769 i_n
2097 5692 2222 5769 Not.
2244 5684 2476 5769 ade—pp;
2500 5686 2814 5769 Damasceni
2834 5727 2849 5748 ,
2877 5697 3008 5739 tom.
3039 5684 3395 5769 t‘,.pag_.ng7t.

1929 5768 1987 5835 2)
2019 5764 2265 5838 Fabric“
2287 5756 2399 5815 Bibl
2420 5756 2625 5838 Crine...
2651 5766 2782 5838 tom.
2813 5771 2868 5824 ν,
2889 5771 3020 5838 pag.
3055 5756 3325 5838 641-685:

2018 5837 2230 5901 Bovin.,
2336 5840 2447 5887 not.
2477 5830 2541 5915 ad
2564 5826 2855 5913 .Nicepltor.
2883 5826 3198 5899 Gregoram.
3225 5844 3277 5900 p.
3305 5828 3434 5884 794.

1933 5913 1961 5966 4
2012 5908 2195 5973 Crus.,
2228 5902 2443 5959 Drssert.
2475 5900 2716 5973 I'.ptstol.,
2750 5897 2778 5971 θ
2809 5915 2878 5969 ιι,
2911 5914 3031 5973 pag.
3059 5900 3217 5957 8-H.

2012 5908 2195 5977 Crus.,
2215 5897 2443 5959 ’Dissert.
2475 5897 2716 5973 Epistol.,
2750 5897 2778 5971 θ
2809 5915 2878 5969 ιι,
2911 5897 3031 5973 μέ,
3059 5900 3217 5957 841,
