3904 6316
470 285 578 342 347

1255 289 1340 344 DE
1379 287 1708 346 MAGNETE
1750 287 2206 358 PRESBYTER“)
2229 285 2508 346 ΝΟΤΙΤΙΑ
2544 287 2926 346 HISTORICA.

3630 301 3714 358 358

473 401 624 460 illum
654 401 866 470 hausit,
898 403 1173 476 cdio'itque
1211 403 1492 462 Fabricius
1519 408 1631 479 (l),
1663 407 1844 463 mins
1870 423 2059 464 emen-

2187 403 2390 458 'averit:
2421 403 2568 458 Οὕτω
2586 405 2692 480 γὰρ
2712 401 2772 458 ἄν
2797 427 2875 466 τις
2901 405 3185 481 Φιλαίτερος
3212 409 3299 462 καὶ
3314 413 3407 462 τῶν
3432 407 3718 487 ὁμοστοίχων

474 497 598 553 data
631 513 755 554 esse
789 499 1140 569 comperitur.
1171 500 1414 570 Snbjecit
1444 502 1662 572 insuper
1694 517 1863 559 novus
1891 503 2066 558 editur

474 590 786 648 Gallandius
835 607 1012 662 graui
1060 593 1307 663 quaedam
1354 595 1426 651 ab
1472 597 1676 651 Allatio
1721 597 1966 653 exhibita
2011 596 2066 651 in

473 683 913 739 exadtationilms
951 686 1195 742 adrasus
1223 685 1636 759 Cregglttouum:
1665 688 1744 762 (2)
1775 705 1946 759 eaque
1979 689 2064 744 in-

470 793 631 847 super
672 777 917 845 addidit,
957 796 1076 847 qua:
1121 782 1339 850 protulit
1385 782 1673 840 Zacharias
1701 783 1982 840 Cretensis
2012 783 2064 838 in

469 873 912 941 responsionibus
949 874 1017 929 ad
1057 873 1304 932 Guisinm
1343 877 1672 933 cardinalem
1720 879 2067 949 Lotharingi-

468 979 593 1020 cum
637 964 722 1036 (5)
771 965 914 1022 haud
959 967 1032 1022 ita
1081 968 1287 1039 pridem
1316 985 1345 1024 a
1375 969 1582 1025 Joanne
1620 970 1807 1026 Lamio
1851 973 2070 1040 evulga-

471 1060 538 1114 tis
567 1060 670 1130 (4).
702 1060 943 1117 Tandem
983 1062 1088 1117 alia
1127 1065 1287 1118 etiam
1331 1064 1577 1133 quaedam
1623 1065 1736 1120 loca
1778 1081 1810 1118 a
1852 1067 2068 1122 laudato

473 1154 743 1210 Turriano
764 1171 832 1211 ex
857 1156 1050 1212 eodem
1082 1157 1326 1228 Magnete
1353 1160 1522 1213 relata
1547 1160 1600 1213 in
1630 1160 1782 1216 libris
1812 1177 1912 1230 pro
1938 1160 2067 1230 Epi-

471 1247 626 1302 stolis
656 1248 975 1304 Pontificum
997 1292 1013 1317 ,
1046 1265 1164 1320 qua:
1193 1251 1506 1307 Gallandins
1536 1253 1707 1306 serius
1738 1253 1980 1320 detexit,
2016 1255 2070 1310 in

469 1343 906 1413 proiegomenis,
941 1360 1062 1414 cap.
1097 1361 1223 1412 ιιιι,
1261 1362 1380 1417 pag.
1426 1347 1529 1413 δι,
1577 1349 1628 1402 in
1671 1348 1904 1402 medium
1937 1364 2062 1418 pru-

469 1434 611 1492 ferre
641 1451 822 1505 opera:
851 1438 1082 1506 pretium
1125 1453 1248 1494 esse
1289 1440 1475 1506 duxit,
1520 1457 1589 1496 ne
1624 1442 1752 1511 quid
1781 1458 1844 1496 ex
1878 1457 2067 1510 perve-

470 1528 602 1582 tusti
621 1529 975 1585 ecclesiastici
999 1532 1277 1602 scriptoris
1305 1532 1618 1604 fragmentis
1640 1535 1900 1605 evnlgatis
1920 1576 1934 1600 ,
1959 1550 2069 1590 sua:

465 1618 689 1676 Patrum
730 1623 1072 1692 antiquorum
1094 1625 1397 1680 collectioni
1438 1627 1632 1683 deesse
1673 1628 1934 1692 videatur,
1967 1628 2068 1684 do-

470 1727 571 1768 nec
607 1713 857 1768 alicunde
890 1715 1155 1785 prodeant
1194 1717 1479 1787 Nicepliori
1518 1717 1622 1772 (ΣΡ.
1657 1719 1774 1774 libri
1803 1720 2070 1774 Aulirt'he-

2169 501 2380 570 ἀγαπῶν
2406 505 2494 558 τήν
2527 500 2820 572 συγγένειαν
2845 497 3000 556 δοκεῖ.
3042 499 3172 564 Quia
3203 500 3281 574 sic
3311 520 3330 552 ι
3351 500 3509 572 inquit
3529 522 3545 554 ι
3575 507 3650 570 lit,
3673 521 3720 564 ut

2169 591 2414 647 videatur
2434 590 2628 660 aliquis
2655 592 2858 646 amicos
2888 591 3082 660 quibus
3112 608 3169 646 se
3191 602 3502 649 annumerat
3518 638 3531 660 ,
3553 612 3722 669 eosque

2169 685 2260 755 qui
2286 685 2366 738 sui
2397 685 2599 740 ordinis
2622 695 2778 752 sunt,
2803 686 3046 755 diligere.
3070 706 3087 737 ι
3118 687 3244 742 llaec
3265 703 3330 742 ex
3356 688 3580 759 Magnete
3605 693 3720 750 Tur-

2169 779 2352 833 rianus
2369 820 2382 842 ,
2412 778 2477 832 iis
2503 778 2777 846 addenda,
2807 779 2976 850 inquit
2999 779 3313 836 Gallandius
3330 821 3345 848 ,
3371 798 3484 852 qua:
3503 784 3623 839 inira
3642 802 3724 843 suo

2175 874 2297 934 loco
2325 875 2627 934 retulimus.

2783 1009 3078 1050 Ακτιιιυιυς
3121 1012 3178 1049 ιι.

2177 1124 2432 1198 Magnetis
2475 1125 2843 1198 Fragmentum
2885 1145 2946 1182 ex
2978 1127 3108 1182 libro
3161 1145 3214 1183 ιιι
3245 1128 3502 1202 Apologia:
3544 1147 3730 1204 evange-

2249 1223 2435 1275 liorum
2466 1221 2706 1276 adversus
2753 1223 3081 1277 T/tcostenem
3123 1226 3376 1278 etlmicum
3406 1227 3540 1294 apud
3569 1226 3730 1283 Franc.

2249 1313 2565 1369 Turriununt
2597 1314 2768 1369 Tract.
2801 1315 2863 1369 de
2893 1319 3213 1370 sanctissima
3244 1316 3566 1373 Eucharistia
3587 1332 3734 1374 contra

2251 1404 2502 1462 Volauunt
2535 1407 2811 1474 Polonum,
2835 1426 2952 1480 pag.
2975 1410 3066 1475 95,
3095 1410 3216 1462 edit.
3240 1407 3568 1477 Florentinaz,
3599 1413 3731 1470 1575.

2244 1543 2285 1599 Ι.
2314 1564 2332 1596 ι
2354 1543 2508 1612 Quod
2531 1558 2660 1600 vero
2682 1545 2762 1615 (1)
2787 1559 2894 1598 non
2921 1545 2990 1600 sit
3016 1547 3118 1600 hoc
3136 1547 3290 1610 ξένον,
3316 1544 3674 1622 καϊφρικῶδες,
3697 1546 3740 1604 id

2175 1649 2281 1703 est,
2312 1639 2607 1693 inauditum
2634 1647 2690 1693 et
2719 1636 3072 1702 horrendum,
3097 1637 3442 1694 considerare
3487 1639 3605 1694 licet
3627 1654 3738 1707 pue-

2163 1747 2295 1786 rum
2343 1730 2621 1794 infantem,
2675 1729 2949 1802 quomodo
2978 1730 3082 1784 nisi
3139 1730 3429 1785 manducet
3471 1745 3675 1784 carnem
3696 1741 3740 1786 et

470 1808 558 1861 tici
601 1808 846 1863 adversus
885 1808 1256 1866 Iconomacltos
1280 1852 1296 1876 ,
1347 1828 1414 1868 ex
1463 1814 1658 1884 quibus
1703 1814 1768 1869 ad
1817 1814 2068 1870 Ecclesize

2187 1824 2494 1895 sanguinem
2523 1823 2731 1888 matris,
2761 1840 2866 1878 non
2897 1823 3025 1878 vivit
3055 1839 3069 1877 :
3098 1834 3286 1878 natura
3315 1823 3462 1878 enim
3494 1823 3740 1893 sanguinis

468 1901 776 1970 praesidium
828 1914 991 1974 atque
1045 1916 1424 1961 ornamentum
1478 1909 1648 1962 multo
1701 1909 1851 1977 plura
1905 1911 2074 1965 nostri

467 1993 730 2066 Magnetis
755 2009 1010 2068 excerpta
1041 2001 1376 2069 prostabnnt.
1393 2000 1619 2058 ——Sunt
1641 2012 1823 2058 autem
1848 2019 2077 2073 sequen-

465 2087 539 2142 tia
571 2088 722 2144 loca:
756 2089 1051 2163 Magnetes,
1083 2093 1630 2162 iuquit'l‘urrlnianus
1656 2096 1735 2169 (5)
1767 2107 1946 2150 auctor
1973 2115 2070 2151 an-

469 2183 818 2253 tiquissimus,
862 2187 951 2241 lib.
996 2203 1053 2241 ιιι
1085 2187 1416 2259 Apologctico
1457 2199 1634 2244 contra
1663 2188 2032 2244 Tlteostltcncnt
2053 2205 2072 2243 :

474 2277 622 2332 «Alia
648 2279 792 2333 enim
817 2322 832 2344 ,
855 2281 1048 2350 inquit,
1073 2281 1445 2337 mactabantur
1470 2283 1746 2350 spiritibus
1765 2282 1905 2337 aeris
1922 2324 1937 2348 ,
1966 2283 2071 2337 alia

468 2371 724 2434 terrenis.
755 2371 861 2425 alia
898 2374 1288 2428 subterraneis.
1318 2373 1607 2445 Spiritibus
1648 2375 1792 2429 aeris
1828 2374 2074 2430 immola-

471 2461 675 2517 bantur
706 2464 986 2520 volucres:
1023 2467 1356 2538 ἐπιχθονίοις,
1386 2467 1438 2522 id
1481 2477 1598 2532 est,
1643 2466 1906 2530 terrenis,
1942 2481 2074 2536 qua-

466 2555 738 2627 drupedes
764 2557 937 2628 nigri,
969 2559 1091 2628 quia
1125 2559 1197 2615 sit
1226 2569 1368 2614 terra
1399 2570 1592 2614 natura
1618 2559 1768 2630 nigra
1799 2579 1810 2612 :
1850 2560 2077 2630 ὑποχθο-

463 2652 608 2714 νίοις,
639 2650 694 2705 id
722 2659 806 2706 est
825 2692 841 2716 ,
867 2653 1256 2716 subterraneis,
1287 2654 1416 2708 item
1438 2653 1813 2723 quadrupedes
1852 2653 1988 2722 nigri
2023 2653 2077 2708 in

465 2743 780 2809 scrobibus,
808 2745 924 2800 sive
950 2744 1172 2801 foveis.)
1204 2746 1476 2802 Hactenus
1498 2746 1788 2816 Magnetes.

539 2835 607 2890 Et
654 2835 791 2891 infra
838 2836 955 2908 (6):
983 2856 1001 2890 ι
1028 2837 1343 2909 Magnetes,
1396 2840 1793 2894 vetustissimus
1843 2838 2074 2909 scriptor

462 2928 893 2995 ecclesiasticus,
927 2931 1020 2986 lib.
1051 2948 1090 2986 ιι
1119 2941 1175 2986 et
1200 2947 1253 2996 ν,
1287 2947 1424 3002 quos
1449 2942 1636 2988 contra
1668 2932 2066 2988 Theosthenem

462 3025 718 3093 gentilem
737 3067 752 3089 ,
785 3025 1201 3096 discrepantiam
1231 3027 1682 3098 evangelistarum
1713 3037 1768 3082 et
1787 3027 1889 3081 alia
1913 3027 2067 3082 nobis

464 3117 602 3174 falso
629 3119 680 3174 in
709 3119 1001 3190 Evangelio
1029 3121 1400 3190 objicientem,
1425 3122 1664 3190 sei-ipsit,
1691 3121 1766 3174 ait
1798 3137 1813 3176 :
1857 3121 1962 3176 Pro
1995 3136 2062 3176 eo

462 3210 610 3280 quod
636 3227 774 3266 unus
799 3213 1250 3282 evangelistarum
1277 3213 1413 3267 dixit
1436 3214 1541 3283 (7),
1565 3212 1764 3268 calamo
1789 3213 2060 3282 spongiam

464 3305 924 3371 circumponcntes,
951 3306 1152 3361 dixisse
1180 3306 1343 3360 alium
1378 3306 1480 3377 (8),
1513 3315 1731 3374 propter
1756 3302 2064 3360 similitudio

464 3411 587 3452 nem
614 3397 818 3453 arbusti
849 3399 1071 3469 hyssopo
1099 3399 1569 3468 circumponcntea,
1601 3412 1721 3452 cum
1749 3396 2063 3463 dicendum,

464 3490 662 3560 inquit,
690 3500 837 3546 esset
863 3492 1084 3546 calamo.
1110 3508 1128 3543 ι
1148 3489 1284 3546 Item
1303 3532 1320 3557 ,
1360 3490 1506 3560 quod
1548 3505 1686 3545 unus
1721 3489 2064 3560 Evangelista

463 3581 600 3638 dixit
627 3581 728 3654 (9),
762 3583 935 3638 vinum
955 3623 970 3646 ,
997 3598 1206 3638 rursum
1237 3583 1439 3638 dictum
1466 3597 1589 3638 esse
1616 3581 1733 3655 (10)
1773 3593 1971 3638 acetum
2012 3584 2065 3638 in

463 3691 626 3732 cruce
652 3678 672 3748 (
698 3693 762 3731 ex
789 3677 982 3732 eodem
1011 3679 1157 3733 enim
1201 3694 1325 3733 vase
1365 3677 1543 3746 posito
1583 3677 1913 3744 hauserunt,
1942 3692 2066 3734 cum

465 3780 782 3842 perventum
804 3781 891 3828 est
911 3772 978 3827 ad
999 3771 1392 3841 Calvariam,et
1421 3775 1472 3829 in
1494 3775 1678 3846 cruce)
1703 3778 2028 3847 prmsertim,
2043 3793 2062 3828 ι

464 3863 672 3934 inquit,
704 3883 724 3916 ι
748 3880 870 3920 cum
901 3866 1072 3936 legem
1102 3867 1341 3923 historiae
1372 3869 1729 3939 Evangelistat
1758 3880 2068 3933 servarent;

463 3957 704 4027 nihilque
742 3958 880 4013 ultra
911 3959 1250 4023 scriberent,
1279 3975 1440 4030 quam
1467 3961 1613 4031 quod
1643 3972 1768 4016 tunc
1793 3961 2076 4020 dicebatur

463 4051 519 4106 in
551 4051 645 4106 illo
679 4052 905 4107 tumultu
936 4067 1003 4108 ac
1033 4051 1233 4108 lurore.
1269 4052 1357 4109 Sic
1387 4055 1531 4111 enim
1559 4055 1979 4122 existimarunt,
2025 4063 2079 4109 ut

464 4141 687 4200 historia
713 4147 860 4200 omni
891 4147 1196 4217 suspicione
1224 4157 1461 4210 careret.
1493 4151 1536 4204 εἰ
1564 4154 1633 4220 μή
1673 4149 2062 4226 περιεργότερον

463 4241 569 4297 ἀλλ’
597 4239 861 4298 ἄπλαστον
905 4244 1128 4318 εὑρεθείη
1173 4251 1265 4304 τῆς
1312 4244 1547 4319 ἱστορίας
1586 4246 1643 4302 τὸ
1679 4247 1925 4319 γράμμαε
1961 4262 1978 4294 ι
2007 4242 2062 4297 Id

463 4341 577 4396 est,
615 4351 634 4385 ι
661 4336 703 4386 si
748 4334 922 4390 littera
962 4335 1201 4390 historia:
1251 4351 1356 4390 non
1407 4338 1654 4400 curiosa,
1695 4337 1789 4391 sed
1831 4336 2062 4406 simplex

463 4427 814 4496 reperiretur.
847 4450 864 4481 i

533 4523 709 4589 Atque
735 4520 859 4576 alibi
886 4521 1005 4593 (11)
1028 4545 1038 4578 :
1066 4541 1085 4575 ι
1103 4523 1248 4578 ldem
1270 4522 1563 4593 Magnetes,
1583 4537 1742 4592 quem
1765 4539 1926 4594 supra
1955 4540 2066 4579 me-

461 4611 628 4677 mini,
672 4611 723 4666 in
765 4612 902 4668 libro
931 4629 982 4667 ιν
1009 4615 1393 4685 Apologiarum
1421 4623 1608 4670 contra
1639 4615 2064 4683 Theosthenem,

461 4706 872 4777 Evangeliorum
901 4708 1342 4764 calumniatorem
1365 4750 1380 4772 ,
1413 4707 1590 4764 reddit
1628 4709 1892 4764 rationem
1914 4751 1929 4773 ,
1973 4723 2069 4764 cur

459 4813 520 4856 se
546 4799 648 4855 hoc
674 4799 794 4854 loco
815 4799 1016 4856 Paulus
1036 4801 1233 4872 alioqui
1257 4803 1527 4857 viventem
1555 4801 1782 4857 mortuis
1807 4817 2068 4859 annume-

532 4915 614 4985 (1)
639 4915 875 4980 Fabric.,
906 4915 959 4968 in
989 4913 1201 4968 Delectu
1232 4931 1462 4986 argum,
1497 4931 1616 4985 pag.
1656 4915 1853 4970 70-72.

533 4986 614 5059 (2)
641 4987 829 5059 ﬁliai"
857 4996 1036 5059 contra
1061 4986 1331 5059 Creyght.,
1363 5003 1481 5057 pag.
1513 4989 1644 5042 563.

557 5060 609 5128 ὅ)
635 5058 858 5112 Zachar.
887 5056 1456 5128 Cretens,'liespons.,
1491 5075 1614 5128 pag.
1650 5059 1738 5112 77.

557 5062 590 5114 ὅ
635 5062 858 5112 Zacliar.
887 5062 1144 5123 Cretens,
1176 5062 1456 5126 liespons.,
1491 5075 1614 5128 pag.
1650 5062 1738 5112 77.

533 5062 612 5204 (ὦ)
651 5129 835 5202 Lamy,
878 5129 946 5182 ad
990 5126 1185 5204 Νἰεέιίίυ
1226 5140 1451 5182 enarrat.
1500 5131 1551 5183 in
1596 5128 1764 5200 Epist.
1809 5147 1826 5184 ι
1865 5131 1934 5184 ad
1964 5131 2063 5186 Co-

459 5201 646 5266 rintli.,
673 5201 810 5269 part.
843 5218 894 5266 ι,
928 5215 1046 5272 pag.
1079 5201 1147 5254 72
1178 5209 1232 5272 et
1259 5217 1410 5271 seqq.

532 5273 917 5344 (5)7Turrian.,
949 5271 1119 5344 Epist.
1167 5271 1362 5341 Pontif.
1410 5282 1454 5326 cl
1495 5273 1782 5328 Canonibtts
1822 5275 2054 5344 Apostol.

457 5347 575 5473 gdv.
598 5343 884 5471 Cettellit’ial.
911 5343 1276 5416 Magdebnrg.,
1303 5344 1518 5409 Colon.,
1544 5345 1708 5412 1575,
1738 5346 1831 5401 lib.
1861 5343 1907 5412 ι,
1938 5363 2056 5417 cap.

500 5460 514 5473 .
547 5433 667 5473 pag.
773 5457 786 5470 .

500 5460 514 5485 ,
547 5434 667 5485 pag.
694 5434 786 5471 2|.

773 5457 934 5554 ibid.,
965 5487 1057 5543 lib.
1089 5505 1157 5556 ιι,
1186 5501 1306 5558 cap.
1338 5487 1392 5555 5,
1430 5502 1549 5558 pag.
1584 5488 1707 5542 165.

537 5563 590 5630 (7
649 5560 832 5625 Mare,
863 5574 955 5626 xv,
982 5560 1069 5615 56.

536 5560 619 5632 (7)
649 5560 832 5632 Mare,
863 5574 955 5626 xv,
982 5560 1069 5615 56.

549 5630 630 5703 (8)
659 5630 839 5703 Jo:m.,
873 5647 970 5685 χιχ
990 5673 1003 5696 ,
1033 5632 1122 5688 29.

509 5751 522 5761 ,
563 5701 642 5828 (9)
675 5701 860 5766 Mare,
893 5718 984 5767 xv,
1015 5703 1106 5760 25.

588 5783 600 5828 1
646 5778 700 5828 υ)
737 5772 909 5828 Μειιι..
935 5790 1106 5828 xxvii.

646 5751 923 5856 tl—)fl;t;lati._,_
935 5751 1113 5856 ᾆξῖῖι,
1129 5773 1222 5856 18,
1239 5751 1396 5856 Luca,
1422 5791 1572 5838 xxut,
1594 5773 1684 5846 56;
1705 5775 2101 5856 loan.,x1x_.9_§i.

513 5902 563 5920 δ’
601 5847 717 5913 (11)
743 5843 1018 5914 Ἰυιιιειιμ,
1049 5849 1147 5904 ιις.
1179 5849 1297 5918 cit.,
1328 5847 1422 5902 lib.
1455 5865 1520 5918 ιι,
1552 5843 1680 5918 cap.
1706 5849 1789 5921 1⁸5,
1828 5863 1952 5921 pag.
1976 5849 2104 5906 2M.

2181 1929 2263 1974 est
2283 1918 2581 1976 secundum
2615 1918 2896 1976 veritatem
2919 1919 3020 1973 lac.
3046 1917 3113 1974 Ut
3135 1927 3319 1976 autem
3349 1919 3544 1973 clarius
3571 1917 3745 1980 dicam,

2179 2013 2425 2068 naturale
2452 2012 2654 2083 aliquid
2696 2013 2946 2078 narrabo,
2980 2027 3050 2068 ne
3091 2011 3195 2068 hoc
3223 2011 3460 2068 fabulam
3500 2023 3664 2081 putes.
3685 2010 3748 2066 Ει

2177 2116 2324 2161 terra
2358 2108 2468 2162 nati
2492 2121 2679 2161 sumus
2701 2105 2997 2160 secundum
3019 2120 3240 2175 corpus,
3271 2112 3331 2159 et
3361 2103 3590 2173 quodam
3613 2102 3749 2158 modo

2174 2215 2342 2255 carne
2380 2201 2498 2270 ejus
2548 2209 2602 2254 et
2641 2201 2904 2269 sanguine
2953 2200 3171 2264 alimur,
3208 2197 3260 2253 id
3286 2209 3393 2264 est,
3432 2198 3688 2252 frumento
3709 2203 3753 2249 et

2174 2293 2324 2348 vino.
2361 2292 2496 2346 Audi
2527 2308 2668 2346 nunc
2697 2302 2926 2348 attente.
2954 2291 3230 2360 Principio
3253 2291 3468 2346 creavit
3487 2289 3645 2346 Filius
3669 2287 3746 2343 Dei

2188 2403 2412 2443 errant:
2451 2405 2517 2443 ex
2567 2399 2712 2443 terra
2767 2387 3042 2444 hominem
3093 2387 3348 2443 formavit
3390 2403 3504 2441 εει
3559 2386 3750 2441 homine

2178 2499 2395 2540 carnem
2423 2484 2652 2554 sumpsit
2675 2484 2809 2552 ipse.
2851 2483 2908 2538 Si
2931 2484 3089 2553 igitur
3116 2482 3201 2555 (Ξ)
3231 2482 3297 2537 de
3329 2497 3558 2552 corpore
3580 2479 3753 2550 pracdi-

2179 2588 2333 2634 catur
2359 2587 2498 2632 terra
2526 2578 2732 2633 ratione
2755 2578 2981 2647 originis
2999 2578 3263 2645 antiquae;
3286 2586 3410 2630 erat
3431 2586 3607 2631 autem
3631 2585 3752 2629 terra

2177 2672 2391 2726 ratione
2419 2671 2714 2726 creationis
2736 2670 2948 2741 propria
2973 2669 3170 2723 Clu-isti
3192 2679 3452 2724 creatura
3476 2685 3492 2733 ς
3517 2678 3572 2723 et
3589 2684 3653 2722 ex
3679 2666 3762 2720 bac

2181 2764 2337 2834 panis
2368 2773 2423 2818 et
2453 2761 2634 2816 vinum
2686 2761 3045 2826 exstiterunt;
3073 2777 3138 2815 ex
3189 2761 3302 2829 ipsa
3358 2775 3548 2816 rursus
3591 2772 3764 2827 corpus

2176 2856 2449 2926 hominis;
2483 2858 2588 2912 hoc
2615 2865 2796 2912 autem
2827 2871 3027 2924 corpus
3055 2854 3310 2908 Christus
3345 2854 3524 2908 induit
3554 2869 3567 2906 :
3595 2851 3764 2907 merito

2183 2969 2307 3010 cum
2345 2953 2640 3022 accepisset
2669 2964 2867 3020 panem
2899 2957 2954 3004 ct
2981 2949 3186 3009 vinum,
3217 2946 3396 3002 dixit:
3429 2946 3641 3000 Hoccat
3667 2944 3766 3000 Cor.

2171 3065 2268 3120 pus
2294 3045 2717 3117 meum(Matth.,
2749 3059 2901 3109 xxvr,
2930 3041 3030 3108 26;
3065 3041 3245 3104 lCor.,
3269 3058 3351 3108 ιι,
3385 3043 3502 3112 54).

2238 3140 2301 3195 ll.
2339 3139 2539 3193 Deinde
2563 3137 2852 3208 subjungit.
2889 3155 2907 3187 ι
2948 3139 3018 3190 Οὐ
3039 3139 3140 3212 γὰρ
3160 3138 3328 3198 τύπος
3363 3139 3610 3209 σώματος
3648 3137 3701 3190 οὐ
3723 3130 3769 3187 δὲ

2165 3235 2329 3293 τύπος
2346 3235 2582 3304 αἵματος,
2608 3233 2675 3290 ὥς
2701 3251 2831 3290 τινες
2853 3227 3229 3303 ὲρῤαψὼδησαν
3250 3232 3637 3306 πεπηρωμένοι,
3662 3227 3769 3282 ἀ)λά

2167 3327 2281 3382 κατ’
2311 3327 2537 3386 ἀλήθειαν
2560 3323 2685 3398 αἷμα
2709 3327 2797 3379 καὶ
2825 3331 2977 3396 σῶμα
2999 3330 3245 3399 Χριστοῦ.
3299 3323 3384 3394 (5)
3430 3324 3486 3377 Id
3518 3334 3603 3378 est
3627 3339 3639 3374 :
3667 3320 3766 3375 Non

2167 3421 2310 3476 enim
2352 3419 2518 3488 ﬁgura
2565 3428 2649 3472 est
2687 3417 2930 3486 corporis
2974 3427 3067 3470 aut
3114 3416 3422 3484 sanguinis,
3457 3426 3519 3471 ut
3567 3413 3763 3486 quidam

2243 3551 2322 3636 (1)
2355 3551 2502 3619 Quod
2516 3568 2648 3633 vero,
2671 3559 2778 3634 etc.
2799 3548 3546 3636 Pﬁeclarolinicil’ragmcnlo
3572 3549 3774 3636 Turrin-

2171 3622 2273 3682 nus
2303 3622 2402 3680 ista
2437 3623 2708 3693 prmmittit
2743 3639 2757 3675 :
2793 3641 2811 3674 ι
2846 3622 3167 3676 Cenvcrtam
3215 3623 3338 3677 iteic
3383 3639 3417 3678 e
3447 3634 3772 3694 graeco,quze

2171 3699 2443 3768 Magnetes
2481 3694 2879 3768 ecclesiasticus
2909 3706 3117 3768 auctor.
3161 3705 3215 3748 et
3241 3696 3408 3750 valde
3439 3705 3614 3768 vetns,
3651 3695 3772 3768 libro

2175 3766 2332 3827 tertio
2361 3768 2728 3838 Apologiarum
2774 3767 3016 3838 adversus
3038 3766 3415 3838 Tlieostenem
3455 3767 3764 3835 Evangelia-

2177 3859 2294 3898 rum
2317 3836 2754 3896 calmnniatnrem
2784 3836 3016 3906 scripsit.
3045 3837 3263 3891 Dicebat
3306 3855 3447 3908 ergo
3473 3841 3577 3892 iste
3617 3839 3773 3898 idem,

2179 3912 2324 3984 quod
2368 3909 2740 3979 Capitarnaitzc
2769 3909 2847 3984 illi
2871 3923 2898 3984 tr
2922 3908 3089 3960 Durus
3108 3921 3183 3984 est
3213 3909 3296 3984 hic
3333 3926 3510 3962 sermo
3536 3927 3556 3974 ;
3589 3919 3632 3962 el
3656 3908 3769 3984 guis

2182 3976 2346 4058 potest
2396 3976 2575 4036 audire
2651 3981 2817 4035 eum?
2869 3981 3178 4050 Respondet
3231 3981 3526 4053 Magnetes
3572 4001 3585 4036 :
3643 3976 3775 4045 Quod

2183 4076 2324 4125 vero,
2360 4068 2463 4111 etc.
2498 4075 2516 4108 ι

2238 4123 2317 4202 (2)
2351 4128 2411 4185 Si
2438 4129 2590 4198 igitur
2607 4127 2668 4180 de
2687 4141 2920 4202 corpore.
2945 4124 3026 4202 Ab
3041 4123 3123 4180 liis
3136 4125 3319 4181 verbis
3339 4143 3520 4196 usque
3537 4125 3602 4202 ad
3641 4126 3779 4178 linem

2168 4195 2488 4258 Tu'rrianmii
2535 4199 2816 4267 exscripsit
2860 4195 3482 4270 Coccitts_,suppresso
3529 4200 3647 4270 ejus
3702 4207 3784 4250 n0—

2169 4275 2314 4330 mine
2347 4292 2358 4326 :
2390 4270 2542 4324 Thes.
2573 4270 2800 4330 Cathol.,
2826 4279 2862 4322 ι.
2897 4285 2952 4328 ιι,
2984 4284 3039 4338 p.
3072 4268 3175 4323 607
3202 4284 3323 4340 seq.

2242 4347 2321 4420 (5)
2347 4346 2418 4400 Οὐ
2445 4346 2667 4420 νάρκη...
2710 4341 3202 4420 Χριᾳςτοῦ..ιὶιξρβιιι
3232 4342 3598 4420 Ιιιιιις-ἰρειιιη
3617 4343 3782 4420 locum

2169 4413 2488 4478 Turrianus,
2512 4413 2579 4469 ad
2607 4415 2698 4468 lib.
2722 4413 2772 4477 v',
2807 4414 3020 4467 Constit.
3052 4415 3236 4477 Clem,
3268 4429 3322 4467 c.
3351 4413 3453 4479 15,
3480 4416 3583 4469 sub
3611 4413 3785 4468 ﬁnem:

2172 4506 2237 4544 ex
2267 4505 2459 4558 eoque,
2508 4494 2563 4539 ut
2593 4485 2823 4558 videtur,
2855 4482 3199 4558 Bulengerus,
3229 4483 3468 4541 Diatrib.
3498 4502 3576 4548 ιιι,
3606 4487 3671 4538 ad
3697 4482 3787 4558 Ca-

2090 4562 2144 4622 D
2169 4561 2316 4616 saub.
2355 4555 2570 4622 Emere,
2605 4573 2656 4627 p.
2699 4556 2822 4611 164.
2859 4555 3202 4625 Lequienius.
3253 4558 3392 4610 item
3432 4558 3500 4613 ν.
3527 4561 3590 4614 t2.
3615 4556 3787 4611 eadem

2172 4633 2364 4688 recitat
2415 4646 2480 4685 ex
2537 4629 2785 4682 Turriani
2830 4628 2933 4682 lnc.
2968 4628 3087 4690 cit.,
3127 4627 3194 4682 ad
3238 4627 3413 4684 Joan.
3468 4632 3714 4685 Damasc.
3737 4628 3790 4680 dc

2172 4703 2306 4758 Fide
2334 4701 2564 4766 orthod.,
2597 4700 2689 4756 lib.
2722 4716 2793 4762 tv,
2825 4716 2877 4768 p.
2899 4699 3026 4761 271,
3060 4698 3145 4750 ubi
3175 4699 3443 4758 observat
3481 4700 3784 4755 Datnasceni

2173 4791 2296 4830 azvo
2327 4773 2643 4829 notissimos
2676 4771 2841 4846 fuisse
2865 4771 3032 4824 libros
3061 4768 3280 4825 Macarii
3308 4772 3593 4846 Magnetis
3619 4781 3791 4826 contra

2171 4847 2554 4903 Theosthenen
2584 4844 2880 4906 ethnicum,
2905 4856 3081 4910 neque
3109 4844 3575 4909 praeterire'licet
3605 4847 3792 4899 iiillsil’e

2175 4919 2540 4976 testimonium
2565 4915 2842 4970 Zachariae
2873 4913 3151 4969 Cretensis
3176 4917 3226 4967 in
3249 4916 3716 4985 Responsionibus
3735 4915 3791 4969 ad

2173 4991 2539 5048 reverendiss.
2561 4987 2842 5042 Claudium
2861 4985 3104 5040 Guisium
3128 4987 3478 5044 cardinalem
3509 4989 3790 5045 Lotliarin-

2206 5067 2333 5130 ium,
2374 5077 2509 5132 quas
2541 5059 2681 5132 haud
2731 5057 2801 5132 ita
2835 5058 3040 5132 pridem
3094 5058 3262 5112 edidit
3312 5062 3402 5114 vir
3454 5061 3796 5132 doctissimus

2206 5082 2333 5130 llllll,
2374 5082 2509 5132 quas
2542 5082 2681 5112 Ililllu
2733 5082 2801 5112 tta
2835 5082 3040 5124 prtucui
3094 5082 3262 5112 cuuut
3313 5082 3402 5114 Vir
3454 5082 3788 5115 uttctlbsmtu:

2166 5082 2402 5191 inanes
2445 5131 2664 5206 Lamius
2714 5127 3029 5206 ad_l\’icctae
3080 5133 3407 5206 enarrat._in
3458 5136 3615 5206 epist.
3671 5149 3688 5188 ι
3733 5131 3788 5184 ad

2170 5205 2432 5266 Corinth.,
2464 5213 2618 5276 parte
2639 5199 2680 5276 i,
2715 5202 2859 5276 p.72
2887 5209 2941 5276 et
2963 5215 3117 5267 seqq.
3148 5201 3238 5276 Sic
3261 5201 3444 5276 igitur
3469 5199 3584 5266 ille,
3615 5222 3669 5276 p.
3699 5207 3791 5258 '77:

2165 5279 2222 5334 .0
2252 5277 2304 5333 δέ
2331 5277 2529 5348 Μάγνης
2548 5272 2854 5332 διδάσκοι).ος
2881 5275 3108 5348 ἀρχαῖος
3129 5272 3216 5334 ὧν,
3240 5274 3424 5348 εὖτ-ως
3463 5280 3516 5332 έν
3565 5272 3796 5348 (acM/ia}

2165 5358 2256 5427 τρῦ
2284 5342 2574 5421 nimi/allow
2604 5347 2735 5427 πρρς
2753 5342 3052 5427 ’Θεοσθέὗην
3084 5348 3225 5427 gandi.
3254 5342 3386 5427 "(in
3493 5342 3802 5427 εὐχαρισὲὶἐι

2183 5413 2570 5492 ἀληθῶςρῖὡμα,
2605 5421 2689 5472 καὶ
2719 5413 2844 5488 αἷμα
2866 5423 2957 5494 ςτοᾷ
2986 5421 3231 5494 ξριστοίγ
3263 5420 3330 5471 οὐ
3361 5423 3541 5482 τύπος-
3559 5413 3799 5494 Gaium;

2183 5498 2270 5550 καὶ
2313 5487 2649 5572 αἷματὸςνιςῖις
2690 5509 2819 5547 τινες
2850 5487 3254 5571 {Sedetana-avre;
3308 5496 3690 5572 πεπηρωμένοι
3728 5493 3800 5545 τὸν

2184 5573 2301 5621 νοῦν
2327 5559 2516 5634 ὒεγον.
2551 5561 2764 5634 Magnes
2782 5559 2980 5634 mitem,
3006 5559 3095 5634 qui
3119 5561 3389 5634 antiquus
3425 5559 3687 5634 Magister
3710 5574 3798 5626 est,

2200 5638 2269 5692 ita
2299 5636 2349 5689 in
2376 5630 2645 5703 Evangelii
2677 5630 2932 5698 Apologia
2954 5631 3214 5686 adversus
3236 5630 3670 5692 'l'heostlienem
3699 5635 3794 5688 ait:

2199 5707 2342 5779 quod
2373 5705 2703 5760 Enclmristia
2735 5717 2860 5779 vere
2888 5715 3082 5779 corpus
3108 5711 3160 5779 et
3187 5709 3425 5774 sanguis
3461 5707 3663 5763 Christi
3706 5714 3796 5768 est,

2206 5773 2313 5835 non
2348 5784 2512 5847 ligura
2543 5775 2784 5849 corporis
2810 5783 2864 5849 et
2893 5773 3185 5843 sanguinis,
3215 5784 3274 5830 ut
3301 5773 3542 5849 quidam
3575 5780 3802 5836 fabulan-

2208 5865 2292 5908 tes
2319 5845 2500 5907 mente
2526 5845 2774 5904 excwcati
2796 5845 3061 5902 dixerunt.
3091 5864 3111 5898 ι
