3904 6316
469 351 563 406 551

1773 349 1862 405 DE
1903 349 2087 405 ΜιΝο
2099 347 2206 406 BlO
2245 351 2432 408 AFRU
3631 363 3716 408 sua

3631 391 3718 421 ι)οζ

470 468 648 540 pserit,
698 467 992 540 inquiritur.
1029 466 1096 520 id
1136 481 1252 521 vero
1301 466 1572 536 contigisse
1614 483 1748 521 anno
1777 482 1928 521 ccctv
1978 478 2064 520 aut
2095 473 2140 528 Α
2169 469 2504 528 (‘cnstantini
2537 471 2852 538 vicennalia,
2886 471 2999 542 ipse
3031 451 3385 545 Hieronymus
3423 478 3589 534 statim
3611 483 3717 536 sub.

467 563 776 633 insequente,
809 576 872 614 ea:
895 561 1006 632 ipso
1030 571 1238 615 auctore
1263 559 1564 616 ostenditur.

539 657 626 711 IV.
674 657 856 726 Operis
885 655 1155 710 arnobiani
1196 659 1415 728 pretium
1455 659 1743 729 exponitur.
1786 657 1957 713 Multo
1985 659 2066 713 ιυ-

466 751 716 805 culentius
757 751 1014 804 etlmicam
1055 752 1462 820 superstitionem
1506 753 1864 822 impugnasse,
1910 769 2065 825 quam

465 845 799 898 christianum
825 845 1083 898 veritatem
1112 843 1346 898 docuisse
1373 853 1551 897 auctor
1576 845 1919 898 existimatur.

537 935 600 992 ν.
666 934 746 991 De
789 937 1058 1007 pracipuis
1107 937 1274 1008 aperis
1332 937 1656 991 editionibus.
1728 934 2064 990 Prasstuntior

461 1031 967 1104 Lugduno-Batava,
1013 1047 1126 1102 qua:
1173 1041 1341 1085 tamen
1381 1033 1537 1086 ntevis
1585 1031 1877 1101 mendisque
1923 1029 2061 1084 haud

460 1136 618 1183 caret.
651 1124 789 1193 Quid
808 1141 977 1196 operte
1003 1125 1056 1180 in
1081 1134 1308 1180 nostram
1338 1124 1696 1178 adornandum
1721 1125 1984 1179 collatum.

533 1311 575 1367 1.
606 1311 868 1368 Discimus
895 1312 960 1366 ab
987 1309 1316 1384 Hieronymo
1337 1309 1601 1382 (Hierom,
1627 1313 1689 1364 de
1719 1307 1828 1364 Vir.
1846 1308 2059 1375 illustr.,

461 1422 580 1476 cap.
612 1406 825 1476 Lxxu),
863 1406 1157 1461 Arnobium
1205 1405 1391 1466 Siccae.
1429 1420 1547 1476 quze
1574 1403 1768 1459 Al'ricm
1807 1403 2062 1459 mediter-

460 1515 639 1554 ranea:
669 1499 796 1553 urbs
823 1507 938 1552 erat
958 1540 972 1562 ,
1003 1497 1103 1551 sub
1132 1496 1464 1552 Diocletiano
1507 1497 1746 1567 principe
1787 1495 2062 1551 ﬂorentis-

462 1594 597 1647 sime
625 1591 945 1647 rhetoricam
973 1591 1223 1647 docuisse
1253 1611 1266 1646 :
1293 1606 1399 1662 quo
1429 1592 1642 1662 quidem
1674 1600 1916 1662 tempore
1947 1592 2063 1647 ido—

451 1675 636 1741 lorum
667 1685 831 1740 cultui
864 1700 922 1740 se
955 1685 1118 1740 fuisse
1146 1683 1419 1740 addictum
1449 1686 1677 1756 ipsemet
1703 1685 1950 1756 deplorat
1979 1685 2062 1743 his

460 1779 680 1835 verbis:
716 1799 733 1831 ι
773 1779 1104 1844 Venerabar,
1137 1794 1170 1834 ο
1198 1781 1434 1840 οωεὶιειε.
1468 1794 1641 1849 nuper
1677 1779 2058 1835 simulacra....

463 1870 615 1926 Nunc
643 1870 866 1927 doctore
905 1879 1053 1926 tanto
1081 1870 1369 1943 (Christo)
1403 1871 1455 1925 in
1489 1871 1601 1926 vias
1633 1870 1872 1926 veritatis
1903 1871 2064 1927 indu-

463 1976 602 2029 ctus,
635 1965 814 2020 omnia
841 1965 940 2020 ista
977 1981 1095 2035 qua:
1126 1966 1253 2026 sint.
1284 1965 1397 2021 scio
1423 1984 1436 2020 :
1459 1965 1616 2037 digna
1643 1966 1710 2020 de
1736 1965 1912 2037 dignis
1941 1981 2065 2022 sen-

464 2060 541 2115 tio
573 2059 811 2132 (Arnob.,
840 2062 957 2114 adv.
989 2058 1163 2126 Gent.,
1198 2059 1287 2115 lib.
1317 2077 1365 2128 ι,
1395 2077 1512 2133 cap.
1548 2062 1660 2134 15).
1705 2083 1724 2114 ι
1785 2061 2066 2132 Quomodo

466 2164 646 2209 autem
676 2154 934 2210 acciderit
965 2165 1018 2210 ut
1043 2153 1406 2210 Christianam
1435 2155 1748 2225 religionem
1782 2158 2067 2226 amplecte-

465 2257 635 2314 retur,
667 2247 805 2302 idem
847 2247 1206 2320 Hieronymus
1243 2249 1366 2304 alibi
1398 2250 1477 2304 sic
1507 2249 1706 2304 tradit:
1739 2267 1758 2300 ι
1797 2251 2066 2306 Arnobius

466 2340 654 2398 rhetor
683 2343 861 2398 clarus
889 2343 942 2398 in
985 2342 1234 2399 Africa...
1257 2387 1273 2410 ,
1314 2361 1435 2400 cum
1477 2347 1528 2400 in
1557 2346 1774 2401 civitate
1805 2346 1972 2402 Siccae
1999 2347 2067 2403 ad

469 2433 883 2491 declamandum
911 2437 1136 2508 juvenes
1166 2437 1425 2505 erndiret,
1451 2448 1505 2493 et
1524 2437 1700 2494 adhuc
1728 2441 1974 2497 ethnicus
2000 2443 2068 2497 ad

469 2529 841 2586 credulitatem
891 2531 1116 2588 somniis
1157 2533 1597 2600 compelleretur,
1632 2550 1806 2604 neque
1851 2535 1920 2590 ab
1947 2539 2067 2609 epi-

470 2637 635 2694 scopo
670 2623 984 2694 impetraret
1016 2625 1175 2680 ﬁdem
1204 2642 1363 2697 quam
1395 2641 1610 2697 semper
1635 2628 2064 2700 impugnaverat,

471 2719 806 2775 elucubravit
849 2719 1110 2775 adversus
1153 2722 1432 2792 pristinam
1473 2723 1790 2795 religionem
1826 2725 2068 2779 luculen-

473 2812 708 2868 tissimos
738 2813 937 2881 libros;
964 2824 1017 2870 et
1042 2815 1254 2871 tandem
1277 2817 1423 2872 velut
1449 2817 1767 2888 quibusdam
1794 2819 2072 2875 obsidibus

473 2905 690 2975 pietatis
719 2905 895 2961 fmdus
923 2906 1225 2976 impetravit
1256 2907 1524 2980 (Hierom,
1556 2911 1609 2964 in
1641 2910 1830 2966 Chron.
1854 2915 1922 2966 ad
1946 2929 2072 2968 ann.

476 3013 797 3061 uucccxut,
831 3015 950 3070 pag.
987 3000 1138 3071 181).
1171 3000 1345 3056 Tanto
1393 3003 1552 3074 igitur
1591 3004 1795 3060 lumine
1843 3005 2075 3062 donatus

477 3089 575 3145 fuit
600 3092 887 3154 Arnobius,
917 3094 1042 3161 quin
1064 3102 1118 3149 et
1138 3095 1361 3149 somniis
1379 3095 1636 3152 divinitus
1659 3099 1915 3154 immiSsis
1939 3100 2077 3156 adeo

2171 565 2284 618 dit:
2315 583 2334 616 ι
2377 564 2488 621 Huc
2519 579 2684 636 uSquc
2732 566 3010 621 historiam
3053 567 3240 623 scribit
3273 566 3558 637 Eusebius,
3587 572 3720 630 Pam-

2169 658 2298 728 phili
2341 661 2591 732 martyris
2650 661 3084 726 contubernalis,
3117 661 3202 716 cui
3252 676 3350 716 nos
3391 661 3487 718 ista
3520 666 3720 737 subjeci-

2169 767 2310 805 mus.
2342 773 2360 804 ι
2383 752 2518 807 Tum
2540 755 2879 810 continenter
2898 772 2913 810 :
2934 755 3210 822 Arnobius,
3236 754 3423 826 inquit,
3444 758 3616 824 rhetor,
3635 772 3722 818 etc.

2169 845 2247 900 Ne
2266 846 2426 916 igitur
2452 846 2664 903 Eusebii
2693 849 2928 904 narratio
2949 851 3379 926 abrumperetur,
3406 851 3719 924 Hieronymus

2167 940 2330 994 verba
2360 940 2428 995 de
2453 938 2714 1006 Arnobio,
2747 942 2899 1011 cujus
2926 941 3070 996 nulla
3092 943 3293 998 mentio
3318 943 3453 1014 apud
3483 943 3613 998 illum
3632 948 3724 1017 epi-

2167 1047 2388 1104 scopum
2415 1035 2814 1099 caesariensem,
2845 1036 3216 1106 superioribus
3243 1037 3551 1092 Eusebianis
3577 1039 3723 1094 salic-

2164 1127 2299 1181 ccrit
2341 1146 2354 1181 :
2395 1142 2515 1182 cum
2560 1127 2670 1196 jam
2721 1133 2902 1198 pdstea
2951 1144 3104 1183 suam
3144 1129 3212 1186 de
3264 1128 3450 1183 eodem
3489 1131 3722 1200 scriptore

2168 1221 2487 1276 sententiain
2521 1222 2570 1276 in
2601 1223 2818 1293 proprio
2844 1223 2906 1276 de
2940 1221 3072 1278 Viris
3101 1221 3383 1277 illustribus
3403 1236 3558 1294 Opere
3579 1225 3718 1282 maui-

2171 1313 2364 1369 festam
2394 1311 2643 1370 ediderit.

2241 1407 2327 1462 Ill.
2369 1407 2484 1462 Jam
2517 1423 2644 1464 vero
2695 1409 2912 1478 pr0pius
2948 1407 3365 1479 inspiciendum,
3407 1423 3509 1479 quo
3546 1407 3730 1465 demum

2171 1509 2417 1570 tempore
2449 1501 2713 1556 Arnobius
2744 1501 2908 1557 libros
2934 1517 3006 1556 vu
3035 1501 3293 1556 adversus
3321 1510 3502 1571 gentes
3529 1502 3731 1557 conscri-

2169 1595 2353 1664 pserit.
2389 1596 2442 1648 ln
2473 1595 2590 1664 ejus
2626 1596 2803 1666 itaque
2845 1609 3010 1666 opere
3039 1605 3146 1649 tres
3197 1593 3496 1649 notationes
3538 1607 3727 1661 compa-

2169 1696 2305 1749 rent,
2329 1702 2553 1757 quarum
2575 1687 2693 1741 dua:
2714 1686 3124 1757 chronologicm,
3151 1684 3303 1741 tertia
3326 1701 3452 1740 vero
3474 1685 3730 1748 historica;

2168 1797 2234 1837 ex
2264 1782 2458 1852 quibus
2478 1780 2619 1852 quod
2642 1781 2952 1852 quaerimus,
2981 1779 3190 1835 deliniri
3212 1822 3228 1847 ,
3259 1789 3540 1849 utcumque
3561 1777 3726 1832 valeat.

2173 1873 2238 1929 Et
2287 1875 2518 1946 primum
2544 1873 2759 1945 quidem
2802 1873 2879 1929 sic
2924 1873 3164 1944 loquitur
3205 1881 3434 1927 auctor:
3469 1890 3488 1923 ι
3519 1869 3732 1925 Trecenti

2171 1980 2296 2026 sunt
2321 1971 2445 2024 anni
2472 1968 2661 2037 ferme,
2695 1968 2870 2023 minus
2899 1967 2981 2022 vel
3014 1967 3130 2038 plus
3159 1967 3386 2038 aliquid,
3418 1982 3483 2022 ex
3509 1981 3609 2036 quo
3645 1979 3736 2020 cu:-

2173 2064 2347 2134 pimus
2389 2077 2509 2118 esse
2538 2059 2848 2127 christiani,
2879 2069 2935 2115 et
2965 2071 3226 2115 terrarum
3259 2062 3310 2114 in
3345 2059 3479 2116 orbe
3502 2056 3728 2114 censeris

2173 2156 2410 2230 (Arnob.,
2441 2157 2530 2212 lib.
2560 2156 2710 2210 tudo.
2746 2152 2920 2223 Gent.,
2943 2172 3062 2224 cap.
3092 2154 3171 2226 6).
3217 2153 3318 2211 Ubi
3372 2154 3590 2210 trecvnti
3613 2151 3736 2216 anni,

2171 2261 2230 2306 ut
2258 2267 2379 2306 cum
2404 2249 2676 2304 Dodwello
2702 2249 2984 2318 loquamur
3007 2247 3240 2321 (Dodw.,
3266 2249 3486 2304 Dissert.
3511 2265 3547 2304 u
3592 2246 3734 2310 Iren.,

2175 2344 2203 2416 ἐ
2237 2345 2327 2411 56,
2377 2361 2497 2415 pug.
2533 2343 2660 2412 197)
2681 2385 2696 2411 ,
2729 2342 2776 2398 si
2803 2358 2830 2395 a
2863 2358 2974 2398 xui
2998 2343 3221 2414 Augusti
3259 2358 3364 2415 pro
3393 2342 3596 2398 illorum
3628 2351 3739 2397 tem-

2173 2457 2364 2513 porum
2405 2440 2751 2510 cbronologia
2792 2448 3168 2509 supputentur,
3195 2437 3450 2494 desinent
3482 2437 3534 2492 in
3568 2450 3738 2490 annuat

2174 2549 2296 2588 terte
2350 2532 2585 2602 vulgaris
2608 2547 2858 2587 ccxcvtu.
2893 2531 3156 2600 Deinceps
3188 2545 3318 2585 vero
3351 2529 3642 2586 Arnobiana
3664 2529 3742 2582 ist-

2175 2627 2291 2682 haac
2318 2624 2472 2680 nobis
2493 2633 2779 2680 occurrunt
2804 2641 2817 2679 :
2850 2642 2868 2674 ‹
2899 2622 3094 2678 ίΕθιὶε
3117 2623 3251 2677 urbs
3277 2621 3452 2678 Roma
3477 2621 3621 2690 cujus
3642 2633 3742 2674 esse

2177 2722 2228 2776 in
2258 2720 2539 2776 annalibus
2577 2717 2862 2773 indicitur?
2893 2718 3078 2774 Annos
3120 2716 3264 2772 ducit
3308 2716 3678 2787 quinquaginta
3702 2721 3744 2766 et

2177 2816 2340 2879 mille,
2362 2823 2453 2868 aut
2481 2819 2586 2868 non
2609 2813 2831 2866 multum
2859 2810 2926 2865 ab
2957 2811 3228 2864 bisminus
3253 2828 3272 2860 ι
3299 2809 3543 2879 (Arnob.,
3574 2806 3654 2861 lib.
3680 2821 3740 2872 u,

2179 2926 2294 2978 cap.
2325 2908 2439 2978 54).
2473 2909 2628 2961 Αιιηο
2654 2915 2830 2960 autem
2880 2903 3044 2961 Urbis
3092 2902 3328 2959 condita:
3381 2919 3452 2958 Ill.
3497 2902 3638 2972 juxta
3664 2914 3746 2972 pu-

2189 3003 2444 3057 tationem
2474 2999 2849 3055 varroitianam
2892 2996 3183 3069 respondet
3213 3013 3340 3052 atrae
3372 2995 3601 3067 vulgaris
3625 3006 3744 3047 anno

2181 3110 2392 3152 ccxcvu
2415 3097 2568 3164 juxta
2597 3092 2938 3165 capitolinam
2962 3106 3089 3144 vero
3111 3088 3299 3144 incidit
3323 3091 3376 3144 in
3400 3103 3592 3144 annum
3616 3083 3746 3139 Clui-

476 3184 778 3256 perculsus,
804 3195 861 3238 ut
884 3185 1161 3255 pristinam
1186 3187 1514 3258 impietatem
1538 3190 1762 3261 ejurarit
1783 3208 2076 3264 verumque
2101 3180 2146 3245 C
2180 3193 2246 3248 sti
2275 3205 2518 3255 ccxcvnt,
2555 3197 2612 3243 ut
2651 3186 2873 3258 proinde
2913 3185 3018 3240 huc
3055 3200 3221 3256 usque
3261 3183 3378 3240 fere
3408 3183 3507 3238 sibi
3553 3191 3747 3236 concors

478 3279 572 3334 Dei
602 3280 803 3335 cultum
850 3280 1010 3337 fuerit
1049 3284 1349 3354 amplexus.
1386 3285 1548 3342 Docet
1592 3289 1735 3342 enim
1767 3290 1857 3345 ille
1879 3331 1893 3355 ,
1922 3287 2080 3345 Chri-

480 3383 621 3431 stum
655 3393 674 3427 ε
704 3391 808 3431 non
833 3393 931 3448 per
956 3394 1089 3432 vana
1117 3379 1404 3448 insomnia,
1429 3379 1524 3436 sed
1543 3396 1640 3453 per
1665 3398 1812 3453 parm
1839 3386 2076 3454 speciem

479 3472 836 3542 simplicitatis
866 3490 1128 3544 apparere
1157 3476 1402 3548 (Arnob.,
1431 3477 1550 3531 adv.
1580 3476 1752 3542 Gent.,
1775 3480 1863 3534 tib.
1895 3497 1932 3549 ι,
1959 3497 2077 3551 cap.

480 3557 632 3629 xvi),
678 3559 852 3615 adhuc
893 3577 992 3616 suo
1036 3572 1279 3631 tempore
1315 3567 1660 3618 consuevisse
1685 3583 1699 3618 :
1727 3577 1983 3636 expertus
2025 3567 2078 3622 id

480 3650 755 3718 nimirum,
787 3651 960 3725 inquit
988 3654 1316 3722 Dodwellus,
1350 3657 1578 3726 ipsemet
1606 3657 1823 3727 scripsit
1849 3668 2036 3714 auctor
2060 3676 2075 3713 :

480 3754 538 3799 ut
565 3755 845 3816 propterea
874 3762 996 3802 vere
1021 3748 1215 3804 dixerit
1240 3763 1301 3805 se
1323 3749 1391 3805 ab
1420 3752 1536 3818 ipso
1556 3749 1774 3806 Christo
1804 3773 1822 3803 ι
1854 3752 2079 3809 doctore

481 3847 630 3893 tanto
658 3839 708 3892 in
743 3839 855 3893 vias
884 3840 1128 3895 veritatis
1169 3840 1334 3898 fuisse
1381 3842 1656 3898 inductum
1692 3843 1924 3913 (Dodw.,
1956 3843 2080 3901 Dis-

481 3943 601 3986 sert.
656 3931 800 3987 Iren.
833 3950 891 3996 ll,
921 3933 949 4006 §
991 3933 1080 4001 57,
1133 3953 1258 4007 pag.
1294 3935 1441 4009 199).
1481 3956 1500 3990 ι
1532 3936 1668 4005 Quid
1699 3947 1879 3994 autem
1934 3950 2083 4011 post-

483 4028 584 4082 hac
613 4029 784 4099 egerit
812 4027 1113 4094 Arnobius,
1143 4044 1317 4100 quove
1343 4045 1486 4085 anno
1512 4045 1543 4086 e
1586 4032 1723 4088 vivis
1751 4035 2079 4102 excesserit,

482 4121 641 4192 plane
673 4123 1064 4192 incompertum
1094 4123 1374 4178 habemus.

556 4217 620 4271 Il.
661 4217 846 4288 Neque
873 4232 1003 4274 vero
1023 4234 1092 4273 ex
1122 4217 1434 4290 Hieronymi
1463 4218 1642 4274 verbis
1664 4219 1824 4274 modo
1846 4221 2084 4277 recitatis

484 4311 768 4382 quisquam
800 4321 1012 4382 arguat,
1044 4311 1110 4366 ad
1143 4327 1341 4367 annum
1389 4312 1577 4368 saltem
1619 4328 1852 4370 cccxxvr
1874 4357 1890 4380 ,
1920 4315 2083 4370 vitam

487 4405 812 4475 produxisse
829 4416 1102 4461 auctorem
1127 4417 1392 4469 nostrum,
1411 4417 1692 4476 propterea
1715 4407 1922 4462 scilicet
1941 4407 2084 4475 quod

489 4498 578 4552 illa
626 4498 867 4566 proxime
912 4499 1188 4570 scripserit
1235 4510 1452 4555 sanctus
1501 4499 1696 4555 Doctor
1741 4510 1862 4570 post
1905 4509 2085 4556 notata

489 4589 825 4645 Constantini
853 4591 1185 4660 vicennalia,
1216 4591 1407 4648 eodem
1435 4591 1632 4647 Christi
1672 4608 1816 4648 anno
1853 4608 2084 4649 cccxxvr
2110 4588 2163 4648 D

491 4682 758 4739 celebrata
785 4701 798 4738 :
825 4684 1087 4754 siquidem
1118 4701 1186 4741 ex
1219 4686 1409 4742 iisdem
1439 4685 1620 4740 verbis
1652 4686 2086 4758 Hieronymianis

490 4777 851 4848 colligendum
879 4787 1042 4842 esset.
1079 4795 1144 4836 eo
1174 4781 1291 4848 ipso
1317 4796 1458 4837 anno
1479 4796 1802 4838 conversum
1829 4781 1994 4837 fuisse
2019 4782 2086 4837 ad

491 4870 690 4926 Christi
724 4872 882 4928 [idem
926 4875 1226 4929 Arnobium
1253 4917 1268 4940 ,
1307 4875 1548 4946 adeoque
1594 4875 1752 4947 paulo
1795 4885 1921 4930 ante
1959 4891 2086 4932 suos

491 4965 877 5036 conscripsisse
907 4966 1074 5021 libros
1091 4967 1350 5023 adversus
1371 4979 1578 5038 gentes,
1606 4969 1799 5037 quibus
1825 4970 1955 5025 velut
1974 4972 2088 5042 qui-

492 5055 706 5110 busdam
735 5057 990 5111 obsidibus
1034 5059 1237 5128 pietatis
1267 5059 1431 5130 {reduc
1458 5061 1775 5132 impetrarit:
1799 5076 1920 5116 cum
1956 5077 2088 5117 con-

495 5161 575 5205 tra
609 5150 949 5206 manifestum
983 5152 1052 5206 sit
1083 5168 1150 5206 ex
1179 5152 1367 5208 eodem
1398 5153 1664 5222 Arnobio,
1697 5165 1753 5209 ut
1782 5171 1903 5211 mox
1935 5157 2081 5213 vide~

494 5243 690 5307 bimus,
721 5258 896 5312 neque
935 5243 1164 5299 obscure
1205 5255 1463 5314 praeterea
1495 5262 1561 5300 ex
1606 5247 1722 5316 ipso
1762 5247 2088 5320 Hieronymo

492 5346 747 5405 appareat
785 5335 1052 5408 (Hieron,
1084 5338 1147 5391 de
1184 5336 1293 5392 Vir.
1327 5340 1429 5403 ilt.,
1461 5340 1561 5395 loc.
1605 5341 1722 5410 cit.)
1745 5382 1760 5401 ,
1791 5356 1884 5396 eos
1922 5341 2090 5398 libros

494 5431 790 5499 imperante
824 5431 1150 5487 Diocletiano
1177 5431 1342 5488 fuisse
1385 5435 1454 5488 ab
1493 5444 1713 5489 auctore
1739 5435 2084 5505 perscriptus.

493 5521 609 5588 Quo
640 5523 798 5592 igitur
826 5525 1182 5596 Hieronymus
1203 5525 1304 5580 sibi
1327 5534 1557 5588 constet,
1583 5526 1975 5582 observandum
2004 5527 2087 5582 in-

496 5624 658 5670 terest
687 5632 806 5670 cum
839 5618 953 5671 viro
980 5618 1294 5673 doctissimo
1330 5618 1577 5690 (Nourr.,
1605 5619 1802 5689 Appar.
1846 5619 1915 5673 ad
1941 5618 2085 5674 Bibl.

497 5716 718 5776 patrum,
751 5720 872 5763 tom.
916 5727 974 5777 ll,
1021 5730 1137 5786 pag.
1174 5712 1350 5782 285),
1383 5727 1450 5768 eo
1495 5712 1747 5768 Chronici
1799 5714 2089 5771 Eusebiaui

499 5802 617 5855 loco
645 5814 748 5853 non
779 5798 1043 5860 indicasse
1072 5822 1251 5862 veram
1290 5805 1513 5862 Arnobii
1552 5817 1764 5862 aetatem
1810 5806 2086 5863 doctorem

502 5900 812 5956 maximum.
844 5895 975 5953 Nam
1007 5897 1063 5954 in
1089 5896 1358 5956 Chronico
1385 5909 1503 5971 post
1533 5908 1714 5956 notata
1744 5900 1813 5957 ab
1850 5899 2087 5958 Eusebio

2184 3286 2426 3340 videatur
2455 3292 2662 3338 auctor.
2691 3281 2760 3336 At
2787 3295 2907 3335 cum
2935 3279 3112 3351 priore
3141 3278 3194 3332 in
3235 3277 3356 3334 loco
3390 3275 3582 3342 addat,
3610 3273 3750 3326 minus

2184 3380 2260 3432 vel
2288 3379 2402 3447 plus
2432 3375 2656 3446 aliquid;
2688 3374 2738 3428 in
2771 3373 3067 3443 posteriore
3095 3380 3299 3436 autem,
3318 3381 3407 3424 aut
3437 3386 3537 3424 non
3565 3367 3749 3422 multum

2184 3473 2247 3525 ab
2276 3474 2354 3527 liis
2371 3471 2539 3526 minus
2564 3489 2581 3525 :
2601 3471 2722 3526 hinc
2743 3469 3004 3524 dubitatio
3027 3467 3321 3534 suboritur,
3345 3480 3474 3521 num
3499 3461 3752 3531 utrobique

2183 3566 2416 3622 Calculus
2445 3573 2689 3620 accurate
2720 3563 2974 3634 posuerit.

2256 3660 2568 3718 Posthabito
2589 3659 2767 3730 itaque
2789 3669 3012 3729 utroque
3028 3656 3344 3712 charactere
3375 3648 3750 3721 chronologico,

2185 3757 2251 3813 ad
2265 3757 2427 3812 alium
2447 3755 2759 3811 historicum
2781 3752 3080 3824 quicertior
3097 3765 3218 3806 esse
3241 3749 3478 3816 videtur,
3503 3755 3751 3820 propterea

2187 3848 2592 3908 recurrendum.
2622 3847 2710 3903 Sic
2737 3846 2897 3917 igitur
2927 3845 3263 3915 prosequitur
3283 3853 3514 3898 auctor:
3545 3860 3563 3892 ‹
3591 3838 3755 3893 Nostra

2187 3945 2400 4016 quidem
2431 3943 2628 4012 scripta
2656 3956 2751 3994 cur
2778 3939 2987 4010 ignibus
3015 3946 3332 3992 meruerunt
3357 3935 3512 3990 dari?
3552 3947 3643 3988 cur
3671 3929 3755 3982 im—

2189 4038 2419 4092 maniter
2461 4032 2831 4092 conventicula
2880 4031 3016 4085 dirui
3049 4029 3183 4104 (Id.,
3244 4030 3336 4084 lib.
3370 4045 3443 4096 tv,
3486 4044 3601 4098 cap.
3649 4017 3756 4089 £8)?

2189 4130 2320 4199 Quae
2369 4146 2499 4185 sane
2556 4127 2718 4183 verba
2762 4124 3036 4194 scripserit
3087 4124 3362 4178 Arnobius
3418 4129 3539 4192 post
3587 4127 3756 4171 annum

2187 4241 2365 4292 CCCIII,
2385 4240 2492 4294 quo
2509 4221 2818 4278 Diocletiani
2845 4219 3148 4288 persecutio
3166 4218 3362 4272 satvire
3387 4216 3572 4285 C(Epil.
3597 4232 3614 4265 ‹
3633 4209 3760 4265 Tunc

2187 4321 2372 4384 enim,
2425 4316 2593 4387 inquit
2625 4313 2922 4376 Eusebius,
2983 4308 3152 4365 Ai'des
3201 4327 3381 4365 sacras
3416 4308 3535 4364 solo
3585 4315 3760 4372 aequari

2189 4426 2252 4466 ac
2284 4410 2520 4466 funditus
2561 4409 2818 4473 subverti,
2851 4422 3024 4462 sacros
3060 4406 3350 4460 divinarum
3399 4403 3762 4474 Scripturarum

2193 4505 2348 4560 libros
2380 4506 2433 4560 in
2466 4504 2643 4559 medio
2673 4503 2789 4559 foro
2818 4501 3149 4558 concremari
3175 4542 3190 4566 ,
3218 4499 3398 4555 oculis
3427 4496 3620 4554 nostris
3649 4489 3763 4545 vidi-

2191 4615 2310 4655 mus
2336 4598 2572 4674 (Euseb.,
2607 4597 2744 4653 Hist.
2783 4598 2986 4660 eccles.,
3016 4595 3201 4650 lib.vtu
3225 4635 3240 4658 ,
3268 4610 3390 4666 cap.
3439 4592 3520 4665 8).
3563 4611 3582 4643 ι
3618 4590 3764 4656 Atque

2191 4693 2331 4748 hanc
2357 4693 2622 4749 veriorem
2665 4690 2987 4746 sententiam
3016 4687 3084 4742 de
3116 4696 3363 4758 tempore
3389 4700 3500 4757 quo
3525 4676 3764 4738 scribebat

2191 4787 2496 4852 Arnobius,
2546 4789 2750 4857 primus
2793 4785 3029 4838 omnium
3077 4781 3363 4852 amplexus
3411 4790 3493 4835 est
3534 4771 3767 4833 Baronius

2191 4878 2435 4950 (Raram,
2465 4880 2532 4932 ad
2558 4895 2679 4932 auri.
2711 4876 2836 4940 502,
2869 4875 2897 4947 §
2933 4874 3060 4946 17),
3091 4889 3249 4944 quem
3293 4871 3498 4927 deinde
3547 4875 3665 4922 sunt
3696 4875 3767 4915 as-

2169 4972 2380 5027 sectati
2427 4970 2729 5026 Dodwellus
2758 4968 3004 5038 (Dodw.,
3039 4966 3138 5022 loc.
3181 4963 3306 5037 cit.)
3328 5007 3345 5032 ,
3377 4963 3578 5035 Pagius
3606 4956 3767 5030 (Pago

2191 5067 2258 5118 ad
2287 5081 2410 5118 amt.
2439 5063 2576 5127 50‘2,
2607 5062 2634 5134 §
2668 5061 2769 5132 15)
2801 5061 3017 5130 aliique,
3066 5060 3189 5114 licet
3230 5074 3350 5113 eam
3396 5046 3768 5127 quodammodo

2192 5158 2464 5213 inﬁrmare
2488 5171 2771 5227 aggressus
2801 5155 2870 5208 sit
2906 5152 3282 5210 Tillemontius
3311 5150 3573 5225 (Tillem.,
3604 5143 3765 5204 Mento

2193 5262 2317 5307 tom.
2346 5268 2418 5318 ιν,
2453 5269 2573 5322 pag.
2605 5248 2732 5316 767,
2761 5245 2915 5322 not.).
2945 5247 3200 5316 Quamvis
3229 5258 3420 5302 autem
3463 5247 3515 5300 in
3551 5243 3648 5298 hoc
3685 5251 3766 5306 p0-

2193 5353 2398 5398 stremo
2426 5342 2545 5397 loco
2571 5342 2771 5397 certius
2801 5341 2943 5410 loqui
2974 5339 3223 5394 videatur
3246 5338 3546 5404 Arnobius,
3577 5349 3674 5391 non
3700 5336 3769 5384 est

2195 5445 2374 5490 tamen
2403 5450 2500 5489 cur
2530 5435 2677 5488 illum
2705 5448 3022 5490 censeamus
3051 5447 3175 5488 cum
3207 5431 3489 5486 nonnullis
3518 5427 3642 5482 viris
3660 5436 3767 5478 eru¢

2193 5526 2340 5593 ditis,
2373 5526 2427 5580 in
2459 5528 2571 5582 suis
2602 5525 2823 5597 reliquis
2867 5525 3232 5596 putationibus
3259 5523 3406 5579 haud
3444 5522 3548 5578 sibi
3576 5524 3768 5575 consta-

2193 5635 2270 5675 re.
2299 5618 2484 5689 Neque
2524 5619 2664 5673 enim
2708 5619 2924 5673 demum
2958 5633 3066 5673 uno
3108 5617 3300 5671 calami
3343 5616 3513 5671 ductu
3555 5614 3769 5679 integros

2193 5722 2403 5782 septem
2431 5725 2558 5764 suos
2589 5709 2756 5764 libros
2785 5711 3088 5766 exaraverit
3117 5720 3327 5765 auctor.
3360 5709 3621 5776 Adeoque
3651 5701 3769 5756 duos

2195 5809 2400 5877 priores
2441 5806 2774 5877 perscribens
2797 5847 2810 5872 ,
2839 5821 3010 5862 annos
3052 5806 3208 5863 Urbis
3247 5805 3489 5861 condita:
3517 5801 3764 5874 primum;

2193 5898 2385 5953 deinde
2413 5914 2544 5953 vero
2571 5913 2740 5953 annos
2768 5913 2892 5954 aera:
2921 5898 3248 5963 christiante,
3281 5896 3406 5966 plus
3435 5892 3629 5964 aliquid
3649 5933 3663 5954 ,
3688 5893 3764 5939 att!
