3904 6316
164 243 252 301 555

1398 246 1674 305 ΝΟἸΊΤΙΑ
1712 245 2097 309 HISTORICA.

3319 258 3422 317 535i

163 370 245 406 non
279 352 428 405 multo
471 349 634 404 minus
670 351 837 423 probe
877 353 1072 422 putarit
1097 369 1110 407 :
1135 356 1400 414 accedens
1443 371 1622 416 autem
1655 363 1720 417 ad
1753 367 1804 425 Α
1831 375 2008 419 autem
2040 365 2206 421 editio
2229 365 2717 437 Lugduno-Batava
2749 370 2968 443 reliquis
2989 372 3267 430 enimvero
3289 390 3426 446 prae-

164 446 326 501 librum
354 460 425 506 tv,
451 461 554 516 quo
581 455 822 502 tervebat
845 445 1162 503 diocletiana
1215 463 1538 520 persecutio,
1571 472 1637 509 no
1660 457 1724 510 tis

161 537 443 593 certioribus
468 538 773 609 scriptionis
802 556 912 594 sum
959 548 1169 612 tempus
1213 543 1365 598 nobis
1397 545 1713 614 prodiderit.

159 630 336 698 Quibus
366 631 583 701 positis,
615 648 762 687 anno
802 632 1016 689 demum
1049 649 1226 702 cccrv,
1271 647 1359 692 aut
1395 639 1530 693 forte
1574 639 1722 695 inse-

155 729 344 793 qnente,
372 722 637 795 integrum
667 740 822 782 suum
851 741 987 797 opus
1017 728 1286 784 Arnobius
1321 731 1612 800 perfecisse
1639 734 1717 786 vi-

153 815 301 871 detur.

214 906 290 962 IV.
331 907 480 964 Nunc
522 924 654 966 vero
700 910 768 967 de
809 912 987 983 operis
1028 914 1322 971 Arnobiani
1358 917 1528 987 pretio
1576 918 1719 988 loqui

153 1001 303 1071 placet
340 1017 458 1058 cum
493 1002 612 1058 viro
640 1005 852 1060 erudito
877 1050 890 1074 ,
925 1007 976 1060 iu
1015 1005 1153 1063 hanc
1183 1008 1354 1064 ferme
1393 1011 1716 1066 sententiam

150 1094 488 1151 edisserentc:
523 1115 542 1148 ‹
579 1095 895 1154 Recooditze
940 1097 1045 1154 hoc
1089 1101 1368 1170 sapientia:
1408 1112 1718 1173 promptua-

148 1186 263 1241 rium
305 1203 408 1258 quo
460 1188 647 1244 insana
691 1191 929 1262 gentium
981 1191 1170 1264 religio
1217 1194 1543 1265 exploditur,
1591 1211 1715 1251 vera

147 1280 487 1348 conﬁrmatur,
522 1281 670 1338 omni
701 1283 857 1339 laude
901 1284 1074 1355 maius
1103 1296 1208 1343 est.
1239 1288 1371 1354 Quis
1412 1290 1554 1343 enim
1598 1289 1711 1344 elo-

145 1374 347 1441 quentia:
369 1389 587 1440 nervos,
615 1375 876 1431 rationum
904 1377 1160 1446 pondera,
1186 1379 1477 1449 exquisitas
1501 1391 1716 1436 senten-

146 1466 224 1517 tias
246 1479 362 1520 cum
392 1466 683 1536 pervolvit,
718 1484 823 1523 non
846 1469 1109 1538 abripitur
1135 1471 1187 1525 in
1215 1487 1456 1527 amorem
1493 1482 1548 1529 et
1577 1473 1718 1529 desi-

145 1555 324 1612 derium
345 1559 480 1613 tanti
503 1560 776 1615 auctoris?
797 1560 1006 1633 Ubique
1030 1564 1322 1636 triumphat
1342 1567 1717 1621 ﬂorentissima

1830 459 2056 513 stantior
2094 459 2215 529 jure
2266 459 2560 530 habeatur,
2615 464 2753 519 haud
2801 467 2981 536 paucis
3030 477 3206 523 tamen
3260 470 3428 525 ntevis

1831 549 2224 622 typothctsu-mn
2256 553 2385 607 vitio
2413 540 2640 620 laborat,
2668 560 2794 626 quin
2824 567 2879 614 et
2927 559 3121 616 alicubi
3153 561 3316 616 verba
3346 561 3428 617 in-

1831 655 1975 716 tegra
2004 647 2214 716 penitus
2244 649 2440 703 omissa
2467 651 2517 703 in
2542 666 2602 705 ea
2631 651 3039 721 deprehendas;
3072 654 3267 726 quibus
3303 670 3430 728 pro-

1829 737 1954 794 inde
1986 740 2194 795 mendis
2224 740 2452 810 aliisque
2495 741 2670 798 adhuc
2709 745 3042 814 gravioribus
3069 757 3274 814 scatet,
3308 763 3428 819 qua:

1827 832 1972 887 illam
2001 849 2062 886 ex
2077 834 2271 901 pressit
2306 836 2643 905 parisicnsis.

1897 924 2132 981 Ductore
2156 927 2331 997 itaque
2353 929 2692 998 potissimum
2715 930 2961 1004 Nourryo
2984 948 3036 988 ν.
3061 933 3133 989 cl.
3159 935 3247 1004 qui
3277 934 3429 991 libris

1823 1017 2133 1072 arnobianis
2160 1020 2526 1077 emaculandis
2569 1022 3007 1097 illustrandisque
3053 1043 3231 1097 operte
3259 1028 3430 1098 pluri-

1825 1126 1969 1164 mttm
2003 1111 2231 1167 contulit
2261 1113 2516 1182 (Nourr.,
2550 1116 2751 1186 Appar.
2783 1119 2854 1173 ad
2877 1118 3014 1176 Bibl.
3043 1133 3266 1192 patrum,
3301 1133 3426 1179 tom.

1822 1217 1896 1267 ιι,
1930 1220 2050 1273 pag.
2086 1203 2356 1273 257-570)
2387 1248 2401 1271 ,
2444 1207 2665 1263 editioni
2711 1223 2906 1266 nostra:
2947 1215 3309 1284 perpoltenda:
3351 1216 3433 1271 in-

1829 1295 2134 1363 cubuintus,
2167 1298 2543 1355 selectioribns
2568 1301 2906 1360 eruditorum
2941 1308 3082 1361 notis
3112 1308 3178 1363 ad
3204 1308 3429 1382 Arnobii

1823 1397 2024 1444 textum
2077 1393 2756 1461 imprimisemendandum
2809 1402 3173 1470 comparatis,
3225 1412 3456 1460 nostras.

1822 1485 2240 1556 qualescumque
2273 1487 2598 1545 intexentes.
2653 1491 2858 1548 Deinde
2884 1510 2990 1565 quo
3015 1496 3253 1552 auctoris
3275 1497 3436 1554 lectio

1829 1576 2011 1630 utilior
2037 1577 2088 1631 in
2120 1588 2393 1648 pes-terum
2424 1581 2786 1653 contingeret,
2815 1587 3082 1655 simulque
3111 1588 3328 1644 ttedium
3351 1589 3432 1645 leo

143 1648 237 1717 eius
259 1648 446 1714 ἀίοιὶο.
496 1662 656 1723 atque
704 1653 802 1725 ipsi
832 1655 970 1711 adeo
1006 1657 1239 1726 gentiles
1283 1674 1381 1713 suo
1406 1659 1721 1730 jugulantur
1754 1691 1802 1752 Β
1831 1675 2036 1722 ctorum
2089 1684 2151 1724 ac
2198 1671 2434 1726 laborem
2485 1675 2842 1732 allevaremus
2867 1720 2882 1744 ,
2915 1681 3242 1736 aruobianos
3272 1681 3436 1739 libros

143 1742 317 1811 gladio.
345 1741 605 1799 Calamus
629 1745 719 1800 ille
745 1747 906 1802 simul
939 1765 1128 1806 omnes
1159 1761 1402 1808 tacentes
1429 1754 1712 1824 gentilium

143 1835 250 1890 deos
278 1837 539 1906 perfodit,
569 1840 820 1896 confecit.
852 1839 1051 1907 Verbo,
1082 1842 1353 1898 Arnobius
1381 1844 1510 1900 Afer
1531 1845 1716 1901 adver-

146 1945 219 1983 sus
231 1938 439 2001 gentes,
461 1932 724 1988 abstrusa:
745 1934 1065 1991 eruditionis
1079 1947 1289 2001 auctor,
1309 1938 1724 2004 subtilis,diser-

143 2031 228 2089 tus,
259 2025 479 2096 ingenio
506 2036 560 2080 et
601 2027 846 2083 facundia
879 2040 1141 2099 praestans
1161 2074 1175 2098 ,
1206 2031 1514 2089 ethnicismi
1542 2035 1726 2091 debel-

142 2113 258 2170 lator
285 2116 619 2173 fortissimus
655 2137 674 2170 ι
718 2118 960 2192 (ΡνωῙαῑ.
1009 2121 1077 2175 ad
1126 2123 1346 2192 Aruob.,
1391 2125 1510 2181 edit.
1553 2126 1726 2199 Lugd.

141 2206 258 2273 Bal.,
286 2209 482 2278 1651).
517 2209 641 2267 Haec
671 2210 784 2268 ille.

196 2302 646 2372 Quandoquidem
678 2321 807 2362 vero
828 2306 1098 2366 Arnobius
1125 2311 1177 2366 in
1199 2311 1313 2368 suis
1342 2322 1551 2384 septem
1575 2315 1728 2372 libris

141 2396 531 2454 conscribendis
561 2398 759 2470 duplex
781 2401 882 2457 sibi
916 2418 1143 2473 pensum
1174 2405 1564 2464 absolvendum
1598 2425 1726 2480 pro-

143 2491 373 2558 posuerit,
410 2490 675 2546 nimirum
728 2501 786 2548 ut
825 2503 879 2548 et
929 2493 1117 2551 falsam
1145 2498 1428 2568 gentilium
1460 2510 1517 2555 et
1542 2517 1724 2557 veram

141 2584 546 2640 christianorum
579 2601 699 2642 esse
740 2585 1058 2658 religionem
1094 2591 1372 2649 evinceret
1399 2611 1411 2647 :
1444 2594 1614 2649 multo
1643 2595 1727 2649 lu-

143 2677 384 2734 culentius
424 2679 668 2734 ethnica:
720 2682 1120 2751 superstitionis
1164 2684 1494 2756 impietatem
1554 2691 1729 2758 Impu-

146 2785 336 2838 gnasse,
379 2786 554 2844 quam
585 2771 895 2829 christiana:
937 2775 1059 2830 lidei
1103 2777 1382 2834 veritatem
1427 2779 1734 2836 ostendisse

142 2866 266 2922 visus
289 2875 394 2923 est.
422 2865 571 2922 Hinc
616 2875 834 2922 sanctus
863 2868 1222 2940 Hieronymus
1248 2888 1262 2925 :
1293 2890 1312 2922 ‹
1340 2871 1477 2944 Ego,
1509 2891 1529 2925 ι
1563 2873 1737 2944 inquit

144 2960 387 3031 (Hieron,
422 2962 586 3034 epist.
618 2979 748 3031 an,
776 2965 847 3018 al.
879 2979 1061 3032 Lxxvt,
1101 2966 1171 3019 ad
1218 2965 1488 3038 Tranquill
1517 3009 1532 3034 ,
1572 2968 1600 3040 §
1628 2969 1663 3022 ἑ
1685 2970 1729 3041 ),

150 3076 165 3110 ι
191 3056 476 3130 Origenem
507 3069 726 3130 propter
753 3060 1112 3116 eruditionem
1141 3061 1219 3116 sic
1250 3061 1520 3118 interdum
1548 3063 1730 3133 legen-

145 3152 250 3209 dum
294 3163 563 3218 arbitror,
614 3154 885 3224 quomodo
944 3153 1372 3224 Tertulliannm,
1422 3155 1682 3213 Novatum
1711 3201 1726 3225 ,

147 3244 452 3313 Arnobium,
491 3245 882 3317 Apollinarium
913 3255 969 3302 et
996 3247 1286 3303 nonnullos
1332 3249 1734 3306 ecclesiasticos

145 3342 437 3413 scriptores.
480 3355 685 3414 graecos
713 3342 914 3411 pariter
939 3351 994 3398 et
1024 3342 1252 3410 latinos;
1283 3352 1340 3398 ut
1366 3343 1502 3399 bona
1543 3360 1731 3400 eorum

146 3435 407 3506 eligamus,
433 3436 786 3506 vitemusque
807 3434 1101 3501 contraria,
1126 3435 1278 3505 juxta
1307 3438 1626 3507 Apostolum
1654 3437 1736 3492 di-

147 3539 372 3585 centem:
429 3527 629 3582 Omnia
660 3528 906 3599 probate;
947 3527 1084 3599 quod
1127 3527 1314 3583 bonum
1362 3539 1455 3594 est,
1506 3538 1664 3584 tenete
1695 3526 1739 3601 (l

150 3621 338 3693 These,
365 3641 422 3691 v,
459 3623 580 3696 21).
621 3641 639 3676 ›
672 3623 934 3678 Caeterum
967 3639 1074 3677 non
1095 3622 1230 3678 adeo
1258 3623 1591 3694 incomperta
1622 3622 1740 3678 fue-

147 3727 254 3771 runt
299 3715 556 3773 Arnobio
597 3714 906 3770 christiana:
952 3715 1230 3785 religionis
1268 3717 1523 3788 mysteria
1552 3757 1565 3780 ,
1612 3715 1738 3787 quin

149 3819 274 3862 recte
298 3809 367 3864 de
395 3808 636 3864 summis
667 3806 787 3863 fidei
819 3806 1086 3878 capitibus
1112 3807 1434 3878 disputarit;
1464 3819 1523 3863 ut
1552 3811 1741 3864 adver-

147 3915 226 3956 sus
252 3900 553 3957 nonnullos
575 3900 902 3956 morosiores
923 3899 1170 3955 homines
1194 3901 1491 3956 luculenter
1513 3900 1740 3955 demon-

148 4003 367 4051 strarunt
406 3993 518 4049 viri
556 3993 883 4059 doctissimi,
929 3991 1205 4065 Nourryus
1245 3991 1492 4062 (Nourr..
1528 3993 1727 4064 Appar.

149 4086 204 4138 ad
228 4084 361 4142 Bibl.
395 4095 628 4158 patrum,
665 4094 786 4140 tam.
820 4101 876 4150 ll,
913 4102 1031 4155 pag.
1055 4085 1182 4151 290,
1213 4083 1321 4140 296
1352 4095 1397 4138 et
1423 4085 1556 4156 seq.)
1581 4127 1594 4149 ,
1629 4084 1738 4140 Ma-

150 4179 338 4255 ranus(
367 4179 612 4243 Murmu,
642 4175 814 4232 Divin.
849 4176 919 4230 D.
951 4175 1028 4233 Ν.
1059 4177 1116 4234 .1.
1154 4176 1237 4245 C.,
1271 4177 1360 4232 lib.
1392 4193 1449 4234 nt
1470 4220 1486 4241 ,
1518 4194 1632 4248 cap.
1682 4177 1738 4243 4.

149 4269 245 4339 §5,
287 4282 334 4326 et
383 4272 485 4327 lib.
534 4286 606 4338 tv,
640 4288 754 4342 cap.
801 4269 893 4337 2‘2,
926 4269 954 4341 ᾗ
982 4270 1007 4324 1
1035 4311 1050 4336 ,
1104 4286 1224 4342 pag.
1257 4269 1392 4334 526,
1424 4268 1603 4339 551),
1651 4268 1740 4324 alii

151 4379 269 4434 quos
299 4365 540 4438 proinde
570 4365 854 4421 consulere
884 4379 1062 4435 operte
1085 4364 1312 4434 pretium
1344 4365 1520 4420 fuerit.

1760 3013 1882 3109 CB

1827 1761 1917 1831 qui
1949 1764 2208 1819 hactenus
2234 1766 2524 1835 conjuncto
2549 1770 2970 1841 continuatoque
3018 1789 3271 1830 sermone
3301 1791 3430 1846 pro-

1829 1855 2067 1922 dierunt,
2099 1873 2244 1913 nunc
2273 1861 2502 1928 primum
2534 1864 2587 1917 in
2615 1866 2790 1934 capita
2821 1881 2915 1921 seu
2946 1868 3220 1924 sectiones
3247 1868 3433 1925 distri-

1831 1947 2080 2015 buimus;
2128 1966 2354 2018 quarum
2391 1953 2653 2025 analysim
2689 1967 2949 2025 praetcrea
2989 1959 3041 2013 in
3070 1958 3247 2015 iudice
3277 1957 3437 2030 operi

1832 2040 2043 2111 adjecto
2069 2043 2416 2113 subiecimus.
2439 2078 2508 2087 —
2534 2047 2802 2104 Hactenus
2829 2050 3163 2109 Gallandius.
3192 2053 3296 2109 Sed
3319 2059 3432 2124 jam

1833 2133 1901 2190 de
1921 2136 2142 2206 singulis
2162 2137 2484 2196 editionibus
2505 2157 2624 2196 cum
2650 2144 3082 2200 Schaenuemann
3136 2143 3434 2201 videamus.

2303 2317 2521 2360 δεσυιο
2551 2319 2748 2362 DECIIO
2775 2321 2971 2362 SEXTO.

2633 2440 2792 2498 1545.

1908 2589 2095 2646 Roma:
2121 2591 2258 2662 apud
2288 2593 2478 2651 Franc.
2508 2595 2838 2654 Priscianen.
2858 2597 3256 2668 Florentinum,
3275 2602 3430 2658 in-t".

1833 2681 2048 2738 Αγηοὸἱί
2079 2681 2505 2752 Disputatiouum
2527 2690 2770 2744 adversus
2800 2701 2971 2762 gentes
2994 2692 3110 2746 libri
3139 2704 3273 2760 octo,
3305 2711 3440 2749 nunc

1835 2776 2060 2846 primum
2087 2779 2140 2832 in
2167 2779 2330 2833 lucem
2381 2781 2522 2835 editi.
2553 2813 2622 2827 ν-
2649 2782 2704 2836 In
2737 2785 2847 2840 line
2873 2803 2886 2839 :
2911 2784 3098 2842 Roma:
3145 2788 3198 2843 in
3234 2788 3441 2847 (edibus

1835 2869 2113 2926 Fraucisci
2142 2871 2558 2941 Priscianensis,
2589 2889 2794 2933 uoan.

1909 2963 2167 3034 Princeps
2188 2967 2302 3021 haec
2332 2967 2558 3023 Arnobii
2580 2969 2748 3025 editio
2773 2970 3001 3028 debetur
3025 2972 3224 3029 Fausto
3247 2974 3439 3031 Same

1885 3055 2116 3122 rixiano,
2135 3056 2476 3114 bibliotheca:
2498 3061 2754 3117 vaticante
2777 3071 2904 3118 tunc
2926 3064 3184 3135 temporis
3197 3066 3438 3131 custode.

1840 3146 2061 3204 homine
2091 3149 2305 3206 erudito
2335 3161 2391 3206 et
2420 3152 2614 3224 insigni
2643 3154 2907 3227 imprimis
2935 3158 3324 3226 versificatore,
3350 3159 3440 3229 qui

1846 3240 2133 3298 Francisco
2175 3244 2216 3309 l,
2249 3245 2528 3302 Gallorum
2580 3248 2726 3319 regi,
2767 3265 2886 3306 eam
2917 3251 3192 3324 inscripsit
3216 3253 3441 3324 epistola

1848 3333 1963 3390 data
2007 3336 2196 3392 Romae
2239 3346 2294 3394 et
2348 3339 2478 3394 bibl.
2532 3340 2802 3412 palatina,
2851 3343 3069 3400 kalend.
3119 3348 3442 3417 septembris

1846 3443 2064 3485 onun.
2098 3429 2174 3486 Ex
2207 3429 2308 3486 hac
2336 3434 2590 3488 nonnulla
2621 3435 2861 3493 delibare
2897 3439 2950 3493 in
3001 3438 3261 3495 lectorum
3293 3457 3442 3497 com-

1847 3523 2064 3578 modum
2113 3523 2280 3592 juvat.
2330 3526 2696 3582 Intelleximus
2752 3531 2894 3584 enim
2938 3545 2968 3586 a
3013 3531 3196 3587 multis
3223 3533 3439 3602 quidem

1847 3613 1913 3670 de
1928 3615 2026 3670 hac
2045 3615 2281 3674 editione
2297 3619 2459 3674 verba
2484 3635 2605 3676 esse
2626 3620 2786 3687 facta,
2801 3622 2970 3691 ipsam
2989 3632 3169 3680 autem
3187 3627 3444 3694 paucissi-

1846 3708 1949 3762 mis
1989 3718 2194 3764 tantum
2225 3709 2418 3778 visam,
2441 3713 2584 3782 quod
2614 3715 2779 3769 variis
2822 3713 3018 3785 passim
3051 3718 3327 3773 erroribus
3347 3734 3444 3773 an-

1847 3818 1964 3858 sam
1990 3803 2160 3859 dedit.
2194 3804 2552 3876 Praacipuum,
2589 3807 2732 3879 quod
2760 3810 3010 3879 cuiquam
3034 3811 3440 3868 animadversa-

1849 3897 1997 3955 tione
2024 3898 2243 3968 dignum
2303 3899 2471 3955 videri
2521 3901 2707 3969 possit,
2739 3903 2980 3973 profecto
3018 3903 3123 3960 hoc
3163 3915 3267 3972 est,
3299 3906 3441 3978 quod

1839 3993 1962 4063 jure
1987 3993 2105 4048 belli
2151 4010 2296 4047 suum
2347 4010 2453 4050 esse
2496 3995 2778 4050 Arnobium
2829 3995 2981 4062 dicit,
3010 4015 3157 4070 quem
3186 4000 3392 4057 scilicet
3416 4017 3445 4056 ε

1846 4087 2016 4139 media
2068 4085 2298 4141 barbarie
2337 4103 2442 4142 non
2487 4088 2597 4142 sine
2621 4089 2887 4157 dispendio
2916 4099 2970 4146 et
2994 4091 3306 4148 discrimine
3337 4093 3442 4148 eri-

1855 4179 2041 4250 puerit.
2068 4179 2200 4246 Quae
2248 4179 2293 4235 si
2324 4182 2582 4237 attentius
2612 4182 2903 4254 aliquando
2947 4186 3246 4257 perpendas
3287 4197 3342 4243 et
3377 4203 3442 4243 ea

1851 4271 2012 4326 simul
2059 4273 2317 4328 memoria
2345 4284 2719 4346 reputes,qua:
2745 4276 2813 4331 de
2843 4277 2951 4331 vita
2978 4279 3246 4351 rebusque
3271 4284 3442 4338 nostri

1852 4361 2045 4418 tradita
2090 4364 2335 4434 legimus,
2365 4363 2416 4419 id
2447 4365 2674 4422 inuuere
2701 4367 2838 4423 velle
2864 4368 3093 4437 videtur,
3129 4386 3188 4427 se
3219 4372 3443 4429 Arnobii

211 4460 273 4515 V.
315 4462 428 4519 Sed
475 4470 533 4515 ut
557 4459 623 4515 de
653 4469 872 4514 auctore
912 4458 1128 4514 demum
1172 4458 1395 4529 ejusque
1420 4473 1585 4529 opere
1615 4472 1736 4513 ser-
1768 4456 1822 4517 D
1849 4456 2317 4527 aliquemcumque
2367 4458 2604 4526 unicum,
2649 4471 2709 4515 ut
2751 4470 2938 4532 postea
2992 4465 3257 4533 apparuit,
3290 4467 3441 4522 codi-

155 4569 351 4610 tnonem
379 4555 781 4611 concludamus
801 4598 816 4623 ,
846 4570 910 4612 ex
943 4570 1049 4609 uno
1077 4555 1364 4625 superstite
1413 4569 1516 4608 ms.
1557 4553 1743 4610 codice

155 4648 495 4706 bibliothecae
523 4649 804 4713 vaticante,
833 4650 1157 4720 octingentis
1184 4657 1237 4704 et
1264 4649 1499 4719 amplius
1546 4648 1744 4704 abhinc

157 4743 296 4799 annis
325 4745 569 4816 eleganti
602 4745 920 4798 charactere
950 4753 1170 4798 exorato
1196 4761 1209 4804 ;
1243 4743 1332 4813 qui
1363 4751 1546 4813 postea
1575 4740 1626 4794 in
1658 4756 1746 4796 re-

156 4837 282 4904 giam
311 4836 703 4892 bibliothecam
734 4835 1090 4906 parisicnsem
1122 4835 1361 4902 transiit,
1390 4835 1536 4890 curis
1564 4833 1747 4888 Fausti

157 4925 315 4985 Saluti
347 4929 553 5000 prodiit
580 4929 758 5000 operis
781 4929 1074 4984 Aruobiani
1105 4930 1352 4998 princeps
1383 4944 1606 4982 romana
1636 4927 1752 4983 edi-

159 5018 222 5075 tio
251 5037 396 5078 anno
431 5021 596 5077 1512.
628 5021 774 5077 Hanc
805 5036 933 5076 vero
963 5020 1220 5076 insecutae
1249 5028 1372 5076 sunt
1403 5019 1709 5091 complures
1732 5061 1748 5086 ,

159 5114 388 5171 virorum
423 5115 788 5184 eruditorum,
821 5114 1056 5182 Canteri,
1083 5114 1302 5182 Ursini,
1329 5114 1712 5172 Elmenliorstii
1733 5156 1748 5182 ,

163 5207 484 5275 Stewecbii,
548 5207 770 5264 Heraldi
838 5207 1180 5278 aliorumque
1238 5207 1418 5263 studio
1483 5208 1750 5278 expolitus.

164 5299 407 5358 Omnium
451 5301 893 5358 emendatissima
939 5301 1298 5367 existimatur,
1349 5318 1469 5373 qute
1513 5301 1754 5373 Lugduni

165 5394 517 5465 Batavorum,
550 5412 695 5453 anno
726 5395 893 5462 1651,
928 5413 995 5452 ex
1024 5397 1341 5452 recensione
1377 5396 1476 5450 viri
1517 5396 1757 5452 celeber-

167 5491 277 5545 rimi
303 5494 557 5564 evulgata
586 5500 690 5555 est.
722 5490 945 5561 adjectis
971 5500 1227 5561 przrterca
1261 5490 1486 5560 integris
1514 5489 1752 5543 omnium

170 5586 571 5642 commentariis
596 5603 610 5640 :
634 5584 700 5639 ad
730 5600 887 5655 quam
916 5583 1260 5654 postmodum
1285 5590 1472 5638 exacta
1498 5580 1594 5636 fuit
1620 5581 1760 5653 pari-

172 5676 355 5733 siensis
384 5678 512 5732 anni
558 5677 717 5732 1666.
762 5675 958 5732 Priorii
987 5685 1042 5732 et
1087 5675 1304 5732 selectis
1344 5674 1570 5730 aliorum
1619 5672 1761 5729 notis

175 5771 443 5838 adornata,
495 5771 852 5848 cperibusque
895 5771 1148 5844 Cypriani
1193 5770 1453 5842 subjecta.
1500 5768 1761 5838 Quamvis

1851 4565 1970 4607 cem
1997 4551 2051 4606 in
2084 4552 2247 4609 terris
2275 4553 2516 4620 remotis,
2548 4553 2687 4610 forte
2731 4555 2782 4608 in
2813 4556 3136 4624 germanicis
3162 4559 3242 4614 vel
3271 4559 3442 4631 belgi-

1851 4644 1930 4699 cis
1953 4645 2066 4700 oris
2087 4644 2510 4715 deprehendisse
2536 4662 2598 4701 ac
2627 4646 2677 4700 in
2697 4647 2994 4703 vaticanam
3022 4649 3149 4705 bibl.
3176 4651 3442 4708 intulisse.

1853 4734 1987 4791 Nam
2018 4736 2160 4806 quod
2195 4738 2261 4792 ad
2289 4738 2514 4808 primam
2548 4738 2706 4809 hujus
2725 4740 3051 4811 conjectura:
3081 4752 3284 4814 partem
3323 4747 3446 4802 atti-

1851 4839 1964 4894 net,
1997 4830 2193 4900 szepius
2223 4829 2276 4884 in
2311 4830 2593 4887 versiculis
2619 4833 2732 4887 suis
2757 4834 2973 4904 papulas
3000 4845 3165 4892 truces
3191 4848 3237 4892 et
3286 4839 3443 4908 feros,

1853 4925 2170 4996 mediamque
2193 4925 2477 4980 barbariem
2493 4937 2697 4998 crepat,
2719 4929 2861 4984 unde
2878 4945 3089 4987 summo
3113 4945 3234 4988 cum
3259 4933 3449 4988 discri-

1856 5017 2004 5071 mine
2029 5025 2083 5071 et
2097 5015 2280 5072 labore
2299 5028 2354 5072 et
2370 5017 2484 5073 suis
2499 5017 2634 5075 adeo
2648 5021 2950 5090 sumptibus
2963 5022 3175 5079 codices
3196 5024 3448 5096 antiquos

1858 5110 2180 5180 protulerit,
2229 5125 2456 5181 quorum
2507 5113 2959 5184 exquirendorum
3003 5130 3162 5172 causa
3209 5134 3239 5173 a
3268 5118 3448 5175 Leone

1858 5219 1993 5276 papa
2020 5213 2075 5261 et
2114 5205 2230 5275 ejus
2279 5206 2536 5280 deinceps
2585 5211 2988 5268 successoribus
3037 5214 3234 5270 missus
3283 5225 3446 5273 esset.

1845 5299 2120 5356 ‘Eumdem
2143 5301 2393 5356 autemin
2423 5304 2720 5359 vaticanam
2745 5307 2812 5361 ab
2843 5323 2910 5363 eo
2940 5308 3105 5366 fuisse
3132 5311 3446 5382 repositum,

1863 5401 1974 5446 tum
2003 5391 2186 5455 officii,
2214 5393 2358 5464 quod
2391 5395 2487 5464 ipsi
2535 5397 2905 5465 incumbebat,
2942 5401 3178 5456 rationes
3197 5402 3448 5472 suadent,

1862 5493 1973 5538 tum
2001 5501 2130 5540 vero
2159 5488 2430 5558 expressis
2457 5486 2626 5543 Fulvii
2658 5489 2857 5557 Ursini,
2884 5491 3052 5561 ipsius
3081 5510 3295 5566 quoque
3342 5499 3450 5552 Ar-

1864 5576 2008 5632 nobii
2061 5576 2320 5646 editoris,
2364 5581 2562 5644 verbis,
2592 5583 2817 5652 epistola
2848 5595 2974 5641 ante
3015 5601 3295 5645 romanam
3321 5591 3449 5648 alte-

1865 5687 1979 5726 ram
2010 5671 2078 5727 ad
2123 5670 2440 5744 Gregorium
2472 5671 2591 5728 Xlll
2644 5673 2984 5733 dedicatione
3015 5678 3292 5752 inspersis,
3323 5698 3454 5740 con-

1865 5769 2126 5834 firmatur,
2148 5767 2342 5838 quibus
2375 5767 2668 5825 Arnobium
2699 5767 2929 5838 primum
2978 5788 3009 5830 e
3033 5775 3288 5833 vaticana
3319 5776 3450 5839 bibl.
