3904 6316
479 272 588 329 559
1746 269 1836 326 DE
1875 266 2177 326 ARNOBIO
2216 267 2402 328 AFRO
3638 278 3727 338 560

479 386 776 453 discimus,
799 385 988 443 eodem
1006 396 1140 455 pene
1154 391 1426 456 tempore,
1454 397 1562 455 quo
1590 383 1642 439 in
1669 384 1952 440 Germania
1981 400 2075 439 oc-
2104 389 2152 447 Α
2183 382 2542 438 Ecclesiastica
2585 379 2919 448 coloniensis,
2967 379 3065 437 sed
3113 378 3269 438 tidem
3327 381 3463 441 haud
3508 399 3728 458 praestare

482 489 638 536 tavus
671 480 890 536 Arnobii
925 479 1064 535 liber
1085 494 1184 535 suo
1210 477 1419 536 auctori
1452 479 1728 535 restitutus
1757 491 1903 540 erat,
1929 495 2076 534 eam-
2181 479 2371 532 ausim.

479 571 605 628 dem
655 571 897 626 fraudem
948 571 1186 627 sensisse
1240 571 1494 628 Sirletum
1553 571 1800 636 cardin.;
1855 571 2077 640 ejusque

479 666 614 723 adeo
637 665 981 736 persuasione
1009 664 1206 721 factum
1233 675 1316 721 est
1331 709 1345 732 ,
1378 676 1435 720 ιιι
1459 667 1690 736 primum
1717 667 1768 720 in
1791 663 1941 720 Italia
1964 665 2063 721 hac

480 760 714 817 editione
742 759 956 815 Minucii
1001 758 1253 816 Octavius
1278 759 1549 817 ederetur.

2898 561 3057 648 1598.

2252 751 2588 821 Lugd-Bal.
2622 766 2690 805 ex
2710 749 2802 805 off.
2835 749 2910 804 lo.
2943 748 3214 804 Balduini.
3239 780 3309 790 —
3328 749 3401 805 lo.
3429 750 3734 810 11811ιέἱίίῖτί-

2181 846 2318 909 ticus
2347 844 2678 899 arnobiauus
2723 842 2954 898 tributus
2982 845 3032 897 in
3061 842 3229 899 libros
3265 854 3483 914 septem.
3506 844 3626 901 Item
3649 847 3733 920 [ly-

2180 939 2466 1008 pocritiens
2481 937 2804 991 Miuutianus
2824 946 2874 991 et
2888 935 3153 1005 Excerpta
3169 952 3270 991 ms.
3298 937 3424 1006 regii
3444 937 3732 1007 parisiensis,

2181 1031 2233 1083 in
2265 1030 2417 1100 queis
2449 1029 2712 1083 Arnobius
2733 1029 2996 1084 adversus
3026 1029 3226 1084 Gentes
3277 1036 3332 1084 et
3384 1028 3738 1088 Minuciussex-

2181 1133 2334 1180 centa
2377 1123 2603 1194 amplius
2630 1122 2780 1188 locis,
2814 1123 2902 1178 alii
2932 1122 3226 1192 scriptores
3251 1121 3394 1178 varie
3421 1124 3728 1195 castigantur.

2251 1219 2585 1288 Quamquam
2625 1216 2805 1285 negari
2846 1216 2964 1271 sine
2997 1216 3196 1270 invidia
3225 1217 3433 1286 nequit,
3461 1217 3735 1286 prazclaruln

2181 1311 2377 1383 ingenii
2400 1326 2646 1376 acumen,
2673 1319 2726 1365 et
2747 1308 2891 1380 quod
2921 1326 2988 1365 ex
3011 1309 3323 1364 omnimoda
3346 1309 3594 1366 doetrinze
3613 1312 3737 1381 Copia

2181 1403 2418 1458 efﬂoruit
2443 1412 2496 1458 et
2521 1401 2675 1474 quasi
2705 1403 3046 1469 redundavit,
3074 1403 3176 1457 hoc
3197 1402 3574 1460 schediasmate
3597 1403 3740 1458 Meur-

2181 1496 2318 1550 sium
2367 1496 2703 1558 ostendisse,
2746 1493 2811 1548 ad
2852 1495 3148 1550 Arnobium
3196 1505 3373 1550 tamen
3410 1503 3460 1549 et
3489 1494 3738 1550 Minucium

2183 1603 2288 1642 non
2337 1587 2503 1658 magis
2547 1585 2676 1640 illud
2722 1601 2879 1657 quam
2925 1587 2992 1640 ad
3037 1602 3251 1642 omnem
3307 1586 3656 1658 antiquitatem
3697 1597 3741 1641 et

2182 1682 2476 1752 scriptores
2518 1680 2672 1736 valde
2711 1682 2907 1736 multos
2953 1681 3219 1751 pertinere
3265 1693 3412 1737 recte
3453 1681 3739 1738 censebitur.

2109 1790 2156 1850 Β
2182 1775 2636 1846 Quotiescumque
2683 1774 2826 1830 enim
2876 1775 2996 1829 illos
3038 1775 3212 1846 attigit
3261 1776 3482 1831 mirilice
3525 1775 3742 1831 callidum

2182 1867 2494 1939 detegendis
2548 1877 2602 1923 et
2653 1867 3004 1939 persanaudis
3051 1867 3365 1924 vulneribus
3412 1883 3471 1924 se
3516 1867 3740 1938 przcbuit,

2182 1964 2347 2018 multa
2379 1971 2534 2018 acute
2560 1963 2712 2029 vidit,
2737 1962 2804 2017 ad
2827 1979 2946 2032 quae
2973 1962 3282 2033 superiores
3309 1962 3539 2018 editores
3558 1961 3744 2015 omnino

2181 2057 2556 2118 cazcutiebant,
2579 2054 2742 2108 multa
2773 2053 2966 2109 menda
2996 2054 3268 2109 levissima
3295 2054 3499 2109 medela
3527 2053 3741 2108 sustulit:

2181 2152 2276 2207 sed
2318 2153 2486 2205 multo
2533 2151 2732 2220 largius
2773 2151 2887 2204 haec
2917 2151 3344 2221 quibuscumque
3367 2150 3484 2205 aliis
3509 2147 3745 2218 scriptori-

2183 2246 2283 2300 bus
2309 2262 2468 2316 quam
2499 2244 2740 2300 Aruobio
2760 2253 2814 2299 et
2831 2244 3061 2300 Minucio
3086 2244 3153 2300 ab
3174 2260 3242 2299 eo
3263 2254 3388 2299 sunt
3417 2244 3660 2316 praastita.
3683 2242 3743 2295 Ac

2181 2339 2348 2404 initio,
2380 2339 2570 2408 inquit,
2603 2338 2732 2392 nihil
2759 2347 3004 2391 annotare
3026 2348 3132 2390 erat
3158 2337 3420 2391 decretum
3443 2336 3536 2390 soli
3557 2333 3744 2388 auctoris

2181 2431 2459 2486 valetudini
2485 2432 2728 2486 curanda?
2753 2431 2963 2496 intento,
2998 2448 3099 2486 non
3123 2433 3266 2500 potui
3303 2442 3470 2485 tamen
3508 2429 3620 2482 mihi
3645 2438 3745 2480 tem.

2183 2543 2392 2597 perure,
2417 2527 2541 2596 quin
2569 2527 2836 2593 aliquoties
2853 2569 2866 2594 ,
2892 2527 2990 2580 loci
3020 2526 3339 2595 potissimum
3365 2525 3569 2580 alterius
3604 2537 3744 2576 emen-

2182 2620 2341 2674 dandi
2370 2620 2635 2674 occasione
2663 2620 2927 2684 invitatus,
2959 2635 3323 2686 excurrerem;
3350 2620 3401 2675 in
3441 2617 3624 2689 quibus
3647 2631 3742 2670 om-

2182 2714 2338 2768 nibus
2391 2723 2449 2768 ut
2497 2713 2632 2768 nihil
2687 2714 2847 2768 alieni
2902 2715 3003 2770 sibi
3053 2714 3351 2770 vindicaret
3401 2729 3499 2769 nec
3549 2712 3742 2767 aliorum

2181 2805 2656 2861 emendationibus
2707 2805 3039 2861 adducendis
3088 2807 3166 2860 vel
3227 2805 3422 2861 erratis
3477 2802 3743 2861 refellendis

1197 945 1356 1004 1586.

550 1085 862 1155 Antuerpiaa
888 1083 974 1157 [ex
1013 1083 1104 1139 οϐ’.
1151 1082 1354 1140 Christ.
1397 1082 1596 1152 Plant]
1641 1083 1691 1137 in
1727 1084 1817 1149 8°;
1870 1083 2079 1137 Arnobii

475 1177 591 1232 libri
609 1188 800 1248 septem
822 1192 936 1230 cum
960 1175 1256 1232 Gadescalci
1282 1176 1551 1232 Stewechii
1571 1175 1756 1230 electis.
1797 1177 1944 1232 lianc
1971 1177 2078 1244 pri-

474 1284 616 1328 mam
646 1269 932 1324 Stewecltii
961 1269 1254 1324 editionem
1287 1268 1400 1338 ipse
1429 1283 1536 1323 non
1561 1267 1704 1333 vidi,
1742 1283 1916 1339 neque
1961 1285 2074 1322 me-

474 1371 737 1416 moratam
769 1363 820 1415 in
849 1362 1094 1432 catalogo
1109 1361 1288 1431 aliquo
1318 1361 1529 1425 inveni,
1559 1361 1652 1415 sed
1680 1375 1939 1430 sponsore
1974 1360 2075 1413 Fa-

473 1455 908 1526 bricio(l)cito,
952 1457 1036 1510 cui
1085 1454 1426 1525 pnefationes
1475 1453 1800 1519 Stewechii,
1850 1453 2076 1509 editioni

473 1551 597 1606 anni
637 1551 770 1606 1604
800 1552 1016 1604 inserta:
1063 1548 1462 1619 quodammodo
1493 1547 1651 1602 tidem
1681 1547 1860 1602 facere
1888 1546 2078 1601 viden-

473 1653 580 1701 tur.
612 1644 744 1699 Nam
774 1643 971 1714 duplex
989 1643 1057 1698 ibi
1083 1653 1363 1711 comparet
1391 1641 1619 1711 epistola
1649 1639 2038 1709 nuncupatoria
2057 1680 2074 1706 ,

475 1746 530 1792 ct
551 1737 616 1792 ad
648 1737 905 1792 lectorem
934 1736 1250 1792 admonitio.
1281 1736 1360 1792 Ac
1384 1734 1489 1790 illis
1509 1734 1724 1806 quidem
1743 1775 1759 1800 ,
1791 1750 1909 1804 quae
1935 1735 2078 1788 elec-

474 1830 543 1886 tis
597 1832 888 1900 praemissae
941 1839 1098 1895 sunt,
1151 1845 1324 1884 annus
1375 1828 1711 1896 subscriptus
1756 1836 1839 1881 est
1889 1825 2071 1889 i586;

473 1923 700 1992 cpistola
728 1933 909 1978 autem
939 1921 1269 1976 dedicatoria
1292 1962 1307 1987 ,
1347 1919 1515 1974 textui
1557 1918 1772 1988 prwﬁxa
1794 1959 1810 1986 ,
1831 1918 1955 1973 data
1994 1930 2078 1976 est

475 2015 616 2070 1587
639 2057 654 2082 ,
687 2015 932 2086 praefatio
961 2015 1027 2070 ad
1051 2015 1308 2069 lectorem
1334 2013 1458 2067 anui
1501 2021 1624 2066 nota
1647 2021 1796 2066 caret
1815 2053 1829 2076 ,
1865 2012 1959 2066 sed
1989 2013 2076 2066 di-

471 2107 545 2163 cit
573 2108 677 2175 ibi,
719 2127 736 2160 s
778 2122 965 2177 parum
1014 2107 1249 2162 abfuisse
1272 2147 1287 2171 ,
1319 2106 1448 2175 quin
1481 2105 1653 2159 electa
1677 2119 1747 2159 ex
1804 2104 2076 2174 ingeniolo

474 2217 573 2256 suo
604 2199 976 2256 tantummodo
1009 2209 1162 2263 nata,
1189 2198 1427 2270 juvando
1459 2197 1730 2261 Arnobio,
1761 2207 1881 2250 ante
1931 2197 2074 2250 bien-

473 2293 617 2346 nium
642 2307 886 2346 seorsum
919 2291 1279 2362 publicasset,
1330 2305 1516 2343 verum
1561 2289 1908 2343 Franciscum
1960 2288 2074 2342 Mo-

473 2387 622 2442 dium
649 2387 1004 2451 dissuasisse,
1031 2386 1256 2456 ejusque
1282 2384 1420 2440 adeo
1441 2398 1606 2454 opera
1636 2383 1887 2440 effectum
1917 2400 2069 2450 esse,

474 2492 531 2537 ut
559 2492 760 2538 textum
789 2496 1005 2552 quoque
1057 2481 1330 2550 corrigere
1349 2488 1405 2535 et
1442 2479 1732 2534 restituere
1756 2479 1856 2533 sibi
1911 2479 2077 2534 licue-

477 2577 569 2632 rit.
609 2595 628 2628 ι
658 2576 789 2644 Quae
815 2589 1070 2645 quorsum
1099 2572 1382 2629 referenda
1411 2573 1552 2638 sint,
1579 2589 1686 2626 non
1733 2575 1864 2628 satis
1897 2573 2070 2642 capio.

472 2670 672 2725 Contra
705 2668 944 2738 plerique
964 2708 978 2733 ,
1002 2664 1282 2737 quibusde
1301 2664 1629 2721 editionibus
1657 2666 1877 2721 Arnobii
1897 2680 2077 2720 sermo

473 2761 592 2826 fuit,
620 2762 758 2817 inter
773 2776 908 2832 quos
929 2759 1372 2829 diligentissimus
1385 2757 1610 2812 Nurrius
1626 2755 1706 2830 (2)
1723 2804 1738 2829 ,
1754 2758 1822 2812 de
1843 2773 1904 2813 ea
1922 2773 2076 2828 pror-

475 2873 566 2912 sus
588 2857 769 2920 silent,
815 2865 870 2910 et
891 2868 1190 2924 repugnare
1213 2851 1445 2917 videtur,
1467 2867 1588 2921 quae
1609 2851 1828 2906 editioni
1853 2860 2074 2906 antuer-

477 2950 644 3022 piensi
685 2965 827 3004 anno
854 2949 992 3003 1604
1025 2947 1242 3017 praefixa
1291 2956 1372 3000 est
1427 2945 1782 3015 approbatio,
1813 2961 1918 3015 qua
1969 2959 2076 3000 non

476 3043 655 3097 denuo
683 3040 825 3112 typis
856 3038 1024 3101 tradi;
1051 3037 1145 3092 sed
1162 3036 1273 3107 jam
1299 3035 1516 3091 demum
1541 3034 1782 3090 mandari
1807 3035 2076 3092 Arnobius

477 3133 672 3188 dicitur
693 3131 796 3203 (5).
828 3129 1092 3199 Quocirca
1141 3143 1466 3199 quamquam
1508 3125 1738 3182 definire
1788 3127 1921 3181 nihil
1963 3128 2074 3197 jam

478 3226 685 3288 ausim,
744 3226 914 3278 fateor
938 3233 1115 3276 tamen
1142 3236 1228 3275 tne
1273 3221 1326 3275 in
1377 3235 1494 3276 eam
1534 3221 1854 3275 sententiam
1907 3223 2076 3291 magis

478 3318 798 3390 proclivem,
831 3328 889 3370 ut
916 3323 1041 3371 ante
1066 3329 1266 3369 annum
1292 3313 1428 3368 1601
1463 3313 1750 3369 Stewechii
1777 3313 2073 3368 Arnobium

477 3427 584 3467 non
632 3411 953 3480 impressum
984 3422 1103 3462 esse
1146 3405 1343 3462 dicam.
1376 3406 1474 3460 Cui
1505 3407 1666 3460 etiam
1701 3405 1918 3461 Auberti
1973 3405 2074 3460 Mi-

478 3504 569 3559 rmi
597 3502 888 3558 auctoritas
913 3497 1151 3563 accedit,
1183 3499 1276 3569 qui
1319 3513 1416 3566 pro
1445 3498 1725 3566 explorato
1753 3499 1938 3553 scribit
1959 3499 2069 3570 (4),

477 3596 699 3654 Arnobii
729 3595 895 3651 libros
923 3593 1018 3650 νη
1044 3609 1168 3649 cum
1199 3593 1342 3648 notis
1368 3591 1637 3647 Theodori
1665 3591 1882 3647 Canteri
1916 3593 2072 3647 Plau-

479 3691 650 3746 tinum
673 3697 727 3745 et
752 3703 873 3744 cum
913 3688 1056 3743 notis
1099 3686 1332 3743 Godesc.
1367 3684 1659 3742 Stewechii
1704 3685 2072 3756 Trogumsium

481 3784 619 3843 1604
636 3827 652 3853 ,
685 3783 996 3855 Antuerpize
1017 3783 1324 3840 excudisse.

2181 3008 2243 3048 ac
2265 2993 2504 3064 graviter
2528 2991 2754 3047 studuit.
2778 2991 2969 3060 Porro,
2996 2992 3252 3062 quidquid
3277 2994 3329 3048 in
3353 2991 3584 3048 Arnobio
3609 3003 3743 3060 pnes-

2183 3085 2304 3148 titit,
2336 3084 2389 3139 id
2419 3100 2578 3140 omne
2600 3084 2898 3156 abingenio
2920 3099 3091 3155 neque
3114 3100 3143 3138 a
3173 3085 3329 3140 libris
3355 3085 3618 3141 veteribus
3642 3096 3743 3152 pro.

2101 3194 2146 3257 ρ
2181 3180 2378 3236 fectum
2405 3196 2528 3236 esse
2559 3181 2640 3236 vel
2681 3196 2787 3235 non
2832 3179 3123 3235 affirmanti
3167 3191 3304 3252 puto
3347 3179 3643 3242 tribuissos,
3667 3174 3742 3231 sed

2178 3274 2460 3329 miraberis
2478 3274 2730 3340 fortasse,
2753 3283 2859 3328 tam
2905 3289 3078 3328 raram
3104 3274 3154 3328 in
3180 3273 3248 3328 iis
3286 3273 3589 3343 regionibus
3607 3270 3744 3325 fuisse

2177 3366 2467 3422 editionem
2496 3369 2758 3439 primam,
2787 3376 2847 3422 ut
2875 3381 2934 3421 se
2964 3375 3153 3437 optare
3195 3365 3465 3422 Meursius
3508 3366 3664 3427 dicat,
3700 3369 3744 3416 ut

2178 3460 2358 3529 plures
2386 3459 2652 3516 Canterus
2680 3458 2891 3514 romani
2918 3458 3123 3514 codicis
3151 3459 3424 3514 variantes
3478 3469 3742 3528 repraesen-

2179 3560 2364 3619 tasset,
2395 3551 2534 3622 quod
2567 3551 2717 3622 plura
2750 3551 3104 3622 investigandi
3143 3552 3491 3607 occasionem
3521 3549 3742 3621 praebitu-

2176 3661 2294 3698 rum
2339 3643 2546 3700 fuisset.
2576 3643 2728 3712 Quod
2765 3652 3047 3714 superest,
3075 3653 3427 3699 accesserunt
3465 3641 3606 3713 operi
3645 3636 3745 3693 huic

2177 3735 2488 3809 appendicis
2519 3737 2640 3792 loco
2666 3747 2902 3806 excerpta
2931 3738 3235 3808 exemplaris
3273 3738 3403 3809 regii
3449 3731 3746 3801 manuscripti

2178 3848 2244 3888 ex
2289 3833 2423 3888 libro
2462 3830 2680 3902 Iosephi
2726 3829 3004 3903 Scaligeri,
3032 3848 3194 3903 quem
3226 3832 3357 3888 olim
3405 3830 3622 3888 Lutetia:
3644 3841 3743 3883 cum

2179 3925 2326 3995 regio
2361 3923 2653 3995 exemplari
2683 3924 3052 3995 manuscripto
3079 3925 3409 3981 contulerat.
3441 3919 3744 3994 Singulisju—

2178 4017 2374 4075 dicium
2400 4034 2579 4084 suum,
2631 4018 2857 4074 subinde
2881 4019 3043 4075 etiam
3065 4019 3615 4076 animadversationes
3641 4028 3744 4086 pro-

2178 4110 2400 4166 lixiores
2425 4110 2690 4182 apposuit.
2717 4109 2996 4178 Universe,
3022 4112 3149 4179 vidi,
3168 4111 3366 4183 inquit,
3391 4113 3486 4166 hac
3509 4109 3745 4166 collatione

2179 4203 2330 4273 plura
2375 4204 2489 4258 loca
2531 4204 2720 4258 utiliter
2767 4204 2942 4275 augeri
2963 4246 2980 4270 ,
3020 4221 3158 4259 nicas
3205 4209 3532 4270 coniecturas
3584 4202 3744 4271 aliquot

551 4303 631 4377 (1)
659 4304 710 4358 ἰη
742 4302 956 4359 Delectu
989 4317 1133 4383 argg.
1166 4309 1213 4352 et
1237 4297 1433 4381 syllaba
1461 4295 1567 4380 S
1601 4313 1694 4368 pro
1712 4298 1931 4380 veritate
1955 4297 2072 4353 Rel.
2178 4296 2402 4365 probari,
2429 4315 2530 4352 non
2552 4313 2744 4368 paucas
2767 4299 2888 4352 item
2915 4313 3069 4352 novas
3099 4299 3392 4353 inveniendi
3414 4314 3590 4352 ansam
3616 4292 3741 4348 dari:

479 4374 653 4428 εθινίαο
684 4390 801 4444 βεδε,
834 4373 959 4429 996·
998 4371 1132 4444 Ηιυο
1158 4386 1288 4444 ἵετο
1340 4371 1631 4444 L'Peﬂ'l'sx
1658 4368 1793 4444 B'W-
1841 4370 1993 4423 Μεθ’·
2029 4369 2070 4434 li
2174 4390 2400 4444 quamvis
2428 4406 2482 4444 re
2506 4405 2624 4444 vera
2661 4406 3008 4444 smnenumero
3039 4407 3132 4444 oro
3159 4391 3437 4444 thesauro.
3467 4407 3610 4444 auem
3649 4401 3741 4444 sva

481 4390 653 4462 2’1"”-
684 4390 801 4444 ρας,
834 4390 959 4456 ἳξυο
998 4390 1132 4427 "'"C
1158 4390 1288 4424 νθτο
1340 4390 1620 4456 ιλιρεεηιρεο
1658 4390 1793 4422 ωσι·
1841 4390 1993 4423 Μεθ’·
2029 4390 2070 4434 ¹›
2174 4390 2400 4458 quamvis
2428 4406 2482 4444 re
2506 4405 2624 4445 vero
2661 4406 3008 4461 smpenumero
3037 4407 3132 4460 pro
3159 4391 3437 4460 thesauro,
3467 4407 3610 4462 quem
3649 4401 3744 4459 spe-

489 4447 614 4508 ωί,
645 4455 700 4501 et
723 4446 800 4499 Μ.
828 4444 964 4499 Bibl.
994 4443 1120 4499 eccl.
1153 4440 1337 4504 Colon,
1367 4457 1420 4510 p.
1452 4439 1587 4506 ὕει),
1620 4439 1856 4495 laudant-
2174 4498 2346 4510 ,ΜΝ
2406 4482 2642 4510 ,ηιηη
2683 4481 2978 4510 ,πωληεμ
3048 4493 3090 4510 _,
3121 4502 3315 4510 __-__,__
3350 4484 3704 4510 ,ηηηεηηληη
3731 4493 3740 4505 ,

555 4481 634 4587 ῑέ)
989 4481 1420 4569 ς
2174 4498 2370 4547 raram,
2403 4482 2642 4538 carbones
2680 4481 2981 4551 o/fenderim
3000 4525 3014 4549 ,
3041 4493 3091 4539 et
3118 4502 3319 4540 merum
3346 4484 3740 4553 sterquilinium:

555 4517 610 4587 (Ξ
661 4523 858 4587 Appar.
888 4517 954 4571 ad
989 4517 1236 4569 Biblioth.
1267 4527 1410 4566 max.
1442 4521 1678 4566 veterum
1711 4517 1949 4565 Patrum.
2175 4517 2370 4547 '“'"""
2403 4517 2642 4538 υ¹⁴ὐνησ⁰
2680 4517 3014 4551 νιιωωωυηο
3041 4517 3091 4539 τ’
3118 4517 3319 4540 ’κσίυιι
3346 4517 3736 4553 ἰε’νιδηυιηδηυ

551 4517 634 4661 (3;
658 4589 775 4657 Quo
805 4587 972 4661 magis
1000 4583 1358 4661 viros__domos
1379 4582 1637 4661 escilein,
1657 4592 1727 4661 ut
1757 4581 1823 4637 de
1851 4581 2021 4661 prima
2045 4624 2060 4648 ,
2088 4581 2143 4642 1)
2168 4592 2196 4630 e
2225 4593 2325 4648 quo
2352 4585 2549 4642 tamen,
2575 4577 2674 4633 nisi
2700 4595 2779 4633 me
2804 4579 3002 4650 egregie
3035 4579 3298 4650 judicium
3340 4579 3482 4650 fallit
3504 4618 3516 4644 ,
3540 4578 3740 4647 aliquas,

478 4653 836 4743 quie'di'citur
883 4656 1172 4743 Stewechii
1196 4697 1208 4719 ,
1242 4655 1507 4737 curiosius
1531 4653 1846 4743 diSpicilaut,
1887 4653 2065 4743 addita

2184 4683 2223 4725 at
2243 4673 2313 4725 ita
2340 4671 2527 4736 dicam,
2558 4674 2836 4743 gemmalas
2860 4673 3031 4728 elicui.
3060 4672 3335 4730 Caeterum
3379 4675 3496 4730 haec
3520 4677 3742 4739 excerpta

481 4723 567 4786 hic
596 4742 753 4787 esto:
789 4730 911 4785 Ηωο
937 4727 1146 4783 Arnobii
1166 4728 1415 4782 restitutio
1437 4766 1450 4786 .
1478 4723 1686 4778 auctore
1706 4723 1918 4778 Godesc.
1951 4725 2066 4779 διε·-
2170 4723 2219 4775 .W
2245 4723 2273 4725 κὴ
2496 4723 2527 4736 “’
2558 4723 2831 4743 ⁷⁷⁷⁷⁷⁷’“”’“
3069 4723 3335 4776 ⁷“’Ῐ””””
3375 4723 3494 4780 Ϊ”⁷
3525 4723 3687 4739 ’”’”⁷

481 4804 665 4839 Μυκη
711 4801 926 4839 mnum”
956 4799 1189 4839 “unum
1216 4799 1442 4839 “mh-mn
1465 4795 1635 4839 [Mm-
1669 4793 1854 4839 ησηη
1886 4807 2058 4839 nam,
2169 4775 2423 4835 inscripta
2444 4773 2569 4821 sunt
2589 4765 2750 4823 Petro
2775 4767 3044 4822 Scriverto
3062 4783 3257 4836 amico,
3287 4779 3347 4824 ut
3375 4784 3492 4839 ipse
3507 4766 3740 4827 declarat,

2171 4857 2555 4922 dilectissimo,
2596 4859 2665 4915 de
2705 4859 2863 4930 cujus
2892 4859 3245 4930 Auticritico,
3295 4879 3420 4934 qua:
3470 4859 3738 4916 Hadrianus

2171 4949 2427 5006 Bailletus
2458 4950 2569 5024 (De
2594 4951 3111 5023 Antiscriptoribus,
3155 4965 3289 5010 tom.
3331 4971 3369 5010 ιι
3390 4997 3407 5022 ,
3441 4970 3560 5026 pag.
3596 4945 3736 5017 9.99).

2172 5045 2446 5133 memoria:
2516 5044 2786 5116 prodidit,
2842 5045 3037 5104 fabulis
3096 5064 3388 5106 accensere
3451 5062 3606 5105 nemo
3654 5042 3737 5098 du-

2169 5137 2319 5195 bitet.

1196 3937 1352 3994 1597.

477 4101 482 4116 ι
549 4080 780 4137 ϐθηθνω
833 4074 1125 4132 editionem
1191 4072 1405 4130 Heraldi
1460 4072 1639 4129 laudat
1684 4072 1879 4145 Magna
1934 4074 2072 4129 Bibl.

551 4303 632 4386 (Ξ)
659 4304 710 4358 in
742 4302 956 4386 mea
989 4317 1133 4386 erga
1166 4309 1213 4352 ει
1237 4297 1433 4386 vi"???
1461 4295 1931 4386 ρ”εὶεςνίτειε
1955 4297 2072 4386 lie!-

479 4804 687 4869 weclu'o,
711 4801 929 4856 multum
956 4799 1189 4853 utilitatis
1215 4799 1442 4869 studioso
1464 4795 1635 4850 lectori
1669 4793 1854 4869 afferre
1882 4807 2062 4864 potest.

477 4868 702 4945 Dignam
731 4868 1539 4945 igitur._quce-tgpis_niandetur
1558 4907 1572 4927 ,
1607 4868 1806 4936 judico.
1839 4870 2067 4922 Antuer-

476 4940 578 5016 piae
597 4992 610 5007 .
641 4944 712 4999 ‘24
739 4940 960 5014 ianuarii
982 4981 997 4997 .
1027 4940 1185 4995 1604.
1208 4941 1502 5016 ⁸Εοιξιξςιιτυινο
1537 4952 1882 5004 srirnowus,
1909 4955 2067 4993 cano-

475 5013 618 5072 nicus
643 5026 691 5071 et
714 5013 956 5085 plebanus
979 5013 1373 5085 antuerpiensis.

572 5087 631 5160 4)
675 5081 732 5144 in
778 5083 1426 5160 notisad‘ﬂieronimum
1472 5081 1804 5160 de__Eccles._
1841 5082 2060 5160 SS._ed.

479 5153 690 5216 Fabric.
713 5203 728 5225 ,
761 5173 902 5213 anno
933 5155 1100 5220 1718,
1136 5173 1187 5223 p.
1214 5153 1350 5217 165,
1383 5170 1481 5210 nec
1525 5154 1678 5209 aliter
1705 5153 1895 5209 eodvm
1943 5154 2062 5210 loco

471 5232 589 5303 ipse
615 5229 918 5303 Fabricius,
937 5227 1182 5282 similiter
1203 5227 1474 5303 l“_r3_n_cisc.
1491 5225 1792 5303 S_vaechius
1820 5226 1870 5279 iu
1886 5225 2061 5303 Athe-

471 5269 2055 5372 κξῖἐξιξξέςῑξῖλῑιῑςίεέῑιῖ·,ῥεξέξξῖῑιίῑτδίξ.ῑ;··ί;ξξε;··ξδῑῑ,
2591 5269 2807 5311 secum
2843 5269 3041 5312 nemo
3078 5269 3329 5312 εερτιιιο.
3406 5290 3410 5294 -

2182 2903 2394 2968 tempus
2419 2907 2644 2963 tereret,
2676 2897 2769 2952 sed
2804 2913 2898 2952 sua
2915 2899 3226 2968 simpliciter
3249 2904 3744 2969 pr0poneret;caute
3828 2940 3831 2944 ,

471 5375 558 5452 ubi
587 5369 939 5452 duniscripta
967 5369 1258 5452 Stewechii
1293 5377 1537 5452 recenset
1550 5410 1592 5452 λ’
1604 5369 1932 5452 εἰιιινιίίξξιιξι*Δ
1958 5384 2056 5452 po-
2885 5391 3045 5449 1605.

467 5448 615 5500 suit:
671 5439 867 5500 Electa
890 5444 943 5496 in
989 5440 1306 5504 Arnobium,
1367 5442 1501 5511 typis
1549 5440 1851 5511 Trognwsii.
1906 5439 2057 5495 Adde

467 5516 611 5594 quod
641 5518 801 5594 Casp.
823 5514 1141 5594 _Sci0ppius.
1159 5513 1210 5594 in
1238 5513 1357 5594 Arte
1385 5513 1558 5594 critica
1577 5553 1609 5594 ,.
1633 5513 1718 5566 ubi
1771 5511 2061 5566 Stewecbii

2184 5538 2199 5558 π·
2239 5525 2518 5594 Hanovite,
2544 5528 2690 5584 in~-80
2711 5547 2722 5583 :
2743 5529 3111 5586 Arnobius.....
3145 5548 3262 5585 cum
3293 5533 3429 5586 notis
3453 5520 3729 5586 cherliardt'

467 5583 666 5655 scripta
717 5583 931 5651 laudat,
980 5585 1272 5640 Arnobium
1299 5593 1352 5640 et
1381 5583 1550 5639 electa
1597 5584 1648 5637 in
1678 5598 1798 5637 eum
1839 5597 2061 5655 prorsus

469 5653 697 5725 ignoret.
731 5659 808 5714 Es
857 5657 1052 5725 quibus
1079 5657 1331 5712 omnibus
1359 5671 1464 5710 non
1500 5657 1618 5710 sine
1637 5655 1813 5723 aliqua
1869 5653 2062 5710 fiducia

465 5727 696 5783 dixerim
716 5771 730 5791 ,
758 5725 1097 5798 praefationes
1140 5728 1261 5784 illas
1284 5727 1438 5784 annis
1478 5726 1618 5783 1586
1643 5735 1698 5783 et
1732 5725 1866 5781 1587
1899 5725 2062 5799 insig-

464 5799 605 5860 nitas
624 5800 867 5857 Fabricio
892 5801 1130 5858 fraudem
1154 5801 1358 5858 fecisse.

2171 5617 2560 5687 Elmenhorstii,
2589 5621 2656 5677 ad
2688 5621 2948 5678 illustrem
2981 5624 3154 5680 virum
3186 5624 3485 5694 Josephum
3523 5619 3728 5687 Scalige-

2164 5728 2302 5778 rum,
2337 5715 2666 5772 eruditorum
2697 5733 2807 5772 sua:
2833 5718 3006 5774 aetatis
3032 5718 3188 5775 facile
3219 5719 3539 5790 principem.

2234 5805 2311 5861 Ita
2326 5805 2604 5864 Fabricius
2633 5807 2725 5878 (in
2751 5806 2983 5876 Delectu,
3016 5826 3136 5882 pag.
3163 5809 3300 5881 226)
3333 5821 3389 5866 ct
3419 5827 3484 5865 ex
3507 5825 3570 5865 co
3597 5804 3725 5873 M09-
