3904 6316
168 306 246 360 δίει
1263 301 1538 365 ARNOBH
1576 311 1695 366 NO'I

1803 313 1848 366 Α
1894 309 2288 370 EDI'I‘IONUM.
2319 312 2348 380 33

3309 318 3416 376 sua

167 435 247 486 gna
279 415 399 470 Bibl.
453 415 642 470 Eccles.
695 417 976 486 proferunt
1019 421 1246 490 primam
1303 423 1702 479 Elmenhorstii.
1733 429 1786 487 Α
1812 434 1934 479 lem.
1963 457 2036 466 —
2058 425 2133 480 Μ.
2166 425 2380 480 Minucii
2410 424 2604 483 Felicis
2635 427 2896 482 Octavius.
2930 429 3108 486 Editio
3136 447 3311 500 nova,
3343 435 3408 489 ad

165 510 350 566 Nurrins
369 525 478 565 eam
509 509 755 564 manibus
788 511 1039 567 versavit.

220 603 375 666 Paris,
424 601 556 656 iit-8°
601 619 614 654 :
665 602 1061 658 Arnobius......
1115 623 1232 660 cum
1281 606 1711 664 observationibus

161 696 256 764 Dei.
284 695 502 750 lleraldi.
540 695 684 752 Citat
721 696 1003 754 Fabricius
1033 699 1071 753 Ι.
1102 697 1144 752 Ι.
1179 717 1246 754 an
1288 709 1467 768 recte,
1501 701 1704 758 dubito.

818 792 982 848 1604.

225 885 540 953 Αιιινθτρῑω,
603 883 742 954 apud
791 884 982 940 Joach.
1053 886 1461 958 Trognmsiutn,
1520 889 1705 945 ill-8”:

154 976 454 1031 .lrnobius....
484 993 598 1030 cum
659 976 959 1033 Godescalci
1011 979 1279 1035 Stewecln'i
1312 981 1524 1037 Electis.
1562 982 1706 1038 Con-

151 1069 213 1124 fer
243 1085 348 1139 quae
376 1085 531 1140 supra
563 1069 629 1125 ad
657 1087 857 1126 annum
892 1072 1034 1128 1586
1073 1073 1217 1129 dicta
1249 1085 1396 1132 sunt.
1454 1075 1705 1131 lteratam

151 1162 443 1217 Stewecbius
486 1180 706 1234 operam
758 1165 998 1221 Arnobio
1039 1182 1138 1222 suo
1177 1169 1470 1238 impendit,
1507 1170 1708 1224 Electis

149 1258 336 1324 primum
382 1259 785 1314 conscribendis
807 1301 823 1322 ,
852 1261 905 1315 in
949 1277 1057 1329 quo
1096 1263 1312 1332 negotio
1343 1263 1461 1317 solo
1491 1263 1708 1333 ingenio

148 1365 190 1402 se
220 1349 460 1404 conﬁsum
511 1367 634 1406 esse
679 1352 911 1417 fatetur;
945 1353 1140 1409 deinde
1187 1371 1309 1410 cum
1355 1356 1556 1411 codicis
1601 1373 1704 1411 ms.

150 1439 376 1495 variantes
420 1432 680 1497 lectiones
728 1459 758 1498 a
807 1444 1096 1501 Francisco
1149 1446 1327 1502 Modio
1376 1447 1475 1517 ipsi
1523 1459 1707 1504 essent

145 1533 481 1602 suppeditato,
515 1536 709 1606 quibus
739 1536 918 1592 denuo
951 1538 1190 1592 laborem
1227 1539 1339 1609 jam
1393 1539 1703 1594 absolutum

142 1643 408 1697 aggressus,
437 1645 546 1683 non
579 1631 754 1686 solum
783 1632 954 1687 electa
982 1633 1207 1688 meliora
1239 1633 1384 1698 fecit,
1409 1635 1502 1688 scd
1530 1635 1701 1704 ipsum

142 1736 314 1790 quoque
342 1721 568 1777 Arnobii
598 1732 798 1778 textum
829 1725 1052 1778 inﬁnitis
1075 1725 1206 1780 locis
1237 1742 1296 1780 se
1319 1727 1697 1796 interpolassc,

1810 515 2100 573 editionem
2145 533 2419 572 romanam
2450 533 2728 588 expreSsa,
2769 520 3089 589 quibusdam
3118 532 3297 579 tamen
3359 527 3412 579 in

1810 611 1943 666 locis
1968 628 1999 666 e
2026 627 2130 666 ms.
2162 628 2276 682 reg.
2304 624 2459 666 aucta
2486 621 2542 666 et
2562 613 2869 669 emendata.
2904 615 3166 672 Desidet-ii
3194 619 3412 674 lleraldi

1810 702 1876 759 ad
1899 704 2121 759 Arnobii
2141 705 2308 767 libros
2332 721 2399 758 vn
2422 707 2920 763 animadversiones
2936 711 3410 780 etcastigationes.

1885 798 2177 852 Romanam
2209 798 2448 868 intellige
2479 799 2849 865 novissimam,
2880 818 3028 871 qine,
3066 815 3267 873 quanto
3297 806 3412 875 pluo

1813 904 1899 945 res
1930 900 2140 944 veteres
2169 889 2425 945 lectiones
2456 891 2717 956 restituit,
2753 902 2900 946 tanto
2929 897 3268 963 proastantior
3308 898 3410 965 ipsi

1809 985 1923 1037 visa
1964 993 2047 1038 est
2074 1000 2137 1037 ac
2183 984 2380 1054 sazpius
2425 984 2654 1040 laudata.
2684 989 2800 1052 Quo
2831 987 3025 1042 factum
3057 1001 3159 1053 est,
3197 1002 3253 1044 ut
3284 1008 3413 1045 non-

1810 1074 1974 1129 nullis
1999 1077 2162 1130 etiam
2193 1079 2242 1129 in
2273 1076 2427 1138 locis,
2456 1078 2544 1131 ubi
2577 1077 2665 1131 illa
2697 1077 2978 1134 Gelenimn
3009 1093 3190 1142 secula
3229 1095 3405 1150 esset,

1809 1183 1927 1222 eam
1959 1169 2237 1224 desereret
2264 1178 2318 1225 et
2350 1171 2429 1224 vel
2459 1171 2672 1226 Canteri
2703 1174 3025 1229 sententiam
3053 1176 3408 1245 amplectere-

1811 1271 1895 1315 tur
1939 1263 2020 1317 vel
2061 1263 2128 1318 de
2174 1279 2273 1318 suo
2301 1265 2547 1334 quaedam
2582 1265 2822 1320 inferret.
2855 1267 2927 1321 De
2957 1269 3179 1339 singulis
3211 1272 3262 1324 in
3289 1275 3406 1354 ani;

1810 1355 2312 1419 madversionibus,
2359 1358 2453 1412 sed
2503 1359 2842 1428 paucissimis
2889 1361 3104 1426 verbis,
3147 1362 3407 1432 judicium

1807 1448 1948 1511 tttlit,
1983 1448 2207 1519 reliqua:
2241 1451 2320 1503 vel
2348 1465 2510 1506 sensu
2541 1451 2871 1507 declarando
2909 1455 2992 1509 vel
3035 1457 3196 1510 rebus
3235 1461 3410 1513 omni-

1805 1540 1960 1606 genis
1989 1540 2323 1595 illustrandis
2349 1543 2613 1597 serviunt.
2644 1544 2698 1597 In
2722 1545 2919 1614 quibus
2941 1557 2998 1601 ut
3024 1550 3167 1604 varia
3193 1565 3408 1608 suntex

1805 1630 1954 1685 omni
2005 1633 2342 1702 antiquitatis
2399 1635 2640 1690 doctrina
2695 1637 3012 1710 deprompta
3069 1658 3405 1714 nequaquam

1803 1738 1933 1778 vero
1965 1726 2105 1793 quod
2132 1727 2374 1792 deceret,
2408 1730 2620 1798 quodve
2647 1731 2882 1785 alienum
2914 1743 3055 1788 esset
3083 1735 3167 1791 vel
3197 1737 3404 1805 trittnn,

140 1813 396 1868 correxisse
416 1857 431 1881 ,
463 1825 521 1869 et
547 1831 698 1886 smpe
729 1833 954 1872 numero
984 1817 1190 1872 lacunis
1221 1819 1401 1890 magni
1440 1819 1698 1874 momenti
1729 1798 1777 1856 B
1803 1815 2000 1870 oblitus
2031 1828 2136 1872 est.
2171 1819 2402 1890 Egregia
2427 1837 2641 1891 quoque
2687 1825 2934 1878 instituto
2982 1825 3176 1882 factum
3199 1839 3312 1894 est,
3351 1841 3410 1885 ut

140 1907 364 1976 suppletes
388 1907 613 1963 auxisse
647 1908 910 1964 afﬁrtnat.
937 1911 1011 1965 De
1035 1910 1223 1967 codice
1245 1911 1348 1966 hoc
1373 1912 1696 1966 sententiam

138 2013 329 2056 nostram
368 2019 468 2057 suo
517 2004 635 2058 loco
679 2005 1034 2074 proferemus.
1068 2005 1224 2074 Quod
1256 2005 1434 2062 Electa
1463 2010 1694 2074 attinet,

137 2097 256 2160 (nam
291 2095 352 2151 de
399 2095 485 2152 his
529 2099 810 2154 audiamus
854 2111 1102 2170 oportet,
1131 2113 1419 2172 antequam
1467 2103 1534 2157 de
1581 2105 1693 2172 ipsa

137 2195 272 2242 textus
312 2191 630 2246 recensione
673 2192 886 2249 dicendi
930 2194 1081 2249 locus
1112 2194 1272 2264 erit),
1306 2195 1428 2251 ideo
1461 2197 1560 2251 hoc
1590 2213 1690 2251 no-

134 2278 244 2334 mine
281 2284 554 2352 appellare
602 2285 774 2340 visum
804 2303 926 2341 esse
958 2287 1168 2356 inquit,
1198 2291 1335 2350 quod
1363 2306 1390 2341 e
1419 2289 1654 2358 plurimis
1681 2332 1694 2353 ,

135 2390 217 2437 quia
237 2377 509 2446 depravata
528 2420 542 2442 ,
576 2397 689 2450 qua:
717 2381 932 2435 obscura
960 2383 1040 2436 ltic
1071 2384 1346 2453 reperiret,
1376 2384 1580 2455 elegerit
1606 2385 1703 2438 sibi

135 2485 180 2522 ex
211 2471 393 2543 ingenio
425 2485 473 2528 et
523 2476 857 2530 membraneis
885 2477 1146 2532 codicibus
1173 2478 1251 2531 vel
1275 2478 1596 2532 emendanda
1621 2477 1702 2531 uel

135 2564 432 2633 illuuranda;
463 2569 521 2623 id
552 2571 693 2638 qttod
723 2571 1042 2640 plerumque
1064 2579 1121 2624 et
1144 2581 1348 2626 tantum
1376 2589 1480 2626 non
1502 2574 1699 2643 ubique

133 2668 181 2708 ex
212 2660 394 2728 antiqui
441 2677 795 2716 romanorum
825 2665 1091 2717 sermonis
1123 2680 1220 2717 usu
1251 2680 1313 2718 ac
1343 2665 1692 2734 proprietate,

135 2766 208 2807 nec
239 2770 334 2808 non
364 2755 563 2809 ritibus
589 2755 729 2825 apud
765 2757 973 2826 priscos
1009 2757 1344 2811 solemnibus
1380 2757 1522 2811 haud
1561 2757 1696 2812 sini-

133 2856 212 2899 stre
250 2847 482 2916 profecto
510 2847 610 2916 ipsi
658 2848 842 2911 cessit,
893 2860 997 2903 etc.
1046 2848 1497 2918 quemadmodmn
1527 2849 1695 2918 pluri-

132 2951 240 2990 utum
283 2939 334 2993 in
378 2939 627 2994 Varrone
683 2941 748 2994 ad
808 2940 1110 2994 Arnobium
1174 2941 1549 2996 illustrandum
1611 2953 1696 2998 est

133 3032 354 3098 praesidii,
387 3034 456 3088 ita
496 3033 618 3088 haec
657 3034 950 3090 Stewechii
1003 3035 1182 3089 Electa
1229 3035 1533 3105 egregium,
1573 3051 1695 3090 meo

1800 1918 1977 1965 textus
2006 1912 2233 1968 Arnobii
2263 1915 2492 1969 seorsim
2525 1932 2646 1970 cum
2687 1916 2866 1972 indice
2907 1934 3083 1974 rerum
3123 1925 3405 1992 peculiari,

1799 2001 1998 2058 deinde
2033 2004 2535 2060 animadversiones
2578 2007 2794 2062 Heraldi
2826 2020 2879 2064 et
2908 2010 3038 2080 ipsa:
3068 2028 3188 2068 cum
3215 2015 3406 2072 indici-

1800 2092 1899 2148 bus
1926 2105 1978 2149 et
2010 2105 2314 2159 auctorum,
2348 2097 2436 2166 qni
2468 2099 2614 2153 varie
2647 2101 2983 2156 illustrantur
3013 2105 3092 2158 vel
3111 2108 3403 2161 emcndan-

1799 2194 1905 2250 tur,
1937 2195 1991 2242 et
2021 2204 2198 2242 rerum
2239 2190 2644 2245 exhiberentur.
2679 2192 2916 2264 Denique
2959 2197 3130 2251 notari
3169 2211 3406 2254 meretur

1801 2289 1855 2333 et
1886 2279 2008 2344 hoc,
2043 2282 2185 2350 quod
2214 2283 2377 2337 animi
2406 2299 2565 2337 causa
2598 2299 2760 2354 Opera
2802 2286 2918 2341 haec
2962 2288 3202 2344 instituta
3244 2292 3310 2345 sit
3351 2302 3408 2348 et

1801 2373 1939 2426 intra
1966 2373 2195 2428 duorum
2224 2377 2488 2430 mensium
2521 2379 2753 2446 spatium
2792 2380 2858 2433 ad
2901 2381 3062 2435 linem
3105 2385 3360 2452 perducta
3389 2403 3405 2449 ;

1799 2464 1928 2520 item
1961 2469 2103 2537 quod
2135 2469 2362 2539 epistola
2391 2470 2719 2526 dedicatoria
2742 2515 2756 2538 ,
2788 2489 2910 2543 qua:
2953 2476 3174 2530 omnino
3216 2479 3406 2547 praefa-

1803 2559 1964 2614 tionis
2006 2562 2182 2616 locum
2229 2563 2496 2629 sustinet,
2527 2565 2649 2619 data
2691 2566 2756 2619 sit
2804 2566 3029 2622 Lutetia:
3078 2569 3263 2636 Paris,
3294 2569 3404 2624 kal.

1800 2662 1958 2705 mart.
2023 2669 2201 2718 uocv,
2237 2665 2292 2708 ut
2333 2655 2470 2710 adeo
2510 2659 2596 2710 vix
2647 2659 2926 2728 probabile
2973 2661 3236 2730 videatur,
3280 2676 3405 2720 ante

1801 2741 1942 2798 hunc
1967 2760 2168 2798 annum
2202 2745 2417 2802 lleraldi
2445 2762 2666 2817 operam
2695 2767 2818 2806 esse
2837 2753 3162 2822 evulgatam.

2515 2843 2674 2899 1610.

1868 2932 2190 3006 Ilamburgi,
2233 2935 2456 2991 in-folio
2494 2957 2506 2992 :
2543 2939 2870 2994 Arnobii.....
2923 2942 2960 2996 Ι.
3010 2958 3104 2997 vn.
3156 2943 3402 2999 Gebhart.

1795 3023 2207 3082 Elmenltorstius
2251 3031 2455 3084 collatis
2500 3032 2711 3087 diversis
2757 3035 3022 3089 codicibus
3065 3040 3316 3094 recensuit
3355 3051 3404 3094 et

130 3120 307 3192 judicio,
333 3125 566 3182 Varroni
593 3136 753 3196 atque
774 3127 918 3180 omni
941 3127 1207 3182 sermonis
1236 3126 1402 3196 priori
1429 3127 1690 3182 doctrinae

1803 3117 2227 3174 observationibus
2257 3120 2376 3194 (sic)
2404 3123 2704 3179 illustravit.

131 3215 451 3286 adiumentum
481 3221 736 3276 afferunt.
766 3224 935 3290 Quam
962 3222 1012 3275 in
1038 3239 1151 3276 rem
1181 3239 1284 3275 non
1317 3237 1502 3293 parum
1530 3221 1690 3278 ctiam

131 3312 324 3381 syllabus
347 3325 736 3371 contentorum
763 3317 1074 3386 prtemissus
1094 3316 1362 3386 conducit.
1385 3315 1490 3371 Sed
1517 3332 1694 3387 neque

131 3422 175 3460 ex
199 3408 286 3473 his.
315 3428 494 3483 neque
523 3427 588 3466 ex
620 3413 758 3480 ipsa,
786 3427 947 3480 quam
978 3411 1224 3466 mambus
1252 3420 1430 3479 teneo,
1458 3411 1696 3466 editione

130 3504 229 3558 satis
252 3507 374 3561 mihi
411 3507 627 3577 liquere
667 3504 874 3568 fteteor,
915 3521 1022 3575 quo
1055 3516 1212 3574 pacto
1242 3515 1445 3559 textum
1475 3503 1542 3558 ad
1573 3519 1699 3558 suas

131 3594 387 3654 aliorumve
413 3597 763 3665 conjecturas
795 3597 1092 3651 reﬁnxerit.
1124 3597 1175 3650 Is
1210 3607 1390 3663 certe,
1420 3612 1577 3665 quem
1608 3597 1695 3651 ed.

129 3683 462 3758 Trtignmsiana
495 3687 687 3762 (1604)
719 3689 880 3754 sistit,
912 3688 978 3742 ab
1002 3686 1287 3743 Ursiniano
1320 3687 1456 3741 haud
1481 3703 1698 3759 magno-

129 3790 224 3843 pere
244 3781 452 3847 differt;
485 3797 556 3837 eo
581 3779 777 3851 saepius
801 3790 982 3836 antem
1010 3779 1299 3835 Stewecbii
1341 3780 1602 3836 lectiones
1633 3781 1684 3834 in

127 3874 326 3943 margine
376 3874 594 3941 laudat,
650 3876 720 3928 ita
763 3892 867 3928 non
911 3890 1222 3944 nuntquam,
1258 3884 1314 3928 ιιι
1352 3873 1590 3939 nescias,
1623 3891 1690 3928 an

128 3962 298 4020 diversa
329 3968 509 4037 aliqua
545 3985 575 4022 a
605 3967 894 4024 Stewecltii
934 3972 1254 4023 recensione
1284 3983 1379 4037 per
1409 3967 1507 4022 hos
1538 3977 1693 4040 typo-

125 4056 317 4125 grapltos
342 4059 464 4114 data
490 4058 581 4114 sit.
598 4058 752 4126 Quod
778 4059 821 4113 si
856 4059 1278 4129 praecipitandus
1307 4058 1465 4128 paulo
1485 4076 1512 4112 a
1539 4059 1694 4114 nobis

126 4148 376 4207 divinatum
415 4154 581 4210 fuerit
627 4169 863 4222 vereque
907 4153 1072 4209 editio
1119 4154 1500 4224 Antwerpiana
1549 4169 1692 4210 anno

127 4238 233 4297 “704
261 4245 322 4299 ad
358 4248 534 4317 ipsius
555 4246 845 4302 Stewcchii
874 4246 1292 4317 descriptionem
1313 4262 1568 4317 expressa
1591 4247 1692 4313 sit;

127 4329 328 4392 laudabis
354 4338 590 4395 fortasse
620 4338 855 4394 hominis
880 4340 1282 4406 verecundiam,
1307 4338 1397 4410 qui
1423 4340 1692 4410 margines

126 4422 220 4480 libri
249 4432 714 4488 emendationibus
736 4444 789 4488 et
810 4433 1138 4502 conjecturis
1166 4433 1388 4503 opplere
1417 4433 1688 4498 tnaluerit,

1870 3211 2306 3270 Elmenhorstius
2346 3215 2535 3271 lectori
2567 3235 2580 3272 :
2621 3237 2639 3270 ί
2677 3218 3008 3277 υιιίηειίιυιί
3050 3229 3218 3279 nostri
3265 3227 3402 3282 ratio

1797 3303 1889 3358 tibi
1939 3317 2192 3362 constare
2240 3311 2446 3378 possit,
2481 3311 2617 3365 scito
2663 3328 2750 3368 me
2793 3315 2844 3368 in
2880 3318 2981 3372 hac
3009 3333 3146 3372 nova
3179 3321 3405 3374 Arnobii

1797 3395 2034 3452 editione
2077 3402 2406 3456 reccnsenda
2450 3404 2724 3472 pra‘cipue
2771 3421 2926 3461 usum
2974 3410 3161 3465 codice
3192 3421 3404 3466 vetusto

1800 3490 2073 3546 Francisci
2097 3492 2273 3548 Sabaei
2292 3493 2555 3562 Brixiani,
2583 3496 2766 3552 Itoma:
2789 3515 2933 3554 anno
2957 3502 3093 3556 1542
3111 3504 3400 3573 impresso.

1799 3582 1901 3638 Ubi
1930 3585 1976 3638 is
2004 3597 2292 3656 corruptus
2320 3599 2414 3643 aut
2445 3592 2758 3658 mendosus,
2800 3594 2867 3648 ad
2913 3606 3167 3665 excerpta
3213 3614 3404 3654 manu-

1797 3677 1996 3747 scripta
2028 3688 2082 3734 et
2107 3679 2389 3736 doctorum
2423 3699 2660 3738 Virorum
2705 3687 3114 3744 emendationes
3158 3690 3399 3760 confugi,

1796 3773 2134 3845 Optimasque
2174 3792 2238 3830 ex
2283 3777 2389 3831 illis
2431 3778 2738 3849 desumpsi,
2770 3791 2825 3835 et
2856 3784 3025 3837 textui
3051 3784 3397 3850 Arnobiano,

1793 3883 2102 3938 quamquam
2126 3886 2276 3934 raro,
2304 3871 2534 3936 inserui;
2565 3884 2774 3928 ratione
2803 3891 2997 3945 nempe
3021 3877 3134 3945 ipsa
3153 3876 3398 3946 jubente,

1795 3957 1969 4028 adjeci
1999 3976 2214 4031 quoque
2257 3964 2524 4016 variarum
2582 3957 2870 4020 lectionum
2927 3967 3298 4034 collectanea,
3343 3971 3397 4025 in

1794 4053 1989 4122 quibus
2018 4071 2132 4119 eos,
2163 4071 2395 4124 quorum
2433 4057 2840 4113 emendationes
2873 4061 3042 4128 probo
3071 4070 3124 4114 et
3177 4078 3397 4133 sequor,

1797 4147 2039 4201 nomino.
2083 4146 2140 4200 In
2171 4149 2640 4204 observationibus
2672 4151 2807 4205 meis
2836 4151 2889 4206 id
2921 4152 3256 4222 potissimum
3287 4157 3395 4226 egi,

1796 4249 1857 4294 ut
1884 4257 2103 4296 sensum
2131 4242 2390 4308 auctoris,
2415 4259 2574 4314 quem
2608 4243 2877 4300 edendum
2931 4247 3162 4317 suscepi,
3196 4247 3404 4304 edisse-

1796 4347 1993 4398 rerem,
2025 4332 2372 4402 breviterque
2398 4344 2452 4389 et
2480 4345 2688 4405 aperte,
2719 4337 2804 4390 ubi
2835 4338 2880 4392 is
2901 4337 3182 4402 obscurus,
3212 4339 3402 4396 diluci-

1795 4426 2001 4482 darem.
2055 4427 2216 4483 Certe
2261 4428 2685 4483 eruditissimum
2735 4430 3052 4499 scriptorem
3103 4432 3402 4488 innumeris

125 4535 248 4586 quam
279 4526 356 4581 vel
388 4528 755 4583 certissimam
789 4527 841 4581 in
873 4527 1068 4582 seriem
1099 4527 1359 4596 recipere.
1393 4526 1546 4581 Nunc
1564 4542 1692 4581 vero
1719 4515 1770 4574 D
1798 4518 2216 4574 faedissimorum
2249 4519 2568 4574 tuendorum
2611 4523 2778 4576 nzevis
2807 4521 3063 4586 liberavi,
3095 4533 3150 4578 et
3178 4524 3404 4580 inﬁnitis

123 4611 155 4666 is
188 4617 344 4688 ipsum
374 4631 592 4678 textum
626 4621 1073 4692 interpolavisse,
1115 4622 1419 4676 correxisse
1458 4634 1512 4675 et
1557 4621 1691 4676 inte-

122 4709 318 4774 griorem
349 4714 570 4770 dedisse
599 4713 704 4770 dici
739 4715 937 4784 possit,
969 4713 1185 4768 videant
1214 4713 1324 4767 alii.
1354 4713 1690 4784 Quamquam

122 4801 234 4856 enim
262 4805 309 4859 in
337 4807 563 4872 eadem,
599 4806 743 4863 unde
775 4807 1131 4877 pra-cedentia
1161 4805 1517 4868 adduximus,
1555 4823 1692 4876 pra:-

123 4890 288 4952 fatione
311 4900 377 4956 de
407 4916 507 4956 sua
531 4901 582 4955 in
615 4911 758 4956 textu
781 4899 1096 4956 adornando
1119 4916 1281 4969 opera
1314 4916 1422 4970 prae
1449 4915 1507 4954 se
1529 4899 1689 4966 ferat,

121 4997 166 5038 se
205 5004 403 5047 summo
452 4993 688 5049 candore
710 5036 723 5058 ,
755 4994 868 5049 suis
906 4993 1103 5061 ubique
1143 4993 1303 5060 locis,
1339 5002 1488 5062 atque
1517 4994 1645 5046 adeo
1669 5033 1684 5058 ,

123 5079 198 5146 ipsi
222 5102 410 5157 quoque
438 5090 659 5158 margini
698 5089 914 5143 nomina
960 5102 1147 5142 eorum
1188 5086 1570 5156 adscripsisse,
1601 5086 1690 5157 qui

124 5186 222 5231 ante
244 5180 409 5248 ipsum
436 5199 628 5237 manus
647 5181 1013 5236 auxiliatrices
1036 5181 1276 5236 Arnobio
1299 5181 1686 5251 porrexissent,

124 5263 334 5342 idemque
375 5291 436 5330 se
478 5275 744 5330 facturum
775 5275 941 5330 fuisse
970 5275 1022 5328 in
1054 5275 1144 5340 iis,
1172 5291 1290 5345 qua-
1318 5274 1540 5330 Ursiana
1569 5289 1691 5345 pro-

125 5354 328 5428 lert,ni.~i
356 5367 444 5423 hic
465 5370 668 5430 omnia,
687 5385 782 5422 sua
811 5368 986 5423 aliena
1015 5367 1484 5430 miscuisset:th
1511 5379 1690 5423 tamen

125 5449 237 5506 circa
262 5456 504 5514 lectionis
531 5461 846 5516 varietatem
869 5460 1157 5515 sedulitate
1184 5475 1291 5514 non
1319 5459 1486 5530 ipsius
1509 5469 1686 5515 textus

124 5545 376 5612 sospitator
405 5551 504 5609 sibi
533 5553 701 5610 videri
745 5563 975 5624 poterat.

183 5726 401 5803 Parisiis,
433 5740 570 5809 apud
611 5645 1050 5811 Marcurirsgfrry,
1085 5740 1170 5794 via
1205 5737 1436 5794 Jacobea
1459 5778 1473 5801 ,
1505 5737 1571 5793 ad
1601 5739 1685 5793 in-

130 5815 250 5889 δίὲιιθ
273 5826 462 5887 Leonis
491 5833 940 5902 salientis,_in-8°
971 5851 984 5887 :
1017 5832 1350 5889 Arnobii.....
1391 5829 1534 5887 Libri
1559 5831 1689 5903 {sep-

609 5928 882 5988 ΡΑΤιιοι.
931 5927 1020 6006 ν.ξ

1794 4613 1912 4682 ejus
1943 4613 2076 4668 locis
2107 4613 2246 4668 male
2273 4613 2508 4678 affectis,
2541 4614 2851 4680 salubriter,
2879 4624 2936 4669 ut
2963 4617 3196 4683 conlido,
3223 4618 3398 4672 medi-

1792 4709 1969 4760 cinam
2006 4706 2245 4760 adhibui.
2274 4706 2385 4761 Nec
2427 4718 2605 4762 tamen
2640 4707 2945 4774 dissimulo,
2979 4710 3206 4778 plurima
3235 4711 3396 4767 etiam

1791 4813 1936 4854 nunc
1957 4798 2198 4854 residere
2223 4799 2353 4854 falsa
2375 4810 2430 4854 et
2449 4810 2724 4870 corrupta,
2743 4817 2862 4872 quas
2885 4803 3032 4857 nullo
3055 4803 3215 4859 modo
3240 4806 3400 4862 intel—

1793 4890 1909 4962 ligi,
1940 4901 2033 4946 aut
2061 4891 2266 4962 absque
2293 4907 2397 4962 0pc
2427 4892 2666 4947 melioris
2706 4893 2911 4948 codicis
2957 4896 3137 4950 sanari
3177 4907 3398 4964 queant.

1795 4985 1870 5040 Ea
1901 5001 2002 5056 ego
2029 4985 2096 5040 de
2140 4985 2400 5040 industria
2447 4987 2645 5040 intacta
2695 4986 2928 5056 prazterii
2971 4998 3024 5041 et
3069 4987 3398 5045 felicioribus

1795 5077 2022 5148 ingeniis
2046 5078 2366 5148 corrigenda
2395 5079 2608 5149 reliqui.
2640 5079 2758 5133 liel.
2796 5100 2813 5130 ι
2842 5079 2993 5134 Nosti
3017 5079 3128 5150 jam
3158 5084 3394 5148 codices,

1793 5189 2023 5242 quorum
2052 5172 2297 5242 speciosa
2324 5173 2688 5228 ostentatione
2721 5174 2909 5228 titulus
2940 5176 3202 5244 superbit.
3239 5175 3296 5231 Si
3327 5177 3396 5231 de

1795 5267 2201 5322 Elmenhorstio
2228 5267 2553 5337 interroges,
2583 5269 2627 5322 si
2659 5284 2762 5322 non
2793 5268 3088 5338 ingenium,
3111 5280 3261 5325 certe
3283 5285 3396 5322 ma-

1797 5363 1985 5417 turitas
2012 5372 2068 5418 et
2093 5363 2333 5418 studium
2363 5362 2441 5416 illi
2470 5361 2662 5417 defuit.
2687 5362 2888 5417 Textns
2909 5361 2976 5416 ad
2999 5361 3216 5415 verbum
3257 5377 3396 5432 pene

1789 5457 1857 5512 ad
1883 5472 2161 5512 romanam
2191 5457 2418 5511 alteram
2451 5457 2756 5526 desizriptus
2782 5466 2884 5510 est.
2919 5454 3052 5507 Hinc
3076 5454 3238 5508 etiam
3267 5471 3397 5510 con-

1784 5550 2024 5620 jecturas
2053 5560 2108 5604 et
2133 5549 2567 5614 emendationes,
2599 5563 2735 5618 quas
2771 5547 2890 5601 sine
2916 5558 3196 5600 auctorum
3227 5548 3393 5600 nomi-

1790 5641 1950 5698 nibus
1991 5643 2042 5696 in
2086 5642 2326 5713 margine
2374 5648 2631 5712 posuerat
2675 5637 2937 5704 Ursinus,
2986 5652 3175 5692 omnes
3217 5635 3393 5693 Fulvii

1792 5738 2008 5792 nomine
2051 5736 2297 5791 laudatas
2339 5732 2659 5804 desumpsit,
2699 5741 2757 5786 et
2799 5730 3121 5787 intermixtis
3165 5731 3286 5787 aliis
3323 5731 3392 5786 ad

1790 5832 1993 5888 calcem
2024 5831 2459 5886 Observationum
2497 5825 2749 5896 subjecit,
2796 5841 2895 5881 suo
2919 5825 3122 5895 judicio
3153 5841 3279 5881 raro
3309 5825 3391 5881 in-

2914 5917 2989 5980 12
