3904 6316
433 328 537 384 567

1698 317 2146 377 DISSERTATIO
2185 317 2343 372 PRzE
2357 313 2460 372 VIA

3594 326 3679 381 568

484 440 640 503 ΔΡοδι,
684 445 798 498 bare
847 440 1116 497 Arnobius
1155 440 1319 496 variis
1360 441 1654 496 rationibus
1700 440 2037 497 demonstrat
2062 438 2112 497 Λ
2141 438 2209 492 At
2236 438 2356 508 quis
2386 436 2555 491 nescit
2584 434 2772 490 Jovem
2796 448 2903 489 non
2927 433 3105 489 solum
3124 433 3316 490 fratres
3337 432 3584 504 habuisse,
3603 440 3682 495 sed

439 541 575 593 iram
616 539 668 591 in
708 535 841 589 deos
880 531 1212 587 immortales
1238 532 1431 588 cadere
1473 533 1691 587 omnino
1720 549 1826 585 non
1851 546 2031 601 posse.

438 629 575 701 Quid
603 643 731 700 ergo
757 627 900 681 dictu
933 625 1102 696 magis
1128 625 1441 692 absurdum,
1473 641 1627 695 quam
1674 625 1797 679 illos
1826 624 1896 680 ob
1918 625 2033 691 illa-

440 735 522 779 tas
547 723 646 778 sibi
673 737 701 773 a
724 719 1033 774 ehristianis
1061 719 1285 789 injurias
1322 718 1398 773 ira
1429 718 1506 772 sic
1531 716 1817 779 incitatos;
1850 725 1907 769 ut
1938 731 2032 771 ea-

438 831 558 871 rum
606 828 813 884 po3uas,
856 821 963 864 tam
998 810 1065 865 ab
1096 808 1250 881 ipsis,
1292 825 1451 882 quam
1482 809 1551 864 ab
1581 808 1905 874 insontibus,
1959 808 2034 862 υιί

435 907 654 962 aiebant
672 948 688 972 ,
711 904 944 960 ethnicis
971 904 1081 957 ullo
1112 904 1316 974 absque
1343 903 1653 959 discrimine
1684 900 2029 971 repetierint'.’

438 995 574 1054 Nam
622 997 776 1052 facile
824 1005 1073 1067 poterant
1122 996 1411 1066 separatim
1449 1010 1569 1050 reos
1610 995 1925 1067 suppliciis,
1971 1008 2035 1048 ac

438 1092 581 1148 bene
604 1092 824 1147 meritos
853 1089 1129 1146 beneficiis
1156 1088 1405 1145 adlicere.
1441 1090 1520 1144 Dii
1547 1091 1692 1145 enim
1723 1088 1976 1145 caelestes
1990 1087 2034 1143 si

442 1187 533 1257 qtti
560 1186 688 1252 sint,
719 1201 824 1240 non
851 1195 1075 1253 possunt
1117 1193 1209 1238 aut
1249 1183 1530 1255 gentilium
1561 1183 1870 1239 adulatione
1897 1180 2035 1236 deli-

442 1282 568 1346 niri,
600 1289 692 1333 aut
714 1288 931 1349 propter
961 1277 1377 1333 christianorum
1403 1287 1773 1346 contemptum
1813 1273 1997 1330 dolere
2021 1312 2038 1339 ,

442 1382 602 1445 atque
658 1373 837 1427 irasci.
885 1371 1251 1439 Quamobrem
1297 1382 1484 1427 auctor
1531 1381 1716 1427 noster
1763 1367 2041 1425 concludit

441 1465 541 1523 has
572 1465 824 1521 ridiculas
854 1466 1259 1521 criminationes
1291 1466 1405 1520 sola
1448 1464 1813 1536 haruspicum,
1843 1460 2040 1517 ariolo—

442 1573 583 1619 rum,
615 1564 669 1613 et
698 1567 875 1612 vatum
899 1555 1119 1611 avaritia
1146 1571 1268 1611 esse
1298 1557 1581 1611 confictas.

514 1649 700 1720 Neque
722 1650 916 1705 minori
951 1648 1282 1718 impudentia
1310 1649 1515 1704 ethnici
1542 1649 1888 1719 objectabant
1910 1646 2045 1702 deos

441 1743 565 1798 ideo
589 1744 638 1797 in
667 1742 915 1797 homines
942 1743 1131 1797 saevire
1151 1759 1164 1806 ;
1184 1743 1305 1811 quia
1336 1742 1896 1813 christiauiquosdam
1918 1742 2045 1797 bac-

2140 545 2271 584 avos
2300 532 2461 583 etiam
2490 538 2545 583 et
2585 528 2765 593 avias,
2798 538 3003 597 patrem
3034 538 3088 582 et
3127 538 3349 582 matrem
3375 569 3387 590 .
3426 544 3487 584 ex
3522 531 3683 600 quibus

2136 621 2297 676 solito
2343 620 2617 674 hominum
2668 634 2819 673 more
2850 628 3007 672 natus
3052 618 3171 672 est?
3212 618 3418 673 Ethnici
3457 621 3613 691 itaque
3648 623 3685 677 si

2137 711 2280 768 hunc
2294 712 2503 778 Jovem,
2521 727 2627 767 non
2645 712 2906 777 colerent,
2932 710 3024 766 sed
3043 727 3147 767 una
3166 722 3308 767 esset
3333 710 3533 767 illorum
3552 722 3685 784 atque

2134 807 2550 864 Christianorum
2580 807 2793 877 religio,
2827 806 2970 861 nulla
3008 807 3244 877 amplius
3272 808 3405 863 foret
3431 808 3565 863 Jovis
3585 810 3650 865 ira
3674 852 3687 877 ,

2132 911 2225 958 aut
2269 903 2312 957 si
2368 917 2488 972 qua:
2529 910 2704 969 esset,
2738 899 2926 956 falsam
2971 900 3305 972 patefaceret
3350 899 3485 956 illius
3527 902 3690 958 divini-

2140 1004 2326 1051 tatem.

2212 1087 2489 1144 lnstabant
2512 1088 2865 1144 nihilominus
2890 1086 3092 1143 ethnici
3120 1086 3249 1142 deos
3275 1101 3401 1141 suos
3422 1086 3692 1143 Christianis

2144 1197 2265 1237 esse
2316 1183 2555 1237 infensos
2580 1224 2594 1250 ,
2658 1200 2763 1236 non
2805 1192 3089 1253 propterea
3124 1180 3341 1251 quidem
3376 1181 3510 1250 quod
3554 1181 3694 1237 Deum

2144 1277 2568 1347 omnipotentem
2600 1286 3024 1344 venerareutur;
3054 1276 3148 1331 sed
3177 1276 3299 1347 quia
3338 1275 3591 1332 hominem
3619 1294 3699 1331 na-

2144 1380 2278 1434 tum,
2299 1366 2482 1424 infami
2506 1372 2681 1425 crucis
2709 1370 2975 1441 supplicio
3002 1369 3406 1440 interemptum,
3429 1369 3583 1423 Deum
3600 1385 3699 1426 esse

2141 1463 2548 1526 contendentes,
2573 1463 2902 1534 quotidiauis
2932 1479 3053 1519 eum
3086 1462 3560 1534 supplicationibus
3594 1462 3701 1517 ado-

2145 1565 2349 1612 rarent.
2401 1554 2603 1611 Verum
2645 1555 2715 1610 ab
2758 1540 2948 1610 iisdem
2979 1554 3210 1611 ethnicis
3254 1556 3444 1627 quierit
3472 1554 3705 1609 Arnobius

2149 1649 2367 1719 quinam
2411 1648 2487 1702 illi
2535 1649 2644 1704 sint
2668 1649 2763 1714 dii,
2792 1648 2881 1719 qui
2906 1647 3182 1703 Christum
3214 1663 3241 1699 a
3276 1646 3430 1701 nobis
3466 1648 3563 1701 coli
3589 1645 3704 1700 indi-

2149 1759 2255 1812 gne
2309 1742 2573 1799 ferebant.
2621 1741 2739 1796 Non
2794 1742 2984 1808 Janus,
3025 1741 3243 1812 inquit,
3288 1755 3395 1796 non
3443 1738 3710 1808 Saturnus,

360 1842 369 1849 '
443 1846 599 1891 tenus
623 1834 889 1890 inauditos
917 1836 1091 1889 cultus
1121 1836 1171 1889 iu
1202 1845 1372 1890 totum
1406 1837 1594 1892 orbem
1612 1849 1873 1892 terrarum
1894 1836 2042 1889 inve-
2074 1828 2122 1886 B
2149 1836 2352 1902 Fauna,
2374 1836 2517 1890 Bona
2546 1835 2668 1900 dea,
2692 1833 2977 1905 Indigetes,
3004 1832 3371 1903 Escelapius,
3391 1832 3545 1888 Liber
3566 1842 3709 1902 pater,

443 1938 656 1985 xerunt.
676 1927 853 1986 Unum
887 1930 1085 2000 quippe
1110 1945 1173 1984 ac
1197 1946 1381 1984 verum
1412 1930 1601 1997 Deum,
1624 1946 1909 2000 rerumque
1931 1945 2048 1984 om-

445 2020 592 2075 nium
631 2019 943 2087 dominum,
976 2022 1193 2076 intimas
1238 2022 1417 2077 cordis
1472 2023 1641 2078 nostri
1688 2022 2046 2092 cogitationes

442 2123 882 2185 cognoscentem,
914 2128 1265 2178 venerantur.
1304 2115 1512 2183 colunt,
1544 2116 1793 2186 diligunt,
1826 2125 1880 2171 et
1912 2130 2047 2185 quo-

444 2210 576 2266 tidie
604 2210 877 2266 invocant.
904 2211 1006 2277 Qui
1031 2225 1162 2264 vero
1186 2209 1345 2278 hujus
1382 2211 1496 2266 veri
1524 2211 1618 2266 Dci
1652 2210 1857 2265 cultum
1889 2211 2045 2264 dam-

445 2313 559 2367 nat,
594 2305 638 2358 is
681 2304 797 2358 sive
834 2302 1063 2373 Jupiter,
1091 2302 1204 2357 sive
1243 2303 1454 2371 Apollo,
1505 2310 1596 2356 aut
1636 2302 1771 2356 alius
1793 2302 2003 2357 dicatur
2028 2344 2043 2371 ,

448 2394 542 2450 Dei
587 2409 785 2450 nomen
833 2410 937 2448 non
984 2402 1239 2449 meretur.
1272 2393 1377 2449 Sed
1407 2395 1529 2464 quia
1565 2404 1775 2463 tempus
1804 2393 2043 2449 nondum

447 2494 564 2541 erat
586 2476 886 2555 patefacere
916 2486 1133 2555 quinam
1168 2486 1220 2540 hi
1251 2487 1452 2553 aliique
1483 2487 1763 2557 gentilium
1788 2485 1860 2541 dii
1898 2486 2007 2540 sint
2031 2526 2047 2552 ,

450 2578 522 2634 ibi
568 2593 759 2636 auctor
802 2591 986 2636 noster
1016 2582 1191 2651 palam
1235 2582 1519 2653 profitetur
1550 2581 1689 2638 hanc
1727 2597 1849 2637 esse
1884 2582 2049 2636 totius

447 2674 756 2730 christiana:
782 2673 1059 2746 religionis
1097 2689 1383 2728 summam.
1427 2675 1593 2731 Deum
1621 2674 1768 2730 illum
1783 2691 1967 2728 verum
1996 2683 2052 2730 et

452 2767 691 2832 unicum,
751 2768 891 2821 sicut
942 2766 1191 2821 Christus
1231 2765 1433 2833 docuit,
1483 2768 1666 2821 animo
1703 2766 1955 2829 sincero,
1990 2780 2053 2819 ac

447 2870 719 2929 prostrato
733 2875 960 2931 corpore
975 2862 1174 2926 colere,
1192 2860 1762 2933 adorare,collalisque
1779 2861 2049 2932 precibus,

447 2956 518 3011 ab
542 2956 634 3011 illo
657 2956 951 3025 deposcere
985 2972 1110 3011 vera
1142 2956 1305 3021 bona,
1333 2965 1387 3011 et
1412 2956 1636 3011 honesta
1660 2997 1675 3019 ,
1712 2972 1775 3011 ac
1802 2957 1925 3008 vitae
1941 2971 2054 3008 mo-

448 3065 678 3120 rumque
710 3051 1091 3104 innocentiam.
1118 3048 1249 3118 Quis
1293 3060 1469 3104 autem
1503 3049 1711 3105 inficias
1755 3050 1909 3104 iverit
1944 3064 2054 3103 me-

2150 1931 2467 1997 Mercurius,
2497 1930 2683 1996 Diana,
2715 1929 2931 1999 Apollo,
2970 1927 3172 1992 Venus,
3191 1927 3381 1992 Ceres,
3403 1925 3710 1993 Proserpina,

2150 2025 2428 2091 Herodes,
2460 2023 2679 2079 Titanes
2705 2065 2722 2089 ,
2754 2022 3013 2087 Bocores,
3044 2021 3177 2091 Apis
3219 2034 3317 2075 seu
3345 2018 3575 2089 Serapis,
3594 2016 3680 2072 Isis
3699 2058 3713 2084 ,

2152 2128 2206 2173 et
2234 2116 2363 2188 Opis
2405 2114 2516 2182 lilii,
2544 2130 2680 2185 quos
2722 2114 2962 2169 humano
2990 2128 3142 2168 more
3171 2111 3406 2182 genitos,
3441 2125 3543 2164 non
3575 2124 3711 2165 secus

2150 2220 2310 2284 atque
2344 2211 2476 2266 alios
2523 2211 2767 2267 homines
2809 2210 3040 2274 vixisse,
3080 2217 3136 2263 et
3178 2216 3420 2262 mortuos
3448 2220 3565 2262 esse
3586 2204 3707 2258 anti-

2151 2306 2422 2374 quissima:
2457 2304 2739 2376 gentilium
2798 2303 3042 2358 historia:
3079 2299 3458 2371 prodiderunt.
3487 2294 3723 2369 Numquid

2152 2398 2297 2453 enim
2326 2397 2611 2452 voluerunt
2643 2412 2703 2452 se
2746 2395 2815 2450 ab
2840 2393 3079 2450 ethnicis
3105 2394 3236 2459 coli,
3262 2409 3329 2448 ac
3359 2393 3587 2463 pristina:
3614 2405 3725 2445 con-

2153 2492 2375 2547 ditionis
2403 2507 2517 2546 sua:
2540 2492 2910 2556 immemores,
2938 2490 3267 2545 christianos
3287 2486 3556 2543 Christum
3574 2485 3726 2540 colen-

2156 2595 2239 2641 tes
2271 2585 2388 2640 sine
2415 2584 2665 2639 maximis
2695 2586 2789 2638 ira:
2822 2581 3058 2639 motibus
3090 2579 3235 2637 ferre
3266 2596 3377 2635 non
3408 2575 3703 2636 valuerunt?

2231 2678 2334 2734 Fas
2360 2695 2490 2735 vero
2513 2680 2558 2733 si
2590 2677 2820 2734 ethnicis
2852 2676 2951 2731 fuit
2972 2676 3237 2746 quosdam
3263 2674 3320 2730 in
3352 2673 3573 2730 deorum
3595 2686 3729 2741 prop-

2162 2781 2246 2829 ter
2285 2774 2476 2829 collata
2502 2772 2625 2837 sibi,
2661 2783 2721 2827 ut
2758 2779 2899 2841 putat
2922 2779 3052 2837 aut,
3082 2769 3345 2826 beneficia
3380 2781 3648 2823 numerum
3675 2779 3735 2819 re-

2167 2870 2331 2936 ferre,
2361 2869 2613 2924 Liberum
2646 2867 2856 2922 scilicet
2891 2875 3112 2937 propter
3133 2864 3266 2926 vini.
3293 2864 3549 2919 Cererem
3570 2859 3733 2931 panis,

2161 2962 2535 3033 Esculapium
2579 2961 2905 3026 herbarum,
2943 2960 3239 3016 Minervam
3288 2958 3452 3026 oleae,
3494 2953 3734 3026 Triptole-

2160 3070 2308 3109 mum
2343 3054 2507 3109 aratri
2557 3054 2946 3117 inventiouem,
2981 3062 3144 3123 atque
3186 3049 3479 3106 Herculem
3503 3090 3518 3114 ,
3552 3054 3740 3115 propter

451 3142 639 3198 liorem
667 3155 788 3198 esse
833 3141 1025 3197 horum
1062 3158 1298 3209 causam,
1335 3159 1493 3213 quam
1524 3157 1733 3205 eorum,
1758 3141 1848 3211 qui
1872 3140 2048 3195 Gran-
2078 3144 2124 3206 C
2158 3144 2368 3202 devicta
2402 3154 2680 3211 monstra;
2707 3154 2909 3216 quanto
2957 3144 3128 3214 magis
3157 3139 3412 3198 Christus
3447 3141 3623 3195 divino
3661 3136 3740 3188 ho-

452 3232 627 3297 dulcs,
662 3235 790 3291 Aios
830 3234 1107 3301 Locutios,
1145 3235 1478 3290 Limentinos
1504 3279 1518 3303 ,
1549 3235 1786 3300 Faunos,
1810 3235 2009 3289 Fatnas
2039 3275 2054 3300 ,

451 3326 641 3398 genios
665 3326 936 3382 civitatum
960 3369 973 3392 ,
1018 3328 1239 3391 Pausos,
1268 3326 1515 3381 Bellonas
1549 3327 1776 3383 adorant
1807 3342 1870 3382 ac
1899 3340 2055 3381 reve-

450 3418 678 3475 rentur?
708 3418 1089 3473 Verumtamen
1124 3416 1197 3472 dii
1236 3418 1333 3472 bos
1362 3418 1578 3489 impune
1610 3417 1811 3483 ferunt,
1842 3417 2058 3472 sinunt-

450 3529 558 3584 que
588 3512 795 3582 publica
818 3513 1010 3568 scortis
1037 3520 1091 3567 et
1119 3513 1493 3567 meretricibus
1510 3529 1662 3569 sacra
1693 3514 1828 3577 fieri,
1860 3513 2060 3583 magni-

452 3605 554 3661 fica
582 3604 793 3673 felibus,
823 3605 1138 3672 scarabzeis,
1159 3617 1213 3661 et
1246 3606 1453 3661 buculis
1482 3605 1808 3661 exzedificari
1834 3611 2057 3680 templa,

453 3714 576 3755 cum
600 3699 680 3754 ira
722 3698 777 3752 in
817 3698 1142 3754 christianos
1182 3698 1405 3767 perciti,
1444 3697 1694 3753 inhibent
1739 3716 1805 3754 ne
1848 3702 1914 3754 ab
1955 3703 2060 3758 illis

459 3807 705 3848 summus
736 3792 989 3847 adoretur
1021 3791 1208 3857 Pater,
1251 3807 1278 3844 a
1314 3807 1420 3862 quo
1449 3791 1523 3845 illi
1548 3792 1761 3862 ipsimet
1779 3794 2059 3865 gentilium

455 3881 528 3938 dii
556 3884 800 3954 accipere
831 3882 1132 3938 debuerant
1163 3883 1422 3953 quidquid
1455 3885 1709 3952 numinis,
1742 3889 2020 3958 potestatis
2046 3930 2061 3957 ,

458 3974 878 4030 immortahtatis
898 3974 1095 4030 habere
1120 3974 1432 4030 creduntur.

531 4068 637 4124 Sed
679 4076 735 4122 ut
776 4068 827 4122 id
859 4067 1195 4123 manifestius
1228 4077 1439 4139 pateat,
1468 4084 1533 4123 ex
1560 4068 1841 4127 effectibus
1876 4072 2055 4129 Arno-

460 4162 580 4219 hius
605 4164 816 4233 probat,
845 4162 992 4217 illum
1034 4178 1220 4218 verum
1255 4163 1419 4218 Deum
1464 4179 1642 4219 rerum
1673 4166 1913 4221 omnium
1935 4182 2060 4224 esse

462 4255 739 4325 opificem,
771 4256 1041 4325 Apolline,
1069 4254 1357 4322 Mercurio,
1382 4265 1435 4309 et
1467 4254 1586 4310 aliis
1606 4298 1621 4321 ,
1653 4258 1902 4311 omnibus
1923 4257 2061 4312 licti-

459 4346 553 4399 tiis
595 4346 904 4401 numinibus
942 4345 1337 4416 antiquiorem,
1381 4345 1671 4409 infinitum,
1716 4348 2010 4420 ingenitum
2044 4392 2057 4416 ,

463 4443 823 4501 immortalem
847 4484 864 4509 ,
904 4456 1191 4509 aeternum,
1244 4445 1497 4513 nulloque
1525 4444 1664 4510 loco,
1694 4454 1747 4498 et
1778 4445 1921 4498 nulla
1943 4460 2064 4498 cor-

462 4553 630 4609 porea
646 4537 817 4591 forma
828 4538 1310 4608 circumscriptum.
1332 4538 1668 4606 Quapropter
1682 4536 1838 4591 sicuti
1864 4537 2060 4591 mirum

465 4645 575 4685 non
604 4640 707 4690 est.
746 4630 792 4685 si
816 4631 956 4702 quis,
984 4632 1177 4701 qualis,
1209 4638 1549 4702 quantusque
1579 4629 1649 4685 sit
1676 4631 1971 4700 ignoretur,
1992 4632 2060 4683 ita

467 4738 694 4778 summae
737 4724 1023 4778 dementia:
1049 4732 1133 4777 est
1172 4724 1224 4778 in
1269 4722 1489 4777 dubium
1528 4738 1723 4777 vocare
1755 4734 1929 4777 utrttm
1972 4722 2063 4777 ille

468 4829 660 4869 revera
683 4812 897 4868 existat.
924 4811 1039 4866 Non
1067 4812 1354 4867 defuerunt
1383 4824 1559 4868 tamen
1590 4814 1891 4884 philosophi
1920 4855 1936 4879 ,
1970 4813 2063 4883 qui

469 4918 563 4963 aut
590 4906 719 4961 illud
751 4918 1117 4978 negaverunt,
1174 4918 1266 4961 aut
1300 4923 1515 4978 semper
1540 4909 1940 4979 exquisierunt,
1972 4907 2059 4962 vel

468 5003 561 5075 qui
628 5001 862 5056 fortuitis
907 5000 1121 5056 casibus
1171 5011 1583 5072 atomorumque
1615 5002 2063 5059 concursionibus

468 5095 649 5150 omnia
679 5094 929 5149 fabricata
972 5092 1137 5149 fuisse
1188 5094 1568 5164 opinabantur.
1600 5095 1704 5150 Sed
1734 5110 1854 5151 eum
1886 5097 2062 5152 stultis

469 5186 871 5244 adsertiouibus
916 5185 1289 5240 contradicere
1333 5187 1551 5255 majoris
1588 5188 1827 5242 stultitiae
1874 5190 1963 5255 sit,
1996 5202 2060 5243 ea

466 5289 687 5351 propter
716 5277 1007 5341 Arnobius,
1038 5277 1121 5332 his
1152 5279 1554 5346 praetermissis,
1572 5278 1789 5334 cuilibet
1814 5294 1843 5332 a
1874 5291 2060 5334 natura

468 5374 691 5429 insitum
719 5387 841 5428 esse
869 5370 1111 5437 adserit;
1148 5381 1203 5426 ut
1236 5370 1378 5425 hunc
1407 5381 1665 5442 agnoscat
1705 5387 1886 5442 regem
1918 5388 2065 5426 sum-

476 5480 665 5529 mum,
707 5474 761 5520 et
801 5465 1039 5519 omnium
1081 5464 1499 5518 moderatorem.
1531 5463 1670 5531 Quin
1715 5465 1881 5517 inuno
1923 5464 2065 5518 haud

470 5558 781 5613 dubitanter
807 5555 1090 5611 adseverat
1125 5555 1269 5620 fore,
1299 5563 1355 5609 ut
1382 5555 1631 5610 animalia
1660 5564 1712 5609 et
1750 5571 1882 5609 saxa
1913 5556 2067 5627 ipsa,

478 5647 524 5699 si
568 5647 706 5702 forte
733 5648 1101 5718 loquerentur,
1136 5649 1188 5704 id
1218 5658 1404 5718 aperte
1434 5648 1717 5718 palamque
1743 5649 2064 5708 clamarent.

478 5737 699 5793 Frustra
744 5741 905 5812 igitur
931 5742 1134 5798 ethnici
1163 5741 1352 5798 Jovem
1384 5756 1654 5797 summum
1682 5741 1841 5798 deum
1868 5743 2063 5814 praedi-

469 5840 611 5911 cant.
642 5832 1125 5906 Summusetenim
1159 5835 1295 5893 Deus
1327 5835 1596 5906 ingenitus
1621 5844 1675 5892 et
1693 5846 1928 5893 aeternus
1953 5846 2059 5896 est.

2164 3254 2298 3294 nore
2342 3237 2411 3294 ab
2466 3236 2775 3292 hominibus
2826 3234 3105 3292 habendus
3155 3243 3271 3299 est,
3323 3232 3413 3304 qui
3461 3231 3562 3285 illis
3611 3229 3741 3294 longe

2172 3330 2378 3404 majora
2409 3343 2457 3386 et
2495 3331 2705 3385 infinita
2750 3328 3212 3386 abundantissime
3231 3326 3467 3383 contulit
3494 3367 3509 3391 ,
3536 3323 3620 3395 qui
3640 3335 3743 3374 vera

2168 3426 2260 3480 Dei
2289 3424 2597 3494 cognitione
2635 3437 2735 3477 nos
2787 3421 3111 3486 imbuendo,
3161 3419 3483 3491 superbiam
3524 3422 3734 3471 nostram

2165 3516 2486 3585 frangendo,
2515 3533 2544 3569 a
2574 3516 2727 3571 falsis
2756 3514 3127 3584 opinionibus,
3160 3524 3327 3585 atque
3358 3513 3524 3583 impio
3551 3509 3743 3564 deorum

2172 3611 2316 3665 cultu
2348 3610 2413 3664 ad
2432 3625 2614 3665 veram
2637 3652 2652 3675 ,
2680 3610 2755 3662 uti
2784 3607 2900 3678 ipse
2930 3605 3205 3662 Arnobius
3231 3605 3465 3661 salutari
3491 3600 3743 3672 experien-

2164 3705 2237 3759 tia
2269 3715 2513 3767 noverat.
2552 3703 2869 3773 religionem
2911 3698 3192 3756 trdduxit?

2239 3799 2310 3852 At
2335 3798 2423 3852 ille
2443 3839 2458 3865 ,
2492 3797 2808 3868 inquiebant
2834 3793 3058 3857 ethnici,
3087 3793 3267 3848 crucis
3301 3792 3548 3864 patibulo
3572 3787 3738 3845 affisus

2165 3890 2391 3946 interiit.
2427 3889 2568 3958 Quid
2611 3888 2770 3945 inde?
2814 3887 2932 3943 Non
2977 3886 3120 3941 enim
3161 3900 3309 3941 mors
3342 3885 3580 3952 Christi,
3616 3875 3748 3936 sicuti

2167 3998 2267 4037 nec
2302 3981 2643 4054 Pythagorea,
2676 3996 2775 4034 nec
2804 3978 3078 4045 Socratis,
3104 3977 3318 4033 illorum
3340 3977 3599 4034 doctrina)
3617 3985 3746 4042 egre-

2164 4079 2371 4149 giisque
2401 4076 2553 4130 factis
2582 4074 2753 4129 ullum
2782 4073 2962 4128 attulit
3006 4072 3422 4128 detrimentum.
3448 4069 3582 4139 Quid
3620 4078 3746 4127 vero.

2171 4172 2313 4243 quod
2344 4170 2486 4224 nulla
2518 4169 2707 4227 mortis
2735 4166 2952 4220 infamia
2990 4166 3253 4220 innocens
3287 4166 3457 4220 homo
3477 4206 3492 4227 ,
3517 4155 3747 4232 quemad-

2170 4263 2388 4317 modum
2434 4259 2704 4329 Aquilius,
2741 4257 3067 4325 Trebonius,
3116 4268 3171 4311 et
3202 4256 3448 4328 Regulus
3494 4251 3628 4309 inuri
3660 4260 3750 4303 um-

2170 4370 2328 4424 quam
2380 4349 2754 4421 potest?Quid
2794 4350 3013 4430 iusuper
3036 4349 3291 4404 irrisione
3343 4348 3518 4418 magis
3557 4344 3747 4414 dignum

2172 4447 2274 4501 hac
2309 4445 2775 4522 argumentatione
2803 4442 3108 4514 gentilium,
3149 4444 3240 4511 qui
3277 4441 3541 4496 Liberum
3573 4446 3749 4508 patrem

2171 4555 2202 4594 a
2226 4537 2503 4593 Titanibus
2520 4536 2862 4591 membratim
2886 4534 3244 4604 discerptum.
3275 4530 3646 4602 Esculapium
3671 4523 3750 4578 ful-

2168 4632 2313 4687 mine
2341 4630 2663 4701 perculsum.
2692 4629 2976 4685 llerculetn
3007 4628 3185 4682 vivum
3212 4629 3582 4688 combustum,
3612 4624 3748 4690 Atym

2169 4726 2492 4790 abscissum,
2518 4724 2804 4779 Romulum
2836 4738 2867 4777 a
2898 4722 3244 4778 senatoribus
3262 4724 3533 4785 occisum,
3560 4727 3751 4788 supers-

2172 4819 2353 4873 titioso
2377 4817 2521 4874 cultu
2552 4816 2941 4885 aedificatisque
2974 4814 3189 4885 templis
3215 4812 3600 4869 honorabant?

2240 4912 2484 4967 Christus
2513 4925 2674 4980 porro
2700 4925 2731 4964 a
2759 4922 2974 4963 summo
3017 4908 3162 4978 ltege
3188 4907 3253 4962 ad
3294 4923 3399 4962 nos
3433 4906 3657 4964 missus,
3683 4899 3752 4953 inv

2171 5005 2409 5061 numeris
2433 5045 2449 5069 ,
2507 5018 2627 5073 qua:
2658 5002 2923 5072 patravit,
2955 5000 3232 5055 miraculis
3264 5010 3379 5055 tam
3411 5009 3583 5059 certo,
3613 5002 3751 5065 quam

2165 5097 2446 5151 evidenter
2472 5110 2633 5149 verus
2665 5107 2787 5149 esse
2822 5094 2961 5149 Deus
2984 5092 3397 5164 comprobatur.
3431 5084 3750 5161 Nequeeuim

2171 5191 2373 5260 magica
2402 5189 2595 5243 virtute
2622 5227 2638 5253 ,
2673 5187 2748 5242 uti
2778 5187 2999 5258 quidam
3046 5184 3524 5255 impudentissime
3560 5176 3753 5236 mentie-

2169 5281 2387 5346 bantur,
2424 5294 2487 5335 ea
2517 5280 2773 5348 perfecit;
2806 5279 2897 5349 qui
2947 5279 3066 5333 solo
3110 5293 3210 5331 suo
3253 5277 3425 5333 verbo
3462 5284 3512 5331 el
3564 5268 3753 5326 nomine

2170 5374 2425 5446 quaalibet
2440 5373 2751 5428 morborum
2777 5386 2975 5443 genera
3000 5372 3231 5430 sanavit.
3250 5366 3459 5440 fugavit
3475 5367 3749 5423 daemonas.

2176 5480 2461 5522 ventorum
2506 5465 2974 5536 procellarumque
3028 5462 3239 5518 sedavit
3291 5461 3580 5523 turbines,
3628 5453 3752 5507 sicco

2174 5562 2314 5632 pede
2344 5577 2492 5617 mare
2521 5560 2786 5626 calcavit,
2848 5559 2983 5614 alios
3011 5574 3179 5629 seque
3221 5560 3401 5628 ipsum
3444 5548 3751 5611 suscitari”

2174 5654 2425 5719 mortuis,
2448 5668 2512 5709 ac
2539 5662 2723 5724 postea
2753 5650 3003 5723 plurimis
3032 5666 3154 5706 sese
3185 5649 3418 5720 prrebuit
3444 5640 3749 5702 videndum;

2168 5745 2263 5816 qui
2285 5746 2435 5803 dedit
2452 5744 2730 5817 discipulis
2768 5743 3013 5799 omnium
3046 5743 3266 5815 linguis,
3297 5741 3468 5798 etiam
3496 5736 3594 5795 sibi
3623 5733 3753 5789 incoo

2163 5840 2353 5911 gnitis,
2386 5838 2639 5909 loquendi
2665 5836 3017 5904 facultatem;
3046 5836 3139 5908 qui
3166 5844 3340 5894 totum
3363 5831 3620 5891 mundum
3637 5824 3748 5881 doc-
