3904 6316
209 278 300 337 δερ
1408 273 1476 329 IN
1517 273 1905 345 amomum,
1945 277 2098 333 car.
2145 280 2182 334 l.

3367 283 3474 343 570

205 394 329 450 trina
353 405 445 446 sua
470 397 691 460 repente
731 388 1060 459 complevit;
1092 391 1181 462 qui
1211 391 1424 447 vatibus
1449 398 1505 446 et
1526 390 1773 461 haruspi-
1804 394 1853 452 A
1880 394 2169 463 antiquitas
2213 404 2292 452 tot
2338 406 2715 470 tantorumque
2743 414 2990 455 errorum
3037 410 3092 457 et
3129 400 3432 458 fabularum
3454 443 3475 473 ,

203 487 337 543 cibus
359 484 623 540 sﬂentium
664 481 943 554 imposuit,
974 499 1037 539 ac
1065 500 1344 556 magorum
1379 484 1593 556 penitus
1620 499 1771 539 com-

202 582 375 640 minuit
397 578 778 650 arrogantiam.
830 656 835 659 _

261 678 434 749 Neque
468 678 552 731 his
593 679 795 749 opponi
827 687 1075 747 poterant
1098 689 1300 734 curate
1330 680 1398 734 ab
1428 678 1769 736 ethnicorum

199 772 290 828 diis
309 773 526 827 infirma:
550 772 932 827 nonnullorum
959 772 1237 827 hominum
1264 772 1770 829 valctndines.Nam

199 864 286 919 hoc
332 864 541 919 interim
598 864 767 935 gratis
800 865 948 927 dato,
978 875 1187 920 eertum
1216 875 1336 920 erat
1385 880 1413 920 a
1458 867 1607 922 nullo
1650 881 1770 923 um-

196 977 333 1035 quam
356 961 630 1034 gentilium
662 962 784 1029 dco,
817 962 973 1017 sicuti
1016 978 1044 1015 a
1077 962 1314 1028 Christo,
1344 962 1505 1033 :r-gris
1537 962 1770 1017 homini-

195 1056 299 1121 bus,
329 1056 439 1109 sola
476 1054 714 1109 adhibita
767 1070 930 1109 manu
965 1064 1056 1109 aut
1082 1069 1237 1121 voce,
1271 1055 1535 1110 redditam
1567 1056 1770 1135 sanita-
1837 1114 1840 1119 η

192 1156 305 1203 tem.
335 1147 512 1203 Gratis
534 1148 696 1203 etiam
724 1147 992 1203 Arnobius
1018 1148 1265 1202 concedit
1285 1147 1400 1202 fieri
1432 1148 1693 1218 pomisse,
1712 1156 1771 1204 ut

190 1240 306 1295 deus
330 1241 525 1310 aliquis
554 1256 719 1295 unum
749 1251 835 1295 aut
865 1241 1094 1295 alterum
1129 1256 1329 1310 aegrum
1360 1238 1633 1294 hominem
1652 1240 1768 1310 qui-

189 1331 389 1387 busdam
421 1333 830 1388 medicamentis
860 1333 1149 1387 sanaverit.
1186 1334 1256 1386 At
1305 1334 1470 1387 multa
1498 1375 1512 1398 ,
1548 1333 1763 1403 inquit,

188 1433 295 1479 sunt
340 1423 504 1478 millia
547 1423 847 1490 hominum,
881 1425 969 1494 qtti
997 1426 1098 1479 elsi
1127 1430 1183 1480 in
1229 1426 1441 1494 templis
1466 1425 1765 1495 smpissime

186 1517 419 1587 prostrati
453 1515 825 1587 Esculapium
854 1517 1098 1588 aliosque
1128 1517 1261 1573 deos
1292 1517 1489 1588 szepius
1518 1518 1766 1589 repetitis

185 1608 415 1678 precibus
444 1618 499 1663 et
528 1608 667 1663 Votis
708 1610 1081 1679 fatigaverint;
1127 1609 1331 1664 nullum
1361 1618 1538 1664 tamen
1573 1625 1640 1664 ne
1667 1610 1767 1664 mi-

1875 489 2068 559 quibus
2093 490 2405 547 eorumdem
2436 493 2720 565 gentilium
2756 494 2879 549 libri
2905 505 3135 562 scatent,
3171 507 3341 553 mater
3365 512 3477 552 non

1876 580 2075 637 fuerit?
2102 582 2237 652 Quid
2272 600 2423 646 vero,
2452 586 2596 657 quod
2630 585 2832 641 falsitas
2876 587 3035 657 longe
3078 588 3284 644 facilius
3311 590 3363 644 in
3393 604 3478 645 re-

1875 675 2209 730 centioribus
2236 678 2452 749 scriptis
2481 696 2641 751 quam
2675 680 2728 734 iu
2759 680 3172 751 antiquissimis,
3198 693 3375 754 potest
3407 687 3477 742 ab

1874 769 2125 825 omnibus
2155 770 2529 843 deprehendi?

1946 864 2213 920 Instabam
2247 867 2448 921 ethnici
2481 867 2648 922 libros
2688 868 3105 924 christianorum
3136 870 3204 926 ab
3243 871 3476 927 indoctis

1873 955 2183 1011 hominibus
2212 957 2331 1013 rudi
2359 958 2711 1031 iinpolitoque
2739 975 2992 1016 sermone
3012 975 3283 1028 exaratos,
3313 964 3479 1020 sola:-

1873 1049 2055 1104 cismis
2081 1059 2135 1104 et
2163 1050 2511 1107 barbarismis
2540 1054 2738 1124 ubique
2764 1052 2901 1110 faede
2927 1055 3285 1125 coinquinari.
3318 1055 3475 1124 Esto,

1872 1142 2165 1212 respondet
2195 1145 2484 1199 Arnobius.
2517 1145 2684 1216 Major
2717 1146 2959 1216 profecto
2988 1149 3067 1203 eis
3100 1148 3233 1203 fides
3270 1132 3474 1206 ideirco

1873 1235 2122 1291 habenda
2164 1247 2279 1300 est;
2328 1239 2451 1309 quia
2500 1255 2529 1292 a
2577 1250 2761 1296 mente
2807 1241 3075 1308 simplici,
3125 1252 3177 1296 et
3222 1242 3474 1299 lenocinii

1870 1330 2088 1399 ignara,
2125 1332 2456 1402 prodierunt.
2487 1330 2766 1388 Sermonis
2795 1334 2937 1389 enim
2969 1334 3230 1405 elegantis
3258 1344 3313 1389 et
3344 1335 3476 1405 poli-

1872 1421 2022 1476 lioris
2052 1422 2243 1476 famam
2263 1464 2277 1487 ,
2313 1439 2561 1493 pompam
2582 1465 2598 1487 ,
2630 1435 2791 1495 atque
2819 1437 3134 1480 ornamenta
3166 1424 3282 1480 foro
3306 1426 3477 1481 relin-

1868 1516 2096 1588 quenda,
2125 1518 2320 1572 veritas
2349 1532 2454 1572 non
2481 1528 2740 1574 sectatur.
2766 1518 2970 1575 Deinde
2998 1518 3114 1573 hzec
3137 1519 3249 1588 ipsa
3274 1519 3476 1574 veritas

1870 1609 2011 1663 inter
2040 1609 2309 1664 sermonis
2332 1610 2478 1676 vitia,
2510 1611 2651 1665 sicut
2683 1610 2857 1666 bonus
2882 1610 3024 1665 inter
3053 1602 3250 1681 vepres
3277 1619 3328 1665 et
3359 1611 3474 1680 Spi-

183 1701 365 1754 nimum
394 1700 628 1770 quidem
666 1700 969 1756 invenerint
1007 1702 1404 1769 levamentum,
1441 1704 1567 1774 quin
1599 1702 1756 1760 immc

1874 1715 1969 1754 nas
1999 1698 2204 1756 fruetus
2226 1740 2242 1765 ,
2284 1700 2502 1770 prodest
2535 1716 2750 1768 semper
2790 1701 3013 1756 homini.
3057 1701 3137 1756 Ad
3167 1701 3283 1755 hare
3310 1715 3473 1767 vero,

182 1794 317 1863 pejus
345 1793 510 1847 etiam
545 1804 730 1864 postea
763 1809 823 1849 se
852 1794 1156 1849 habuerint.

239 1885 412 1955 Neque
430 1887 634 1954 patitur
664 1884 767 1940 sibi
794 1885 863 1940 ab
892 1885 999 1940 alio
1025 1886 1208 1956 gentili
1240 1872 1401 1956 obiici
1438 1885 1565 1943 ferri
1608 1902 1637 1942 a
1662 1889 1767 1946 diis

181 1992 315 2046 opem
348 1992 456 2031 non
493 1976 650 2031 malis
681 1976 920 2048 quidem,
964 1977 1057 2032 sed
1100 1978 1256 2033 bonis
1287 1978 1497 2049 piiSque
1537 1980 1766 2036 homini-

183 2069 286 2121 bus.
316 2066 569 2122 Christus
611 2068 878 2138 siquidem
926 2069 1084 2123 tualis
1111 2070 1360 2125 omnibus
1396 2072 1677 2141 mqualiter
1702 2087 1767 2128 ac

180 2160 316 2214 bonis
364 2161 656 2216 succurrit.
707 2160 910 2217 Deinde
970 2177 1101 2217 vero
1145 2162 1189 2217 si
1227 2163 1300 2217 dii
1353 2162 1508 2218 bonis
1557 2174 1763 2221 tantum

180 2256 352 2310 auxilio
379 2256 622 2323 fuerunt,
655 2258 705 2311 id
738 2273 842 2311 non
869 2256 1066 2312 divinze
1094 2258 1303 2325 virtuti,
1336 2258 1431 2313 sed
1472 2259 1628 2314 alicui
1658 2261 1766 2316 for-

181 2350 294 2403 tuito
321 2351 471 2404 casui
500 2354 608 2404 erit
640 2350 823 2420 procul
842 2350 1005 2405 dubio
1026 2349 1393 2406 tribuendum.

241 2440 365 2496 Vera
410 2455 598 2496 autem
635 2456 757 2497 esse
797 2440 993 2497 Christi
1038 2443 1299 2498 miracula
1343 2452 1532 2499 auctor
1576 2454 1760 2501 noster

177 2532 331 2592 adhuc
373 2537 618 2592 ostendit
672 2553 737 2591 ex
778 2535 869 2590 illa
916 2552 1136 2607 prorsus
1185 2537 1415 2593 mirabili
1464 2547 1757 2609 potestate,

176 2644 320 2698 quam
346 2628 499 2684 dedit
530 2629 692 2684 etiam
726 2628 925 2683 infima:
956 2628 1132 2699 plebis
1171 2629 1496 2695 hominibus,
1530 2633 1760 2701 piscato-

176 2721 324 2790 ribus,
354 2722 664 2793 opilietbus,
689 2723 975 2778 rusticanis
1007 2723 1262 2793 quaelibet
1297 2724 1415 2780 solo
1457 2725 1624 2795 ipsius
1661 2741 1762 2781 no-

174 2819 300 2871 mine
323 2818 566 2888 proiligia
591 2818 803 2873 edendi.
836 2817 952 2872 Non
984 2819 1126 2873 enim
1154 2817 1383 2887 Jupiter,
1413 2833 1509 2874 nec
1532 2818 1762 2874 Zoroas-

172 2918 286 2965 tres.
314 2911 636 2977 Armenius,
664 2910 999 2982 Pamphilus,
1040 2910 1380 2981 Apollonius,
1422 2910 1759 2981 Damigerus,

171 3002 460 3069 Dardanus,
488 3003 673 3066 Velus,
698 3002 964 3070 Julianus,
994 3002 1246 3071 Bebulus,
1269 3014 1360 3057 aut
1385 3004 1605 3075 quilibet
1625 3004 1763 3059 alius

1867 1811 1987 1852 cum
2016 1795 2083 1850 de
2112 1796 2274 1850 rebus
2320 1795 2386 1850 ab
2416 1795 2779 1851 ostentatione
2805 1794 3071 1850 submotis
3100 1793 3310 1865 agitur,
3344 1794 3473 1865 quid

1868 1889 2042 1957 rcipsa
2065 1930 2078 1952 ,
2113 1902 2218 1943 non
2249 1887 2521 1959 quomodo
2556 1888 2794 1953 dicatur,
2827 1888 3061 1958 spectari
3104 1887 3283 1942 debet.
3318 1887 3469 1957 Qua-

1869 1981 2111 2037 mobrem
2157 1980 2401 2035 nonnulli
2438 1980 2714 2050 sapientiae
2744 1979 2948 2042 dediti,
2995 1978 3204 2033 tametsi
3247 1994 3380 2051 pure
3407 1988 3466 2035 et

1871 2086 2062 2130 ornate
2091 2074 2234 2146 loqui
2264 2076 2567 2144 potuerint;
2597 2091 2811 2129 omnem
2846 2083 3022 2130 tamen
3056 2074 3322 2130 sermonis
3350 2074 3470 2129 cul-

1873 2180 1984 2223 tum
2033 2168 2357 2236 rejecerunt.
2392 2168 2630 2238 Denique
2672 2167 2853 2223 nullus
2880 2182 3062 2223 sermo
3104 2177 3299 2223 natura
3338 2183 3468 2235 sua,

1869 2261 1947 2316 uti
1978 2262 2169 2329 probat
2202 2262 2503 2328 Arnobius,
2541 2260 2637 2317 sed
2677 2261 2955 2317 hominum
2996 2258 3276 2315 dumtaxat
3305 2259 3472 2316 bene-

1868 2355 2066 2428 placito
2097 2366 2180 2409 est
2211 2356 2453 2411 vitiosus.

1935 2448 2061 2505 HilBC
2090 2464 2249 2520 porro
2270 2447 2468 2503 ethnici
2491 2463 2611 2503 cum
2638 2461 2835 2518 negare
2856 2461 2961 2501 non
2986 2456 3227 2517 possent,
3253 2461 3282 2500 a
3304 2444 3469 2502 chris-

1864 2545 2025 2599 tianis
2053 2543 2395 2614 postulabant
2435 2558 2533 2597 cur
2559 2541 2834 2605 Christus,
2880 2542 2923 2596 si
2958 2541 3097 2596 Dens
3130 2541 3199 2595 sit
3270 2540 3463 2596 huma—

1866 2654 1988 2693 nam
2022 2624 2248 2691 formam
2282 2635 2473 2700 induit,
2505 2644 2557 2689 et
2598 2648 2748 2690 more
2778 2634 3134 2702 interemptus
3163 2641 3246 2687 est
3275 2631 3465 2686 huma—

1868 2729 1979 2785 no?
2014 2730 2105 2783 llis
2137 2728 2409 2784 Arnobius
2450 2727 2603 2782 facile
2643 2726 2924 2791 satisfacit,
2957 2726 3137 2796 aitque
3158 2724 3458 2788 Christum,

1867 2824 1989 2894 quia
2022 2823 2073 2875 in
2103 2819 2418 2892 primigenia
2452 2830 2507 2874 et
2541 2819 2858 2888 incorporea
2904 2832 2997 2872 sua
3045 2822 3233 2870 natura
3261 2831 3290 2869 a
3318 2814 3469 2870 nullo

1867 2929 2121 2986 umquam
2151 2914 2363 2968 homine
2413 2911 2613 2974 videri,
2647 2926 2746 2965 nec
2777 2911 2909 2966 mori
2943 2909 3142 2980 potuit,
3169 2908 3459 2962 humanam

1868 3010 2067 3066 idcirco
2094 3011 2458 3080 adsumpsisse
2488 3009 2715 3064 formam
2737 3052 2751 3072 ,
2786 3024 2888 3079 qua
2922 3024 2980 3063 se
3007 3008 3087 3063 eis
3113 3008 3446 3078 conspicien-

167 3094 347 3166 nliquid
381 3097 479 3150 his
509 3094 772 3168 prodigiis
811 3096 989 3150 simile
1031 3094 1196 3149 edidi!
1219 3137 1233 3162 ,
1263 3094 1357 3150 Sed
1391 3110 1459 3150 ne
1490 3096 1758 3166 pustulam
1784 3141 1830 3203 Ο
1863 3103 1991 3159 dum
2022 3103 2169 3158 daret
2194 3145 2210 3170 ,
2241 3120 2363 3159 cum
2412 3104 2492 3158 eis
2538 3111 2876 3168 versaretur,
2923 3117 2986 3155 ac
3031 3099 3245 3155 tandem
3280 3110 3464 3170 posset

169 3190 363 3258 quidem
398 3191 545 3260 pari,
572 3205 634 3244 ac
665 3189 911 3244 Christus
941 3188 1163 3260 ejusque
1190 3190 1455 3260 discipuli,
1483 3190 1646 3246 modo
1674 3207 1760 3247 sa-

172 3280 315 3338 navit.
356 3281 425 3337 Et
468 3297 606 3336 sane
636 3291 852 3351 quantae
880 3280 1263 3352 magnitudinis
1299 3292 1353 3337 et
1382 3284 1663 3352 potest=tis
1691 3283 1762 3337 sit

172 3373 269 3443 ipse
293 3376 571 3441 Christus,
607 3375 856 3430 sublimis
886 3385 940 3431 et
968 3376 1036 3430 ab
1068 3376 1249 3430 intima
1279 3377 1461 3432 radice
1490 3376 1651 3443 Deus,
1676 3386 1757 3430 ta-

170 3469 309 3524 metsi
340 3469 662 3524 hominibus
688 3469 815 3523 olim
846 3470 1168 3541 incognitus,
1203 3472 1288 3526 vel
1313 3472 1462 3533 solis,
1492 3488 1612 3541 qua:
1638 3472 1755 3542 ipso

171 3562 413 3616 moriente
442 3561 592 3617 facta
612 3571 757 3629 sunt,
783 3562 1055 3616 miraculis
1078 3563 1482 3619 evidentissime
1503 3564 1756 3621 demons-

172 3662 344 3712 tratum
370 3666 478 3712 εει.
1698 3713 1707 3727 .

228 3749 404 3821 Neque
427 3750 689 3806 audiendi
722 3761 877 3806 erant
915 3752 1140 3822 gentiles
1160 3795 1173 3818 ,
1218 3753 1305 3823 qui
1336 3754 1453 3809 lucc
1479 3754 1604 3810 falsa
1633 3770 1753 3812 esse

169 3841 476 3902 intolerabili
554 3862 778 3917 prorsus
839 3847 1061 3903 audacia
1128 3849 1494 3905 clamitabant.
1567 3850 1756 3906 Testes

168 3940 424 3996 enimvero
459 3941 872 4011 locupletissimi
894 3984 907 4004 ,
943 3957 1041 3997 nec
1077 3941 1237 3997 facile
1261 3942 1502 4010 creduli,
1536 3960 1598 3999 ea
1625 3959 1752 4014 pos-

169 4033 279 4087 teris
310 4036 675 4101 tradiderunt,
702 4050 818 4100 qua:
845 4036 943 4089 nisi
969 4036 1078 4106 ipsa
1105 4034 1224 4091 luce
1247 4035 1476 4092 fuissent
1499 4038 1751 4106 clariora,

166 4127 227 4180 illi
250 4141 391 4185 certe
416 4146 482 4184 ea
508 4127 852 4200 prmdieando
882 4130 933 4184 in
960 4145 1248 4186 commune
1272 4130 1547 4186 hominum
1570 4131 1752 4186 odium

167 4221 317 4277 roluis
346 4232 442 4279 ent
471 4224 644 4293 gratis
671 4224 968 4279 incurrere.
1002 4225 1065 4279 Et
1091 4240 1223 4279 sane
1258 4225 1303 4280 si
1330 4225 1460 4280 falsa
1498 4225 1604 4281 sint
1638 4225 1754 4281 It.ec

170 4312 428 4381 miracula,
459 4331 602 4384 qua,
637 4331 851 4386 quzcso,
884 4315 1027 4371 fatali
1056 4316 1465 4387 desperatione,
1497 4329 1753 4388 certoque

170 4407 339 4476 rapitis
370 4409 617 4478 periculo
637 4451 651 4475 ,
688 4425 717 4462 a
740 4407 957 4464 Cliristi-
982 4410 1262 4481 discipulis
1294 4411 1561 4480 publicata
1590 4421 1751 4480 sunt,

166 4501 218 4552 a‘c
237 4499 527 4557 christiana
570 4501 757 4571 religio
794 4501 856 4556 iis
887 4502 1122 4558 stabilita
1157 4518 1222 4558 ac
1259 4502 1597 4569 conﬁrmata,
1629 4505 1752 4560 bre-

167 4592 368 4649 vissimo
396 4605 644 4666 tempore
676 4597 726 4649 in
760 4605 870 4650 toto
898 4604 1160 4650 terrarum
1194 4596 1328 4651 orbe
1353 4605 1601 4667 suscepta
1629 4597 1751 4652 est?
1776 4564 1830 4624 D

226 4685 409 4741 Nullus
452 4703 585 4741 vero
628 4687 733 4742 nisi
772 4686 1157 4742 absurdissima
1188 4687 1369 4743 dicere
1395 4704 1625 4760 unquam
1657 4704 1753 4759 po-

169 4780 253 4831 tuit
292 4778 408 4857 hare
438 4779 633 4833 eadem
677 4778 932 4833 miracula
972 4795 1001 4833 a
1050 4768 1407 4850 scriptoribus
1438 4781 1637 4835 nostris
1661 4788 1754 4835 aut

169 4873 343 4942 scripta
405 4872 774 4938 mendaciter,
826 4879 920 4925 aut
974 4871 1195 4926 nimium
1263 4882 1569 4943 exagerata.
1633 4871 1750 4928 Non

168 4964 291 5017 enim
332 4965 513 5019 omnia
547 4964 745 5019 litteris
773 4972 827 5018 et
867 4965 1143 5019 memoriae
1184 4964 1594 5029 mandaverant,
1628 4980 1749 5035 quae

167 5058 394 5113 ethnicos
434 5060 488 5114 in
522 5058 781 5128 majorem
814 5057 1254 5123 admirationem,
1285 5057 1367 5113 vel
1406 5058 1750 5114 incredulita-

170 5152 261 5201 tein
286 5148 555 5205 adducere
581 5157 846 5218 poterant.
872 5149 926 5204 Si
950 5165 1070 5220 quae
1098 5163 1228 5204 vero
1251 5150 1448 5221 scripta
1470 5161 1746 5220 corrupta,

172 5250 251 5292 aut
276 5240 574 5297 adulterata
600 5251 906 5307 occurrant,
935 5239 1039 5297 hoc
1065 5241 1331 5297 Arnobius
1360 5242 1749 5299 malevolentiae

170 5331 405 5389 adscribit
444 5336 783 5399 dmmonum,
834 5336 926 5407 qui
976 5334 1057 5389 his
1097 5335 1570 5405 depravationibus
1620 5350 1748 5392 vere

172 5441 421 5496 gestorum
457 5432 713 5486 volebant
744 5433 1016 5487 infirmare
1043 5433 1345 5488 veritatem.
1376 5435 1445 5487 At
1468 5448 1598 5488 sane
1628 5449 1747 5505 quae

174 5525 425 5580 nostrisin
469 5527 617 5581 libris
645 5526 713 5581 de
747 5523 963 5581 Christo
999 5525 1197 5594 scripta
1242 5525 1424 5592 fuere,
1473 5536 1578 5580 tam
1622 5543 1749 5583 vera

173 5626 297 5676 sunt,
327 5633 486 5692 quam
522 5618 654 5674 falsa
685 5634 806 5689 qua:
833 5619 1063 5689 gentiles
1090 5619 1158 5673 de
1183 5616 1284 5672 diis
1315 5618 1426 5674 suis
1456 5618 1744 5675 tradidere.

231 5704 330 5760 Sed
362 5717 564 5775 nostra,
596 5711 861 5779 urgebant
890 5710 987 5777 illi,
1011 5710 1211 5781 scripta
1239 5709 1564 5781 antiquiora,
1587 5721 1747 5783 atque

170 5796 351 5856 idcirco
381 5806 587 5861 veriora
636 5817 781 5863 sunt.
825 5805 990 5873 Quasi
1040 5820 1193 5876 vero,
1227 5805 1301 5862 ait
1336 5804 1638 5875 Arnobius,
1683 5822 1747 5865 ea

1864 3206 2092 3253 mortem
2118 3197 2289 3252 obire.
2313 3196 2422 3251 Cur
2451 3211 2580 3252 vero
2603 3196 2888 3251 humanam
2916 3195 3092 3264 petius
3112 3208 3272 3265 quam
3293 3193 3454 3248 aliam

1863 3303 2111 3347 naturam
2159 3293 2465 3361 acceperit,
2509 3291 2739 3346 latentes
2782 3278 3054 3344 Arnobius
3101 3287 3297 3342 fatetur
3339 3300 3461 3341 esse

1862 3399 2075 3451 causas,
2107 3399 2240 3455 quas
2268 3383 2535 3438 obstinata
2564 3383 2844 3454 gentilium
2872 3380 3220 3436 incredulitas
3249 3394 3312 3433 ac
3341 3393 3462 3450 per-

1861 3479 2059 3534 vicacia
2092 3478 2347 3549 explicari
2380 3493 2485 3532 non
2520 3478 2751 3532 sinebat.

1936 3572 2001 3625 At
2037 3571 2087 3624 hi
2120 3585 2331 3625 rursum
2382 3568 2709 3639 objiciebant
2753 3567 3068 3623 incredibile
3115 3581 3364 3636 prorsus,
3394 3579 3461 3620 ac

1859 3663 2153 3719 Cimmeriis
2185 3664 2424 3719 tenebris
2453 3663 2736 3718 obscurius
2775 3676 2933 3730 esse,
2975 3661 3248 3717 Christum
3290 3661 3458 3716 Deum

1859 3768 1914 3813 et
1944 3757 2216 3814 hominem
2250 3757 2483 3813 humana
2517 3765 2724 3811 tantum
2753 3765 2942 3811 natura
2970 3756 3162 3818 visum,
3192 3740 3461 3825 patibulo;

1860 3868 1965 3923 que
1995 3852 2227 3906 adfixum
2268 3852 2431 3904 vitam
2460 3849 2719 3905 finivisse.
2750 3847 2855 3904 Sed
2900 3847 3071 3903 futilis
3107 3857 3217 3913 est,
3252 3848 3327 3901 ait
3352 3851 3459 3902 Ar-

1858 3944 2075 4009 nobius,
2110 3945 2222 3998 hinc
2252 3943 2579 4014 redargutio.
2605 3941 2737 3996 Nam
2765 3941 2809 3996 si
2836 3940 3059 4013 Sibylla,
3092 3940 3271 4015 Bacis,
3299 3939 3459 3995 Hele-

1861 4052 1997 4099 nus,
2044 4036 2300 4104 Martius,
2361 4036 2561 4107 aliique
2621 4032 2936 4090 eorumdem
2984 4032 3261 4101 gentilium
3312 4042 3462 4088 vates

1861 4129 2023 4197 impie
2044 4121 2480 4191 occisi'fuisscnt,
2508 4125 2764 4197 numquid
2790 4125 2864 4188 hi,
2889 4126 2941 4179 in
2964 4125 3158 4195 quibus
3178 4124 3308 4180 deos
3330 4141 3458 4181 suos

1858 4222 2067 4277 locutos
2095 4236 2218 4277 esse
2245 4221 2671 4289 arbitrabantur,
2703 4236 2798 4275 sua
2829 4230 3047 4292 propter
3073 4219 3279 4274 scelera
3306 4219 3455 4274 occi-

1857 4330 1947 4372 sos
1968 4316 2243 4371 dicerent?
2269 4312 2535 4370 Caeterum
2559 4328 2704 4368 mors
2723 4310 2946 4377 Christi,
2968 4312 3139 4383 pergit
3166 4311 3455 4387 Arnobius,

1858 4408 1926 4461 ad
1953 4409 2143 4479 sumpti
2184 4407 2405 4462 hominis
2449 4407 2579 4476 fuit,
2611 4423 2713 4460 non
2743 4406 2944 4476 ipsius;
2975 4404 3272 4477 gestaminis
3291 4447 3306 4471 ,
3355 4421 3458 4458 non

1858 4502 2122 4575 gestantis.
2150 4500 2312 4555 Addit
2338 4514 2469 4554 vero
2503 4514 2623 4553 eum
2664 4499 2921 4552 altissima
2952 4506 3169 4568 propter
3200 4497 3459 4569 mysteria

1857 4603 2052 4665 Sponte
2092 4608 2186 4648 sua
2231 4603 2541 4658 mortuum;
2574 4590 3006 4662 quandoquidem
3052 4591 3157 4657 illi,
3185 4605 3350 4661 aquo
3378 4598 3457 4646 tot

1856 4686 1992 4741 facta
2037 4687 2250 4741 fuerant
2296 4684 2583 4749 miracula,
2633 4684 2813 4739 nullus
2860 4683 2941 4738 vel
2987 4683 3261 4738 minimam
3307 4681 3451 4750 vim,

1856 4780 2027 4835 multo
2052 4781 2230 4835 minus
2255 4779 2518 4834 violentas
2546 4792 2736 4832 manus
2762 4776 2974 4833 adferre
2995 4792 3227 4848 unquam
3257 4776 3452 4847 potuit.

1855 4873 2104 4929 Christus
2136 4875 2311 4942 itaque
2342 4872 2407 4926 ad
2439 4870 2712 4925 sanandos
2742 4870 3178 4940 erudiendosque
3208 4870 3455 4924 homines

1856 4972 2003 5020 tanta
2032 4964 2269 5032 lenitate,
2304 4975 2501 5036 quanta
2543 4964 2791 5019 libertate
2819 4978 3007 5034 passus
3038 4973 3120 5018 est
3149 4978 3208 5019 se
3249 4963 3316 5018 ab
3348 4963 3451 5016 im-

1857 5058 1959 5128 piis
1985 5057 2175 5113 occidi.
2222 5042 2225 5045 ἢ

1925 5150 2262 5223 Quapropter
2287 5152 2555 5207 Arnobius
2583 5150 2780 5207 acriter
2806 5149 3028 5221 corripit
3053 5150 3327 5215 ethnicos,
3359 5148 3449 5217 qui

1855 5245 2069 5299 tametsi
2098 5244 2339 5316 tyrannis
2381 5246 2526 5299 omni
2571 5243 2865 5313 impietatis
2899 5258 2961 5298 ac
3002 5242 3225 5298 sceleris
3249 5254 3452 5312 genere

1853 5340 2233 5397 contaminatis
2262 5340 2474 5396 divinos
2502 5340 2781 5396 deferrent
2809 5340 3077 5403 honores,
3108 5346 3162 5392 et
3191 5336 3448 5390 libroruin

1851 5437 2193 5493 satiricorum
2244 5445 2493 5491 auctores
2537 5434 2764 5489 suminis
2807 5432 3052 5487 laudibus
3095 5428 3447 5496 extollerent,

1853 5531 2225 5601 donarentque
2271 5532 2498 5592 statuis;
2532 5528 2705 5583 solum
2748 5524 3095 5581 nihilominus
3137 5522 3449 5589 Christum,

1854 5640 2033 5680 rerum
2075 5625 2425 5677 maximarum
2469 5636 2532 5676 ac
2571 5619 2802 5674 maxime
2844 5616 3156 5671 salutarium
3205 5614 3450 5669 nuntium

1854 5716 2189 5786 iniquissimo
2234 5721 2393 5784 atque
2433 5710 2753 5782 implaeabili
2798 5708 2922 5763 odio
2966 5706 3446 5778 persequebantur.

1852 5806 1990 5876 Quid
2020 5809 2161 5863 enim
2192 5806 2428 5876 iniquius
2458 5815 2509 5860 et
2538 5802 2830 5869 crudelius,
2857 5816 3019 5872 quam
3049 5800 3304 5858 virtutum
3332 5814 3449 5858 etn-
