  <div class='ocr_page' id='page_1' title='image "/cluster/home/n/w/nwhite01/storage/ocr_20150623/5/hvd.32044015466758/189.png"; bbox 0 0 3904 6316; ppageno 0'>
   <div class='ocr_carea' id='block_1_1' title="bbox 425 276 526 334">
    <p class='ocr_par' dir='ltr' id='par_1_1' title="bbox 425 276 526 334">
     <span class='ocr_line' id='line_1_1' title="bbox 425 276 526 334; baseline -0.04 0"><span class='ocrx_word' id='word_1_1' title='bbox 425 276 526 334; x_wconf 70' lang='grc'><strong>371</strong></span> 
     </span>
    </p>
   </div>
   <div class='ocr_carea' id='block_1_2' title="bbox 1681 260 2453 341">
    <p class='ocr_par' dir='ltr' id='par_1_2' title="bbox 1681 260 2453 341">
     <span class='ocr_line' id='line_1_2' title="bbox 1681 260 2453 341; baseline 0.001 -3"><span class='ocrx_word' id='word_1_2' title='bbox 1681 260 2135 339; x_wconf 67' lang='grc' dir='ltr'><strong>ῡιεείξητΑτιο</strong></span> <span class='ocrx_word' id='word_1_3' title='bbox 2177 271 2453 341; x_wconf 66' lang='grc' dir='ltr'><strong>ριυεγιΑ</strong></span> 
     </span>
    </p>
   </div>
   <div class='ocr_carea' id='block_1_3' title="bbox 3595 301 3685 358">
    <p class='ocr_par' dir='ltr' id='par_1_3' title="bbox 3595 301 3685 358">
     <span class='ocr_line' id='line_1_3' title="bbox 3595 301 3685 358; baseline 0.022 -2"><span class='ocrx_word' id='word_1_4' title='bbox 3595 301 3685 358; x_wconf 73' lang='grc'><strong>372</strong></span> 
     </span>
    </p>
   </div>
   <div class='ocr_carea' id='block_1_4' title="bbox 419 395 3679 496">
    <p class='ocr_par' dir='ltr' id='par_1_4' title="bbox 419 395 3679 496">
     <span class='ocr_line' id='line_1_4' title="bbox 419 395 3679 496; baseline 0.009 -44"><span class='ocrx_word' id='word_1_5' title='bbox 419 397 572 453; x_wconf 90' lang='lat' dir='ltr'><strong>nium</strong></span> <span class='ocrx_word' id='word_1_6' title='bbox 600 395 915 464; x_wconf 87' lang='lat' dir='ltr'><strong>dominum,</strong></span> <span class='ocrx_word' id='word_1_7' title='bbox 945 399 1239 470; x_wconf 79' lang='lat' dir='ltr'><strong>murtisque</strong></span> <span class='ocrx_word' id='word_1_8' title='bbox 1277 399 1636 458; x_wconf 61' lang='lat' dir='ltr'><strong>extinctorem</strong></span> <span class='ocrx_word' id='word_1_9' title='bbox 1677 401 1824 459; x_wconf 89' lang='lat' dir='ltr'><strong>bello</strong></span> <span class='ocrx_word' id='word_1_10' title='bbox 1863 417 2018 460; x_wconf 87' lang='lat' dir='ltr'><strong>acer-</strong></span> <span class='ocrx_word' id='word_1_11' title='bbox 2047 432 2100 496; x_wconf 64' lang='grc' dir='ltr'><strong>Α</strong></span> <span class='ocrx_word' id='word_1_12' title='bbox 2125 404 2205 459; x_wconf 91' lang='lat' dir='ltr'><strong>vis</strong></span> <span class='ocrx_word' id='word_1_13' title='bbox 2243 403 2404 462; x_wconf 89' lang='lat' dir='ltr'><strong>homo</strong></span> <span class='ocrx_word' id='word_1_14' title='bbox 2443 407 2552 464; x_wconf 91' lang='lat' dir='ltr'><strong>veri</strong></span> <span class='ocrx_word' id='word_1_15' title='bbox 2593 409 2794 484; x_wconf 89' lang='lat' dir='ltr'><strong>aliquid</strong></span> <span class='ocrx_word' id='word_1_16' title='bbox 2835 427 3220 488; x_wconf 85' lang='lat' dir='ltr'><strong>nonnunquam</strong></span> <span class='ocrx_word' id='word_1_17' title='bbox 3251 419 3679 495; x_wconf 82' lang='lat' dir='ltr'><strong>pronuntiaverit,</strong></span> 
     </span>
    </p>
   </div>
   <div class='ocr_carea' id='block_1_5' title="bbox 417 489 2018 567">
    <p class='ocr_par' dir='ltr' id='par_1_5' title="bbox 417 489 2018 567">
     <span class='ocr_line' id='line_1_5' title="bbox 417 489 2018 567; baseline 0.002 -19"><span class='ocrx_word' id='word_1_18' title='bbox 417 489 648 548; x_wconf 84' lang='lat' dir='ltr'><strong>bissimo</strong></span> <span class='ocrx_word' id='word_1_19' title='bbox 676 505 892 562; x_wconf 81' lang='lat' dir='ltr'><strong>semper</strong></span> <span class='ocrx_word' id='word_1_20' title='bbox 925 492 1200 550; x_wconf 78' lang='lat' dir='ltr'><strong>lacessere</strong></span> <span class='ocrx_word' id='word_1_21' title='bbox 1219 537 1235 561; x_wconf 92' lang='lat'><strong>,</strong></span> <span class='ocrx_word' id='word_1_22' title='bbox 1264 495 1356 565; x_wconf 89' lang='lat' dir='ltr'><strong>qui</strong></span> <span class='ocrx_word' id='word_1_23' title='bbox 1387 495 1648 567; x_wconf 81' lang='lat' dir='ltr'><strong>permissa</strong></span> <span class='ocrx_word' id='word_1_24' title='bbox 1687 494 1862 554; x_wconf 83' lang='lat' dir='ltr'><strong>morte</strong></span> <span class='ocrx_word' id='word_1_25' title='bbox 1889 514 1982 554; x_wconf 89' lang='lat' dir='ltr'><strong>sua</strong></span> <span class='ocrx_word' id='word_1_26' title='bbox 2003 543 2018 567; x_wconf 89' lang='lat'><strong>,</strong></span> 
     </span>
    </p>
   </div>
   <div class='ocr_carea' id='block_1_6' title="bbox 423 583 2022 662">
    <p class='ocr_par' dir='ltr' id='par_1_6' title="bbox 423 583 2022 662">
     <span class='ocr_line' id='line_1_6' title="bbox 423 583 2022 662; baseline 0.003 -21"><span class='ocrx_word' id='word_1_27' title='bbox 423 591 630 641; x_wconf 81' lang='lat' dir='ltr'><strong>certam</strong></span> <span class='ocrx_word' id='word_1_28' title='bbox 660 583 728 640; x_wconf 90' lang='lat' dir='ltr'><strong>de</strong></span> <span class='ocrx_word' id='word_1_29' title='bbox 757 583 932 640; x_wconf 77' lang='lat' dir='ltr'><strong>futura</strong></span> <span class='ocrx_word' id='word_1_30' title='bbox 971 585 1274 642; x_wconf 86' lang='lat' dir='ltr'><strong>animarum</strong></span> <span class='ocrx_word' id='word_1_31' title='bbox 1303 595 1608 644; x_wconf 91' lang='lat' dir='ltr'><strong>nostrarum</strong></span> <span class='ocrx_word' id='word_1_32' title='bbox 1636 587 1831 658; x_wconf 88' lang='lat' dir='ltr'><strong>salute,</strong></span> <span class='ocrx_word' id='word_1_33' title='bbox 1863 591 1907 647; x_wconf 89' lang='lat' dir='ltr'><strong>si</strong></span> <span class='ocrx_word' id='word_1_34' title='bbox 1935 591 2022 662; x_wconf 89' lang='lat' dir='ltr'><strong>pie</strong></span> 
     </span>
    </p>
   </div>
   <div class='ocr_carea' id='block_1_7' title="bbox 412 675 1378 748">
    <p class='ocr_par' dir='ltr' id='par_1_7' title="bbox 412 675 1378 748">
     <span class='ocr_line' id='line_1_7' title="bbox 412 675 1378 748; baseline 0.003 -17"><span class='ocrx_word' id='word_1_35' title='bbox 412 675 734 746; x_wconf 78' lang='lat' dir='ltr'><strong>vixerimus,</strong></span> <span class='ocrx_word' id='word_1_36' title='bbox 756 689 909 748; x_wconf 83' lang='lat' dir='ltr'><strong>spem</strong></span> <span class='ocrx_word' id='word_1_37' title='bbox 929 679 1182 736; x_wconf 89' lang='lat' dir='ltr'><strong>omnibus</strong></span> <span class='ocrx_word' id='word_1_38' title='bbox 1205 676 1378 737; x_wconf 75' lang='lat' dir='ltr'><strong>fecit?</strong></span> 
     </span>
    </p>
   </div>
   <div class='ocr_carea' id='block_1_8' title="bbox 1031 821 1424 865">
    <p class='ocr_par' dir='ltr' id='par_1_8' title="bbox 1031 821 1424 865">
     <span class='ocr_line' id='line_1_8' title="bbox 1031 821 1424 865; baseline 0 -5"><span class='ocrx_word' id='word_1_39' title='bbox 1031 821 1328 865; x_wconf 74' lang='grc' dir='ltr'><strong>Αιιτιουισε</strong></span> <span class='ocrx_word' id='word_1_40' title='bbox 1365 823 1424 864; x_wconf 80' lang='grc' dir='ltr'><strong>ιι.</strong></span> 
     </span>
    </p>
   </div>
   <div class='ocr_carea' id='block_1_9' title="bbox 917 915 1524 984">
    <p class='ocr_par' dir='ltr' id='par_1_9' title="bbox 917 915 1524 984">
     <span class='ocr_line' id='line_1_9' title="bbox 917 915 1524 984; baseline 0.01 -16"><span class='ocrx_word' id='word_1_41' title='bbox 917 915 1142 984; x_wconf 79' lang='lat' dir='ltr'><strong>Analysis</strong></span> <span class='ocrx_word' id='word_1_42' title='bbox 1161 920 1278 972; x_wconf 82' lang='lat' dir='ltr'><strong>libri</strong></span> <span class='ocrx_word' id='word_1_43' title='bbox 1301 922 1524 976; x_wconf 77' lang='lat' dir='ltr'><strong>secundi.</strong></span> 
     </span>
    </p>
   </div>
   <div class='ocr_carea' id='block_1_10' title="bbox 493 1039 2023 1119">
    <p class='ocr_par' dir='ltr' id='par_1_10' title="bbox 493 1039 2023 1119">
     <span class='ocr_line' id='line_1_10' title="bbox 493 1039 2023 1119; baseline 0.012 -24"><span class='ocrx_word' id='word_1_44' title='bbox 493 1039 665 1097; x_wconf 83' lang='lat' dir='ltr'><strong>Petita</strong></span> <span class='ocrx_word' id='word_1_45' title='bbox 687 1055 722 1097; x_wconf 83' lang='lat' dir='ltr'><strong>a</strong></span> <span class='ocrx_word' id='word_1_46' title='bbox 747 1044 1028 1114; x_wconf 78' lang='lat' dir='ltr'><strong>preposito</strong></span> <span class='ocrx_word' id='word_1_47' title='bbox 1056 1059 1346 1117; x_wconf 84' lang='lat' dir='ltr'><strong>parumper</strong></span> <span class='ocrx_word' id='word_1_48' title='bbox 1373 1046 1686 1109; x_wconf 82' lang='lat' dir='ltr'><strong>discedendi</strong></span> <span class='ocrx_word' id='word_1_49' title='bbox 1715 1055 1889 1119; x_wconf 82' lang='lat' dir='ltr'><strong>venia,</strong></span> <span class='ocrx_word' id='word_1_50' title='bbox 1924 1054 2023 1112; x_wconf 68' lang='lat' dir='ltr'><strong>hr-</strong></span> 
     </span>
    </p>
   </div>
   <div class='ocr_carea' id='block_1_11' title="bbox 420 1134 2022 1219">
    <p class='ocr_par' dir='ltr' id='par_1_11' title="bbox 420 1134 2022 1219">
     <span class='ocr_line' id='line_1_11' title="bbox 420 1134 2022 1219; baseline 0.011 -29"><span class='ocrx_word' id='word_1_51' title='bbox 420 1134 620 1191; x_wconf 85' lang='lat' dir='ltr'><strong>nobius</strong></span> <span class='ocrx_word' id='word_1_52' title='bbox 642 1136 712 1193; x_wconf 91' lang='lat' dir='ltr'><strong>ab</strong></span> <span class='ocrx_word' id='word_1_53' title='bbox 739 1136 973 1196; x_wconf 75' lang='lat' dir='ltr'><strong>ethnicis</strong></span> <span class='ocrx_word' id='word_1_54' title='bbox 1014 1141 1238 1212; x_wconf 89' lang='lat' dir='ltr'><strong>inquirit</strong></span> <span class='ocrx_word' id='word_1_55' title='bbox 1276 1159 1378 1215; x_wconf 91' lang='lat' dir='ltr'><strong>qua</strong></span> <span class='ocrx_word' id='word_1_56' title='bbox 1417 1145 1485 1200; x_wconf 90' lang='lat' dir='ltr'><strong>de</strong></span> <span class='ocrx_word' id='word_1_57' title='bbox 1524 1162 1686 1203; x_wconf 89' lang='lat' dir='ltr'><strong>causa</strong></span> <span class='ocrx_word' id='word_1_58' title='bbox 1715 1137 2022 1219; x_wconf 80' lang='lat' dir='ltr'><strong>Chrisnim,</strong></span> 
     </span>
    </p>
   </div>
   <div class='ocr_carea' id='block_1_12' title="bbox 421 1227 2027 1309">
    <p class='ocr_par' dir='ltr' id='par_1_12' title="bbox 421 1227 2027 1309">
     <span class='ocr_line' id='line_1_12' title="bbox 421 1227 2027 1309; baseline 0.011 -27"><span class='ocrx_word' id='word_1_59' title='bbox 421 1227 622 1284; x_wconf 79' lang='lat' dir='ltr'><strong>nullius</strong></span> <span class='ocrx_word' id='word_1_60' title='bbox 664 1229 715 1284; x_wconf 92' lang='lat' dir='ltr'><strong>in</strong></span> <span class='ocrx_word' id='word_1_61' title='bbox 745 1244 842 1285; x_wconf 92' lang='lat' dir='ltr'><strong>eos</strong></span> <span class='ocrx_word' id='word_1_62' title='bbox 885 1233 1088 1302; x_wconf 77' lang='lat' dir='ltr'><strong>peccati</strong></span> <span class='ocrx_word' id='word_1_63' title='bbox 1131 1249 1315 1304; x_wconf 87' lang='lat' dir='ltr'><strong>reum,</strong></span> <span class='ocrx_word' id='word_1_64' title='bbox 1355 1237 1426 1293; x_wconf 89' lang='lat' dir='ltr'><strong>ita</strong></span> <span class='ocrx_word' id='word_1_65' title='bbox 1451 1235 1697 1309; x_wconf 84' lang='lat' dir='ltr'><strong>oderint,</strong></span> <span class='ocrx_word' id='word_1_66' title='bbox 1746 1247 1804 1297; x_wconf 89' lang='lat' dir='ltr'><strong>ut</strong></span> <span class='ocrx_word' id='word_1_67' title='bbox 1843 1243 2027 1299; x_wconf 92' lang='lat' dir='ltr'><strong>audito</strong></span> 
     </span>
    </p>
   </div>
   <div class='ocr_carea' id='block_1_13' title="bbox 419 1323 2028 1401">
    <p class='ocr_par' dir='ltr' id='par_1_13' title="bbox 419 1323 2028 1401">
     <span class='ocr_line' id='line_1_13' title="bbox 419 1323 2028 1401; baseline 0.012 -25"><span class='ocrx_word' id='word_1_68' title='bbox 419 1330 634 1378; x_wconf 82' lang='lat' dir='ltr'><strong>tantum</strong></span> <span class='ocrx_word' id='word_1_69' title='bbox 666 1323 811 1380; x_wconf 89' lang='lat' dir='ltr'><strong>illius</strong></span> <span class='ocrx_word' id='word_1_70' title='bbox 835 1327 1084 1395; x_wconf 81' lang='lat' dir='ltr'><strong>nomine,</strong></span> <span class='ocrx_word' id='word_1_71' title='bbox 1115 1330 1192 1385; x_wconf 88' lang='lat' dir='ltr'><strong>ira</strong></span> <span class='ocrx_word' id='word_1_72' title='bbox 1226 1331 1470 1401; x_wconf 76' lang='lat' dir='ltr'><strong>protinus</strong></span> <span class='ocrx_word' id='word_1_73' title='bbox 1511 1337 1926 1394; x_wconf 90' lang='lat' dir='ltr'><strong>excandescant.</strong></span> <span class='ocrx_word' id='word_1_74' title='bbox 1957 1339 2028 1396; x_wconf 86' lang='lat' dir='ltr'><strong>At</strong></span> 
     </span>
    </p>
   </div>
   <div class='ocr_carea' id='block_1_14' title="bbox 422 1421 2026 1502">
    <p class='ocr_par' dir='ltr' id='par_1_14' title="bbox 422 1421 2026 1502">
     <span class='ocr_line' id='line_1_14' title="bbox 422 1421 2026 1502; baseline 0.009 -25"><span class='ocrx_word' id='word_1_75' title='bbox 422 1421 520 1477; x_wconf 89' lang='lat' dir='ltr'><strong>ille</strong></span> <span class='ocrx_word' id='word_1_76' title='bbox 545 1436 678 1478; x_wconf 84' lang='lat' dir='ltr'><strong>sane</strong></span> <span class='ocrx_word' id='word_1_77' title='bbox 716 1423 932 1480; x_wconf 89' lang='lat' dir='ltr'><strong>etiamsi</strong></span> <span class='ocrx_word' id='word_1_78' title='bbox 957 1426 1042 1482; x_wconf 87' lang='lat' dir='ltr'><strong>cui</strong></span> <span class='ocrx_word' id='word_1_79' title='bbox 1085 1423 1358 1494; x_wconf 83' lang='lat' dir='ltr'><strong>credatur,</strong></span> <span class='ocrx_word' id='word_1_80' title='bbox 1386 1429 1580 1502; x_wconf 89' lang='lat' dir='ltr'><strong>dignus</strong></span> <span class='ocrx_word' id='word_1_81' title='bbox 1608 1448 1715 1488; x_wconf 91' lang='lat' dir='ltr'><strong>non</strong></span> <span class='ocrx_word' id='word_1_82' title='bbox 1746 1444 1928 1502; x_wconf 85' lang='lat' dir='ltr'><strong>esset;</strong></span> <span class='ocrx_word' id='word_1_83' title='bbox 1961 1453 2026 1490; x_wconf 90' lang='lat' dir='ltr'><strong>eo</strong></span> 
     </span>
    </p>
   </div>
   <div class='ocr_carea' id='block_1_15' title="bbox 427 1517 2025 1595">
    <p class='ocr_par' dir='ltr' id='par_1_15' title="bbox 427 1517 2025 1595">
     <span class='ocr_line' id='line_1_15' title="bbox 427 1517 2025 1595; baseline 0.008 -24"><span class='ocrx_word' id='word_1_84' title='bbox 427 1523 608 1571; x_wconf 85' lang='lat' dir='ltr'><strong>tamen</strong></span> <span class='ocrx_word' id='word_1_85' title='bbox 633 1517 751 1586; x_wconf 91' lang='lat' dir='ltr'><strong>ipso</strong></span> <span class='ocrx_word' id='word_1_86' title='bbox 772 1529 876 1574; x_wconf 91' lang='lat' dir='ltr'><strong>non</strong></span> <span class='ocrx_word' id='word_1_87' title='bbox 901 1517 1311 1590; x_wconf 85' lang='lat' dir='ltr'><strong>adspernandus</strong></span> <span class='ocrx_word' id='word_1_88' title='bbox 1331 1530 1468 1587; x_wconf 89' lang='lat' dir='ltr'><strong>erat,</strong></span> <span class='ocrx_word' id='word_1_89' title='bbox 1489 1523 1630 1595; x_wconf 91' lang='lat' dir='ltr'><strong>quod</strong></span> <span class='ocrx_word' id='word_1_90' title='bbox 1653 1529 1862 1582; x_wconf 87' lang='lat' dir='ltr'><strong>cunctis</strong></span> <span class='ocrx_word' id='word_1_91' title='bbox 1885 1529 2025 1583; x_wconf 88' lang='lat' dir='ltr'><strong>viam</strong></span> 
     </span>
    </p>
   </div>
   <div class='ocr_carea' id='block_1_16' title="bbox 427 1605 2024 1676">
    <p class='ocr_par' dir='ltr' id='par_1_16' title="bbox 427 1605 2024 1676">
     <span class='ocr_line' id='line_1_16' title="bbox 427 1605 2024 1676; baseline 0.009 -15"><span class='ocrx_word' id='word_1_92' title='bbox 427 1605 497 1662; x_wconf 86' lang='lat' dir='ltr'><strong>ad</strong></span> <span class='ocrx_word' id='word_1_93' title='bbox 537 1609 736 1664; x_wconf 66' lang='lat' dir='ltr'><strong>caelum</strong></span> <span class='ocrx_word' id='word_1_94' title='bbox 776 1615 831 1664; x_wconf 88' lang='lat' dir='ltr'><strong>et</strong></span> <span class='ocrx_word' id='word_1_95' title='bbox 871 1610 1083 1666; x_wconf 84' lang='lat' dir='ltr'><strong>beatam</strong></span> <span class='ocrx_word' id='word_1_96' title='bbox 1123 1611 1581 1672; x_wconf 85' lang='lat' dir='ltr'><strong>immortalitatem</strong></span> <span class='ocrx_word' id='word_1_97' title='bbox 1623 1616 2024 1676; x_wconf 78' lang='lat' dir='ltr'><strong>monstraverit.</strong></span> 
     </span>
    </p>
   </div>
   <div class='ocr_carea' id='block_1_17' title="bbox 429 1703 2028 1787">
    <p class='ocr_par' dir='ltr' id='par_1_17' title="bbox 429 1703 2028 1787">
     <span class='ocr_line' id='line_1_17' title="bbox 429 1703 2028 1787; baseline 0.008 -29"><span class='ocrx_word' id='word_1_98' title='bbox 429 1703 849 1774; x_wconf 80' lang='lat' dir='ltr'><strong>Respondebant</strong></span> <span class='ocrx_word' id='word_1_99' title='bbox 890 1707 1118 1777; x_wconf 79' lang='lat' dir='ltr'><strong>gentiles</strong></span> <span class='ocrx_word' id='word_1_100' title='bbox 1163 1707 1310 1764; x_wconf 92' lang='lat' dir='ltr'><strong>illum</strong></span> <span class='ocrx_word' id='word_1_101' title='bbox 1349 1717 1560 1766; x_wconf 86' lang='lat' dir='ltr'><strong>summo</strong></span> <span class='ocrx_word' id='word_1_102' title='bbox 1601 1713 1703 1770; x_wconf 89' lang='lat' dir='ltr'><strong>sibi</strong></span> <span class='ocrx_word' id='word_1_103' title='bbox 1744 1721 2028 1787; x_wconf 65' lang='lat' dir='ltr'><strong>promeres</strong></span> 
     </span>
    </p>
   </div>
   <div class='ocr_carea' id='block_1_18' title="bbox 427 1797 2030 1882">
    <p class='ocr_par' dir='ltr' id='par_1_18' title="bbox 427 1797 2030 1882">
     <span class='ocr_line' id='line_1_18' title="bbox 427 1797 2030 1882; baseline 0.008 -30"><span class='ocrx_word' id='word_1_104' title='bbox 427 1811 551 1853; x_wconf 86' lang='lat' dir='ltr'><strong>esse</strong></span> <span class='ocrx_word' id='word_1_105' title='bbox 578 1797 738 1864; x_wconf 91' lang='lat' dir='ltr'><strong>odio,</strong></span> <span class='ocrx_word' id='word_1_106' title='bbox 766 1800 890 1869; x_wconf 88' lang='lat' dir='ltr'><strong>quia</strong></span> <span class='ocrx_word' id='word_1_107' title='bbox 918 1815 1134 1857; x_wconf 91' lang='lat' dir='ltr'><strong>omnem</strong></span> <span class='ocrx_word' id='word_1_108' title='bbox 1175 1803 1397 1860; x_wconf 90' lang='lat' dir='ltr'><strong>deorum</strong></span> <span class='ocrx_word' id='word_1_109' title='bbox 1431 1807 1633 1864; x_wconf 92' lang='lat' dir='ltr'><strong>cultum</strong></span> <span class='ocrx_word' id='word_1_110' title='bbox 1653 1851 1668 1875; x_wconf 93' lang='lat'><strong>,</strong></span> <span class='ocrx_word' id='word_1_111' title='bbox 1703 1824 2030 1882; x_wconf 89' lang='lat' dir='ltr'><strong>omnemque</strong></span> 
     </span>
    </p>
   </div>
   <div class='ocr_carea' id='block_1_19' title="bbox 430 1887 2031 1969">
    <p class='ocr_par' dir='ltr' id='par_1_19' title="bbox 430 1887 2031 1969">
     <span class='ocr_line' id='line_1_19' title="bbox 430 1887 2031 1969; baseline 0.009 -27"><span class='ocrx_word' id='word_1_112' title='bbox 430 1887 696 1959; x_wconf 77' lang='lat' dir='ltr'><strong>majorum</strong></span> <span class='ocrx_word' id='word_1_113' title='bbox 744 1905 963 1946; x_wconf 90' lang='lat' dir='ltr'><strong>suorum</strong></span> <span class='ocrx_word' id='word_1_114' title='bbox 1011 1894 1326 1966; x_wconf 78' lang='lat' dir='ltr'><strong>religionem</strong></span> <span class='ocrx_word' id='word_1_115' title='bbox 1375 1907 1488 1952; x_wconf 91' lang='lat' dir='ltr'><strong>toto</strong></span> <span class='ocrx_word' id='word_1_116' title='bbox 1535 1900 1744 1969; x_wconf 85' lang='lat' dir='ltr'><strong>expulit</strong></span> <span class='ocrx_word' id='word_1_117' title='bbox 1789 1902 1857 1958; x_wconf 87' lang='lat' dir='ltr'><strong>ab</strong></span> <span class='ocrx_word' id='word_1_118' title='bbox 1899 1904 2031 1957; x_wconf 84' lang='lat' dir='ltr'><strong>orbe</strong></span> 
     </span>
    </p>
   </div>
   <div class='ocr_carea' id='block_1_20' title="bbox 428 1982 2027 2062">
    <p class='ocr_par' dir='ltr' id='par_1_20' title="bbox 428 1982 2027 2062">
     <span class='ocr_line' id='line_1_20' title="bbox 428 1982 2027 2062; baseline 0.008 -26"><span class='ocrx_word' id='word_1_119' title='bbox 428 1989 716 2036; x_wconf 89' lang='lat' dir='ltr'><strong>terrarum.</strong></span> <span class='ocrx_word' id='word_1_120' title='bbox 747 1982 979 2054; x_wconf 82' lang='lat' dir='ltr'><strong>Ergone,</strong></span> <span class='ocrx_word' id='word_1_121' title='bbox 1005 1987 1080 2041; x_wconf 91' lang='lat' dir='ltr'><strong>ait</strong></span> <span class='ocrx_word' id='word_1_122' title='bbox 1101 1985 1397 2056; x_wconf 77' lang='lat' dir='ltr'><strong>Arnobius,</strong></span> <span class='ocrx_word' id='word_1_123' title='bbox 1425 1989 1622 2062; x_wconf 87' lang='lat' dir='ltr'><strong>impius</strong></span> <span class='ocrx_word' id='word_1_124' title='bbox 1651 2003 1736 2050; x_wconf 91' lang='lat' dir='ltr'><strong>est</strong></span> <span class='ocrx_word' id='word_1_125' title='bbox 1761 1992 2027 2062; x_wconf 86' lang='lat' dir='ltr'><strong>Christus,</strong></span> 
     </span>
    </p>
   </div>
   <div class='ocr_carea' id='block_1_21' title="bbox 430 2073 2032 2161">
    <p class='ocr_par' dir='ltr' id='par_1_21' title="bbox 430 2073 2032 2161">
     <span class='ocr_line' id='line_1_21' title="bbox 430 2073 2032 2161; baseline 0.011 -34"><span class='ocrx_word' id='word_1_126' title='bbox 430 2075 523 2144; x_wconf 90' lang='lat' dir='ltr'><strong>qui</strong></span> <span class='ocrx_word' id='word_1_127' title='bbox 563 2073 727 2146; x_wconf 86' lang='lat' dir='ltr'><strong>impia</strong></span> <span class='ocrx_word' id='word_1_128' title='bbox 759 2077 1020 2149; x_wconf 88' lang='lat' dir='ltr'><strong>religione</strong></span> <span class='ocrx_word' id='word_1_129' title='bbox 1059 2094 1244 2137; x_wconf 87' lang='lat' dir='ltr'><strong>eversa</strong></span> <span class='ocrx_word' id='word_1_130' title='bbox 1268 2124 1282 2148; x_wconf 94' lang='lat'><strong>,</strong></span> <span class='ocrx_word' id='word_1_131' title='bbox 1325 2098 1511 2141; x_wconf 80' lang='lat' dir='ltr'><strong>veram</strong></span> <span class='ocrx_word' id='word_1_132' title='bbox 1549 2085 1782 2155; x_wconf 84' lang='lat' dir='ltr'><strong>induxit,</strong></span> <span class='ocrx_word' id='word_1_133' title='bbox 1828 2104 2032 2161; x_wconf 90' lang='lat' dir='ltr'><strong>nosque</strong></span> 
     </span>
    </p>
   </div>
   <div class='ocr_carea' id='block_1_22' title="bbox 429 2167 2033 2255">
    <p class='ocr_par' dir='ltr' id='par_1_22' title="bbox 429 2167 2033 2255">
     <span class='ocr_line' id='line_1_22' title="bbox 429 2167 2033 2255; baseline 0.011 -32"><span class='ocrx_word' id='word_1_134' title='bbox 429 2167 614 2225; x_wconf 91' lang='lat' dir='ltr'><strong>docuit</strong></span> <span class='ocrx_word' id='word_1_135' title='bbox 641 2170 818 2227; x_wconf 88' lang='lat' dir='ltr'><strong>solum</strong></span> <span class='ocrx_word' id='word_1_136' title='bbox 847 2187 1033 2230; x_wconf 87' lang='lat' dir='ltr'><strong>verum</strong></span> <span class='ocrx_word' id='word_1_137' title='bbox 1061 2176 1230 2233; x_wconf 91' lang='lat' dir='ltr'><strong>Deum</strong></span> <span class='ocrx_word' id='word_1_138' title='bbox 1261 2193 1382 2236; x_wconf 89' lang='lat' dir='ltr'><strong>esse</strong></span> <span class='ocrx_word' id='word_1_139' title='bbox 1408 2177 1718 2250; x_wconf 88' lang='lat' dir='ltr'><strong>colendum,</strong></span> <span class='ocrx_word' id='word_1_140' title='bbox 1746 2199 1906 2255; x_wconf 86' lang='lat' dir='ltr'><strong>quem</strong></span> <span class='ocrx_word' id='word_1_141' title='bbox 1937 2178 2033 2240; x_wconf 86' lang='lat' dir='ltr'><strong>bo-</strong></span> 
     </span>
    </p>
   </div>
   <div class='ocr_carea' id='block_1_23' title="bbox 431 2265 2032 2348">
    <p class='ocr_par' dir='ltr' id='par_1_23' title="bbox 431 2265 2032 2348">
     <span class='ocr_line' id='line_1_23' title="bbox 431 2265 2032 2348; baseline 0.011 -31"><span class='ocrx_word' id='word_1_142' title='bbox 431 2269 627 2319; x_wconf 85' lang='lat' dir='ltr'><strong>norum</strong></span> <span class='ocrx_word' id='word_1_143' title='bbox 652 2265 891 2321; x_wconf 89' lang='lat' dir='ltr'><strong>omnium</strong></span> <span class='ocrx_word' id='word_1_144' title='bbox 914 2265 1138 2336; x_wconf 73' lang='lat' dir='ltr'><strong>fontem,</strong></span> <span class='ocrx_word' id='word_1_145' title='bbox 1165 2282 1228 2326; x_wconf 84' lang='lat' dir='ltr'><strong>ac</strong></span> <span class='ocrx_word' id='word_1_146' title='bbox 1252 2283 1442 2328; x_wconf 87' lang='lat' dir='ltr'><strong>cuneta</strong></span> <span class='ocrx_word' id='word_1_147' title='bbox 1465 2289 1702 2344; x_wconf 88' lang='lat' dir='ltr'><strong>creasse,</strong></span> <span class='ocrx_word' id='word_1_148' title='bbox 1728 2287 1888 2348; x_wconf 90' lang='lat' dir='ltr'><strong>atque</strong></span> <span class='ocrx_word' id='word_1_149' title='bbox 1911 2279 2032 2334; x_wconf 90' lang='lat' dir='ltr'><strong>ideo</strong></span> 
     </span>
    </p>
   </div>
   <div class='ocr_carea' id='block_1_24' title="bbox 430 2359 1995 2426">
    <p class='ocr_par' dir='ltr' id='par_1_24' title="bbox 430 2359 1995 2426">
     <span class='ocr_line' id='line_1_24' title="bbox 430 2359 1995 2426; baseline 0.009 -14"><span class='ocrx_word' id='word_1_150' title='bbox 430 2371 622 2412; x_wconf 86' lang='lat' dir='ltr'><strong>revera</strong></span> <span class='ocrx_word' id='word_1_151' title='bbox 645 2359 910 2416; x_wconf 78' lang='lat' dir='ltr'><strong>exsistere</strong></span> <span class='ocrx_word' id='word_1_152' title='bbox 941 2364 1258 2420; x_wconf 75' lang='lat' dir='ltr'><strong>naturaliter</strong></span> <span class='ocrx_word' id='word_1_153' title='bbox 1285 2367 1488 2422; x_wconf 85' lang='lat' dir='ltr'><strong>scimus</strong></span> <span class='ocrx_word' id='word_1_154' title='bbox 1525 2377 1582 2424; x_wconf 92' lang='lat' dir='ltr'><strong>et</strong></span> <span class='ocrx_word' id='word_1_155' title='bbox 1609 2369 1995 2426; x_wconf 82' lang='lat' dir='ltr'><strong>testiﬁcamur?</strong></span> 
     </span>
    </p>
   </div>
   <div class='ocr_carea' id='block_1_25' title="bbox 503 2445 2036 2532">
    <p class='ocr_par' dir='ltr' id='par_1_25' title="bbox 503 2445 2036 2532">
     <span class='ocr_line' id='line_1_25' title="bbox 503 2445 2036 2532; baseline 0.01 -29"><span class='ocrx_word' id='word_1_156' title='bbox 503 2445 642 2504; x_wconf 80' lang='lat' dir='ltr'><strong>Tum</strong></span> <span class='ocrx_word' id='word_1_157' title='bbox 669 2448 831 2506; x_wconf 83' lang='lat' dir='ltr'><strong>dilata</strong></span> <span class='ocrx_word' id='word_1_158' title='bbox 853 2451 908 2506; x_wconf 90' lang='lat' dir='ltr'><strong>in</strong></span> <span class='ocrx_word' id='word_1_159' title='bbox 937 2453 1086 2509; x_wconf 87' lang='lat' dir='ltr'><strong>aliud</strong></span> <span class='ocrx_word' id='word_1_160' title='bbox 1113 2465 1328 2528; x_wconf 89' lang='lat' dir='ltr'><strong>tempus</strong></span> <span class='ocrx_word' id='word_1_161' title='bbox 1357 2457 1425 2514; x_wconf 90' lang='lat' dir='ltr'><strong>de</strong></span> <span class='ocrx_word' id='word_1_162' title='bbox 1450 2459 1614 2516; x_wconf 86' lang='lat' dir='ltr'><strong>variis</strong></span> <span class='ocrx_word' id='word_1_163' title='bbox 1639 2462 1921 2532; x_wconf 88' lang='lat' dir='ltr'><strong>gentilium</strong></span> <span class='ocrx_word' id='word_1_164' title='bbox 1943 2479 2036 2520; x_wconf 60' lang='lat' dir='ltr'><strong>su.</strong></span> 
     </span>
    </p>
   </div>
   <div class='ocr_carea' id='block_1_26' title="bbox 432 2543 2035 2628">
    <p class='ocr_par' dir='ltr' id='par_1_26' title="bbox 432 2543 2035 2628">
     <span class='ocr_line' id='line_1_26' title="bbox 432 2543 2035 2628; baseline 0.009 -29"><span class='ocrx_word' id='word_1_165' title='bbox 432 2543 847 2614; x_wconf 87' lang='lat' dir='ltr'><strong>perstitionibus</strong></span> <span class='ocrx_word' id='word_1_166' title='bbox 872 2547 1258 2620; x_wconf 88' lang='lat' dir='ltr'><strong>disputatione,</strong></span> <span class='ocrx_word' id='word_1_167' title='bbox 1284 2553 1522 2608; x_wconf 90' lang='lat' dir='ltr'><strong>ostendit</strong></span> <span class='ocrx_word' id='word_1_168' title='bbox 1544 2555 1790 2613; x_wconf 90' lang='lat' dir='ltr'><strong>ethnicos</strong></span> <span class='ocrx_word' id='word_1_169' title='bbox 1813 2573 2035 2628; x_wconf 88' lang='lat' dir='ltr'><strong>prorsus</strong></span> 
     </span>
    </p>
   </div>
   <div class='ocr_carea' id='block_1_27' title="bbox 437 2635 2031 2722">
    <p class='ocr_par' dir='ltr' id='par_1_27' title="bbox 437 2635 2031 2722">
     <span class='ocr_line' id='line_1_27' title="bbox 437 2635 2031 2722; baseline 0.009 -33"><span class='ocrx_word' id='word_1_170' title='bbox 437 2635 710 2692; x_wconf 89' lang='lat' dir='ltr'><strong>immerito</strong></span> <span class='ocrx_word' id='word_1_171' title='bbox 738 2637 940 2694; x_wconf 79' lang='lat' dir='ltr'><strong>ChriSti</strong></span> <span class='ocrx_word' id='word_1_172' title='bbox 969 2639 1125 2696; x_wconf 90' lang='lat' dir='ltr'><strong>dictis</strong></span> <span class='ocrx_word' id='word_1_173' title='bbox 1154 2659 1258 2698; x_wconf 91' lang='lat' dir='ltr'><strong>non</strong></span> <span class='ocrx_word' id='word_1_174' title='bbox 1303 2645 1560 2713; x_wconf 86' lang='lat' dir='ltr'><strong>credere,</strong></span> <span class='ocrx_word' id='word_1_175' title='bbox 1593 2647 2031 2722; x_wconf 89' lang='lat' dir='ltr'><strong>quandoquidem</strong></span> 
     </span>
    </p>
   </div>
   <div class='ocr_carea' id='block_1_28' title="bbox 437 2731 2036 2811">
    <p class='ocr_par' dir='ltr' id='par_1_28' title="bbox 437 2731 2036 2811">
     <span class='ocr_line' id='line_1_28' title="bbox 437 2731 2036 2811; baseline 0.01 -26"><span class='ocrx_word' id='word_1_176' title='bbox 437 2743 530 2796; x_wconf 88' lang='lat' dir='ltr'><strong>ea,</strong></span> <span class='ocrx_word' id='word_1_177' title='bbox 572 2745 692 2801; x_wconf 77' lang='lat' dir='ltr'><strong>qua:</strong></span> <span class='ocrx_word' id='word_1_178' title='bbox 722 2731 1035 2802; x_wconf 87' lang='lat' dir='ltr'><strong>pollicetur,</strong></span> <span class='ocrx_word' id='word_1_179' title='bbox 1069 2751 1130 2790; x_wconf 88' lang='lat' dir='ltr'><strong>se</strong></span> <span class='ocrx_word' id='word_1_180' title='bbox 1165 2733 1620 2811; x_wconf 78' lang='lat' dir='ltr'><strong>unquam&quot;reipsa</strong></span> <span class='ocrx_word' id='word_1_181' title='bbox 1651 2741 1902 2798; x_wconf 91' lang='lat' dir='ltr'><strong>daturum</strong></span> <span class='ocrx_word' id='word_1_182' title='bbox 1935 2760 2036 2800; x_wconf 91' lang='lat' dir='ltr'><strong>nos</strong></span> 
     </span>
    </p>
   </div>
   <div class='ocr_carea' id='block_1_29' title="bbox 437 2821 2037 2905">
    <p class='ocr_par' dir='ltr' id='par_1_29' title="bbox 437 2821 2037 2905">
     <span class='ocr_line' id='line_1_29' title="bbox 437 2821 2037 2905; baseline 0.011 -31"><span class='ocrx_word' id='word_1_183' title='bbox 437 2835 546 2876; x_wconf 92' lang='lat' dir='ltr'><strong>non</strong></span> <span class='ocrx_word' id='word_1_184' title='bbox 585 2821 878 2880; x_wconf 88' lang='lat' dir='ltr'><strong>convincit.</strong></span> <span class='ocrx_word' id='word_1_185' title='bbox 913 2824 981 2880; x_wconf 85' lang='lat' dir='ltr'><strong>At</strong></span> <span class='ocrx_word' id='word_1_186' title='bbox 1016 2825 1062 2880; x_wconf 91' lang='lat' dir='ltr'><strong>si</strong></span> <span class='ocrx_word' id='word_1_187' title='bbox 1091 2827 1272 2894; x_wconf 91' lang='lat' dir='ltr'><strong>nulla,</strong></span> <span class='ocrx_word' id='word_1_188' title='bbox 1316 2827 1490 2899; x_wconf 89' lang='lat' dir='ltr'><strong>inquit</strong></span> <span class='ocrx_word' id='word_1_189' title='bbox 1531 2831 1835 2902; x_wconf 83' lang='lat' dir='ltr'><strong>Arnobius,</strong></span> <span class='ocrx_word' id='word_1_190' title='bbox 1867 2835 2037 2905; x_wconf 83' lang='lat' dir='ltr'><strong>possit</strong></span> 
     </span>
    </p>
   </div>
   <div class='ocr_carea' id='block_1_30' title="bbox 437 2911 2038 2992">
    <p class='ocr_par' dir='ltr' id='par_1_30' title="bbox 437 2911 2038 2992">
     <span class='ocr_line' id='line_1_30' title="bbox 437 2911 2038 2992; baseline 0.009 -23"><span class='ocrx_word' id='word_1_191' title='bbox 437 2911 636 2970; x_wconf 73' lang='lat' dir='ltr'><strong>adferri</strong></span> <span class='ocrx_word' id='word_1_192' title='bbox 677 2913 980 2972; x_wconf 76' lang='lat' dir='ltr'><strong>futurorum</strong></span> <span class='ocrx_word' id='word_1_193' title='bbox 1021 2929 1172 2975; x_wconf 88' lang='lat' dir='ltr'><strong>certa</strong></span> <span class='ocrx_word' id='word_1_194' title='bbox 1210 2922 1608 2992; x_wconf 88' lang='lat' dir='ltr'><strong>comprobatio,</strong></span> <span class='ocrx_word' id='word_1_195' title='bbox 1647 2941 1826 2982; x_wconf 89' lang='lat' dir='ltr'><strong>nonne</strong></span> <span class='ocrx_word' id='word_1_196' title='bbox 1865 2930 2038 2984; x_wconf 75' lang='lat' dir='ltr'><strong>satius</strong></span> 
     </span>
    </p>
   </div>
   <div class='ocr_carea' id='block_1_31' title="bbox 440 3007 2038 3094">
    <p class='ocr_par' dir='ltr' id='par_1_31' title="bbox 440 3007 2038 3094">
     <span class='ocr_line' id='line_1_31' title="bbox 440 3007 2038 3094; baseline 0.008 -30"><span class='ocrx_word' id='word_1_197' title='bbox 440 3015 526 3064; x_wconf 84' lang='lat' dir='ltr'><strong>est</strong></span> <span class='ocrx_word' id='word_1_198' title='bbox 549 3007 634 3064; x_wconf 87' lang='lat' dir='ltr'><strong>his</strong></span> <span class='ocrx_word' id='word_1_199' title='bbox 665 3010 754 3080; x_wconf 88' lang='lat' dir='ltr'><strong>qui</strong></span> <span class='ocrx_word' id='word_1_200' title='bbox 779 3026 929 3082; x_wconf 63' lang='lat' dir='ltr'><strong>spem</strong></span> <span class='ocrx_word' id='word_1_201' title='bbox 962 3012 1094 3068; x_wconf 87' lang='lat' dir='ltr'><strong>dant</strong></span> <span class='ocrx_word' id='word_1_202' title='bbox 1117 3015 1374 3084; x_wconf 89' lang='lat' dir='ltr'><strong>aliquam,</strong></span> <span class='ocrx_word' id='word_1_203' title='bbox 1407 3017 1584 3086; x_wconf 83' lang='lat' dir='ltr'><strong>potius</strong></span> <span class='ocrx_word' id='word_1_204' title='bbox 1610 3033 1768 3088; x_wconf 86' lang='lat' dir='ltr'><strong>quam</strong></span> <span class='ocrx_word' id='word_1_205' title='bbox 1801 3021 1920 3076; x_wconf 90' lang='lat' dir='ltr'><strong>aliis</strong></span> <span class='ocrx_word' id='word_1_206' title='bbox 1945 3021 2038 3094; x_wconf 89' lang='lat' dir='ltr'><strong>qui</strong></span> 
     </span>
    </p>
   </div>
   <div class='ocr_carea' id='block_1_32' title="bbox 2127 493 3366 573">
    <p class='ocr_par' dir='ltr' id='par_1_32' title="bbox 2127 493 3366 573">
     <span class='ocr_line' id='line_1_32' title="bbox 2127 493 3366 573; baseline 0.011 -21"><span class='ocrx_word' id='word_1_207' title='bbox 2127 509 2182 553; x_wconf 91' lang='lat' dir='ltr'><strong>et</strong></span> <span class='ocrx_word' id='word_1_208' title='bbox 2207 493 2314 554; x_wconf 89' lang='lat' dir='ltr'><strong>hoc</strong></span> <span class='ocrx_word' id='word_1_209' title='bbox 2343 499 2515 571; x_wconf 91' lang='lat' dir='ltr'><strong>ipsum</strong></span> <span class='ocrx_word' id='word_1_210' title='bbox 2548 519 2646 573; x_wconf 90' lang='lat' dir='ltr'><strong>pro</strong></span> <span class='ocrx_word' id='word_1_211' title='bbox 2669 515 2820 560; x_wconf 89' lang='lat' dir='ltr'><strong>certo</strong></span> <span class='ocrx_word' id='word_1_212' title='bbox 2846 506 3023 563; x_wconf 91' lang='lat' dir='ltr'><strong>adhuc</strong></span> <span class='ocrx_word' id='word_1_213' title='bbox 3049 523 3157 564; x_wconf 92' lang='lat' dir='ltr'><strong>non</strong></span> <span class='ocrx_word' id='word_1_214' title='bbox 3187 509 3366 566; x_wconf 86' lang='lat' dir='ltr'><strong>habet.</strong></span> 
     </span>
    </p>
   </div>
   <div class='ocr_carea' id='block_1_33' title="bbox 2201 589 3688 666">
    <p class='ocr_par' dir='ltr' id='par_1_33' title="bbox 2201 589 3688 666">
     <span class='ocr_line' id='line_1_33' title="bbox 2201 589 3688 666; baseline 0.015 -22"><span class='ocrx_word' id='word_1_215' title='bbox 2201 589 2355 646; x_wconf 86' lang='lat' dir='ltr'><strong>Nulla</strong></span> <span class='ocrx_word' id='word_1_216' title='bbox 2377 593 2536 664; x_wconf 80' lang='lat' dir='ltr'><strong>igitur</strong></span> <span class='ocrx_word' id='word_1_217' title='bbox 2556 595 2762 652; x_wconf 87' lang='lat' dir='ltr'><strong>ratione</strong></span> <span class='ocrx_word' id='word_1_218' title='bbox 2795 597 2914 652; x_wconf 89' lang='lat' dir='ltr'><strong>aliis</strong></span> <span class='ocrx_word' id='word_1_219' title='bbox 2928 615 3032 654; x_wconf 94' lang='lat' dir='ltr'><strong>non</strong></span> <span class='ocrx_word' id='word_1_220' title='bbox 3061 599 3332 658; x_wconf 86' lang='lat' dir='ltr'><strong>doctiores</strong></span> <span class='ocrx_word' id='word_1_221' title='bbox 3349 603 3539 661; x_wconf 89' lang='lat' dir='ltr'><strong>ethnici</strong></span> <span class='ocrx_word' id='word_1_222' title='bbox 3565 609 3688 666; x_wconf 84' lang='lat' dir='ltr'><strong>chri-</strong></span> 
     </span>
    </p>
   </div>
   <div class='ocr_carea' id='block_1_34' title="bbox 2127 675 3686 766">
    <p class='ocr_par' dir='ltr' id='par_1_34' title="bbox 2127 675 3686 766">
     <span class='ocr_line' id='line_1_34' title="bbox 2127 675 3686 766; baseline 0.014 -31"><span class='ocrx_word' id='word_1_223' title='bbox 2127 679 2334 738; x_wconf 90' lang='lat' dir='ltr'><strong>stianos</strong></span> <span class='ocrx_word' id='word_1_224' title='bbox 2363 684 2545 741; x_wconf 88' lang='lat' dir='ltr'><strong>divino</strong></span> <span class='ocrx_word' id='word_1_225' title='bbox 2573 687 2829 759; x_wconf 87' lang='lat' dir='ltr'><strong>magistro</strong></span> <span class='ocrx_word' id='word_1_226' title='bbox 2869 706 2968 748; x_wconf 90' lang='lat' dir='ltr'><strong>suo</strong></span> <span class='ocrx_word' id='word_1_227' title='bbox 2999 675 3296 750; x_wconf 74' lang='lat' dir='ltr'><strong>credentes</strong></span> <span class='ocrx_word' id='word_1_228' title='bbox 3329 696 3686 766; x_wconf 86' lang='lat' dir='ltr'><strong>vituperabant.</strong></span> 
     </span>
    </p>
   </div>
   <div class='ocr_carea' id='block_1_35' title="bbox 2128 775 3687 861">
    <p class='ocr_par' dir='ltr' id='par_1_35' title="bbox 2128 775 3687 861">
     <span class='ocr_line' id='line_1_35' title="bbox 2128 775 3687 861; baseline 0.01 -29"><span class='ocrx_word' id='word_1_229' title='bbox 2128 775 2254 832; x_wconf 85' lang='lat' dir='ltr'><strong>Sine</strong></span> <span class='ocrx_word' id='word_1_230' title='bbox 2286 779 2480 847; x_wconf 74' lang='lat' dir='ltr'><strong>prmvia</strong></span> <span class='ocrx_word' id='word_1_231' title='bbox 2509 781 2771 852; x_wconf 89' lang='lat' dir='ltr'><strong>siquidem</strong></span> <span class='ocrx_word' id='word_1_232' title='bbox 2803 781 2908 840; x_wconf 84' lang='lat' dir='ltr'><strong>ﬁde</strong></span> <span class='ocrx_word' id='word_1_233' title='bbox 2939 783 3144 840; x_wconf 89' lang='lat' dir='ltr'><strong>nullum</strong></span> <span class='ocrx_word' id='word_1_234' title='bbox 3176 783 3418 858; x_wconf 81' lang='lat' dir='ltr'><strong>profecto</strong></span> <span class='ocrx_word' id='word_1_235' title='bbox 3446 791 3687 861; x_wconf 80' lang='lat' dir='ltr'><strong>negotium</strong></span> 
     </span>
    </p>
   </div>
   <div class='ocr_carea' id='block_1_36' title="bbox 2127 873 3685 956">
    <p class='ocr_par' dir='ltr' id='par_1_36' title="bbox 2127 873 3685 956">
     <span class='ocr_line' id='line_1_36' title="bbox 2127 873 3685 956; baseline 0.011 -31"><span class='ocrx_word' id='word_1_236' title='bbox 2127 886 2156 925; x_wconf 91' lang='lat' dir='ltr'><strong>a</strong></span> <span class='ocrx_word' id='word_1_237' title='bbox 2189 873 2670 950; x_wconf 74' lang='lat' dir='ltr'><strong>peregrinantibus,</strong></span> <span class='ocrx_word' id='word_1_238' title='bbox 2697 877 3094 952; x_wconf 82' lang='lat' dir='ltr'><strong>navigantibus,</strong></span> <span class='ocrx_word' id='word_1_239' title='bbox 3118 879 3387 952; x_wconf 77' lang='lat' dir='ltr'><strong>agricolis,</strong></span> <span class='ocrx_word' id='word_1_240' title='bbox 3409 883 3685 956; x_wconf 87' lang='lat' dir='ltr'><strong>suscipitur.</strong></span> 
     </span>
    </p>
   </div>
   <div class='ocr_carea' id='block_1_37' title="bbox 2129 962 3690 1048">
    <p class='ocr_par' dir='ltr' id='par_1_37' title="bbox 2129 962 3690 1048">
     <span class='ocr_line' id='line_1_37' title="bbox 2129 962 3690 1048; baseline 0.011 -30"><span class='ocrx_word' id='word_1_241' title='bbox 2129 962 2254 1018; x_wconf 86' lang='lat' dir='ltr'><strong>Sine</strong></span> <span class='ocrx_word' id='word_1_242' title='bbox 2281 964 2384 1020; x_wconf 67' lang='lat' dir='ltr'><strong>title</strong></span> <span class='ocrx_word' id='word_1_243' title='bbox 2417 966 2578 1022; x_wconf 88' lang='lat' dir='ltr'><strong>etiam</strong></span> <span class='ocrx_word' id='word_1_244' title='bbox 2601 968 2780 1025; x_wconf 91' lang='lat' dir='ltr'><strong>nullus</strong></span> <span class='ocrx_word' id='word_1_245' title='bbox 2809 971 3062 1042; x_wconf 85' lang='lat' dir='ltr'><strong>conjugio</strong></span> <span class='ocrx_word' id='word_1_246' title='bbox 3087 972 3350 1044; x_wconf 89' lang='lat' dir='ltr'><strong>jungitur,</strong></span> <span class='ocrx_word' id='word_1_247' title='bbox 3379 973 3549 1030; x_wconf 89' lang='lat' dir='ltr'><strong>nullus</strong></span> <span class='ocrx_word' id='word_1_248' title='bbox 3568 993 3690 1048; x_wconf 79' lang='lat' dir='ltr'><strong>:egcr</strong></span> 
     </span>
    </p>
   </div>
   <div class='ocr_carea' id='block_1_38' title="bbox 2127 1061 3690 1142">
    <p class='ocr_par' dir='ltr' id='par_1_38' title="bbox 2127 1061 3690 1142">
     <span class='ocr_line' id='line_1_38' title="bbox 2127 1061 3690 1142; baseline 0.01 -30"><span class='ocrx_word' id='word_1_249' title='bbox 2127 1061 2355 1114; x_wconf 82' lang='lat' dir='ltr'><strong>accersit</strong></span> <span class='ocrx_word' id='word_1_250' title='bbox 2383 1061 2672 1130; x_wconf 87' lang='lat' dir='ltr'><strong>medicum,</strong></span> <span class='ocrx_word' id='word_1_251' title='bbox 2704 1063 2786 1119; x_wconf 86' lang='lat' dir='ltr'><strong>vel</strong></span> <span class='ocrx_word' id='word_1_252' title='bbox 2810 1065 2966 1120; x_wconf 89' lang='lat' dir='ltr'><strong>miles</strong></span> <span class='ocrx_word' id='word_1_253' title='bbox 3002 1065 3198 1120; x_wconf 89' lang='lat' dir='ltr'><strong>bellum</strong></span> <span class='ocrx_word' id='word_1_254' title='bbox 3236 1068 3392 1138; x_wconf 86' lang='lat' dir='ltr'><strong>gerit,</strong></span> <span class='ocrx_word' id='word_1_255' title='bbox 3415 1067 3494 1124; x_wconf 94' lang='lat' dir='ltr'><strong>vel</strong></span> <span class='ocrx_word' id='word_1_256' title='bbox 3523 1072 3690 1142; x_wconf 80' lang='lat' dir='ltr'><strong>magis—</strong></span> 
     </span>
    </p>
   </div>
   <div class='ocr_carea' id='block_1_39' title="bbox 2129 1151 3691 1229">
    <p class='ocr_par' dir='ltr' id='par_1_39' title="bbox 2129 1151 3691 1229">
     <span class='ocr_line' id='line_1_39' title="bbox 2129 1151 3691 1229; baseline 0.01 -26"><span class='ocrx_word' id='word_1_257' title='bbox 2129 1158 2268 1204; x_wconf 91' lang='lat' dir='ltr'><strong>trum</strong></span> <span class='ocrx_word' id='word_1_258' title='bbox 2301 1151 2447 1208; x_wconf 88' lang='lat' dir='ltr'><strong>audit</strong></span> <span class='ocrx_word' id='word_1_259' title='bbox 2474 1153 2791 1224; x_wconf 87' lang='lat' dir='ltr'><strong>discipulus,</strong></span> <span class='ocrx_word' id='word_1_260' title='bbox 2825 1173 2998 1228; x_wconf 88' lang='lat' dir='ltr'><strong>neque</strong></span> <span class='ocrx_word' id='word_1_261' title='bbox 3030 1157 3170 1212; x_wconf 88' lang='lat' dir='ltr'><strong>ullus</strong></span> <span class='ocrx_word' id='word_1_262' title='bbox 3195 1155 3410 1229; x_wconf 79' lang='lat' dir='ltr'><strong>gentilis</strong></span> <span class='ocrx_word' id='word_1_263' title='bbox 3433 1159 3558 1216; x_wconf 85' lang='lat' dir='ltr'><strong>deos</strong></span> <span class='ocrx_word' id='word_1_264' title='bbox 3582 1178 3691 1218; x_wconf 89' lang='lat' dir='ltr'><strong>suos</strong></span> 
     </span>
    </p>
   </div>
   <div class='ocr_carea' id='block_1_40' title="bbox 2128 1243 3690 1322">
    <p class='ocr_par' dir='ltr' id='par_1_40' title="bbox 2128 1243 3690 1322">
     <span class='ocr_line' id='line_1_40' title="bbox 2128 1243 3690 1322; baseline 0.007 -25"><span class='ocrx_word' id='word_1_265' title='bbox 2128 1243 2362 1299; x_wconf 77' lang='lat' dir='ltr'><strong>invocat.</strong></span> <span class='ocrx_word' id='word_1_266' title='bbox 2401 1245 2538 1312; x_wconf 77' lang='lat' dir='ltr'><strong>Quin</strong></span> <span class='ocrx_word' id='word_1_267' title='bbox 2581 1247 2742 1302; x_wconf 87' lang='lat' dir='ltr'><strong>etiam</strong></span> <span class='ocrx_word' id='word_1_268' title='bbox 2780 1247 3012 1320; x_wconf 75' lang='lat' dir='ltr'><strong>gentiles</strong></span> <span class='ocrx_word' id='word_1_269' title='bbox 3047 1246 3392 1322; x_wconf 89' lang='lat' dir='ltr'><strong>opinionibus</strong></span> <span class='ocrx_word' id='word_1_270' title='bbox 3429 1249 3690 1309; x_wconf 87' lang='lat' dir='ltr'><strong>credebant</strong></span> 
     </span>
    </p>
   </div>
   <div class='ocr_carea' id='block_1_41' title="bbox 2129 1333 3690 1417">
    <p class='ocr_par' dir='ltr' id='par_1_41' title="bbox 2129 1333 3690 1417">
     <span class='ocr_line' id='line_1_41' title="bbox 2129 1333 3690 1417; baseline 0.008 -27"><span class='ocrx_word' id='word_1_271' title='bbox 2129 1333 2601 1408; x_wconf 82' lang='lat' dir='ltr'><strong>philosophorum,</strong></span> <span class='ocrx_word' id='word_1_272' title='bbox 2635 1340 2726 1410; x_wconf 90' lang='lat' dir='ltr'><strong>qui</strong></span> <span class='ocrx_word' id='word_1_273' title='bbox 2753 1341 2820 1396; x_wconf 91' lang='lat' dir='ltr'><strong>de</strong></span> <span class='ocrx_word' id='word_1_274' title='bbox 2857 1342 3048 1412; x_wconf 85' lang='lat' dir='ltr'><strong>primis</strong></span> <span class='ocrx_word' id='word_1_275' title='bbox 3092 1353 3269 1398; x_wconf 88' lang='lat' dir='ltr'><strong>tamen</strong></span> <span class='ocrx_word' id='word_1_276' title='bbox 3313 1359 3486 1400; x_wconf 88' lang='lat' dir='ltr'><strong>rerum</strong></span> <span class='ocrx_word' id='word_1_277' title='bbox 3514 1346 3690 1417; x_wconf 85' lang='lat' dir='ltr'><strong>princi-</strong></span> 
     </span>
    </p>
   </div>
   <div class='ocr_carea' id='block_1_42' title="bbox 2131 1429 3691 1509">
    <p class='ocr_par' dir='ltr' id='par_1_42' title="bbox 2131 1429 3691 1509">
     <span class='ocr_line' id='line_1_42' title="bbox 2131 1429 3691 1509; baseline 0.008 -26"><span class='ocrx_word' id='word_1_278' title='bbox 2131 1429 2252 1500; x_wconf 91' lang='lat' dir='ltr'><strong>piis,</strong></span> <span class='ocrx_word' id='word_1_279' title='bbox 2279 1431 2505 1503; x_wconf 85' lang='lat' dir='ltr'><strong>aliisque</strong></span> <span class='ocrx_word' id='word_1_280' title='bbox 2534 1433 2600 1487; x_wconf 89' lang='lat' dir='ltr'><strong>de</strong></span> <span class='ocrx_word' id='word_1_281' title='bbox 2625 1434 2790 1489; x_wconf 88' lang='lat' dir='ltr'><strong>rebus</strong></span> <span class='ocrx_word' id='word_1_282' title='bbox 2817 1433 2950 1490; x_wconf 91' lang='lat' dir='ltr'><strong>nihil</strong></span> <span class='ocrx_word' id='word_1_283' title='bbox 2977 1436 3112 1493; x_wconf 91' lang='lat' dir='ltr'><strong>certi</strong></span> <span class='ocrx_word' id='word_1_284' title='bbox 3141 1435 3506 1509; x_wconf 79' lang='lat' dir='ltr'><strong>exploratique</strong></span> <span class='ocrx_word' id='word_1_285' title='bbox 3532 1437 3691 1509; x_wconf 80' lang='lat' dir='ltr'><strong>profe-</strong></span> 
     </span>
    </p>
   </div>
   <div class='ocr_carea' id='block_1_43' title="bbox 2131 1525 3694 1599">
    <p class='ocr_par' dir='ltr' id='par_1_43' title="bbox 2131 1525 3694 1599">
     <span class='ocr_line' id='line_1_43' title="bbox 2131 1525 3694 1599; baseline 0.006 -23"><span class='ocrx_word' id='word_1_286' title='bbox 2131 1531 2292 1590; x_wconf 89' lang='lat' dir='ltr'><strong>runt,</strong></span> <span class='ocrx_word' id='word_1_287' title='bbox 2327 1538 2390 1578; x_wconf 91' lang='lat' dir='ltr'><strong>ac</strong></span> <span class='ocrx_word' id='word_1_288' title='bbox 2422 1539 2638 1594; x_wconf 88' lang='lat' dir='ltr'><strong>semper</strong></span> <span class='ocrx_word' id='word_1_289' title='bbox 2680 1525 2822 1582; x_wconf 86' lang='lat' dir='ltr'><strong>inter</strong></span> <span class='ocrx_word' id='word_1_290' title='bbox 2861 1543 2919 1583; x_wconf 89' lang='lat' dir='ltr'><strong>se</strong></span> <span class='ocrx_word' id='word_1_291' title='bbox 2950 1525 3329 1599; x_wconf 91' lang='lat' dir='ltr'><strong>digladiantur.</strong></span> <span class='ocrx_word' id='word_1_292' title='bbox 3370 1527 3551 1584; x_wconf 89' lang='lat' dir='ltr'><strong>Nonne</strong></span> <span class='ocrx_word' id='word_1_293' title='bbox 3586 1545 3694 1598; x_wconf 83' lang='lat' dir='ltr'><strong>ergo</strong></span> 
     </span>
    </p>
   </div>
   <div class='ocr_carea' id='block_1_44' title="bbox 2131 1615 3719 1692">
    <p class='ocr_par' dir='ltr' id='par_1_44' title="bbox 2131 1615 3719 1692">
     <span class='ocr_line' id='line_1_44' title="bbox 2131 1615 3719 1692; baseline 0.003 -20"><span class='ocrx_word' id='word_1_294' title='bbox 2131 1615 2368 1685; x_wconf 84' lang='lat' dir='ltr'><strong>Christo,</strong></span> <span class='ocrx_word' id='word_1_295' title='bbox 2401 1618 2489 1688; x_wconf 91' lang='lat' dir='ltr'><strong>qui</strong></span> <span class='ocrx_word' id='word_1_296' title='bbox 2520 1621 2681 1674; x_wconf 86' lang='lat' dir='ltr'><strong>tantis</strong></span> <span class='ocrx_word' id='word_1_297' title='bbox 2708 1619 2984 1677; x_wconf 90' lang='lat' dir='ltr'><strong>miraculis</strong></span> <span class='ocrx_word' id='word_1_298' title='bbox 3013 1621 3317 1677; x_wconf 88' lang='lat' dir='ltr'><strong>doctrinam</strong></span> <span class='ocrx_word' id='word_1_299' title='bbox 3345 1637 3492 1678; x_wconf 90' lang='lat' dir='ltr'><strong>suam</strong></span> <span class='ocrx_word' id='word_1_300' title='bbox 3519 1621 3719 1692; x_wconf 87' lang='lat' dir='ltr'><strong>stabili-_</strong></span> 
     </span>
    </p>
   </div>
   <div class='ocr_carea' id='block_1_45' title="bbox 2137 1709 3700 1786">
    <p class='ocr_par' dir='ltr' id='par_1_45' title="bbox 2137 1709 3700 1786">
     <span class='ocr_line' id='line_1_45' title="bbox 2137 1709 3700 1786; baseline 0.003 -23"><span class='ocrx_word' id='word_1_301' title='bbox 2137 1710 2233 1776; x_wconf 87' lang='lat' dir='ltr'><strong>vit,</strong></span> <span class='ocrx_word' id='word_1_302' title='bbox 2263 1709 2468 1782; x_wconf 80' lang='lat' dir='ltr'><strong>:rquius</strong></span> <span class='ocrx_word' id='word_1_303' title='bbox 2499 1721 2585 1768; x_wconf 87' lang='lat' dir='ltr'><strong>est</strong></span> <span class='ocrx_word' id='word_1_304' title='bbox 2607 1713 2865 1782; x_wconf 88' lang='lat' dir='ltr'><strong>credere,</strong></span> <span class='ocrx_word' id='word_1_305' title='bbox 2906 1730 3065 1786; x_wconf 90' lang='lat' dir='ltr'><strong>quam</strong></span> <span class='ocrx_word' id='word_1_306' title='bbox 3101 1710 3332 1782; x_wconf 85' lang='lat' dir='ltr'><strong>Platoni,</strong></span> <span class='ocrx_word' id='word_1_307' title='bbox 3360 1712 3582 1781; x_wconf 89' lang='lat' dir='ltr'><strong>Crouio,</strong></span> <span class='ocrx_word' id='word_1_308' title='bbox 3608 1713 3700 1769; x_wconf 88' lang='lat' dir='ltr'><strong>Nu-</strong></span> 
     </span>
    </p>
   </div>
   <div class='ocr_carea' id='block_1_46' title="bbox 2135 1805 3701 1884">
    <p class='ocr_par' dir='ltr' id='par_1_46' title="bbox 2135 1805 3701 1884">
     <span class='ocr_line' id='line_1_46' title="bbox 2135 1805 3701 1884; baseline 0.003 -26"><span class='ocrx_word' id='word_1_309' title='bbox 2135 1805 2344 1872; x_wconf 87' lang='lat' dir='ltr'><strong>menio,</strong></span> <span class='ocrx_word' id='word_1_310' title='bbox 2384 1814 2477 1859; x_wconf 89' lang='lat' dir='ltr'><strong>aut</strong></span> <span class='ocrx_word' id='word_1_311' title='bbox 2512 1805 2632 1860; x_wconf 90' lang='lat' dir='ltr'><strong>aliis</strong></span> <span class='ocrx_word' id='word_1_312' title='bbox 2659 1807 3076 1876; x_wconf 87' lang='lat' dir='ltr'><strong>quatutumlibet</strong></span> <span class='ocrx_word' id='word_1_313' title='bbox 3104 1810 3175 1864; x_wconf 91' lang='lat' dir='ltr'><strong>ob</strong></span> <span class='ocrx_word' id='word_1_314' title='bbox 3208 1823 3419 1863; x_wconf 90' lang='lat' dir='ltr'><strong>morum</strong></span> <span class='ocrx_word' id='word_1_315' title='bbox 3457 1808 3701 1884; x_wconf 75' lang='lat' dir='ltr'><strong>integrita-</strong></span> 
     </span>
    </p>
   </div>
   <div class='ocr_carea' id='block_1_47' title="bbox 2135 1892 3697 1972">
    <p class='ocr_par' dir='ltr' id='par_1_47' title="bbox 2135 1892 3697 1972">
     <span class='ocr_line' id='line_1_47' title="bbox 2135 1892 3697 1972; baseline 0.003 -22"><span class='ocrx_word' id='word_1_316' title='bbox 2135 1904 2265 1962; x_wconf 89' lang='lat' dir='ltr'><strong>tem,</strong></span> <span class='ocrx_word' id='word_1_317' title='bbox 2291 1907 2454 1966; x_wconf 87' lang='lat' dir='ltr'><strong>atque</strong></span> <span class='ocrx_word' id='word_1_318' title='bbox 2477 1897 2820 1968; x_wconf 68' lang='lat' dir='ltr'><strong>eloquentiae,</strong></span> <span class='ocrx_word' id='word_1_319' title='bbox 2850 1892 3061 1972; x_wconf 59' lang='lat' dir='ltr'><strong>logicav,</strong></span> <span class='ocrx_word' id='word_1_320' title='bbox 3082 1897 3458 1968; x_wconf 73' lang='lat' dir='ltr'><strong>arithmeticae,</strong></span> <span class='ocrx_word' id='word_1_321' title='bbox 3489 1900 3697 1966; x_wconf 73' lang='lat' dir='ltr'><strong>musicze,</strong></span> 
     </span>
    </p>
   </div>
   <div class='ocr_carea' id='block_1_48' title="bbox 2133 1987 3702 2064">
    <p class='ocr_par' dir='ltr' id='par_1_48' title="bbox 2133 1987 3702 2064">
     <span class='ocr_line' id='line_1_48' title="bbox 2133 1987 3702 2064; baseline 0.002 -22"><span class='ocrx_word' id='word_1_322' title='bbox 2133 1987 2476 2057; x_wconf 82' lang='lat' dir='ltr'><strong>geometriae,</strong></span> <span class='ocrx_word' id='word_1_323' title='bbox 2521 1990 2799 2045; x_wconf 89' lang='lat' dir='ltr'><strong>scientiam</strong></span> <span class='ocrx_word' id='word_1_324' title='bbox 2829 1992 3132 2059; x_wconf 89' lang='lat' dir='ltr'><strong>laudandis,</strong></span> <span class='ocrx_word' id='word_1_325' title='bbox 3163 1994 3252 2064; x_wconf 90' lang='lat' dir='ltr'><strong>qui</strong></span> <span class='ocrx_word' id='word_1_326' title='bbox 3296 1989 3426 2048; x_wconf 85' lang='lat' dir='ltr'><strong>nihil</strong></span> <span class='ocrx_word' id='word_1_327' title='bbox 3455 1993 3535 2048; x_wconf 87' lang='lat' dir='ltr'><strong>vel</strong></span> <span class='ocrx_word' id='word_1_328' title='bbox 3566 1991 3702 2047; x_wconf 89' lang='lat' dir='ltr'><strong>mini-</strong></span> 
     </span>
    </p>
   </div>
   <div class='ocr_carea' id='block_1_49' title="bbox 2137 2081 3704 2158">
    <p class='ocr_par' dir='ltr' id='par_1_49' title="bbox 2137 2081 3704 2158">
     <span class='ocr_line' id='line_1_49' title="bbox 2137 2081 3704 2158; baseline 0.004 -24"><span class='ocrx_word' id='word_1_329' title='bbox 2137 2095 2283 2135; x_wconf 91' lang='lat' dir='ltr'><strong>mum</strong></span> <span class='ocrx_word' id='word_1_330' title='bbox 2327 2081 2455 2152; x_wconf 88' lang='lat' dir='ltr'><strong>quid</strong></span> <span class='ocrx_word' id='word_1_331' title='bbox 2497 2081 2582 2136; x_wconf 91' lang='lat' dir='ltr'><strong>bis</strong></span> <span class='ocrx_word' id='word_1_332' title='bbox 2623 2084 2800 2139; x_wconf 89' lang='lat' dir='ltr'><strong>simile</strong></span> <span class='ocrx_word' id='word_1_333' title='bbox 2832 2084 3010 2142; x_wconf 73' lang='lat' dir='ltr'><strong>facere</strong></span> <span class='ocrx_word' id='word_1_334' title='bbox 3041 2102 3275 2156; x_wconf 83' lang='lat' dir='ltr'><strong>unquam</strong></span> <span class='ocrx_word' id='word_1_335' title='bbox 3299 2085 3624 2158; x_wconf 84' lang='lat' dir='ltr'><strong>&#39;potuerunt?</strong></span> <span class='ocrx_word' id='word_1_336' title='bbox 3651 2086 3704 2140; x_wconf 81' lang='lat' dir='ltr'><strong>Et</strong></span> 
     </span>
    </p>
   </div>
   <div class='ocr_carea' id='block_1_50' title="bbox 2136 2168 3702 2249">
    <p class='ocr_par' dir='ltr' id='par_1_50' title="bbox 2136 2168 3702 2249">
     <span class='ocr_line' id='line_1_50' title="bbox 2136 2168 3702 2249; baseline 0.002 -22"><span class='ocrx_word' id='word_1_337' title='bbox 2136 2181 2282 2228; x_wconf 86' lang='lat' dir='ltr'><strong>certe</strong></span> <span class='ocrx_word' id='word_1_338' title='bbox 2311 2173 2356 2228; x_wconf 92' lang='lat' dir='ltr'><strong>si</strong></span> <span class='ocrx_word' id='word_1_339' title='bbox 2396 2169 2641 2230; x_wconf 80' lang='lat' dir='ltr'><strong>Christus</strong></span> <span class='ocrx_word' id='word_1_340' title='bbox 2683 2168 2933 2232; x_wconf 86' lang='lat' dir='ltr'><strong>humanis</strong></span> <span class='ocrx_word' id='word_1_341' title='bbox 2973 2188 3178 2233; x_wconf 90' lang='lat' dir='ltr'><strong>tantum</strong></span> <span class='ocrx_word' id='word_1_342' title='bbox 3207 2177 3434 2249; x_wconf 79' lang='lat' dir='ltr'><strong>argutiis</strong></span> <span class='ocrx_word' id='word_1_343' title='bbox 3477 2187 3529 2234; x_wconf 91' lang='lat' dir='ltr'><strong>et</strong></span> <span class='ocrx_word' id='word_1_344' title='bbox 3565 2193 3702 2249; x_wconf 88' lang='lat' dir='ltr'><strong>argu-</strong></span> 
     </span>
    </p>
   </div>
   <div class='ocr_carea' id='block_1_51' title="bbox 2137 2266 3700 2344">
    <p class='ocr_par' dir='ltr' id='par_1_51' title="bbox 2137 2266 3700 2344">
     <span class='ocr_line' id='line_1_51' title="bbox 2137 2266 3700 2344; baseline 0.004 -26"><span class='ocrx_word' id='word_1_345' title='bbox 2137 2266 2331 2321; x_wconf 88' lang='lat' dir='ltr'><strong>mentis</strong></span> <span class='ocrx_word' id='word_1_346' title='bbox 2364 2282 2493 2322; x_wconf 91' lang='lat' dir='ltr'><strong>usus</strong></span> <span class='ocrx_word' id='word_1_347' title='bbox 2513 2266 2725 2335; x_wconf 85' lang='lat' dir='ltr'><strong>fuisset,</strong></span> <span class='ocrx_word' id='word_1_348' title='bbox 2757 2284 2947 2326; x_wconf 90' lang='lat' dir='ltr'><strong>omnes</strong></span> <span class='ocrx_word' id='word_1_349' title='bbox 2968 2269 3017 2326; x_wconf 91' lang='lat' dir='ltr'><strong>ei</strong></span> <span class='ocrx_word' id='word_1_350' title='bbox 3043 2282 3333 2344; x_wconf 88' lang='lat' dir='ltr'><strong>negassent</strong></span> <span class='ocrx_word' id='word_1_351' title='bbox 3357 2266 3534 2337; x_wconf 84' lang='lat' dir='ltr'><strong>iidem,</strong></span> <span class='ocrx_word' id='word_1_352' title='bbox 3563 2286 3700 2342; x_wconf 81' lang='lat' dir='ltr'><strong>quani</strong></span> 
     </span>
    </p>
   </div>
   <div class='ocr_carea' id='block_1_52' title="bbox 2138 2357 2168 2412">
    <p class='ocr_par' dir='ltr' id='par_1_52' title="bbox 2138 2357 2168 2412">
     <span class='ocr_line' id='line_1_52' title="bbox 2138 2357 2168 2412; baseline 0 0"><span class='ocrx_word' id='word_1_353' title='bbox 2138 2357 2168 2412; x_wconf 91' lang='lat' dir='ltr'><strong>d</strong></span> 
     </span>
    </p>
   </div>
   <div class='ocr_carea' id='block_1_53' title="bbox 2174 2373 2201 2412">
    <p class='ocr_par' dir='ltr' id='par_1_53' title="bbox 2174 2373 2201 2412">
     <span class='ocr_line' id='line_1_53' title="bbox 2174 2373 2201 2412; baseline 0 0"><span class='ocrx_word' id='word_1_354' title='bbox 2174 2373 2201 2412; x_wconf 70' lang='lat'><strong>3</strong></span> 
     </span>
    </p>
   </div>
   <div class='ocr_carea' id='block_1_54' title="bbox 2208 2374 2265 2412">
    <p class='ocr_par' dir='ltr' id='par_1_54' title="bbox 2208 2374 2265 2412">
     <span class='ocr_line' id='line_1_54' title="bbox 2208 2374 2265 2412; baseline -0.035 0"><span class='ocrx_word' id='word_1_355' title='bbox 2208 2374 2265 2412; x_wconf 84' lang='lat' dir='ltr'><strong>re</strong></span> 
     </span>
    </p>
   </div>
   <div class='ocr_carea' id='block_1_55' title="bbox 2295 2373 2342 2412">
    <p class='ocr_par' dir='ltr' id='par_1_55' title="bbox 2295 2373 2342 2412">
     <span class='ocr_line' id='line_1_55' title="bbox 2295 2373 2342 2412; baseline -0.064 0"><span class='ocrx_word' id='word_1_356' title='bbox 2295 2373 2342 2412; x_wconf 84' lang='lat' dir='ltr'><strong>Ci</strong></span> 
     </span>
    </p>
   </div>
   <div class='ocr_carea' id='block_1_56' title="bbox 2345 2373 2424 2414">
    <p class='ocr_par' dir='ltr' id='par_1_56' title="bbox 2345 2373 2424 2414">
     <span class='ocr_line' id='line_1_56' title="bbox 2345 2373 2424 2414; baseline 0.063 -5"><span class='ocrx_word' id='word_1_357' title='bbox 2345 2373 2424 2414; x_wconf 80' lang='lat' dir='ltr'><strong>iac</strong></span> 
     </span>
    </p>
   </div>
   <div class='ocr_carea' id='block_1_57' title="bbox 2430 2368 2466 2414">
    <p class='ocr_par' dir='ltr' id='par_1_57' title="bbox 2430 2368 2466 2414">
     <span class='ocr_line' id='line_1_57' title="bbox 2430 2368 2466 2414; baseline 0.056 -2"><span class='ocrx_word' id='word_1_358' title='bbox 2430 2368 2466 2414; x_wconf 80' lang='lat' dir='ltr'><strong>ll</strong></span> 
     </span>
    </p>
   </div>
   <div class='ocr_carea' id='block_1_58' title="bbox 2505 2374 2565 2414">
    <p class='ocr_par' dir='ltr' id='par_1_58' title="bbox 2505 2374 2565 2414">
     <span class='ocr_line' id='line_1_58' title="bbox 2505 2374 2565 2414; baseline 0.017 -1"><span class='ocrx_word' id='word_1_359' title='bbox 2505 2374 2565 2414; x_wconf 77' lang='grc' dir='ltr'>ευ</span> 
     </span>
    </p>
   </div>
   <div class='ocr_carea' id='block_1_59' title="bbox 2574 2375 2605 2413">
    <p class='ocr_par' dir='ltr' id='par_1_59' title="bbox 2574 2375 2605 2413">
     <span class='ocr_line' id='line_1_59' title="bbox 2574 2375 2605 2413; baseline 0 0"><span class='ocrx_word' id='word_1_360' title='bbox 2574 2375 2605 2413; x_wconf 79' lang='lat' dir='ltr'><strong>ll</strong></span> 
     </span>
    </p>
   </div>
   <div class='ocr_carea' id='block_1_60' title="bbox 2613 2369 2631 2412">
    <p class='ocr_par' dir='ltr' id='par_1_60' title="bbox 2613 2369 2631 2412">
     <span class='ocr_line' id='line_1_60' title="bbox 2613 2369 2631 2412; baseline 0 0"><span class='ocrx_word' id='word_1_361' title='bbox 2613 2369 2631 2412; x_wconf 85' lang='lat' dir='ltr'><strong>l</strong></span> 
     </span>
    </p>
   </div>
   <div class='ocr_carea' id='block_1_61' title="bbox 2689 2361 2739 2415">
    <p class='ocr_par' dir='ltr' id='par_1_61' title="bbox 2689 2361 2739 2415">
     <span class='ocr_line' id='line_1_61' title="bbox 2689 2361 2739 2415; baseline 0.08 -4"><span class='ocrx_word' id='word_1_362' title='bbox 2689 2361 2739 2415; x_wconf 82' lang='lat' dir='ltr'><strong>il)</strong></span> 
     </span>
    </p>
   </div>
   <div class='ocr_carea' id='block_1_62' title="bbox 2765 2376 2796 2416">
    <p class='ocr_par' dir='ltr' id='par_1_62' title="bbox 2765 2376 2796 2416">
     <span class='ocr_line' id='line_1_62' title="bbox 2765 2376 2796 2416; baseline 0 0"><span class='ocrx_word' id='word_1_363' title='bbox 2765 2376 2796 2416; x_wconf 92' lang='lat' dir='ltr'><strong>e</strong></span> 
     </span>
    </p>
   </div>
   <div class='ocr_carea' id='block_1_63' title="bbox 2800 2361 2852 2415">
    <p class='ocr_par' dir='ltr' id='par_1_63' title="bbox 2800 2361 2852 2415">
     <span class='ocr_line' id='line_1_63' title="bbox 2800 2361 2852 2415; baseline 0 0"><span class='ocrx_word' id='word_1_364' title='bbox 2800 2361 2852 2415; x_wconf 91' lang='lat' dir='ltr'><strong>di</strong></span> 
     </span>
    </p>
   </div>
   <div class='ocr_carea' id='block_1_64' title="bbox 2862 2373 2910 2416">
    <p class='ocr_par' dir='ltr' id='par_1_64' title="bbox 2862 2373 2910 2416">
     <span class='ocr_line' id='line_1_64' title="bbox 2862 2373 2910 2416; baseline 0 0"><span class='ocrx_word' id='word_1_365' title='bbox 2862 2373 2910 2416; x_wconf 88' lang='lat' dir='ltr'><strong>ta</strong></span> 
     </span>
    </p>
   </div>
   <div class='ocr_carea' id='block_1_65' title="bbox 2941 2379 2969 2415">
    <p class='ocr_par' dir='ltr' id='par_1_65' title="bbox 2941 2379 2969 2415">
     <span class='ocr_line' id='line_1_65' title="bbox 2941 2379 2969 2415; baseline 0 0"><span class='ocrx_word' id='word_1_366' title='bbox 2941 2379 2969 2415; x_wconf 71' lang='grc' dir='ltr'><strong>ἓ]</strong></span> 
     </span>
    </p>
   </div>
   <div class='ocr_carea' id='block_1_66' title="bbox 2975 2361 3008 2418">
    <p class='ocr_par' dir='ltr' id='par_1_66' title="bbox 2975 2361 3008 2418">
     <span class='ocr_line' id='line_1_66' title="bbox 2975 2361 3008 2418; baseline 0 0"><span class='ocrx_word' id='word_1_367' title='bbox 2975 2361 3008 2418; x_wconf 89' lang='grc'><strong>1)</strong></span> 
     </span>
    </p>
   </div>
   <div class='ocr_carea' id='block_1_67' title="bbox 3072 2378 3166 2434">
    <p class='ocr_par' dir='ltr' id='par_1_67' title="bbox 3072 2378 3166 2434">
     <span class='ocr_line' id='line_1_67' title="bbox 3072 2378 3166 2434; baseline 0.043 -19"><span class='ocrx_word' id='word_1_368' title='bbox 3072 2378 3166 2434; x_wconf 84' lang='lat' dir='ltr'><strong>pso</strong></span> 
     </span>
    </p>
   </div>
   <div class='ocr_carea' id='block_1_68' title="bbox 3195 2381 3244 2434">
    <p class='ocr_par' dir='ltr' id='par_1_68' title="bbox 3195 2381 3244 2434">
     <span class='ocr_line' id='line_1_68' title="bbox 3195 2381 3244 2434; baseline 0 0"><span class='ocrx_word' id='word_1_369' title='bbox 3195 2381 3244 2434; x_wconf 74' lang='lat' dir='ltr'><strong>ei</strong></span> 
     </span>
    </p>
   </div>
   <div class='ocr_carea' id='block_1_69' title="bbox 3289 2379 3330 2418">
    <p class='ocr_par' dir='ltr' id='par_1_69' title="bbox 3289 2379 3330 2418">
     <span class='ocr_line' id='line_1_69' title="bbox 3289 2379 3330 2418; baseline -0.049 0"><span class='ocrx_word' id='word_1_370' title='bbox 3289 2379 3330 2418; x_wconf 83' lang='lat' dir='ltr'><strong>Si</strong></span> 
     </span>
    </p>
   </div>
   <div class='ocr_carea' id='block_1_70' title="bbox 3337 2381 3421 2434">
    <p class='ocr_par' dir='ltr' id='par_1_70' title="bbox 3337 2381 3421 2434">
     <span class='ocr_line' id='line_1_70' title="bbox 3337 2381 3421 2434; baseline 0.012 -16"><span class='ocrx_word' id='word_1_371' title='bbox 3337 2381 3421 2434; x_wconf 73' lang='lat' dir='ltr'><strong>lue</strong></span> 
     </span>
    </p>
   </div>
   <div class='ocr_carea' id='block_1_71' title="bbox 3458 2361 3508 2418">
    <p class='ocr_par' dir='ltr' id='par_1_71' title="bbox 3458 2361 3508 2418">
     <span class='ocr_line' id='line_1_71' title="bbox 3458 2361 3508 2418; baseline 0 0"><span class='ocrx_word' id='word_1_372' title='bbox 3458 2361 3508 2418; x_wconf 91' lang='lat' dir='ltr'><strong>di</strong></span> 
     </span>
    </p>
   </div>
   <div class='ocr_carea' id='block_1_72' title="bbox 3514 2379 3583 2417">
    <p class='ocr_par' dir='ltr' id='par_1_72' title="bbox 3514 2379 3583 2417">
     <span class='ocr_line' id='line_1_72' title="bbox 3514 2379 3583 2417; baseline 0.014 -1"><span class='ocrx_word' id='word_1_373' title='bbox 3514 2379 3583 2417; x_wconf 83' lang='lat' dir='ltr'><strong>SCI</strong></span> 
     </span>
    </p>
   </div>
   <div class='ocr_carea' id='block_1_73' title="bbox 3587 2380 3615 2432">
    <p class='ocr_par' dir='ltr' id='par_1_73' title="bbox 3587 2380 3615 2432">
     <span class='ocr_line' id='line_1_73' title="bbox 3587 2380 3615 2432; baseline 0 0"><span class='ocrx_word' id='word_1_374' title='bbox 3587 2380 3615 2432; x_wconf 74' lang='lat' dir='ltr'><strong>i’</strong></span> 
     </span>
    </p>
   </div>
   <div class='ocr_carea' id='block_1_74' title="bbox 3653 2361 3706 2416">
    <p class='ocr_par' dir='ltr' id='par_1_74' title="bbox 3653 2361 3706 2416">
     <span class='ocr_line' id='line_1_74' title="bbox 3653 2361 3706 2416; baseline 0 0"><span class='ocrx_word' id='word_1_375' title='bbox 3653 2361 3706 2416; x_wconf 88' lang='lat' dir='ltr'><strong>lis</strong></span> 
     </span>
    </p>
   </div>
   <div class='ocr_carea' id='block_1_75' title="bbox 2137 2449 3702 2524">
    <p class='ocr_par' dir='ltr' id='par_1_75' title="bbox 2137 2449 3702 2524">
     <span class='ocr_line' id='line_1_75' title="bbox 2137 2449 3702 2524; baseline 0.002 -20"><span class='ocrx_word' id='word_1_376' title='bbox 2137 2449 2394 2505; x_wconf 84' lang='lat' dir='ltr'><strong>miracula</strong></span> <span class='ocrx_word' id='word_1_377' title='bbox 2421 2451 2559 2521; x_wconf 90' lang='lat' dir='ltr'><strong>apud</strong></span> <span class='ocrx_word' id='word_1_378' title='bbox 2589 2449 2774 2520; x_wconf 85' lang='lat' dir='ltr'><strong>Indos,</strong></span> <span class='ocrx_word' id='word_1_379' title='bbox 2807 2452 2990 2522; x_wconf 84' lang='lat' dir='ltr'><strong>Seras,</strong></span> <span class='ocrx_word' id='word_1_380' title='bbox 3021 2453 3236 2522; x_wconf 79' lang='lat' dir='ltr'><strong>Persas,</strong></span> <span class='ocrx_word' id='word_1_381' title='bbox 3267 2453 3474 2524; x_wconf 78' lang='lat' dir='ltr'><strong>Medos,</strong></span> <span class='ocrx_word' id='word_1_382' title='bbox 3503 2453 3702 2521; x_wconf 78' lang='lat' dir='ltr'><strong>Arabas,</strong></span> 
     </span>
    </p>
   </div>
   <div class='ocr_carea' id='block_1_76' title="bbox 2140 2539 3700 2620">
    <p class='ocr_par' dir='ltr' id='par_1_76' title="bbox 2140 2539 3700 2620">
     <span class='ocr_line' id='line_1_76' title="bbox 2140 2539 3700 2620; baseline 0.001 -23"><span class='ocrx_word' id='word_1_383' title='bbox 2140 2539 2446 2615; x_wconf 68' lang='lat' dir='ltr'><strong>Egyptios,</strong></span> <span class='ocrx_word' id='word_1_384' title='bbox 2475 2543 2714 2612; x_wconf 85' lang='lat' dir='ltr'><strong>Galatas,</strong></span> <span class='ocrx_word' id='word_1_385' title='bbox 2742 2545 2990 2612; x_wconf 72' lang='lat' dir='ltr'><strong>Parthos,</strong></span> <span class='ocrx_word' id='word_1_386' title='bbox 3020 2545 3280 2620; x_wconf 82' lang='lat' dir='ltr'><strong>Phrygas,</strong></span> <span class='ocrx_word' id='word_1_387' title='bbox 3317 2557 3478 2619; x_wconf 88' lang='lat' dir='ltr'><strong>atque</strong></span> <span class='ocrx_word' id='word_1_388' title='bbox 3504 2547 3551 2602; x_wconf 91' lang='lat' dir='ltr'><strong>in</strong></span> <span class='ocrx_word' id='word_1_389' title='bbox 3575 2543 3700 2608; x_wconf 75' lang='lat' dir='ltr'><strong>Asia,</strong></span> 
     </span>
    </p>
   </div>
   <div class='ocr_carea' id='block_1_77' title="bbox 2136 2633 3700 2712">
    <p class='ocr_par' dir='ltr' id='par_1_77' title="bbox 2136 2633 3700 2712">
     <span class='ocr_line' id='line_1_77' title="bbox 2136 2633 3700 2712; baseline -0.001 -20"><span class='ocrx_word' id='word_1_390' title='bbox 2136 2636 2309 2708; x_wconf 81' lang='lat' dir='ltr'><strong>Syria,</strong></span> <span class='ocrx_word' id='word_1_391' title='bbox 2328 2633 2550 2703; x_wconf 80' lang='lat' dir='ltr'><strong>Achaia,</strong></span> <span class='ocrx_word' id='word_1_392' title='bbox 2581 2635 2911 2706; x_wconf 84' lang='lat' dir='ltr'><strong>Macedonia,</strong></span> <span class='ocrx_word' id='word_1_393' title='bbox 2937 2636 3118 2712; x_wconf 84' lang='lat' dir='ltr'><strong>Epiro,</strong></span> <span class='ocrx_word' id='word_1_394' title='bbox 3151 2651 3206 2697; x_wconf 91' lang='lat' dir='ltr'><strong>et</strong></span> <span class='ocrx_word' id='word_1_395' title='bbox 3231 2637 3436 2712; x_wconf 85' lang='lat' dir='ltr'><strong>ubique</strong></span> <span class='ocrx_word' id='word_1_396' title='bbox 3461 2640 3511 2696; x_wconf 92' lang='lat' dir='ltr'><strong>in</strong></span> <span class='ocrx_word' id='word_1_397' title='bbox 3532 2635 3700 2693; x_wconf 78' lang='lat' dir='ltr'><strong>Oricu-</strong></span> 
     </span>
    </p>
   </div>
   <div class='ocr_carea' id='block_1_78' title="bbox 2141 2727 3703 2804">
    <p class='ocr_par' dir='ltr' id='par_1_78' title="bbox 2141 2727 3703 2804">
     <span class='ocr_line' id='line_1_78' title="bbox 2141 2727 3703 2804; baseline 0 -20"><span class='ocrx_word' id='word_1_398' title='bbox 2141 2740 2194 2784; x_wconf 91' lang='lat' dir='ltr'><strong>te</strong></span> <span class='ocrx_word' id='word_1_399' title='bbox 2236 2741 2290 2785; x_wconf 88' lang='lat' dir='ltr'><strong>et</strong></span> <span class='ocrx_word' id='word_1_400' title='bbox 2333 2727 2658 2798; x_wconf 88' lang='lat' dir='ltr'><strong>Occidente,</strong></span> <span class='ocrx_word' id='word_1_401' title='bbox 2694 2748 2757 2788; x_wconf 92' lang='lat' dir='ltr'><strong>ac</strong></span> <span class='ocrx_word' id='word_1_402' title='bbox 2789 2735 3127 2804; x_wconf 89' lang='lat' dir='ltr'><strong>potissimum</strong></span> <span class='ocrx_word' id='word_1_403' title='bbox 3156 2735 3380 2803; x_wconf 72' lang='lat' dir='ltr'><strong>Retine,</strong></span> <span class='ocrx_word' id='word_1_404' title='bbox 3421 2733 3506 2790; x_wconf 90' lang='lat' dir='ltr'><strong>ubi</strong></span> <span class='ocrx_word' id='word_1_405' title='bbox 3545 2732 3703 2788; x_wconf 87' lang='lat' dir='ltr'><strong>Simon</strong></span> 
     </span>
    </p>
   </div>
   <div class='ocr_carea' id='block_1_79' title="bbox 2142 2821 3703 2900">
    <p class='ocr_par' dir='ltr' id='par_1_79' title="bbox 2142 2821 3703 2900">
     <span class='ocr_line' id='line_1_79' title="bbox 2142 2821 3703 2900; baseline 0.002 -24"><span class='ocrx_word' id='word_1_406' title='bbox 2142 2837 2327 2894; x_wconf 83' lang='lat' dir='ltr'><strong>magns</strong></span> <span class='ocrx_word' id='word_1_407' title='bbox 2357 2839 2384 2876; x_wconf 91' lang='lat' dir='ltr'><strong>a</strong></span> <span class='ocrx_word' id='word_1_408' title='bbox 2415 2821 2575 2879; x_wconf 87' lang='lat' dir='ltr'><strong>Petro</strong></span> <span class='ocrx_word' id='word_1_409' title='bbox 2603 2841 2666 2880; x_wconf 82' lang='lat' dir='ltr'><strong>ex</strong></span> <span class='ocrx_word' id='word_1_410' title='bbox 2699 2823 2916 2881; x_wconf 90' lang='lat' dir='ltr'><strong>sublimi</strong></span> <span class='ocrx_word' id='word_1_411' title='bbox 2947 2843 3075 2883; x_wconf 86' lang='lat' dir='ltr'><strong>aere</strong></span> <span class='ocrx_word' id='word_1_412' title='bbox 3113 2827 3358 2900; x_wconf 86' lang='lat' dir='ltr'><strong>dejectus</strong></span> <span class='ocrx_word' id='word_1_413' title='bbox 3378 2869 3392 2894; x_wconf 93' lang='lat'><strong>,</strong></span> <span class='ocrx_word' id='word_1_414' title='bbox 3433 2827 3487 2882; x_wconf 93' lang='lat' dir='ltr'><strong>in</strong></span> <span class='ocrx_word' id='word_1_415' title='bbox 3532 2837 3703 2882; x_wconf 88' lang='lat' dir='ltr'><strong>terram</strong></span> 
     </span>
    </p>
   </div>
   <div class='ocr_carea' id='block_1_80' title="bbox 2141 2917 3124 2989">
    <p class='ocr_par' dir='ltr' id='par_1_80' title="bbox 2141 2917 3124 2989">
     <span class='ocr_line' id='line_1_80' title="bbox 2141 2917 3124 2989; baseline 0.002 -17"><span class='ocrx_word' id='word_1_416' title='bbox 2141 2917 2322 2972; x_wconf 79' lang='lat' dir='ltr'><strong>fractis</strong></span> <span class='ocrx_word' id='word_1_417' title='bbox 2351 2918 2596 2972; x_wconf 73' lang='lat' dir='ltr'><strong>cruribus</strong></span> <span class='ocrx_word' id='word_1_418' title='bbox 2627 2919 2991 2989; x_wconf 68' lang='lat' dir='ltr'><strong>prmcipitatus</strong></span> <span class='ocrx_word' id='word_1_419' title='bbox 3022 2931 3124 2974; x_wconf 90' lang='lat' dir='ltr'><strong>est.</strong></span> 
     </span>
    </p>
   </div>
   <div class='ocr_carea' id='block_1_81' title="bbox 2215 3001 3704 3083">
    <p class='ocr_par' dir='ltr' id='par_1_81' title="bbox 2215 3001 3704 3083">
     <span class='ocr_line' id='line_1_81' title="bbox 2215 3001 3704 3083; baseline -0.001 -18"><span class='ocrx_word' id='word_1_420' title='bbox 2215 3003 2354 3081; x_wconf 76' lang='lat' dir='ltr'><strong>Quid</strong></span> <span class='ocrx_word' id='word_1_421' title='bbox 2377 3011 2569 3083; x_wconf 82' lang='lat' dir='ltr'><strong>plura?</strong></span> <span class='ocrx_word' id='word_1_422' title='bbox 2597 3009 2714 3066; x_wconf 88' lang='lat' dir='ltr'><strong>Non</strong></span> <span class='ocrx_word' id='word_1_423' title='bbox 2748 3014 2986 3068; x_wconf 74' lang='lat' dir='ltr'><strong>vexantia</strong></span> <span class='ocrx_word' id='word_1_424' title='bbox 3011 3023 3176 3080; x_wconf 89' lang='lat' dir='ltr'><strong>certe,</strong></span> <span class='ocrx_word' id='word_1_425' title='bbox 3207 3001 3304 3070; x_wconf 88' lang='lat' dir='ltr'><strong>sed</strong></span> <span class='ocrx_word' id='word_1_426' title='bbox 3338 3015 3455 3070; x_wconf 87' lang='lat' dir='ltr'><strong>ideo</strong></span> <span class='ocrx_word' id='word_1_427' title='bbox 3477 3005 3704 3068; x_wconf 88' lang='lat' dir='ltr'><strong>laudanda</strong></span> 
     </span>
    </p>
   </div>
   <div class='ocr_carea' id='block_1_82' title="bbox 438 3091 3706 3186">
    <p class='ocr_par' dir='ltr' id='par_1_82' title="bbox 438 3091 3706 3186">
     <span class='ocr_line' id='line_1_82' title="bbox 438 3091 3706 3186; baseline 0.003 -43"><span class='ocrx_word' id='word_1_428' title='bbox 438 3103 646 3160; x_wconf 70' lang='lat' dir='ltr'><strong>nullam</strong></span> <span class='ocrx_word' id='word_1_429' title='bbox 669 3105 932 3174; x_wconf 58' lang='lat' dir='ltr'><strong>pragbent’</strong></span> <span class='ocrx_word' id='word_1_430' title='bbox 959 3106 1227 3162; x_wconf 58' lang='lat' dir='ltr'><strong>credere?</strong></span> <span class='ocrx_word' id='word_1_431' title='bbox 1267 3103 1400 3162; x_wconf 66' lang='lat' dir='ltr'><strong>Tum</strong></span> <span class='ocrx_word' id='word_1_432' title='bbox 1431 3109 1626 3166; x_wconf 62' lang='lat' dir='ltr'><strong>dehinc</strong></span> <span class='ocrx_word' id='word_1_433' title='bbox 1647 3113 1884 3168; x_wconf 68' lang='grc' dir='ltr'><strong>οειθηαη</strong></span> <span class='ocrx_word' id='word_1_434' title='bbox 1915 3091 2036 3186; x_wconf 59' lang='lat' dir='ltr'><strong>pi“-</strong></span> <span class='ocrx_word' id='word_1_435' title='bbox 2065 3091 2110 3152; x_wconf 89' lang='lat' dir='ltr'><strong>C</strong></span> <span class='ocrx_word' id='word_1_436' title='bbox 2144 3111 2261 3158; x_wconf 90' lang='lat' dir='ltr'><strong>erat</strong></span> <span class='ocrx_word' id='word_1_437' title='bbox 2289 3103 2356 3158; x_wconf 89' lang='lat' dir='ltr'><strong>ab</strong></span> <span class='ocrx_word' id='word_1_438' title='bbox 2386 3103 2616 3159; x_wconf 88' lang='lat' dir='ltr'><strong>ethnicis</strong></span> <span class='ocrx_word' id='word_1_439' title='bbox 2647 3104 3062 3160; x_wconf 83' lang='lat' dir='ltr'><strong>Christianorum</strong></span> <span class='ocrx_word' id='word_1_440' title='bbox 3095 3100 3262 3172; x_wconf 86' lang='lat' dir='ltr'><strong>iides;</strong></span> <span class='ocrx_word' id='word_1_441' title='bbox 3295 3107 3418 3180; x_wconf 86' lang='lat' dir='ltr'><strong>quia</strong></span> <span class='ocrx_word' id='word_1_442' title='bbox 3448 3106 3549 3160; x_wconf 90' lang='lat' dir='ltr'><strong>illis</strong></span> <span class='ocrx_word' id='word_1_443' title='bbox 3583 3118 3706 3159; x_wconf 89' lang='lat' dir='ltr'><strong>com-</strong></span> 
     </span>
    </p>
   </div>
   <div class='ocr_carea' id='block_1_83' title="bbox 439 3197 2034 3278">
    <p class='ocr_par' dir='ltr' id='par_1_83' title="bbox 439 3197 2034 3278">
     <span class='ocr_line' id='line_1_83' title="bbox 439 3197 2034 3278; baseline 0.009 -28"><span class='ocrx_word' id='word_1_444' title='bbox 439 3197 576 3252; x_wconf 90' lang='lat' dir='ltr'><strong>rima</strong></span> <span class='ocrx_word' id='word_1_445' title='bbox 599 3197 758 3253; x_wconf 89' lang='lat' dir='ltr'><strong>nobis</strong></span> <span class='ocrx_word' id='word_1_446' title='bbox 779 3208 1070 3268; x_wconf 80' lang='lat' dir='ltr'><strong>suppetere</strong></span> <span class='ocrx_word' id='word_1_447' title='bbox 1095 3215 1303 3268; x_wconf 88' lang='lat' dir='ltr'><strong>eorum,</strong></span> <span class='ocrx_word' id='word_1_448' title='bbox 1335 3215 1454 3272; x_wconf 77' lang='lat' dir='ltr'><strong>quac</strong></span> <span class='ocrx_word' id='word_1_449' title='bbox 1482 3201 1730 3260; x_wconf 87' lang='lat' dir='ltr'><strong>Christus</strong></span> <span class='ocrx_word' id='word_1_450' title='bbox 1763 3209 2034 3278; x_wconf 81' lang='lat' dir='ltr'><strong>promisit,</strong></span> 
     </span>
    </p>
   </div>
   <div class='ocr_carea' id='block_1_84' title="bbox 444 3286 2040 3368">
    <p class='ocr_par' dir='ltr' id='par_1_84' title="bbox 444 3286 2040 3368">
     <span class='ocr_line' id='line_1_84' title="bbox 444 3286 2040 3368; baseline 0.009 -24"><span class='ocrx_word' id='word_1_451' title='bbox 444 3286 588 3345; x_wconf 87' lang='lat' dir='ltr'><strong>haud</strong></span> <span class='ocrx_word' id='word_1_452' title='bbox 621 3297 844 3362; x_wconf 81' lang='lat' dir='ltr'><strong>prorsus</strong></span> <span class='ocrx_word' id='word_1_453' title='bbox 870 3293 1070 3348; x_wconf 84' lang='lat' dir='ltr'><strong>incerta</strong></span> <span class='ocrx_word' id='word_1_454' title='bbox 1086 3295 1476 3364; x_wconf 82' lang='lat' dir='ltr'><strong>promissomm</strong></span> <span class='ocrx_word' id='word_1_455' title='bbox 1503 3311 1839 3368; x_wconf 88' lang='lat' dir='ltr'><strong>argumenta.</strong></span> <span class='ocrx_word' id='word_1_456' title='bbox 1857 3297 2040 3359; x_wconf 84' lang='lat' dir='ltr'><strong>Primo</strong></span> 
     </span>
    </p>
   </div>
   <div class='ocr_carea' id='block_1_85' title="bbox 439 3383 2041 3459">
    <p class='ocr_par' dir='ltr' id='par_1_85' title="bbox 439 3383 2041 3459">
     <span class='ocr_line' id='line_1_85' title="bbox 439 3383 2041 3459; baseline 0.008 -21"><span class='ocrx_word' id='word_1_457' title='bbox 439 3385 588 3440; x_wconf 88' lang='lat' dir='ltr'><strong>enim</strong></span> <span class='ocrx_word' id='word_1_458' title='bbox 622 3383 1056 3458; x_wconf 42' lang='lat' dir='ltr'><strong>illius|doctrina</strong></span> <span class='ocrx_word' id='word_1_459' title='bbox 1103 3393 1158 3441; x_wconf 83' lang='lat' dir='ltr'><strong>‘et</strong></span> <span class='ocrx_word' id='word_1_460' title='bbox 1192 3387 1381 3458; x_wconf 76' lang='lat' dir='ltr'><strong>religio</strong></span> <span class='ocrx_word' id='word_1_461' title='bbox 1417 3401 1516 3459; x_wconf 90' lang='lat' dir='ltr'><strong>per</strong></span> <span class='ocrx_word' id='word_1_462' title='bbox 1571 3391 1852 3448; x_wconf 87' lang='lat' dir='ltr'><strong>universas</strong></span> <span class='ocrx_word' id='word_1_463' title='bbox 1895 3395 2041 3451; x_wconf 88' lang='lat' dir='ltr'><strong>orbis</strong></span> 
     </span>
    </p>
   </div>
   <div class='ocr_carea' id='block_1_86' title="bbox 438 3477 2043 3556">
    <p class='ocr_par' dir='ltr' id='par_1_86' title="bbox 438 3477 2043 3556">
     <span class='ocr_line' id='line_1_86' title="bbox 438 3477 2043 3556; baseline 0.006 -24"><span class='ocrx_word' id='word_1_464' title='bbox 438 3487 602 3533; x_wconf 65' lang='lat' dir='ltr'><strong>terrae</strong></span> <span class='ocrx_word' id='word_1_465' title='bbox 634 3487 833 3548; x_wconf 90' lang='lat' dir='ltr'><strong>partes,</strong></span> <span class='ocrx_word' id='word_1_466' title='bbox 861 3489 1019 3551; x_wconf 88' lang='lat' dir='ltr'><strong>atque</strong></span> <span class='ocrx_word' id='word_1_467' title='bbox 1048 3482 1211 3536; x_wconf 89' lang='lat' dir='ltr'><strong>etiam</strong></span> <span class='ocrx_word' id='word_1_468' title='bbox 1244 3477 1383 3552; x_wconf 84' lang='lat' dir='ltr'><strong>apud</strong></span> <span class='ocrx_word' id='word_1_469' title='bbox 1409 3489 1594 3552; x_wconf 84' lang='lat' dir='ltr'><strong>gentes</strong></span> <span class='ocrx_word' id='word_1_470' title='bbox 1629 3487 1796 3556; x_wconf 74' lang='lat' dir='ltr'><strong>magis</strong></span> <span class='ocrx_word' id='word_1_471' title='bbox 1845 3485 2043 3544; x_wconf 81' lang='lat' dir='ltr'><strong>barba-</strong></span> 
     </span>
    </p>
   </div>
   <div class='ocr_carea' id='block_1_87' title="bbox 442 3571 2044 3651">
    <p class='ocr_par' dir='ltr' id='par_1_87' title="bbox 442 3571 2044 3651">
     <span class='ocr_line' id='line_1_87' title="bbox 442 3571 2044 3651; baseline 0.006 -26"><span class='ocrx_word' id='word_1_472' title='bbox 442 3585 554 3638; x_wconf 88' lang='lat' dir='ltr'><strong>ras,</strong></span> <span class='ocrx_word' id='word_1_473' title='bbox 583 3571 1036 3643; x_wconf 84' lang='lat' dir='ltr'><strong>quemadmodum</strong></span> <span class='ocrx_word' id='word_1_474' title='bbox 1076 3571 1172 3630; x_wconf 88' lang='lat' dir='ltr'><strong>ille</strong></span> <span class='ocrx_word' id='word_1_475' title='bbox 1201 3575 1520 3643; x_wconf 83' lang='lat' dir='ltr'><strong>promiserat</strong></span> <span class='ocrx_word' id='word_1_476' title='bbox 1541 3618 1558 3644; x_wconf 93' lang='lat'><strong>,</strong></span> <span class='ocrx_word' id='word_1_477' title='bbox 1591 3575 1740 3633; x_wconf 85' lang='lat' dir='ltr'><strong>brevi</strong></span> <span class='ocrx_word' id='word_1_478' title='bbox 1786 3582 2044 3651; x_wconf 83' lang='lat' dir='ltr'><strong>temporis</strong></span> 
     </span>
    </p>
   </div>
   <div class='ocr_carea' id='block_1_88' title="bbox 443 3663 2043 3735">
    <p class='ocr_par' dir='ltr' id='par_1_88' title="bbox 443 3663 2043 3735">
     <span class='ocr_line' id='line_1_88' title="bbox 443 3663 2043 3735; baseline 0.007 -17"><span class='ocrx_word' id='word_1_479' title='bbox 443 3664 619 3735; x_wconf 89' lang='lat' dir='ltr'><strong>spatio</strong></span> <span class='ocrx_word' id='word_1_480' title='bbox 642 3663 742 3718; x_wconf 89' lang='lat' dir='ltr'><strong>fuit</strong></span> <span class='ocrx_word' id='word_1_481' title='bbox 762 3663 1130 3720; x_wconf 88' lang='lat' dir='ltr'><strong>disseminata.</strong></span> <span class='ocrx_word' id='word_1_482' title='bbox 1161 3664 1362 3721; x_wconf 90' lang='lat' dir='ltr'><strong>Deinde</strong></span> <span class='ocrx_word' id='word_1_483' title='bbox 1394 3681 1524 3722; x_wconf 88' lang='lat' dir='ltr'><strong>vero</strong></span> <span class='ocrx_word' id='word_1_484' title='bbox 1558 3673 1898 3734; x_wconf 79' lang='lat' dir='ltr'><strong>quantumvis</strong></span> <span class='ocrx_word' id='word_1_485' title='bbox 1927 3669 2043 3730; x_wconf 75' lang='lat' dir='ltr'><strong>itzt&#39;c</strong></span> 
     </span>
    </p>
   </div>
   <div class='ocr_carea' id='block_1_89' title="bbox 443 3756 2042 3828">
    <p class='ocr_par' dir='ltr' id='par_1_89' title="bbox 443 3756 2042 3828">
     <span class='ocr_line' id='line_1_89' title="bbox 443 3756 2042 3828; baseline 0.008 -16"><span class='ocrx_word' id='word_1_486' title='bbox 443 3756 691 3812; x_wconf 87' lang='lat' dir='ltr'><strong>doctrina</strong></span> <span class='ocrx_word' id='word_1_487' title='bbox 732 3757 867 3811; x_wconf 84' lang='lat' dir='ltr'><strong>dura</strong></span> <span class='ocrx_word' id='word_1_488' title='bbox 912 3766 968 3813; x_wconf 88' lang='lat' dir='ltr'><strong>et</strong></span> <span class='ocrx_word' id='word_1_489' title='bbox 1011 3765 1198 3828; x_wconf 84' lang='lat' dir='ltr'><strong>aspera</strong></span> <span class='ocrx_word' id='word_1_490' title='bbox 1249 3757 1516 3826; x_wconf 86' lang='lat' dir='ltr'><strong>videatur,</strong></span> <span class='ocrx_word' id='word_1_491' title='bbox 1547 3762 1694 3818; x_wconf 91' lang='lat' dir='ltr'><strong>illam</strong></span> <span class='ocrx_word' id='word_1_492' title='bbox 1721 3773 1898 3822; x_wconf 88' lang='lat' dir='ltr'><strong>tamen</strong></span> <span class='ocrx_word' id='word_1_493' title='bbox 1929 3784 2042 3824; x_wconf 90' lang='lat' dir='ltr'><strong>ma—</strong></span> 
     </span>
    </p>
   </div>
   <div class='ocr_carea' id='block_1_90' title="bbox 445 3847 2038 3925">
    <p class='ocr_par' dir='ltr' id='par_1_90' title="bbox 445 3847 2038 3925">
     <span class='ocr_line' id='line_1_90' title="bbox 445 3847 2038 3925; baseline 0.007 -20"><span class='ocrx_word' id='word_1_494' title='bbox 445 3864 553 3921; x_wconf 86' lang='lat' dir='ltr'><strong>gno</strong></span> <span class='ocrx_word' id='word_1_495' title='bbox 573 3849 791 3921; x_wconf 87' lang='lat' dir='ltr'><strong>ingenio</strong></span> <span class='ocrx_word' id='word_1_496' title='bbox 817 3847 1028 3920; x_wconf 69' lang='lat' dir='ltr'><strong>prrcditi</strong></span> <span class='ocrx_word' id='word_1_497' title='bbox 1054 3859 1321 3918; x_wconf 90' lang='lat' dir='ltr'><strong>oratores,</strong></span> <span class='ocrx_word' id='word_1_498' title='bbox 1350 3854 1686 3924; x_wconf 85' lang='lat' dir='ltr'><strong>grammatici</strong></span> <span class='ocrx_word' id='word_1_499' title='bbox 1716 3898 1731 3924; x_wconf 94' lang='lat'><strong>,</strong></span> <span class='ocrx_word' id='word_1_500' title='bbox 1764 3860 2038 3925; x_wconf 88' lang='lat' dir='ltr'><strong>rhetores,</strong></span> 
     </span>
    </p>
   </div>
   <div class='ocr_carea' id='block_1_91' title="bbox 441 3943 2046 4020">
    <p class='ocr_par' dir='ltr' id='par_1_91' title="bbox 441 3943 2046 4020">
     <span class='ocr_line' id='line_1_91' title="bbox 441 3943 2046 4020; baseline 0.006 -21"><span class='ocrx_word' id='word_1_501' title='bbox 441 3943 836 4016; x_wconf 68' lang='lat' dir='ltr'><strong>iurisconsulti,</strong></span> <span class='ocrx_word' id='word_1_502' title='bbox 887 3945 1104 4014; x_wconf 83' lang='lat' dir='ltr'><strong>medici,</strong></span> <span class='ocrx_word' id='word_1_503' title='bbox 1137 3945 1442 4018; x_wconf 87' lang='lat' dir='ltr'><strong>philosophi</strong></span> <span class='ocrx_word' id='word_1_504' title='bbox 1481 3949 1826 4020; x_wconf 80' lang='lat' dir='ltr'><strong>expetebant.</strong></span> <span class='ocrx_word' id='word_1_505' title='bbox 1861 3951 2046 4010; x_wconf 87' lang='lat' dir='ltr'><strong>Tertio</strong></span> 
     </span>
    </p>
   </div>
   <div class='ocr_carea' id='block_1_92' title="bbox 439 4037 2042 4117">
    <p class='ocr_par' dir='ltr' id='par_1_92' title="bbox 439 4037 2042 4117">
     <span class='ocr_line' id='line_1_92' title="bbox 439 4037 2042 4117; baseline 0.005 -22"><span class='ocrx_word' id='word_1_506' title='bbox 439 4037 589 4096; x_wconf 86' lang='lat' dir='ltr'><strong>illius</strong></span> <span class='ocrx_word' id='word_1_507' title='bbox 616 4047 918 4095; x_wconf 87' lang='lat' dir='ltr'><strong>sectatores</strong></span> <span class='ocrx_word' id='word_1_508' title='bbox 961 4037 1124 4095; x_wconf 88' lang='lat' dir='ltr'><strong>nullis</strong></span> <span class='ocrx_word' id='word_1_509' title='bbox 1153 4040 1312 4110; x_wconf 88' lang='lat' dir='ltr'><strong>plane</strong></span> <span class='ocrx_word' id='word_1_510' title='bbox 1339 4041 1669 4113; x_wconf 88' lang='lat' dir='ltr'><strong>quibuslibet</strong></span> <span class='ocrx_word' id='word_1_511' title='bbox 1711 4045 1992 4117; x_wconf 89' lang='lat' dir='ltr'><strong>suppliciis</strong></span> <span class='ocrx_word' id='word_1_512' title='bbox 2027 4092 2042 4117; x_wconf 96' lang='lat'><strong>,</strong></span> 
     </span>
    </p>
   </div>
   <div class='ocr_carea' id='block_1_93' title="bbox 444 4131 2043 4206">
    <p class='ocr_par' dir='ltr' id='par_1_93' title="bbox 444 4131 2043 4206">
     <span class='ocr_line' id='line_1_93' title="bbox 444 4131 2043 4206; baseline 0.006 -18"><span class='ocrx_word' id='word_1_513' title='bbox 444 4132 608 4188; x_wconf 89' lang='lat' dir='ltr'><strong>etiam</strong></span> <span class='ocrx_word' id='word_1_514' title='bbox 637 4133 992 4204; x_wconf 87' lang='lat' dir='ltr'><strong>gravissimis,</strong></span> <span class='ocrx_word' id='word_1_515' title='bbox 1037 4131 1103 4188; x_wconf 91' lang='lat' dir='ltr'><strong>ad</strong></span> <span class='ocrx_word' id='word_1_516' title='bbox 1147 4147 1264 4189; x_wconf 81' lang='lat' dir='ltr'><strong>eam</strong></span> <span class='ocrx_word' id='word_1_517' title='bbox 1295 4133 1670 4206; x_wconf 89' lang='lat' dir='ltr'><strong>deponendam</strong></span> <span class='ocrx_word' id='word_1_518' title='bbox 1713 4155 1819 4195; x_wconf 93' lang='lat' dir='ltr'><strong>non</strong></span> <span class='ocrx_word' id='word_1_519' title='bbox 1870 4142 2043 4197; x_wconf 87' lang='lat' dir='ltr'><strong>solum</strong></span> 
     </span>
    </p>
   </div>
   <div class='ocr_carea' id='block_1_94' title="bbox 445 4225 2044 4304">
    <p class='ocr_par' dir='ltr' id='par_1_94' title="bbox 445 4225 2044 4304">
     <span class='ocr_line' id='line_1_94' title="bbox 445 4225 2044 4304; baseline 0.008 -24"><span class='ocrx_word' id='word_1_520' title='bbox 445 4227 566 4297; x_wconf 84' lang='lat' dir='ltr'><strong>cogi</strong></span> <span class='ocrx_word' id='word_1_521' title='bbox 597 4235 890 4297; x_wconf 87' lang='lat' dir='ltr'><strong>potuerunt</strong></span> <span class='ocrx_word' id='word_1_522' title='bbox 915 4243 930 4281; x_wconf 90' lang='lat'><strong>:</strong></span> <span class='ocrx_word' id='word_1_523' title='bbox 963 4225 1059 4282; x_wconf 89' lang='lat' dir='ltr'><strong>sed</strong></span> <span class='ocrx_word' id='word_1_524' title='bbox 1087 4227 1150 4284; x_wconf 92' lang='lat' dir='ltr'><strong>iis</strong></span> <span class='ocrx_word' id='word_1_525' title='bbox 1174 4243 1388 4300; x_wconf 89' lang='lat' dir='ltr'><strong>quoque</strong></span> <span class='ocrx_word' id='word_1_526' title='bbox 1415 4231 1588 4285; x_wconf 90' lang='lat' dir='ltr'><strong>crevit</strong></span> <span class='ocrx_word' id='word_1_527' title='bbox 1613 4246 1830 4304; x_wconf 90' lang='lat' dir='ltr'><strong>semper</strong></span> <span class='ocrx_word' id='word_1_528' title='bbox 1857 4249 2044 4291; x_wconf 90' lang='lat' dir='ltr'><strong>eorum</strong></span> 
     </span>
    </p>
   </div>
   <div class='ocr_carea' id='block_1_95' title="bbox 446 4317 2043 4393">
    <p class='ocr_par' dir='ltr' id='par_1_95' title="bbox 446 4317 2043 4393">
     <span class='ocr_line' id='line_1_95' title="bbox 446 4317 2043 4393; baseline 0.008 -21"><span class='ocrx_word' id='word_1_529' title='bbox 446 4331 722 4373; x_wconf 87' lang='lat' dir='ltr'><strong>numerus.</strong></span> <span class='ocrx_word' id='word_1_530' title='bbox 758 4319 826 4373; x_wconf 82' lang='lat' dir='ltr'><strong>At</strong></span> <span class='ocrx_word' id='word_1_531' title='bbox 843 4317 963 4375; x_wconf 68' lang='lat' dir='ltr'><strong>htcc</strong></span> <span class='ocrx_word' id='word_1_532' title='bbox 989 4320 1138 4392; x_wconf 88' lang='lat' dir='ltr'><strong>prius</strong></span> <span class='ocrx_word' id='word_1_533' title='bbox 1160 4337 1187 4372; x_wconf 88' lang='lat' dir='ltr'><strong>a</strong></span> <span class='ocrx_word' id='word_1_534' title='bbox 1217 4320 1440 4376; x_wconf 87' lang='lat' dir='ltr'><strong>Christo</strong></span> <span class='ocrx_word' id='word_1_535' title='bbox 1461 4325 1726 4393; x_wconf 89' lang='lat' dir='ltr'><strong>promissa</strong></span> <span class='ocrx_word' id='word_1_536' title='bbox 1757 4339 1878 4382; x_wconf 91' lang='lat' dir='ltr'><strong>cum</strong></span> <span class='ocrx_word' id='word_1_537' title='bbox 1915 4343 2043 4384; x_wconf 87' lang='lat' dir='ltr'><strong>eve-</strong></span> 
     </span>
    </p>
   </div>
   <div class='ocr_carea' id='block_1_96' title="bbox 446 4405 2043 4487">
    <p class='ocr_par' dir='ltr' id='par_1_96' title="bbox 446 4405 2043 4487">
     <span class='ocr_line' id='line_1_96' title="bbox 446 4405 2043 4487; baseline 0.005 -19"><span class='ocrx_word' id='word_1_538' title='bbox 446 4413 648 4481; x_wconf 90' lang='lat' dir='ltr'><strong>nerint,</strong></span> <span class='ocrx_word' id='word_1_539' title='bbox 675 4412 744 4469; x_wconf 89' lang='lat' dir='ltr'><strong>de</strong></span> <span class='ocrx_word' id='word_1_540' title='bbox 765 4413 992 4468; x_wconf 89' lang='lat' dir='ltr'><strong>aliorum</strong></span> <span class='ocrx_word' id='word_1_541' title='bbox 1016 4427 1232 4486; x_wconf 89' lang='lat' dir='ltr'><strong>quoque</strong></span> <span class='ocrx_word' id='word_1_542' title='bbox 1251 4416 1320 4471; x_wconf 87' lang='lat' dir='ltr'><strong>ab</strong></span> <span class='ocrx_word' id='word_1_543' title='bbox 1341 4431 1407 4471; x_wconf 92' lang='lat' dir='ltr'><strong>eo</strong></span> <span class='ocrx_word' id='word_1_544' title='bbox 1435 4405 1826 4487; x_wconf 82' lang='lat' dir='ltr'><strong>promissorum</strong></span> <span class='ocrx_word' id='word_1_545' title='bbox 1849 4430 2043 4476; x_wconf 89' lang='lat' dir='ltr'><strong>eventu</strong></span> 
     </span>
    </p>
   </div>
   <div class='ocr_carea' id='block_1_97' title="bbox 449 4507 1202 4566">
    <p class='ocr_par' dir='ltr' id='par_1_97' title="bbox 449 4507 1202 4566">
     <span class='ocr_line' id='line_1_97' title="bbox 449 4507 1202 4566; baseline 0.005 -4"><span class='ocrx_word' id='word_1_546' title='bbox 449 4507 732 4564; x_wconf 86' lang='lat' dir='ltr'><strong>dubitandi</strong></span> <span class='ocrx_word' id='word_1_547' title='bbox 760 4508 904 4564; x_wconf 88' lang='lat' dir='ltr'><strong>nulla</strong></span> <span class='ocrx_word' id='word_1_548' title='bbox 932 4511 1070 4565; x_wconf 92' lang='lat' dir='ltr'><strong>ratio</strong></span> <span class='ocrx_word' id='word_1_549' title='bbox 1097 4521 1202 4566; x_wconf 89' lang='lat' dir='ltr'><strong>est.</strong></span> 
     </span>
    </p>
   </div>
   <div class='ocr_carea' id='block_1_98' title="bbox 519 4601 2048 4674">
    <p class='ocr_par' dir='ltr' id='par_1_98' title="bbox 519 4601 2048 4674">
     <span class='ocr_line' id='line_1_98' title="bbox 519 4601 2048 4674; baseline 0.004 -16"><span class='ocrx_word' id='word_1_550' title='bbox 519 4601 706 4674; x_wconf 88' lang='lat' dir='ltr'><strong>Neque</strong></span> <span class='ocrx_word' id='word_1_551' title='bbox 735 4617 897 4674; x_wconf 91' lang='lat' dir='ltr'><strong>porro</strong></span> <span class='ocrx_word' id='word_1_552' title='bbox 935 4611 1015 4658; x_wconf 91' lang='lat' dir='ltr'><strong>tot</strong></span> <span class='ocrx_word' id='word_1_553' title='bbox 1043 4601 1291 4659; x_wconf 89' lang='lat' dir='ltr'><strong>homines</strong></span> <span class='ocrx_word' id='word_1_554' title='bbox 1322 4619 1421 4674; x_wconf 91' lang='lat' dir='ltr'><strong>per</strong></span> <span class='ocrx_word' id='word_1_555' title='bbox 1448 4611 1610 4661; x_wconf 91' lang='lat' dir='ltr'><strong>lotam</strong></span> <span class='ocrx_word' id='word_1_556' title='bbox 1645 4616 1846 4663; x_wconf 87' lang='lat' dir='ltr'><strong>terram</strong></span> <span class='ocrx_word' id='word_1_557' title='bbox 1875 4603 2048 4664; x_wconf 80' lang='lat' dir='ltr'><strong>chris-</strong></span> 
     </span>
    </p>
   </div>
   <div class='ocr_carea' id='block_1_99' title="bbox 449 4695 2048 4767">
    <p class='ocr_par' dir='ltr' id='par_1_99' title="bbox 449 4695 2048 4767">
     <span class='ocr_line' id='line_1_99' title="bbox 449 4695 2048 4767; baseline 0.004 -15"><span class='ocrx_word' id='word_1_558' title='bbox 449 4697 595 4752; x_wconf 66' lang='lat' dir='ltr'><strong>ti‘aua</strong></span> <span class='ocrx_word' id='word_1_559' title='bbox 622 4695 888 4767; x_wconf 82' lang='lat' dir='ltr'><strong>religione</strong></span> <span class='ocrx_word' id='word_1_560' title='bbox 920 4695 1138 4763; x_wconf 88' lang='lat' dir='ltr'><strong>initiati,</strong></span> <span class='ocrx_word' id='word_1_561' title='bbox 1173 4697 1292 4751; x_wconf 91' lang='lat' dir='ltr'><strong>aliis</strong></span> <span class='ocrx_word' id='word_1_562' title='bbox 1323 4698 1522 4765; x_wconf 89' lang='lat' dir='ltr'><strong>obtusi,</strong></span> <span class='ocrx_word' id='word_1_563' title='bbox 1555 4695 1802 4767; x_wconf 86' lang='lat' dir='ltr'><strong>hebetes,</strong></span> <span class='ocrx_word' id='word_1_564' title='bbox 1831 4715 1893 4756; x_wconf 87' lang='lat' dir='ltr'><strong>ac</strong></span> <span class='ocrx_word' id='word_1_565' title='bbox 1921 4701 2048 4758; x_wconf 77' lang='lat' dir='ltr'><strong>fatui</strong></span> 
     </span>
    </p>
   </div>
   <div class='ocr_carea' id='block_1_100' title="bbox 449 4789 2048 4863">
    <p class='ocr_par' dir='ltr' id='par_1_100' title="bbox 449 4789 2048 4863">
     <span class='ocr_line' id='line_1_100' title="bbox 449 4789 2048 4863; baseline 0.003 -17"><span class='ocrx_word' id='word_1_566' title='bbox 449 4789 624 4846; x_wconf 88' lang='lat' dir='ltr'><strong>videri</strong></span> <span class='ocrx_word' id='word_1_567' title='bbox 659 4799 932 4862; x_wconf 89' lang='lat' dir='ltr'><strong>poterant,</strong></span> <span class='ocrx_word' id='word_1_568' title='bbox 974 4789 1074 4844; x_wconf 92' lang='lat' dir='ltr'><strong>nisi</strong></span> <span class='ocrx_word' id='word_1_569' title='bbox 1100 4789 1153 4845; x_wconf 91' lang='lat' dir='ltr'><strong>hi</strong></span> <span class='ocrx_word' id='word_1_570' title='bbox 1188 4806 1246 4846; x_wconf 89' lang='lat' dir='ltr'><strong>se</strong></span> <span class='ocrx_word' id='word_1_571' title='bbox 1275 4791 1422 4846; x_wconf 93' lang='lat' dir='ltr'><strong>solos</strong></span> <span class='ocrx_word' id='word_1_572' title='bbox 1453 4793 1714 4863; x_wconf 88' lang='lat' dir='ltr'><strong>sapientia</strong></span> <span class='ocrx_word' id='word_1_573' title='bbox 1743 4802 1797 4848; x_wconf 89' lang='lat' dir='ltr'><strong>et</strong></span> <span class='ocrx_word' id='word_1_574' title='bbox 1825 4794 2048 4850; x_wconf 89' lang='lat' dir='ltr'><strong>scientia</strong></span> 
     </span>
    </p>
   </div>
   <div class='ocr_carea' id='block_1_101' title="bbox 452 4878 2045 4956">
    <p class='ocr_par' dir='ltr' id='par_1_101' title="bbox 452 4878 2045 4956">
     <span class='ocr_line' id='line_1_101' title="bbox 452 4878 2045 4956; baseline 0.003 -18"><span class='ocrx_word' id='word_1_575' title='bbox 452 4878 713 4954; x_wconf 66' lang='lat' dir='ltr'><strong>prmditos</strong></span> <span class='ocrx_word' id='word_1_576' title='bbox 733 4882 1065 4951; x_wconf 88' lang='lat' dir='ltr'><strong>jactitarent.</strong></span> <span class='ocrx_word' id='word_1_577' title='bbox 1093 4881 1199 4938; x_wconf 90' lang='lat' dir='ltr'><strong>Sed</strong></span> <span class='ocrx_word' id='word_1_578' title='bbox 1229 4883 1396 4954; x_wconf 89' lang='lat' dir='ltr'><strong>quali,</strong></span> <span class='ocrx_word' id='word_1_579' title='bbox 1429 4884 1599 4956; x_wconf 91' lang='lat' dir='ltr'><strong>inquit</strong></span> <span class='ocrx_word' id='word_1_580' title='bbox 1623 4895 1810 4940; x_wconf 88' lang='lat' dir='ltr'><strong>auctor</strong></span> <span class='ocrx_word' id='word_1_581' title='bbox 1839 4897 2045 4955; x_wconf 89' lang='lat' dir='ltr'><strong>noster,</strong></span> 
     </span>
    </p>
   </div>
   <div class='ocr_carea' id='block_1_102' title="bbox 452 4975 2048 5051">
    <p class='ocr_par' dir='ltr' id='par_1_102' title="bbox 452 4975 2048 5051">
     <span class='ocr_line' id='line_1_102' title="bbox 452 4975 2048 5051; baseline 0.004 -18"><span class='ocrx_word' id='word_1_582' title='bbox 452 4977 718 5049; x_wconf 87' lang='lat' dir='ltr'><strong>sapientia</strong></span> <span class='ocrx_word' id='word_1_583' title='bbox 740 4983 796 5031; x_wconf 92' lang='lat' dir='ltr'><strong>et</strong></span> <span class='ocrx_word' id='word_1_584' title='bbox 824 4976 1086 5032; x_wconf 85' lang='lat' dir='ltr'><strong>scientia?</strong></span> <span class='ocrx_word' id='word_1_585' title='bbox 1106 4975 1244 5032; x_wconf 89' lang='lat' dir='ltr'><strong>Num</strong></span> <span class='ocrx_word' id='word_1_586' title='bbox 1274 4981 1642 5048; x_wconf 86' lang='lat' dir='ltr'><strong>grammatica,</strong></span> <span class='ocrx_word' id='word_1_587' title='bbox 1673 4981 1903 5051; x_wconf 91' lang='lat' dir='ltr'><strong>poetica,</strong></span> <span class='ocrx_word' id='word_1_588' title='bbox 1927 4983 2048 5040; x_wconf 89' lang='lat' dir='ltr'><strong>rhe-</strong></span> 
     </span>
    </p>
   </div>
   <div class='ocr_carea' id='block_1_103' title="bbox 447 5069 2044 5142">
    <p class='ocr_par' dir='ltr' id='par_1_103' title="bbox 447 5069 2044 5142">
     <span class='ocr_line' id='line_1_103' title="bbox 447 5069 2044 5142; baseline 0.003 -14"><span class='ocrx_word' id='word_1_589' title='bbox 447 5073 641 5140; x_wconf 89' lang='lat' dir='ltr'><strong>torica,</strong></span> <span class='ocrx_word' id='word_1_590' title='bbox 673 5070 845 5140; x_wconf 90' lang='lat' dir='ltr'><strong>logica</strong></span> <span class='ocrx_word' id='word_1_591' title='bbox 879 5079 933 5126; x_wconf 91' lang='lat' dir='ltr'><strong>et</strong></span> <span class='ocrx_word' id='word_1_592' title='bbox 959 5069 1276 5126; x_wconf 89' lang='lat' dir='ltr'><strong>dialectica?</strong></span> <span class='ocrx_word' id='word_1_593' title='bbox 1306 5073 1374 5125; x_wconf 84' lang='lat' dir='ltr'><strong>At</strong></span> <span class='ocrx_word' id='word_1_594' title='bbox 1403 5087 1562 5142; x_wconf 90' lang='lat' dir='ltr'><strong>quam</strong></span> <span class='ocrx_word' id='word_1_595' title='bbox 1589 5089 1722 5128; x_wconf 84' lang='lat' dir='ltr'><strong>vana</strong></span> <span class='ocrx_word' id='word_1_596' title='bbox 1753 5073 1824 5130; x_wconf 88' lang='lat' dir='ltr'><strong>sit</strong></span> <span class='ocrx_word' id='word_1_597' title='bbox 1855 5075 2044 5133; x_wconf 89' lang='lat' dir='ltr'><strong>harum</strong></span> 
     </span>
    </p>
   </div>
   <div class='ocr_carea' id='block_1_104' title="bbox 451 5161 2047 5240">
    <p class='ocr_par' dir='ltr' id='par_1_104' title="bbox 451 5161 2047 5240">
     <span class='ocr_line' id='line_1_104' title="bbox 451 5161 2047 5240; baseline 0.003 -19"><span class='ocrx_word' id='word_1_598' title='bbox 451 5164 856 5235; x_wconf 89' lang='lat' dir='ltr'><strong>disciplinarum</strong></span> <span class='ocrx_word' id='word_1_599' title='bbox 903 5165 1196 5218; x_wconf 91' lang='lat' dir='ltr'><strong>ostentatio</strong></span> <span class='ocrx_word' id='word_1_600' title='bbox 1246 5161 1370 5219; x_wconf 91' lang='lat' dir='ltr'><strong>inde</strong></span> <span class='ocrx_word' id='word_1_601' title='bbox 1427 5174 1606 5236; x_wconf 89' lang='lat' dir='ltr'><strong>patet,</strong></span> <span class='ocrx_word' id='word_1_602' title='bbox 1657 5167 1800 5239; x_wconf 89' lang='lat' dir='ltr'><strong>quod</strong></span> <span class='ocrx_word' id='word_1_603' title='bbox 1848 5186 1946 5240; x_wconf 92' lang='lat' dir='ltr'><strong>per</strong></span> <span class='ocrx_word' id='word_1_604' title='bbox 1988 5187 2047 5230; x_wconf 85' lang='lat' dir='ltr'><strong>se</strong></span> 
     </span>
    </p>
   </div>
   <div class='ocr_carea' id='block_1_105' title="bbox 449 5255 2044 5333">
    <p class='ocr_par' dir='ltr' id='par_1_105' title="bbox 449 5255 2044 5333">
     <span class='ocr_line' id='line_1_105' title="bbox 449 5255 2044 5333; baseline 0.004 -19"><span class='ocrx_word' id='word_1_605' title='bbox 449 5258 618 5314; x_wconf 87' lang='lat' dir='ltr'><strong>homo</strong></span> <span class='ocrx_word' id='word_1_606' title='bbox 653 5257 797 5314; x_wconf 87' lang='lat' dir='ltr'><strong>scire</strong></span> <span class='ocrx_word' id='word_1_607' title='bbox 840 5264 1074 5327; x_wconf 89' lang='lat' dir='ltr'><strong>nequeat</strong></span> <span class='ocrx_word' id='word_1_608' title='bbox 1107 5271 1226 5326; x_wconf 63' lang='lat' dir='ltr'><strong>quae</strong></span> <span class='ocrx_word' id='word_1_609' title='bbox 1266 5255 1471 5326; x_wconf 87' lang='lat' dir='ltr'><strong>divina,</strong></span> <span class='ocrx_word' id='word_1_610' title='bbox 1503 5259 1587 5314; x_wconf 88' lang='lat' dir='ltr'><strong>vel</strong></span> <span class='ocrx_word' id='word_1_611' title='bbox 1627 5261 1854 5320; x_wconf 90' lang='lat' dir='ltr'><strong>obscura</strong></span> <span class='ocrx_word' id='word_1_612' title='bbox 1899 5277 2044 5333; x_wconf 91' lang='lat' dir='ltr'><strong>sunt,</strong></span> 
     </span>
    </p>
   </div>
   <div class='ocr_carea' id='block_1_106' title="bbox 448 5348 2043 5422">
    <p class='ocr_par' dir='ltr' id='par_1_106' title="bbox 448 5348 2043 5422">
     <span class='ocr_line' id='line_1_106' title="bbox 448 5348 2043 5422; baseline 0.003 -16"><span class='ocrx_word' id='word_1_613' title='bbox 448 5365 553 5406; x_wconf 88' lang='lat' dir='ltr'><strong>nec</strong></span> <span class='ocrx_word' id='word_1_614' title='bbox 579 5349 705 5422; x_wconf 87' lang='lat' dir='ltr'><strong>quid</strong></span> <span class='ocrx_word' id='word_1_615' title='bbox 743 5349 860 5420; x_wconf 88' lang='lat' dir='ltr'><strong>ipse</strong></span> <span class='ocrx_word' id='word_1_616' title='bbox 894 5348 997 5415; x_wconf 87' lang='lat' dir='ltr'><strong>sit,</strong></span> <span class='ocrx_word' id='word_1_617' title='bbox 1031 5357 1090 5403; x_wconf 91' lang='lat' dir='ltr'><strong>ut</strong></span> <span class='ocrx_word' id='word_1_618' title='bbox 1125 5350 1201 5404; x_wconf 87' lang='lat' dir='ltr'><strong>ait</strong></span> <span class='ocrx_word' id='word_1_619' title='bbox 1239 5348 1511 5418; x_wconf 83' lang='lat' dir='ltr'><strong>Socrates,</strong></span> <span class='ocrx_word' id='word_1_620' title='bbox 1554 5368 1653 5408; x_wconf 90' lang='lat' dir='ltr'><strong>nec</strong></span> <span class='ocrx_word' id='word_1_621' title='bbox 1694 5351 1866 5422; x_wconf 90' lang='lat' dir='ltr'><strong>unde,</strong></span> <span class='ocrx_word' id='word_1_622' title='bbox 1898 5357 1984 5411; x_wconf 84' lang='lat' dir='ltr'><strong>vel</strong></span> <span class='ocrx_word' id='word_1_623' title='bbox 2015 5373 2043 5410; x_wconf 88' lang='lat' dir='ltr'><strong>a</strong></span> 
     </span>
    </p>
   </div>
   <div class='ocr_carea' id='block_1_107' title="bbox 449 5439 2046 5513">
    <p class='ocr_par' dir='ltr' id='par_1_107' title="bbox 449 5439 2046 5513">
     <span class='ocr_line' id='line_1_107' title="bbox 449 5439 2046 5513; baseline 0.005 -18"><span class='ocrx_word' id='word_1_624' title='bbox 449 5457 590 5512; x_wconf 88' lang='lat' dir='ltr'><strong>quo,</strong></span> <span class='ocrx_word' id='word_1_625' title='bbox 632 5451 685 5497; x_wconf 91' lang='lat' dir='ltr'><strong>et</strong></span> <span class='ocrx_word' id='word_1_626' title='bbox 729 5455 831 5512; x_wconf 83' lang='lat' dir='ltr'><strong>qua</strong></span> <span class='ocrx_word' id='word_1_627' title='bbox 873 5439 953 5496; x_wconf 73' lang='lat' dir='ltr'><strong>de’</strong></span> <span class='ocrx_word' id='word_1_628' title='bbox 986 5455 1148 5497; x_wconf 90' lang='lat' dir='ltr'><strong>causa</strong></span> <span class='ocrx_word' id='word_1_629' title='bbox 1189 5451 1436 5508; x_wconf 90' lang='lat' dir='ltr'><strong>creatus,</strong></span> <span class='ocrx_word' id='word_1_630' title='bbox 1469 5457 1564 5498; x_wconf 89' lang='lat' dir='ltr'><strong>cur</strong></span> <span class='ocrx_word' id='word_1_631' title='bbox 1592 5447 1966 5513; x_wconf 70' lang='lat' dir='ltr'><strong>totfzcrumnis</strong></span> <span class='ocrx_word' id='word_1_632' title='bbox 1991 5457 2046 5502; x_wconf 89' lang='lat' dir='ltr'><strong>et</strong></span> 
     </span>
    </p>
   </div>
   <div class='ocr_carea' id='block_1_108' title="bbox 453 5533 2044 5608">
    <p class='ocr_par' dir='ltr' id='par_1_108' title="bbox 453 5533 2044 5608">
     <span class='ocr_line' id='line_1_108' title="bbox 453 5533 2044 5608; baseline 0.003 -20"><span class='ocrx_word' id='word_1_633' title='bbox 453 5533 611 5588; x_wconf 89' lang='lat' dir='ltr'><strong>malis</strong></span> <span class='ocrx_word' id='word_1_634' title='bbox 657 5534 1020 5604; x_wconf 89' lang='lat' dir='ltr'><strong>opprimatur,</strong></span> <span class='ocrx_word' id='word_1_635' title='bbox 1056 5533 1183 5607; x_wconf 91' lang='lat' dir='ltr'><strong>quid</strong></span> <span class='ocrx_word' id='word_1_636' title='bbox 1214 5535 1268 5590; x_wconf 93' lang='lat' dir='ltr'><strong>in</strong></span> <span class='ocrx_word' id='word_1_637' title='bbox 1309 5535 1534 5592; x_wconf 89' lang='lat' dir='ltr'><strong>somniis</strong></span> <span class='ocrx_word' id='word_1_638' title='bbox 1563 5545 1704 5608; x_wconf 89' lang='lat' dir='ltr'><strong>agat,</strong></span> <span class='ocrx_word' id='word_1_639' title='bbox 1745 5553 1864 5605; x_wconf 66' lang='lat' dir='ltr'><strong>qua:</strong></span> <span class='ocrx_word' id='word_1_640' title='bbox 1895 5555 2044 5593; x_wconf 90' lang='lat' dir='ltr'><strong>som-</strong></span> 
     </span>
    </p>
   </div>
   <div class='ocr_carea' id='block_1_109' title="bbox 450 5627 2048 5702">
    <p class='ocr_par' dir='ltr' id='par_1_109' title="bbox 450 5627 2048 5702">
     <span class='ocr_line' id='line_1_109' title="bbox 450 5627 2048 5702; baseline 0.003 -20"><span class='ocrx_word' id='word_1_641' title='bbox 450 5627 598 5683; x_wconf 86' lang='lat' dir='ltr'><strong>nium</strong></span> <span class='ocrx_word' id='word_1_642' title='bbox 629 5629 770 5684; x_wconf 91' lang='lat' dir='ltr'><strong>inter</strong></span> <span class='ocrx_word' id='word_1_643' title='bbox 794 5639 850 5684; x_wconf 90' lang='lat' dir='ltr'><strong>et</strong></span> <span class='ocrx_word' id='word_1_644' title='bbox 877 5629 1088 5700; x_wconf 86' lang='lat' dir='ltr'><strong>vigilias</strong></span> <span class='ocrx_word' id='word_1_645' title='bbox 1116 5629 1440 5696; x_wconf 79' lang='lat' dir='ltr'><strong>dill&#39;eientia,</strong></span> <span class='ocrx_word' id='word_1_646' title='bbox 1477 5629 1748 5702; x_wconf 89' lang='lat' dir='ltr'><strong>quomodo</strong></span> <span class='ocrx_word' id='word_1_647' title='bbox 1773 5630 1863 5686; x_wconf 86' lang='lat' dir='ltr'><strong>liat</strong></span> <span class='ocrx_word' id='word_1_648' title='bbox 1890 5632 2048 5700; x_wconf 88' lang='lat' dir='ltr'><strong>visio,</strong></span> 
     </span>
    </p>
   </div>
   <div class='ocr_carea' id='block_1_110' title="bbox 451 5721 2046 5790">
    <p class='ocr_par' dir='ltr' id='par_1_110' title="bbox 451 5721 2046 5790">
     <span class='ocr_line' id='line_1_110' title="bbox 451 5721 2046 5790; baseline 0.004 -16"><span class='ocrx_word' id='word_1_649' title='bbox 451 5729 544 5774; x_wconf 91' lang='lat' dir='ltr'><strong>aut</strong></span> <span class='ocrx_word' id='word_1_650' title='bbox 581 5721 868 5790; x_wconf 90' lang='lat' dir='ltr'><strong>odoratus,</strong></span> <span class='ocrx_word' id='word_1_651' title='bbox 896 5739 995 5779; x_wconf 94' lang='lat' dir='ltr'><strong>cur</strong></span> <span class='ocrx_word' id='word_1_652' title='bbox 1025 5723 1238 5780; x_wconf 89' lang='lat' dir='ltr'><strong>animus</strong></span> <span class='ocrx_word' id='word_1_653' title='bbox 1267 5726 1366 5781; x_wconf 90' lang='lat' dir='ltr'><strong>etsi</strong></span> <span class='ocrx_word' id='word_1_654' title='bbox 1405 5724 1722 5780; x_wconf 83' lang='lat' dir='ltr'><strong>immortalis</strong></span> <span class='ocrx_word' id='word_1_655' title='bbox 1765 5724 1818 5780; x_wconf 90' lang='lat' dir='ltr'><strong>in</strong></span> <span class='ocrx_word' id='word_1_656' title='bbox 1869 5723 2046 5781; x_wconf 81' lang='lat' dir='ltr'><strong>infan-</strong></span> 
     </span>
    </p>
   </div>
   <div class='ocr_carea' id='block_1_111' title="bbox 466 5809 2052 5890">
    <p class='ocr_par' dir='ltr' id='par_1_111' title="bbox 466 5809 2052 5890">
     <span class='ocr_line' id='line_1_111' title="bbox 466 5809 2052 5890; baseline 0.007 -25"><span class='ocrx_word' id='word_1_657' title='bbox 466 5809 612 5867; x_wconf 86' lang='lat' dir='ltr'><strong>tibus</strong></span> <span class='ocrx_word' id='word_1_658' title='bbox 632 5811 879 5884; x_wconf 87' lang='lat' dir='ltr'><strong>stolidus,</strong></span> <span class='ocrx_word' id='word_1_659' title='bbox 902 5815 956 5870; x_wconf 87' lang='lat' dir='ltr'><strong>in</strong></span> <span class='ocrx_word' id='word_1_660' title='bbox 978 5816 1199 5872; x_wconf 84' lang='lat' dir='ltr'><strong>senibus</strong></span> <span class='ocrx_word' id='word_1_661' title='bbox 1228 5815 1296 5874; x_wconf 88' lang='lat' dir='ltr'><strong>sit</strong></span> <span class='ocrx_word' id='word_1_662' title='bbox 1313 5814 1578 5876; x_wconf 45' lang='lat' dir='ltr'><strong>defensus.</strong></span> <span class='ocrx_word' id='word_1_663' title='bbox 1604 5815 1841 5889; x_wconf 88' lang='lat' dir='ltr'><strong>Denique</strong></span> <span class='ocrx_word' id='word_1_664' title='bbox 1865 5832 2052 5890; x_wconf 87' lang='lat' dir='ltr'><strong>quam-</strong></span> 
     </span>
    </p>
   </div>
   <div class='ocr_carea' id='block_1_112' title="bbox 2070 4461 2125 4522">
    <p class='ocr_par' dir='ltr' id='par_1_112' title="bbox 2070 4461 2125 4522">
     <span class='ocr_line' id='line_1_112' title="bbox 2070 4461 2125 4522; baseline 0 0"><span class='ocrx_word' id='word_1_665' title='bbox 2070 4461 2125 4522; x_wconf 91' lang='lat' dir='ltr'><strong>D</strong></span> 
     </span>
    </p>
   </div>
   <div class='ocr_carea' id='block_1_113' title="bbox 2146 3195 3705 3273">
    <p class='ocr_par' dir='ltr' id='par_1_113' title="bbox 2146 3195 3705 3273">
     <span class='ocr_line' id='line_1_113' title="bbox 2146 3195 3705 3273; baseline 0.006 -24"><span class='ocrx_word' id='word_1_666' title='bbox 2146 3209 2335 3251; x_wconf 90' lang='lat' dir='ltr'><strong>mnncs</strong></span> <span class='ocrx_word' id='word_1_667' title='bbox 2361 3200 2514 3252; x_wconf 86' lang='lat' dir='ltr'><strong>erant</strong></span> <span class='ocrx_word' id='word_1_668' title='bbox 2541 3213 2664 3252; x_wconf 91' lang='lat' dir='ltr'><strong>cum</strong></span> <span class='ocrx_word' id='word_1_669' title='bbox 2693 3197 3136 3270; x_wconf 89' lang='lat' dir='ltr'><strong>philosophorum</strong></span> <span class='ocrx_word' id='word_1_670' title='bbox 3163 3199 3467 3273; x_wconf 67' lang='lat' dir='ltr'><strong>coryphaais</strong></span> <span class='ocrx_word' id='word_1_671' title='bbox 3505 3198 3567 3254; x_wconf 88' lang='lat' dir='ltr'><strong>de</strong></span> <span class='ocrx_word' id='word_1_672' title='bbox 3597 3195 3705 3258; x_wconf 63' lang='lat' dir='ltr'><strong>Deo,</strong></span> 
     </span>
    </p>
   </div>
   <div class='ocr_carea' id='block_1_114' title="bbox 2141 3289 3709 3360">
    <p class='ocr_par' dir='ltr' id='par_1_114' title="bbox 2141 3289 3709 3360">
     <span class='ocr_line' id='line_1_114' title="bbox 2141 3289 3709 3360; baseline -0.003 -16"><span class='ocrx_word' id='word_1_673' title='bbox 2141 3289 2210 3345; x_wconf 91' lang='lat' dir='ltr'><strong>de</strong></span> <span class='ocrx_word' id='word_1_674' title='bbox 2240 3305 2526 3360; x_wconf 83' lang='lat' dir='ltr'><strong>corporum</strong></span> <span class='ocrx_word' id='word_1_675' title='bbox 2561 3293 2980 3359; x_wconf 87' lang='lat' dir='ltr'><strong>resurrectione,</strong></span> <span class='ocrx_word' id='word_1_676' title='bbox 3013 3293 3081 3348; x_wconf 91' lang='lat' dir='ltr'><strong>de</strong></span> <span class='ocrx_word' id='word_1_677' title='bbox 3127 3290 3304 3350; x_wconf 87' lang='lat' dir='ltr'><strong>salute</strong></span> <span class='ocrx_word' id='word_1_678' title='bbox 3335 3295 3641 3355; x_wconf 88' lang='lat' dir='ltr'><strong>animarum,</strong></span> <span class='ocrx_word' id='word_1_679' title='bbox 3667 3297 3709 3342; x_wconf 86' lang='lat' dir='ltr'><strong>et</strong></span> 
     </span>
    </p>
   </div>
   <div class='ocr_carea' id='block_1_115' title="bbox 2146 3381 3709 3460">
    <p class='ocr_par' dir='ltr' id='par_1_115' title="bbox 2146 3381 3709 3460">
     <span class='ocr_line' id='line_1_115' title="bbox 2146 3381 3709 3460; baseline -0.002 -22"><span class='ocrx_word' id='word_1_680' title='bbox 2146 3381 2338 3438; x_wconf 87' lang='lat' dir='ltr'><strong>futuris</strong></span> <span class='ocrx_word' id='word_1_681' title='bbox 2383 3383 2665 3454; x_wconf 82' lang='lat' dir='ltr'><strong>impiorum</strong></span> <span class='ocrx_word' id='word_1_682' title='bbox 2710 3389 2890 3457; x_wconf 68' lang='lat' dir='ltr'><strong>pinnis</strong></span> <span class='ocrx_word' id='word_1_683' title='bbox 2933 3387 3245 3445; x_wconf 70' lang='lat' dir='ltr'><strong>sententiae.</strong></span> <span class='ocrx_word' id='word_1_684' title='bbox 3289 3386 3530 3460; x_wconf 86' lang='lat' dir='ltr'><strong>quamvis</strong></span> <span class='ocrx_word' id='word_1_685' title='bbox 3556 3382 3709 3439; x_wconf 87' lang='lat' dir='ltr'><strong>abhis</strong></span> 
     </span>
    </p>
   </div>
   <div class='ocr_carea' id='block_1_116' title="bbox 2151 3473 3711 3550">
    <p class='ocr_par' dir='ltr' id='par_1_116' title="bbox 2151 3473 3711 3550">
     <span class='ocr_line' id='line_1_116' title="bbox 2151 3473 3711 3550; baseline -0.001 -21"><span class='ocrx_word' id='word_1_686' title='bbox 2151 3477 2304 3531; x_wconf 90' lang='lat' dir='ltr'><strong>aliter</strong></span> <span class='ocrx_word' id='word_1_687' title='bbox 2347 3485 2505 3546; x_wconf 89' lang='lat' dir='ltr'><strong>atque</strong></span> <span class='ocrx_word' id='word_1_688' title='bbox 2535 3492 2565 3532; x_wconf 85' lang='lat' dir='ltr'><strong>a</strong></span> <span class='ocrx_word' id='word_1_689' title='bbox 2595 3477 2903 3534; x_wconf 78' lang='lat' dir='ltr'><strong>Christianis</strong></span> <span class='ocrx_word' id='word_1_690' title='bbox 2932 3479 3294 3550; x_wconf 81' lang='lat' dir='ltr'><strong>explicentur.</strong></span> <span class='ocrx_word' id='word_1_691' title='bbox 3327 3483 3498 3550; x_wconf 77' lang='lat' dir='ltr'><strong>Atque</strong></span> <span class='ocrx_word' id='word_1_692' title='bbox 3529 3477 3592 3532; x_wconf 86' lang='lat' dir='ltr'><strong>ibi</strong></span> <span class='ocrx_word' id='word_1_693' title='bbox 3628 3473 3711 3530; x_wconf 84' lang='lat' dir='ltr'><strong>Ar-</strong></span> 
     </span>
    </p>
   </div>
   <div class='ocr_carea' id='block_1_117' title="bbox 2151 3567 3711 3642">
    <p class='ocr_par' dir='ltr' id='par_1_117' title="bbox 2151 3567 3711 3642">
     <span class='ocr_line' id='line_1_117' title="bbox 2151 3567 3711 3642; baseline 0.003 -20"><span class='ocrx_word' id='word_1_694' title='bbox 2151 3569 2343 3626; x_wconf 85' lang='lat' dir='ltr'><strong>nobius</strong></span> <span class='ocrx_word' id='word_1_695' title='bbox 2371 3567 2620 3626; x_wconf 78' lang='lat' dir='ltr'><strong>edisserit</strong></span> <span class='ocrx_word' id='word_1_696' title='bbox 2650 3574 2806 3642; x_wconf 79' lang='lat' dir='ltr'><strong>cujus</strong></span> <span class='ocrx_word' id='word_1_697' title='bbox 2839 3583 3044 3630; x_wconf 71' lang='lat' dir='ltr'><strong>natura:</strong></span> <span class='ocrx_word' id='word_1_698' title='bbox 3087 3584 3265 3630; x_wconf 87' lang='lat' dir='ltr'><strong>nostra</strong></span> <span class='ocrx_word' id='word_1_699' title='bbox 3300 3575 3369 3629; x_wconf 89' lang='lat' dir='ltr'><strong>sit</strong></span> <span class='ocrx_word' id='word_1_700' title='bbox 3397 3574 3596 3638; x_wconf 88' lang='lat' dir='ltr'><strong>anima,</strong></span> <span class='ocrx_word' id='word_1_701' title='bbox 3624 3585 3711 3638; x_wconf 82' lang='lat' dir='ltr'><strong>quo</strong></span> 
     </span>
    </p>
   </div>
   <div class='ocr_carea' id='block_1_118' title="bbox 2148 3659 3692 3735">
    <p class='ocr_par' dir='ltr' id='par_1_118' title="bbox 2148 3659 3692 3735">
     <span class='ocr_line' id='line_1_118' title="bbox 2148 3659 3692 3735; baseline -0.004 -17"><span class='ocrx_word' id='word_1_702' title='bbox 2148 3678 2213 3718; x_wconf 83' lang='lat' dir='ltr'><strong>ex</strong></span> <span class='ocrx_word' id='word_1_703' title='bbox 2244 3663 2388 3719; x_wconf 91' lang='lat' dir='ltr'><strong>l&#39;ontc</strong></span> <span class='ocrx_word' id='word_1_704' title='bbox 2417 3665 2663 3735; x_wconf 89' lang='lat' dir='ltr'><strong>prodeat,</strong></span> <span class='ocrx_word' id='word_1_705' title='bbox 2694 3676 2747 3721; x_wconf 89' lang='lat' dir='ltr'><strong>et</strong></span> <span class='ocrx_word' id='word_1_706' title='bbox 2779 3682 2876 3722; x_wconf 89' lang='lat' dir='ltr'><strong>cur</strong></span> <span class='ocrx_word' id='word_1_707' title='bbox 2905 3667 3068 3723; x_wconf 86' lang='lat' dir='ltr'><strong>variis</strong></span> <span class='ocrx_word' id='word_1_708' title='bbox 3096 3667 3382 3723; x_wconf 85' lang='lat' dir='ltr'><strong>atl&#39;ectibus</strong></span> <span class='ocrx_word' id='word_1_709' title='bbox 3409 3677 3463 3722; x_wconf 88' lang='lat' dir='ltr'><strong>et</strong></span> <span class='ocrx_word' id='word_1_710' title='bbox 3486 3663 3616 3719; x_wconf 81' lang='lat' dir='ltr'><strong>vitiis</strong></span> <span class='ocrx_word' id='word_1_711' title='bbox 3641 3659 3692 3714; x_wconf 81' lang='lat' dir='ltr'><strong>tia</strong></span> 
     </span>
    </p>
   </div>
   <div class='ocr_carea' id='block_1_119' title="bbox 2147 3751 2399 3809">
    <p class='ocr_par' dir='ltr' id='par_1_119' title="bbox 2147 3751 2399 3809">
     <span class='ocr_line' id='line_1_119' title="bbox 2147 3751 2399 3809; baseline 0 -1"><span class='ocrx_word' id='word_1_712' title='bbox 2147 3751 2399 3809; x_wconf 87' lang='lat' dir='ltr'><strong>obnoxia.</strong></span> 
     </span>
    </p>
   </div>
   <div class='ocr_carea' id='block_1_120' title="bbox 2219 3845 3696 3924">
    <p class='ocr_par' dir='ltr' id='par_1_120' title="bbox 2219 3845 3696 3924">
     <span class='ocr_line' id='line_1_120' title="bbox 2219 3845 3696 3924; baseline 0.003 -24"><span class='ocrx_word' id='word_1_713' title='bbox 2219 3845 2357 3900; x_wconf 80' lang='lat' dir='ltr'><strong>Tum</strong></span> <span class='ocrx_word' id='word_1_714' title='bbox 2411 3846 2608 3903; x_wconf 82' lang='lat' dir='ltr'><strong>deinde</strong></span> <span class='ocrx_word' id='word_1_715' title='bbox 2649 3847 2867 3904; x_wconf 89' lang='lat' dir='ltr'><strong>illorum</strong></span> <span class='ocrx_word' id='word_1_716' title='bbox 2921 3850 3162 3906; x_wconf 90' lang='lat' dir='ltr'><strong>retundit</strong></span> <span class='ocrx_word' id='word_1_717' title='bbox 3210 3850 3604 3924; x_wconf 84' lang='lat' dir='ltr'><strong>arrogantiam,</strong></span> <span class='ocrx_word' id='word_1_718' title='bbox 3639 3863 3696 3917; x_wconf 82' lang='lat' dir='ltr'><strong>qu</strong></span> 
     </span>
    </p>
   </div>
   <div class='ocr_carea' id='block_1_121' title="bbox 2151 3938 3714 4015">
    <p class='ocr_par' dir='ltr' id='par_1_121' title="bbox 2151 3938 3714 4015">
     <span class='ocr_line' id='line_1_121' title="bbox 2151 3938 3714 4015; baseline -0.001 -23"><span class='ocrx_word' id='word_1_719' title='bbox 2151 3947 2388 3994; x_wconf 87' lang='lat' dir='ltr'><strong>nostram</strong></span> <span class='ocrx_word' id='word_1_720' title='bbox 2417 3941 2648 3996; x_wconf 90' lang='lat' dir='ltr'><strong>animam</strong></span> <span class='ocrx_word' id='word_1_721' title='bbox 2677 3939 2918 4012; x_wconf 87' lang='lat' dir='ltr'><strong>ejusdem</strong></span> <span class='ocrx_word' id='word_1_722' title='bbox 2943 3957 3063 3999; x_wconf 87' lang='lat' dir='ltr'><strong>cum</strong></span> <span class='ocrx_word' id='word_1_723' title='bbox 3097 3941 3208 3999; x_wconf 87' lang='lat' dir='ltr'><strong>Deo</strong></span> <span class='ocrx_word' id='word_1_724' title='bbox 3241 3953 3399 4015; x_wconf 89' lang='lat' dir='ltr'><strong>patre</strong></span> <span class='ocrx_word' id='word_1_725' title='bbox 3430 3938 3714 3999; x_wconf 83' lang='lat' dir='ltr'><strong>immortali—</strong></span> 
     </span>
    </p>
   </div>
   <div class='ocr_carea' id='block_1_122' title="bbox 2155 4031 3714 4106">
    <p class='ocr_par' dir='ltr' id='par_1_122' title="bbox 2155 4031 3714 4106">
     <span class='ocr_line' id='line_1_122' title="bbox 2155 4031 3714 4106; baseline 0 -22"><span class='ocrx_word' id='word_1_726' title='bbox 2155 4032 2277 4086; x_wconf 80' lang='lat' dir='ltr'><strong>tatis</strong></span> <span class='ocrx_word' id='word_1_727' title='bbox 2317 4039 2372 4087; x_wconf 89' lang='lat' dir='ltr'><strong>et</strong></span> <span class='ocrx_word' id='word_1_728' title='bbox 2416 4043 2622 4088; x_wconf 71' lang='lat' dir='ltr'><strong>natura:</strong></span> <span class='ocrx_word' id='word_1_729' title='bbox 2663 4035 2980 4106; x_wconf 89' lang='lat' dir='ltr'><strong>participem</strong></span> <span class='ocrx_word' id='word_1_730' title='bbox 3014 4051 3136 4090; x_wconf 83' lang='lat' dir='ltr'><strong>esse</strong></span> <span class='ocrx_word' id='word_1_731' title='bbox 3171 4036 3472 4092; x_wconf 88' lang='lat' dir='ltr'><strong>insolenter</strong></span> <span class='ocrx_word' id='word_1_732' title='bbox 3501 4031 3714 4089; x_wconf 71' lang='lat' dir='ltr'><strong>vendita-</strong></span> 
     </span>
    </p>
   </div>
   <div class='ocr_carea' id='block_1_123' title="bbox 2153 4125 3711 4200">
    <p class='ocr_par' dir='ltr' id='par_1_123' title="bbox 2153 4125 3711 4200">
     <span class='ocr_line' id='line_1_123' title="bbox 2153 4125 3711 4200; baseline -0.004 -19"><span class='ocrx_word' id='word_1_733' title='bbox 2153 4125 2301 4181; x_wconf 82' lang='lat' dir='ltr'><strong>bant.</strong></span> <span class='ocrx_word' id='word_1_734' title='bbox 2333 4127 2508 4182; x_wconf 89' lang='lat' dir='ltr'><strong>Simili</strong></span> <span class='ocrx_word' id='word_1_735' title='bbox 2549 4129 2746 4198; x_wconf 89' lang='lat' dir='ltr'><strong>quippe</strong></span> <span class='ocrx_word' id='word_1_736' title='bbox 2775 4139 2936 4200; x_wconf 88' lang='lat' dir='ltr'><strong>atque</strong></span> <span class='ocrx_word' id='word_1_737' title='bbox 2975 4131 3230 4186; x_wconf 88' lang='lat' dir='ltr'><strong>animalia</strong></span> <span class='ocrx_word' id='word_1_738' title='bbox 3259 4129 3422 4186; x_wconf 89' lang='lat' dir='ltr'><strong>modo</strong></span> <span class='ocrx_word' id='word_1_739' title='bbox 3453 4129 3711 4186; x_wconf 88' lang='lat' dir='ltr'><strong>nascimur,</strong></span> 
     </span>
    </p>
   </div>
   <div class='ocr_carea' id='block_1_124' title="bbox 2153 4221 3715 4287">
    <p class='ocr_par' dir='ltr' id='par_1_124' title="bbox 2153 4221 3715 4287">
     <span class='ocr_line' id='line_1_124' title="bbox 2153 4221 3715 4287; baseline -0.003 -13"><span class='ocrx_word' id='word_1_740' title='bbox 2153 4221 2408 4287; x_wconf 85' lang='lat' dir='ltr'><strong>vivimus,</strong></span> <span class='ocrx_word' id='word_1_741' title='bbox 2433 4237 2496 4276; x_wconf 89' lang='lat' dir='ltr'><strong>ac</strong></span> <span class='ocrx_word' id='word_1_742' title='bbox 2523 4222 2725 4278; x_wconf 88' lang='lat' dir='ltr'><strong>morbis</strong></span> <span class='ocrx_word' id='word_1_743' title='bbox 2754 4232 2808 4278; x_wconf 91' lang='lat' dir='ltr'><strong>et</strong></span> <span class='ocrx_word' id='word_1_744' title='bbox 2837 4235 3118 4279; x_wconf 90' lang='lat' dir='ltr'><strong>senectute</strong></span> <span class='ocrx_word' id='word_1_745' title='bbox 3143 4226 3426 4280; x_wconf 80' lang='lat' dir='ltr'><strong>solvimur.</strong></span> <span class='ocrx_word' id='word_1_746' title='bbox 3460 4224 3566 4278; x_wconf 89' lang='lat' dir='ltr'><strong>lluc</strong></span> <span class='ocrx_word' id='word_1_747' title='bbox 3588 4231 3715 4272; x_wconf 88' lang='lat' dir='ltr'><strong>acce-</strong></span> 
     </span>
    </p>
   </div>
   <div class='ocr_carea' id='block_1_125' title="bbox 2152 4312 3711 4388">
    <p class='ocr_par' dir='ltr' id='par_1_125' title="bbox 2152 4312 3711 4388">
     <span class='ocr_line' id='line_1_125' title="bbox 2152 4312 3711 4388; baseline -0.004 -20"><span class='ocrx_word' id='word_1_748' title='bbox 2152 4312 2230 4369; x_wconf 92' lang='lat' dir='ltr'><strong>dit</strong></span> <span class='ocrx_word' id='word_1_749' title='bbox 2257 4313 2399 4386; x_wconf 91' lang='lat' dir='ltr'><strong>quod</strong></span> <span class='ocrx_word' id='word_1_750' title='bbox 2429 4313 2672 4370; x_wconf 88' lang='lat' dir='ltr'><strong>nonnulli</strong></span> <span class='ocrx_word' id='word_1_751' title='bbox 2701 4316 2911 4371; x_wconf 90' lang='lat' dir='ltr'><strong>animas</strong></span> <span class='ocrx_word' id='word_1_752' title='bbox 2949 4316 3318 4386; x_wconf 88' lang='lat' dir='ltr'><strong>improborum</strong></span> <span class='ocrx_word' id='word_1_753' title='bbox 3363 4323 3488 4388; x_wconf 88' lang='lat' dir='ltr'><strong>post</strong></span> <span class='ocrx_word' id='word_1_754' title='bbox 3513 4321 3711 4368; x_wconf 89' lang='lat' dir='ltr'><strong>mortem</strong></span> 
     </span>
    </p>
   </div>
   <div class='ocr_carea' id='block_1_126' title="bbox 2153 4407 3434 4483">
    <p class='ocr_par' dir='ltr' id='par_1_126' title="bbox 2153 4407 3434 4483">
     <span class='ocr_line' id='line_1_126' title="bbox 2153 4407 3434 4483; baseline 0.005 -22"><span class='ocrx_word' id='word_1_755' title='bbox 2153 4407 2204 4462; x_wconf 90' lang='lat' dir='ltr'><strong>in</strong></span> <span class='ocrx_word' id='word_1_756' title='bbox 2237 4407 2502 4479; x_wconf 91' lang='lat' dir='ltr'><strong>pecudum</strong></span> <span class='ocrx_word' id='word_1_757' title='bbox 2535 4424 2759 4480; x_wconf 89' lang='lat' dir='ltr'><strong>corpora</strong></span> <span class='ocrx_word' id='word_1_758' title='bbox 2791 4409 3026 4481; x_wconf 76' lang='lat' dir='ltr'><strong>migrare</strong></span> <span class='ocrx_word' id='word_1_759' title='bbox 3051 4412 3258 4483; x_wconf 86' lang='lat' dir='ltr'><strong>Opinati</strong></span> <span class='ocrx_word' id='word_1_760' title='bbox 3289 4423 3434 4470; x_wconf 92' lang='lat' dir='ltr'><strong>sunt.</strong></span> 
     </span>
    </p>
   </div>
   <div class='ocr_carea' id='block_1_127' title="bbox 2226 4497 3713 4574">
    <p class='ocr_par' dir='ltr' id='par_1_127' title="bbox 2226 4497 3713 4574">
     <span class='ocr_line' id='line_1_127' title="bbox 2226 4497 3713 4574; baseline -0.001 -19"><span class='ocrx_word' id='word_1_761' title='bbox 2226 4499 2294 4555; x_wconf 84' lang='lat' dir='ltr'><strong>At</strong></span> <span class='ocrx_word' id='word_1_762' title='bbox 2319 4500 2500 4556; x_wconf 90' lang='lat' dir='ltr'><strong>divina</strong></span> <span class='ocrx_word' id='word_1_763' title='bbox 2531 4509 2635 4570; x_wconf 88' lang='lat' dir='ltr'><strong>est,</strong></span> <span class='ocrx_word' id='word_1_764' title='bbox 2669 4502 3010 4574; x_wconf 86' lang='lat' dir='ltr'><strong>inquiebant,</strong></span> <span class='ocrx_word' id='word_1_765' title='bbox 3040 4506 3222 4562; x_wconf 90' lang='lat' dir='ltr'><strong>anima</strong></span> <span class='ocrx_word' id='word_1_766' title='bbox 3253 4505 3510 4566; x_wconf 90' lang='lat' dir='ltr'><strong>hominis,</strong></span> <span class='ocrx_word' id='word_1_767' title='bbox 3535 4497 3617 4573; x_wconf 90' lang='lat' dir='ltr'><strong>qui</strong></span> <span class='ocrx_word' id='word_1_768' title='bbox 3645 4512 3713 4553; x_wconf 87' lang='lat' dir='ltr'><strong>ra-</strong></span> 
     </span>
    </p>
   </div>
   <div class='ocr_carea' id='block_1_128' title="bbox 2157 4593 3710 4671">
    <p class='ocr_par' dir='ltr' id='par_1_128' title="bbox 2157 4593 3710 4671">
     <span class='ocr_line' id='line_1_128' title="bbox 2157 4593 3710 4671; baseline -0.003 -21"><span class='ocrx_word' id='word_1_769' title='bbox 2157 4597 2302 4651; x_wconf 87' lang='lat' dir='ltr'><strong>tione</strong></span> <span class='ocrx_word' id='word_1_770' title='bbox 2345 4598 2558 4652; x_wconf 76' lang='lat' dir='ltr'><strong>ozeteris</strong></span> <span class='ocrx_word' id='word_1_771' title='bbox 2591 4607 2804 4667; x_wconf 72' lang='lat' dir='ltr'><strong>prmstat</strong></span> <span class='ocrx_word' id='word_1_772' title='bbox 2845 4596 3190 4656; x_wconf 87' lang='lat' dir='ltr'><strong>animalibus.</strong></span> <span class='ocrx_word' id='word_1_773' title='bbox 3239 4600 3454 4671; x_wconf 91' lang='lat' dir='ltr'><strong>Optime</strong></span> <span class='ocrx_word' id='word_1_774' title='bbox 3491 4593 3710 4668; x_wconf 89' lang='lat' dir='ltr'><strong>quidem,</strong></span> 
     </span>
    </p>
   </div>
   <div class='ocr_carea' id='block_1_129' title="bbox 2155 4685 3712 4758">
    <p class='ocr_par' dir='ltr' id='par_1_129' title="bbox 2155 4685 3712 4758">
     <span class='ocr_line' id='line_1_129' title="bbox 2155 4685 3712 4758; baseline -0.001 -14"><span class='ocrx_word' id='word_1_775' title='bbox 2155 4690 2230 4744; x_wconf 91' lang='lat' dir='ltr'><strong>ait</strong></span> <span class='ocrx_word' id='word_1_776' title='bbox 2256 4691 2557 4758; x_wconf 85' lang='lat' dir='ltr'><strong>Arnobius,</strong></span> <span class='ocrx_word' id='word_1_777' title='bbox 2580 4696 2632 4751; x_wconf 75' lang='lat' dir='ltr'><strong>si</strong></span> <span class='ocrx_word' id='word_1_778' title='bbox 2664 4691 2828 4748; x_wconf 86' lang='lat' dir='ltr'><strong>homo</strong></span> <span class='ocrx_word' id='word_1_779' title='bbox 2861 4694 2962 4748; x_wconf 89' lang='lat' dir='ltr'><strong>hac</strong></span> <span class='ocrx_word' id='word_1_780' title='bbox 2993 4707 3086 4746; x_wconf 87' lang='lat' dir='ltr'><strong>sua</strong></span> <span class='ocrx_word' id='word_1_781' title='bbox 3129 4695 3342 4750; x_wconf 85' lang='lat' dir='ltr'><strong>ratione</strong></span> <span class='ocrx_word' id='word_1_782' title='bbox 3369 4691 3502 4748; x_wconf 91' lang='lat' dir='ltr'><strong>bene</strong></span> <span class='ocrx_word' id='word_1_783' title='bbox 3529 4685 3712 4754; x_wconf 78' lang='lat' dir='ltr'><strong>semper</strong></span> 
     </span>
    </p>
   </div>
   <div class='ocr_carea' id='block_1_130' title="bbox 2155 4776 3712 4858">
    <p class='ocr_par' dir='ltr' id='par_1_130' title="bbox 2155 4776 3712 4858">
     <span class='ocr_line' id='line_1_130' title="bbox 2155 4776 3712 4858; baseline 0.001 -21"><span class='ocrx_word' id='word_1_784' title='bbox 2155 4789 2416 4843; x_wconf 85' lang='lat' dir='ltr'><strong>uteretur.</strong></span> <span class='ocrx_word' id='word_1_785' title='bbox 2463 4784 2570 4840; x_wconf 88' lang='lat' dir='ltr'><strong>Sed</strong></span> <span class='ocrx_word' id='word_1_786' title='bbox 2611 4786 2698 4839; x_wconf 89' lang='lat' dir='ltr'><strong>ubi</strong></span> <span class='ocrx_word' id='word_1_787' title='bbox 2727 4795 2840 4850; x_wconf 88' lang='lat' dir='ltr'><strong>est,</strong></span> <span class='ocrx_word' id='word_1_788' title='bbox 2876 4785 3126 4840; x_wconf 72' lang='lat' dir='ltr'><strong>humanm</strong></span> <span class='ocrx_word' id='word_1_789' title='bbox 3158 4787 3355 4842; x_wconf 69' lang='lat' dir='ltr'><strong>animae</strong></span> <span class='ocrx_word' id='word_1_790' title='bbox 3397 4776 3712 4858; x_wconf 66' lang='lat' dir='ltr'><strong>praesumtia?</strong></span> 
     </span>
    </p>
   </div>
   <div class='ocr_carea' id='block_1_131' title="bbox 2153 4875 3713 4948">
    <p class='ocr_par' dir='ltr' id='par_1_131' title="bbox 2153 4875 3713 4948">
     <span class='ocr_line' id='line_1_131' title="bbox 2153 4875 3713 4948; baseline -0.003 -18"><span class='ocrx_word' id='word_1_791' title='bbox 2153 4875 2422 4948; x_wconf 87' lang='lat' dir='ltr'><strong>Numquid</strong></span> <span class='ocrx_word' id='word_1_792' title='bbox 2473 4879 2594 4948; x_wconf 91' lang='lat' dir='ltr'><strong>quia</strong></span> <span class='ocrx_word' id='word_1_793' title='bbox 2655 4877 2903 4933; x_wconf 89' lang='lat' dir='ltr'><strong>homines</strong></span> <span class='ocrx_word' id='word_1_794' title='bbox 2956 4890 3009 4934; x_wconf 90' lang='lat' dir='ltr'><strong>et</strong></span> <span class='ocrx_word' id='word_1_795' title='bbox 3061 4879 3253 4935; x_wconf 88' lang='lat' dir='ltr'><strong>domos</strong></span> <span class='ocrx_word' id='word_1_796' title='bbox 3299 4889 3354 4936; x_wconf 90' lang='lat' dir='ltr'><strong>et</strong></span> <span class='ocrx_word' id='word_1_797' title='bbox 3406 4878 3563 4934; x_wconf 88' lang='lat' dir='ltr'><strong>nrbes</strong></span> <span class='ocrx_word' id='word_1_798' title='bbox 3603 4886 3713 4928; x_wconf 80' lang='lat' dir='ltr'><strong>con-</strong></span> 
     </span>
    </p>
   </div>
   <div class='ocr_carea' id='block_1_132' title="bbox 3699 3671 3712 3712">
    <p class='ocr_par' dir='ltr' id='par_1_132' title="bbox 3699 3671 3712 3712">
     <span class='ocr_line' id='line_1_132' title="bbox 3699 3671 3712 3712; baseline 0 0"><span class='ocrx_word' id='word_1_799' title='bbox 3699 3671 3712 3712; x_wconf 85' lang='lat' dir='ltr'><strong>l</strong></span> 
     </span>
    </p>
   </div>
   <div class='ocr_carea' id='block_1_133' title="bbox 2153 4969 3806 5050">
    <p class='ocr_par' dir='ltr' id='par_1_133' title="bbox 2153 4969 3806 5050">
     <span class='ocr_line' id='line_1_133' title="bbox 2153 4969 3806 5050; baseline -0.003 -25"><span class='ocrx_word' id='word_1_800' title='bbox 2153 4969 2408 5026; x_wconf 82' lang='lat' dir='ltr'><strong>struunt?</strong></span> <span class='ocrx_word' id='word_1_801' title='bbox 2437 4971 2505 5026; x_wconf 82' lang='lat' dir='ltr'><strong>At</strong></span> <span class='ocrx_word' id='word_1_802' title='bbox 2538 4973 2580 5026; x_wconf 85' lang='lat' dir='ltr'><strong>si</strong></span> <span class='ocrx_word' id='word_1_803' title='bbox 2613 4973 2916 5030; x_wconf 88' lang='lat' dir='ltr'><strong>animantes</strong></span> <span class='ocrx_word' id='word_1_804' title='bbox 2949 4970 3215 5031; x_wconf 83' lang='lat' dir='ltr'><strong>haberent</strong></span> <span class='ocrx_word' id='word_1_805' title='bbox 3245 4977 3442 5031; x_wconf 91' lang='lat' dir='ltr'><strong>artium</strong></span> <span class='ocrx_word' id='word_1_806' title='bbox 3473 4972 3710 5028; x_wconf 85' lang='lat' dir='ltr'><strong>ministras</strong></span> <span class='ocrx_word' id='word_1_807' title='bbox 3795 5037 3806 5050; x_wconf 35' lang='grc' dir='ltr'><strong><em>ι</em></strong></span> 
     </span>
    </p>
   </div>
   <div class='ocr_carea' id='block_1_134' title="bbox 2156 5055 3710 5136">
    <p class='ocr_par' dir='ltr' id='par_1_134' title="bbox 2156 5055 3710 5136">
     <span class='ocr_line' id='line_1_134' title="bbox 2156 5055 3710 5136; baseline -0.002 -19"><span class='ocrx_word' id='word_1_808' title='bbox 2156 5076 2368 5129; x_wconf 90' lang='lat' dir='ltr'><strong>manus,</strong></span> <span class='ocrx_word' id='word_1_809' title='bbox 2403 5075 2626 5132; x_wconf 90' lang='lat' dir='ltr'><strong>possent</strong></span> <span class='ocrx_word' id='word_1_810' title='bbox 2655 5065 2838 5136; x_wconf 86' lang='lat' dir='ltr'><strong>utique</strong></span> <span class='ocrx_word' id='word_1_811' title='bbox 2860 5067 3052 5120; x_wconf 88' lang='lat' dir='ltr'><strong>similia</strong></span> <span class='ocrx_word' id='word_1_812' title='bbox 3078 5067 3304 5122; x_wconf 81' lang='lat' dir='ltr'><strong>a:diiicia</strong></span> <span class='ocrx_word' id='word_1_813' title='bbox 3337 5076 3623 5123; x_wconf 79' lang='lat' dir='ltr'><strong>exstruere.</strong></span> <span class='ocrx_word' id='word_1_814' title='bbox 3647 5055 3710 5114; x_wconf 80' lang='lat' dir='ltr'><strong>Ab</strong></span> 
     </span>
    </p>
   </div>
   <div class='ocr_carea' id='block_1_135' title="bbox 2158 5155 3712 5234">
    <p class='ocr_par' dir='ltr' id='par_1_135' title="bbox 2158 5155 3712 5234">
     <span class='ocr_line' id='line_1_135' title="bbox 2158 5155 3712 5234; baseline 0 -22"><span class='ocrx_word' id='word_1_815' title='bbox 2158 5157 2224 5212; x_wconf 86' lang='lat' dir='ltr'><strong>iis</strong></span> <span class='ocrx_word' id='word_1_816' title='bbox 2253 5155 2516 5228; x_wconf 87' lang='lat' dir='ltr'><strong>siquidem</strong></span> <span class='ocrx_word' id='word_1_817' title='bbox 2548 5159 2652 5213; x_wconf 86' lang='lat' dir='ltr'><strong>alia</strong></span> <span class='ocrx_word' id='word_1_818' title='bbox 2685 5161 2848 5226; x_wconf 88' lang='lat' dir='ltr'><strong>liunt,</strong></span> <span class='ocrx_word' id='word_1_819' title='bbox 2878 5177 3000 5232; x_wconf 74' lang='lat' dir='ltr'><strong>qua:</strong></span> <span class='ocrx_word' id='word_1_820' title='bbox 3033 5177 3324 5234; x_wconf 88' lang='lat' dir='ltr'><strong>numquam</strong></span> <span class='ocrx_word' id='word_1_821' title='bbox 3368 5161 3600 5216; x_wconf 83' lang='lat' dir='ltr'><strong>homines</strong></span> <span class='ocrx_word' id='word_1_822' title='bbox 3621 5169 3712 5226; x_wconf 72' lang='grc' dir='ltr'><strong>ροσ-</strong></span> 
     </span>
    </p>
   </div>
   <div class='ocr_carea' id='block_1_136' title="bbox 2159 5244 3710 5322">
    <p class='ocr_par' dir='ltr' id='par_1_136' title="bbox 2159 5244 3710 5322">
     <span class='ocr_line' id='line_1_136' title="bbox 2159 5244 3710 5322; baseline -0.005 -15"><span class='ocrx_word' id='word_1_823' title='bbox 2159 5261 2376 5308; x_wconf 88' lang='lat' dir='ltr'><strong>luerunt</strong></span> <span class='ocrx_word' id='word_1_824' title='bbox 2411 5253 2630 5308; x_wconf 87' lang='lat' dir='ltr'><strong>imitari.</strong></span> <span class='ocrx_word' id='word_1_825' title='bbox 2665 5251 2934 5322; x_wconf 83' lang='lat' dir='ltr'><strong>Numquid</strong></span> <span class='ocrx_word' id='word_1_826' title='bbox 2968 5253 3156 5308; x_wconf 86' lang='lat' dir='ltr'><strong>bestiis</strong></span> <span class='ocrx_word' id='word_1_827' title='bbox 3199 5253 3526 5310; x_wconf 81' lang='lat' dir='ltr'><strong>antecellunt</strong></span> <span class='ocrx_word' id='word_1_828' title='bbox 3557 5244 3710 5305; x_wconf 87' lang='lat' dir='ltr'><strong>homi-</strong></span> 
     </span>
    </p>
   </div>
   <div class='ocr_carea' id='block_1_137' title="bbox 2157 5336 3709 5419">
    <p class='ocr_par' dir='ltr' id='par_1_137' title="bbox 2157 5336 3709 5419">
     <span class='ocr_line' id='line_1_137' title="bbox 2157 5336 3709 5419; baseline -0.006 -19"><span class='ocrx_word' id='word_1_829' title='bbox 2157 5357 2290 5412; x_wconf 90' lang='lat' dir='ltr'><strong>nes,</strong></span> <span class='ocrx_word' id='word_1_830' title='bbox 2340 5345 2465 5416; x_wconf 91' lang='lat' dir='ltr'><strong>quia</strong></span> <span class='ocrx_word' id='word_1_831' title='bbox 2513 5353 2718 5400; x_wconf 80' lang='lat' dir='ltr'><strong>vestem</strong></span> <span class='ocrx_word' id='word_1_832' title='bbox 2757 5345 3186 5417; x_wconf 82' lang='lat' dir='ltr'><strong>supellectilem,</strong></span> <span class='ocrx_word' id='word_1_833' title='bbox 3219 5346 3430 5419; x_wconf 89' lang='lat' dir='ltr'><strong>aliaque</strong></span> <span class='ocrx_word' id='word_1_834' title='bbox 3470 5345 3585 5399; x_wconf 62' lang='lat' dir='ltr'><strong>vitae</strong></span> <span class='ocrx_word' id='word_1_835' title='bbox 3625 5336 3709 5392; x_wconf 87' lang='lat' dir='ltr'><strong>bu-</strong></span> 
     </span>
    </p>
   </div>
   <div class='ocr_carea' id='block_1_138' title="bbox 2155 5433 3708 5512">
    <p class='ocr_par' dir='ltr' id='par_1_138' title="bbox 2155 5433 3708 5512">
     <span class='ocr_line' id='line_1_138' title="bbox 2155 5433 3708 5512; baseline -0.007 -16"><span class='ocrx_word' id='word_1_836' title='bbox 2155 5457 2329 5496; x_wconf 81' lang='lat' dir='ltr'><strong>manac</strong></span> <span class='ocrx_word' id='word_1_837' title='bbox 2369 5441 2575 5496; x_wconf 73' lang='lat' dir='ltr'><strong>alenda:</strong></span> <span class='ocrx_word' id='word_1_838' title='bbox 2616 5445 2920 5499; x_wconf 89' lang='lat' dir='ltr'><strong>necessaria</strong></span> <span class='ocrx_word' id='word_1_839' title='bbox 2961 5441 3062 5497; x_wconf 88' lang='lat' dir='ltr'><strong>sibi</strong></span> <span class='ocrx_word' id='word_1_840' title='bbox 3104 5457 3296 5512; x_wconf 89' lang='lat' dir='ltr'><strong>parare</strong></span> <span class='ocrx_word' id='word_1_841' title='bbox 3323 5437 3552 5497; x_wconf 76' lang='lat' dir='ltr'><strong>norunt?</strong></span> <span class='ocrx_word' id='word_1_842' title='bbox 3575 5433 3708 5490; x_wconf 75' lang='lat' dir='ltr'><strong>Alea</strong></span> 
     </span>
    </p>
   </div>
   <div class='ocr_carea' id='block_1_139' title="bbox 2153 5523 3707 5607">
    <p class='ocr_par' dir='ltr' id='par_1_139' title="bbox 2153 5523 3707 5607">
     <span class='ocr_line' id='line_1_139' title="bbox 2153 5523 3707 5607; baseline -0.005 -19"><span class='ocrx_word' id='word_1_843' title='bbox 2153 5536 2332 5588; x_wconf 87' lang='lat' dir='ltr'><strong>omnia</strong></span> <span class='ocrx_word' id='word_1_844' title='bbox 2377 5549 2480 5588; x_wconf 93' lang='lat' dir='ltr'><strong>non</strong></span> <span class='ocrx_word' id='word_1_845' title='bbox 2513 5535 2753 5590; x_wconf 82' lang='lat' dir='ltr'><strong>scientiae</strong></span> <span class='ocrx_word' id='word_1_846' title='bbox 2783 5551 3040 5601; x_wconf 91' lang='lat' dir='ltr'><strong>munera,</strong></span> <span class='ocrx_word' id='word_1_847' title='bbox 3073 5533 3170 5591; x_wconf 90' lang='lat' dir='ltr'><strong>sed</strong></span> <span class='ocrx_word' id='word_1_848' title='bbox 3207 5551 3238 5589; x_wconf 90' lang='lat' dir='ltr'><strong>a</strong></span> <span class='ocrx_word' id='word_1_849' title='bbox 3281 5530 3610 5607; x_wconf 86' lang='lat' dir='ltr'><strong>pauperrima</strong></span> <span class='ocrx_word' id='word_1_850' title='bbox 3637 5523 3707 5580; x_wconf 66' lang='lat' dir='ltr'><strong>inv</strong></span> 
     </span>
    </p>
   </div>
   <div class='ocr_carea' id='block_1_140' title="bbox 2155 5630 2852 5686">
    <p class='ocr_par' dir='ltr' id='par_1_140' title="bbox 2155 5630 2852 5686">
     <span class='ocr_line' id='line_1_140' title="bbox 2155 5630 2852 5686; baseline 0.006 -4"><span class='ocrx_word' id='word_1_851' title='bbox 2155 5637 2318 5684; x_wconf 81' lang='lat' dir='ltr'><strong>venia</strong></span> <span class='ocrx_word' id='word_1_852' title='bbox 2349 5637 2476 5684; x_wconf 90' lang='lat' dir='ltr'><strong>sunt</strong></span> <span class='ocrx_word' id='word_1_853' title='bbox 2506 5630 2852 5686; x_wconf 83' lang='lat' dir='ltr'><strong>necessitate.</strong></span> 
     </span>
    </p>
   </div>
   <div class='ocr_carea' id='block_1_141' title="bbox 2225 5709 3708 5810">
    <p class='ocr_par' dir='ltr' id='par_1_141' title="bbox 2225 5709 3708 5810">
     <span class='ocr_line' id='line_1_141' title="bbox 2225 5709 3708 5810; baseline -0.004 -34"><span class='ocrx_word' id='word_1_854' title='bbox 2225 5719 2426 5777; x_wconf 91' lang='lat' dir='ltr'><strong>Omnes</strong></span> <span class='ocrx_word' id='word_1_855' title='bbox 2457 5737 2618 5794; x_wconf 89' lang='lat' dir='ltr'><strong>porro</strong></span> <span class='ocrx_word' id='word_1_856' title='bbox 2647 5737 2769 5778; x_wconf 92' lang='lat' dir='ltr'><strong>cum</strong></span> <span class='ocrx_word' id='word_1_857' title='bbox 2801 5731 2946 5778; x_wconf 90' lang='lat' dir='ltr'><strong>artes</strong></span> <span class='ocrx_word' id='word_1_858' title='bbox 2974 5721 3254 5780; x_wconf 91' lang='lat' dir='ltr'><strong>hominum</strong></span> <span class='ocrx_word' id='word_1_859' title='bbox 3287 5723 3336 5780; x_wconf 90' lang='lat' dir='ltr'><strong>ei</strong></span> <span class='ocrx_word' id='word_1_860' title='bbox 3385 5715 3607 5776; x_wconf 74' lang='lat' dir='ltr'><strong>scientia:</strong></span> <span class='ocrx_word' id='word_1_861' title='bbox 3644 5709 3708 5810; x_wconf 69' lang='lat' dir='ltr'><strong>la-</strong></span> 
     </span>
    </p>
   </div>
   <div class='ocr_carea' id='block_1_142' title="bbox 2161 5807 3706 5906">
    <p class='ocr_par' dir='ltr' id='par_1_142' title="bbox 2161 5807 3706 5906">
     <span class='ocr_line' id='line_1_142' title="bbox 2161 5807 3706 5906; baseline -0.005 -36"><span class='ocrx_word' id='word_1_862' title='bbox 2161 5813 2295 5871; x_wconf 88' lang='lat' dir='ltr'><strong>bore</strong></span> <span class='ocrx_word' id='word_1_863' title='bbox 2319 5823 2378 5871; x_wconf 91' lang='lat' dir='ltr'><strong>et</strong></span> <span class='ocrx_word' id='word_1_864' title='bbox 2409 5817 2745 5906; x_wconf 73' lang='lat' dir='ltr'><strong>experientia</strong></span> <span class='ocrx_word' id='word_1_865' title='bbox 2778 5823 2978 5886; x_wconf 61' lang='lat' dir='ltr'><strong>partae,</strong></span> <span class='ocrx_word' id='word_1_866' title='bbox 3007 5815 3144 5874; x_wconf 85' lang='lat' dir='ltr'><strong>nihil</strong></span> <span class='ocrx_word' id='word_1_867' title='bbox 3171 5817 3328 5874; x_wconf 84' lang='lat' dir='ltr'><strong>valde</strong></span> <span class='ocrx_word' id='word_1_868' title='bbox 3355 5807 3632 5874; x_wconf 83' lang='lat' dir='ltr'><strong>mirandum</strong></span> <span class='ocrx_word' id='word_1_869' title='bbox 3661 5807 3706 5855; x_wconf 69' lang='lat' dir='ltr'><strong>in</strong></span> 
     </span>
    </p>
   </div>
   <div class='ocr_carea' id='block_1_143' title="bbox 3849 2039 3861 4372">
    <p class='ocr_par' dir='ltr' id='par_1_143' title="bbox 3853 2547 3856 2762">
     <span class='ocr_line' id='line_1_143' title="bbox 3853 2547 3856 2762; baseline 0 0"><span class='ocrx_word' id='word_1_870' title='bbox 3853 2565 3856 2762; x_wconf 72' lang='lat' dir='ltr'><strong>l</strong></span> 
     </span>
    </p>
   </div>
  </div>
