3904 6316
178 283 260 339 375

1404 277 1472 337 ΙΝ
1508 275 1894 345 ΑΙΠὬΒΗΜ.
1935 276 2089 337 CAP.
2128 279 2172 339 l.

3322 277 3426 335 δτι

175 415 222 456 se
245 397 486 463 habeant,
536 409 639 452 nec
675 408 870 453 omnes
907 397 1089 453 omnia
1124 403 1454 467 cognoscant
1481 434 1496 457 .
1543 404 1720 452 ratum
1748 395 1800 456 A
1827 393 2113 461 obnoxius,
2144 395 2317 451 nullas
2346 395 2641 453 inferorum
2673 408 2864 467 pinnas
2892 393 3262 464 pertimescat,
3293 400 3348 448 et
3369 392 3425 449 in

174 490 379 563 profecto
404 499 453 544 et
480 486 646 545 ﬁxum
672 503 796 545 esse
820 489 984 545 debet
1015 489 1278 545 humanas
1307 489 1520 545 animas
1544 504 1722 559 neque

174 582 364 647 divinas,
390 594 561 650 neque
583 582 731 637 omni
757 581 989 637 scientia
1016 581 1259 637 eruditas
1299 597 1363 637 ex
1411 581 1550 637 coelo
1577 584 1723 636 hunc

172 675 409 731 advolasse
454 674 506 730 in
557 674 839 731 mundum.
890 678 1067 747 Atque
1106 676 1234 730 inde
1263 676 1373 731 ruit
1416 676 1559 732 idem
1599 675 1723 735 aliis

171 776 341 825 tantum
380 767 559 823 verbis
603 783 901 836 expressus
931 767 1172 825 Platonis
1202 777 1260 825 et
1306 768 1534 824 aliorum
1580 783 1721 838 quo-

167 861 378 918 runtdam
422 860 868 931 philosophorum
908 876 1105 925 ert-or,
1156 876 1264 931 quo
1309 861 1724 917 somniaveram

166 954 405 1011 scientiam
450 968 573 1010 esse
606 968 787 1010 rerum
820 955 888 1009 ab
917 955 1156 1020 homine,
1188 955 1497 1026 priusquam
1526 968 1720 1010 nasce-

165 1056 315 1113 retur,
341 1046 671 1117 cognitarum
705 1045 1160 1103 recordationem.
1196 1046 1405 1104 Etenim
1447 1047 1721 1102 Arnobius

163 1140 316 1196 falsam
347 1139 545 1196 hancce
570 1140 937 1211 opinationem
967 1140 1090 1197 aliis
1114 1139 1290 1195 adhuc
1313 1139 1581 1194 rationum
1606 1150 1719 1193 mo-

162 1232 321 1289 mentis
351 1233 562 1288 evertit.
599 1233 667 1290 Et
702 1234 896 1302 primo,
936 1232 1152 1303 quidem
1182 1234 1305 1303 quia
1347 1232 1535 1289 eadem
1579 1231 1722 1288 foret

161 1334 436 1381 cunctormn
470 1325 750 1382 hominum
784 1326 1034 1392 scientia,
1067 1324 1394 1390 recordatio,
1423 1324 1715 1381 sententia.

160 1419 388 1485 Secundo,
428 1420 591 1477 detur
619 1436 756 1492 puer
778 1421 975 1489 aliquis
1002 1422 1054 1475 in
1085 1419 1453 1475 desertissima
1481 1428 1537 1475 et
1566 1418 1716 1474 inac-

158 1527 279 1567 cessa
302 1511 595 1567 solitudine
621 1524 798 1578 natus,
827 1523 987 1583 atque
1014 1513 1086 1568 ibi
1113 1527 1326 1568 summo
1358 1513 1410 1565 in
1440 1510 1660 1566 silentio
1685 1526 1714 1564 a

155 1612 269 1658 muta
295 1604 505 1659 nutrice
528 1604 812 1671 educatus,
844 1614 1032 1674 postea
1059 1605 1184 1659 cibo
1213 1604 1397 1672 aliquo
1421 1601 1715 1673 simplicis-

1825 504 1985 543 mune
2007 488 2299 558 voluptatis
2320 488 2609 560 ﬂagitiique
2635 502 2829 560 genus.
2861 485 3191 556 contemptis
3217 484 3432 545 virtutio

1824 580 1943 645 bus,
1976 580 2304 650 praecipitem
2336 594 2456 637 sese
2487 582 2706 651 impune
2732 579 2902 637 dabit.

1895 672 2101 729 Eadem
2146 686 2325 731 autem
2367 675 2577 730 ratione
2622 672 2897 729 Arnobius
2940 672 3219 742 impugnat
3248 667 3428 727 fundi-

1830 776 2022 836 tusque
2070 766 2266 820 evertit
2308 766 2638 821 contrariam
2690 766 2998 834 opinionem
3055 760 3294 832 Epicuri,
3339 759 3431 828 qui

1826 856 2060 913 animam
2083 867 2324 911 nostram
2354 855 2636 912 mortalem
2664 869 2786 911 esse
2810 853 3104 925 garriebat.
3130 852 3206 908 Ea
3233 851 3432 923 quippe

1827 956 2010 1025 Opinio
2038 956 2082 1009 si
2121 970 2246 1011 vera
2279 955 2370 1018 sit,
2404 955 2547 1010 nulla
2577 953 2807 1024 amplius
2838 953 2943 1009 erit
2972 965 3153 1017 causa,
3184 965 3282 1005 cur
3308 948 3432 1019 phi-

1827 1048 2073 1119 losophia
2096 1058 2304 1104 mentes
2329 1059 2544 1105 nostras
2570 1047 2901 1110 escolamus,
2928 1044 3215 1102 virtutibus
3239 1043 3432 1099 demus

1828 1155 2069 1210 operam,
2099 1155 2163 1195 ac
2191 1140 2315 1195 vitia
2342 1140 2625 1209 fugiamus.

1900 1234 1978 1288 De
2001 1243 2180 1288 nostra
2212 1248 2376 1303 porro
2395 1234 2572 1289 anima
2599 1234 2678 1289 sic
2703 1232 2976 1290 Arnobius
3001 1240 3186 1289 noster
3212 1232 3431 1300 statuit;

1824 1341 1943 1380 eam
1969 1324 2159 1381 medim
2184 1324 2463 1395 cujusdam
2490 1324 2772 1381 mortalem
2805 1325 2946 1379 inter
2975 1333 3032 1380 et
3066 1324 3302 1381 divinam
3332 1340 3430 1380 na-

1825 1428 1999 1475 turam
2028 1432 2150 1473 esse
2170 1417 2511 1481 substantia},
2544 1417 2748 1487 Deique
2773 1416 3041 1475 beneiicio
3072 1414 3185 1471 fieri
3228 1415 3435 1487 longa:-

1822 1527 1943 1567 vam
1975 1520 2134 1581 atque
2183 1511 2565 1567 immortalem.
2594 1511 2934 1581 Quapropter
2977 1508 3255 1565 christiani
3287 1509 3432 1580 pium

1824 1603 1876 1658 in
1927 1604 2031 1659 hoc
2059 1604 2259 1660 mundo
2308 1605 2432 1661 vita:
2460 1618 2630 1674 genus
2678 1610 2923 1673 agentes,
2955 1613 3178 1674 sperant
3220 1602 3336 1657 fore
3379 1612 3439 1657 ut

156 1697 269 1752 sisto
307 1696 583 1759 victitans.
628 1697 837 1753 nullum
869 1712 1103 1767 unquam
1145 1696 1458 1766 loquentem
1506 1695 1713 1752 audiat.
1748 1714 1797 1777 Β
1822 1712 1975 1752 suam
2008 1708 2128 1767 post
2156 1706 2387 1752 mortem
2415 1706 2469 1753 et
2498 1698 2548 1753 in
2576 1696 2793 1759 cmlum,
2819 1697 2959 1753 sicut
2983 1696 3051 1750 de
3070 1709 3171 1750 suo
3197 1694 3321 1749 illuc
3346 1708 3432 1748 re-

157 1789 257 1844 lnde
275 1800 388 1860 post
414 1790 634 1861 triginta
661 1798 757 1845 aut
783 1791 1132 1861 quadraginta
1159 1804 1331 1845 annos
1355 1788 1641 1854 educatur,
1663 1798 1721 1845 et
1819 1803 2011 1859 gressu
2056 1787 2255 1844 ethnici
2310 1788 2702 1859 gloriabantur,
2732 1788 3049 1858 remigrenl,
3077 1796 3133 1842 ct
3161 1784 3381 1857 insuper
3407 1801 3438 1843 a

157 1881 340 1951 prodeat
370 1883 421 1937 in
454 1883 757 1953 publicum,
788 1891 898 1939 tum
932 1897 1065 1937 saxo
1101 1882 1367 1946 obtusior,
1398 1879 1530 1936 nihil
1562 1880 1720 1951 plane

157 1975 307 2045 quavis
332 1974 399 2030 de
440 1990 507 2032 re
548 1976 912 2047 interrogatus
955 1974 1287 2044 respondere
1327 1974 1555 2043 poterit,
1585 1972 1720 2031 nihil

153 2082 299 2125 rerum
329 2068 682 2135 naturalium,
716 2080 807 2124 aut
834 2084 1054 2133 earum,
1100 2083 1222 2138 qua:
1254 2066 1532 2123 hominum
1577 2066 1718 2130 usui,

152 2164 217 2219 vel
245 2164 444 2220 deliciis
496 2173 553 2221 et
583 2165 846 2235 voluptati
876 2163 1181 2221 necessaria
1210 2161 1537 2226 creduntur.
1566 2170 1622 2217 et
1651 2160 1721 2217 ab

156 2267 339 2313 auctore
367 2266 565 2313 nostro
608 2267 1029 2324 enumerantur,
1060 2267 1246 2310 nolunt
1287 2254 1526 2311 habebit.
1559 2253 1722 2309 Deni-

152 2364 231 2419 que
252 2349 448 2407 nullam
483 2349 576 2405 ille
604 2349 929 2405 articulatim
964 2359 1020 2404 et
1057 2348 1311 2403 distincte
1339 2361 1528 2408 vocem
1556 2345 1718 2403 emito

154 2452 226 2497 tet.
260 2442 441 2498 Nonne
469 2452 654 2497 autem
696 2442 821 2497 hinc
865 2441 1148 2499 evidenter
1173 2439 1457 2496 coniicitur
1484 2439 1722 2494 animam

151 2535 264 2591 illius
287 2536 335 2591 in
365 2536 634 2592 mundum
662 2551 768 2590 non
795 2532 1014 2590 venisse
1043 2534 1299 2590 omnibus
1338 2532 1585 2589 scientiis
1613 2530 1723 2586 ins-

148 2628 379 2685 tractam?

199 2723 374 2779 Postea
396 2721 682 2778 Arnobius
704 2722 1035 2778 contrarium
1058 2719 1300 2774 Platonis
1322 2727 1722 2788 argumentum,

145 2832 195 2870 ex
216 2832 369 2886 puero
404 2816 487 2871 de
516 2814 756 2870 numeris
781 2813 1115 2883 interrogato
1144 2812 1392 2882 petitum,
1428 2809 1729 2865 luculenter

143 2909 286 2965 diluit.
304 2908 384 2965 Ab
409 2910 529 2962 hoc
546 2922 779 2977 namque
808 2922 914 2962 non
937 2906 1112 2961 solum
1136 2920 1327 2975 puero,
1353 2919 1543 2960 verum
1566 2903 1727 2959 etiam

1824 1883 1939 1938 Deo
1959 1889 2178 1937 aeternio
2204 1881 2479 1938 felicitatis
2520 1883 2821 1952 praemium,
2870 1881 3177 1937 certissimo
3206 1880 3437 1937 miracu-

1825 1975 2003 2033 lorum
2032 1991 2256 2033 suorum
2283 1975 2504 2046 pignore
2544 1974 2576 2028 t‘t
2614 1973 2832 2031 Christo
2868 1974 3192 2043 promissum
3238 1987 3433 2029 conse-

1827 2082 2084 2139 quantur.

1898 2160 2162 2235 Quoniam
2184 2172 2364 2219 autem
2389 2162 2550 2223 modo
2570 2162 2769 2227 anima,
2803 2160 3134 2233 inquiebant.
3173 2159 3218 2215 si
3246 2157 3437 2215 mediae

1828 2256 1972 2311 illius
2012 2256 2290 2328 qualitatis
2329 2257 2421 2320 sit,
2455 2264 2632 2326 potest
2670 2269 2905 2325 unquam
2934 2253 3255 2313 immortalis
3280 2252 3432 2309 ﬁeri!

1828 2347 2140 2419 Respondet
2168 2349 2437 2405 Arnobius
2458 2349 2590 2404 satis
2613 2345 2770 2402 nobis
2802 2345 2932 2402 illud
2962 2360 3103 2411 esse,
3137 2344 3282 2416 quod
3316 2359 3436 2400 om-

1831 2447 2081 2516 nipotens
2119 2445 2282 2507 Deus.
2316 2445 2401 2499 cui
2426 2443 2556 2499 nihil
2581 2443 2848 2501 obsistere
2875 2450 3073 2512 potest,
3107 2455 3209 2495 nos
3247 2439 3315 2495 de
3341 2439 3440 2493 hac

1830 2538 2026 2591 animm
2062 2548 2260 2593 nostra:
2296 2536 2698 2593 immortalitate
2732 2544 2888 2591 certo
2922 2533 3111 2589 fecerit
3153 2531 3437 2588 certiores.

1831 2629 1968 2699 Quid
1995 2646 2124 2687 vero
2150 2630 2292 2702 quod
2317 2630 2536 2699 ipsimet
2562 2627 2762 2683 ethnici
2782 2625 2934 2682 fateri
2957 2624 3291 2695 cogebantur
3305 2623 3439 2680 deos

1830 2741 1960 2781 suos
1988 2726 2103 2779 sive
2129 2723 2347 2795 angelos
2385 2733 2440 2777 et
2463 2722 2740 2777 dmmones
2767 2716 3074 2791 hujnsmodi
3103 2715 3294 2771 mediae
3317 2728 3438 2770 esse

1833 2819 2138 2890 qualitatis;
2163 2815 2595 2888 quandoquidem
2615 2829 2711 2870 eos
2731 2810 3018 2883 aliquando
3047 2819 3222 2876 natos,
3250 2818 3434 2878 postea

1834 2925 2085 2981 suprema
2112 2910 2202 2965 Dei
2237 2909 2403 2980 patris
2431 2909 2725 2975 voluntate,
2759 2907 2914 2962 sicuti
2944 2904 3100 2961 Plato
3129 2903 3313 2969 docet,
3339 2902 3439 2957 im-

144 3004 196 3059 ab
219 3004 320 3070 illo,
349 3005 417 3060 de
454 3018 564 3074 quo
587 3004 791 3059 dictum
818 3010 930 3068 est,
978 2998 1406 3071 quadragenario
1435 2997 1654 3053 homine
1680 2998 1727 3053 si
1755 3030 1801 3092 Ω
1837 3005 2093 3061 mortales
2115 3004 2286 3060 factos
2312 3002 2713 3063 existimabant.

143 3097 243 3168 quid
270 3098 335 3153 de
360 3096 829 3167 multiplicandis,
883 3102 976 3149 ant
1011 3090 1315 3147 dividendis
1336 3090 1601 3157 numeris,
1635 3097 1729 3143 attt

146 3190 390 3262 triangulis
408 3200 475 3243 et
497 3188 771 3260 quadratis
791 3187 1053 3258 inquiras,
1068 3195 1248 3239 mtttns
1262 3183 1483 3238 omnino
1500 3182 1622 3249 erit,
1637 3192 1730 3239 aut

144 3286 472 3356 respondebit
490 3300 599 3340 non
616 3282 833 3354 quidem
849 3297 916 3336 ex
942 3282 1062 3333 iicta
1090 3295 1119 3332 a
1146 3278 1369 3339 Platone
1389 3275 1727 3347 cognitarum

144 3378 244 3433 oliui
268 3393 460 3435 rerum
493 3376 775 3442 memoria,
822 3374 917 3428 sed
945 3387 1011 3428 ex
1043 3372 1107 3427 iis
1144 3387 1264 3441 qna:
1292 3368 1604 3439 quotidiano
1631 3383 1731 3422 usn

144 3469 318 3527 didicit.
349 3468 623 3526 Homines
666 3468 942 3523 enimvero
971 3466 1347 3535 magistrorum
1387 3476 1609 3516 suorum
1646 3460 1731 3514 in—

147 3565 416 3628 stitutione,
448 3559 910 3631 quemadmodum
940 3555 1190 3611 animalia
1214 3569 1314 3609 usu
1336 3562 1392 3608 et
1419 3551 1734 3609 assiduitate

149 3656 463 3713 erudiuntur.
512 3654 706 3710 Anima
735 3652 907 3723 igitur
934 3650 1187 3711 humana,
1213 3646 1451 3703 scientiis
1484 3645 1735 3701 omnibus

151 3751 405 3817 instructa,
432 3749 546 3803 huc
569 3764 674 3803 non
696 3744 1025 3801 adventavit.
1049 3743 1253 3798 Docere
1275 3739 1538 3813 siquidem
1556 3738 1734 3809 potius

150 3838 362 3907 deberet,
391 3855 561 3911 quam
591 3837 793 3894 doceri.

206 3933 378 4007 Neque
416 3932 628 3990 dixeris
662 3938 895 3986 animam
920 3970 933 3995 ,
978 3928 1065 3983 ubi
1109 3925 1322 3996 corpori
1366 3922 1731 3995 conjungitur,

151 4030 364 4099 priorum
392 4028 666 4095 oblivisci,
697 4036 877 4096 atque,
911 4033 968 4078 ttt
996 4024 1164 4089 aiunt,
1195 4038 1257 4077 ea:
1283 4021 1429 4075 docta
1465 4020 1735 4077 elementu-

150 4124 257 4177 riam
285 4126 416 4194 ﬁeri,
454 4121 508 4177 id
537 4131 640 4185 est,
674 4118 861 4189 primis
891 4117 1177 4171 elementis
1218 4112 1583 4168 imbucndatn.
1616 4111 1735 4165 Pri-

151 4231 275 4271 mum
296 4217 442 4273 enim
473 4215 591 4277 illa,
624 4211 943 4267 docentibus
982 4209 1173 4264 iisdem
1205 4204 1561 4278 philosophis,
1602 4206 1742 4259 sitn-

152 4310 282 4376 plicis
311 4320 365 4364 et
407 4311 747 4375 incorporate
787 4315 870 4360 cst
896 4302 1233 4360 subslanlim.
1268 4299 1560 4369 Coniuncto
1607 4314 1735 4369 ergo

152 4404 342 4472 corpori
372 4401 510 4457 nihil
543 4398 837 4469 spiritualis
864 4407 1092 4461 naturae,
1124 4406 1179 4449 et
1209 4394 1447 4465 pristina-
1478 4393 1737 4464 cognitio-

151 4494 220 4547 nis
243 4497 494 4550 amittere
546 4501 740 4562 potesu
777 4490 1017 4545 Mortalis
1041 4488 1239 4560 quippe
1280 4497 1336 4543 et
1373 4486 1737 4558 corruptibilis

153 4588 303 4644 fieret.
334 4587 548 4644 Deinde
589 4584 807 4657 quando
852 4584 941 4639 illa
988 4596 1183 4653 corpus
1232 4580 1455 4649 animat,
1508 4581 1735 4649 plurium

149 4692 255 4737 ante
276 4684 554 4753 octoginta
582 4688 742 4750 atque
787 4676 1017 4747 amplius
1045 4691 1217 4730 annos
1245 4691 1274 4729 a
1306 4690 1366 4729 se
1393 4675 1654 4729 factorum
1687 4684 1740 4728 et

151 4773 476 4836 auditorum.
514 4770 863 4830 recordatur;
909 4767 1076 4822 multo
1114 4781 1246 4836 ergo
1284 4765 1456 4836 magis
1497 4766 1734 4832 illorum,

152 4880 251 4933 qua:
272 4878 395 4921 ante
427 4881 583 4921 suam
613 4878 843 4931 corpore
868 4859 1268 4930 copttlationcnt
1306 4866 1551 4922 noverat,
1580 4858 1740 4912 renti-

153 4959 268 5014 uisci
294 4959 541 5015 deberet.
578 4957 861 5011 Postremo
891 4952 937 5011 si
970 4953 1083 5005 haec
1121 4950 1430 5021 eonjunctio
1457 4947 1655 5007 efficiat
1686 4958 1741 5003 ut

152 5054 354 5121 pristina
391 5054 621 5109 scientia
648 5051 863 5107 excidat
901 5066 967 5103 cx
995 5049 1197 5113 anima,
1245 5046 1516 5118 quomodo
1554 5046 1741 5101 dicunt

152 5159 254 5200 eam
281 5148 425 5205 scire
458 5162 519 5202 se
548 5160 669 5201 esse
715 5145 1109 5213 incorpoream,
1154 5141 1533 5206 imnmrtaiem,
1566 5141 1739 5195 omni-

151 5252 242 5306 que
268 5240 395 5294 olim
421 5238 682 5295 imbutam
705 5236 948 5301 scientia,
973 5234 1067 5289 sed
1091 5235 1330 5290 omnium
1353 5250 1472 5305 quae
1496 5243 1738 5304 noverat,

154 5339 252 5385 tum
278 5331 544 5389 oblitam?

215 5424 436 5481 Demum
489 5423 761 5481 Arnobius
800 5438 867 5479 es
910 5421 996 5477 his
1036 5422 1105 5475 ita
1153 5420 1437 5491 disputatis
1470 5419 1742 5475 concludit

156 5515 409 5574 hominem
444 5517 813 5588 protelarinnt,
844 5514 1149 5579 classicum,
1180 5513 1355 5582 capite
1388 5527 1631 5577 censum,
1679 5528 1741 5568 ac

157 5622 359 5675 prorsus
406 5613 655 5680 inopem,
688 5610 861 5679 primo
886 5606 1084 5676 ordini,
1124 5608 1225 5662 hoc
1251 5617 1368 5673 est,
1406 5605 1594 5661 divino
1635 5623 1739 5663 non

158 5701 575 5764 adscribendum.
611 5716 709 5757 nec
736 5702 784 5755 ei
816 5701 1061 5756 eamdem
1087 5710 1246 5771 atque
1273 5699 1384 5754 Deo
1407 5697 1739 5755 tribuendam

161 5793 625 5854 itumomlitatem.
663 5797 832 5854 Secus
874 5796 1020 5853 enim
1062 5792 1224 5853 nullis
1252 5793 1484 5851 fortuitis
1529 5793 1745 5859 casibus

1332 5968 1357 5975 .-

1759 4452 1815 4512 1)

1912 3097 2098 3153 Anima
2130 3098 2311 3166 itaque
2340 3103 2522 3151 nostra
2552 3112 2580 3148 a
2600 3106 2874 3164 .snprema
2910 3090 3139 3161 quadam
3173 3097 3438 3160 potestate

1836 3192 1936 3247 fuit
1959 3201 2163 3257 creata,
2192 3189 2286 3245 sed
2304 3204 2406 3245 nec
2425 3188 2619 3245 divinis
2646 3187 2835 3257 prolis,
2863 3199 2963 3241 nec
2986 3185 3182 3243 summi
3216 3182 3309 3239 Dei
3330 3182 3438 3237 lilia

1836 3291 1941 3339 est.
1973 3284 2160 3338 Tantm
2179 3281 2376 3352 quippe
2405 3282 2450 3336 si
2479 3279 2666 3335 fuisset
2687 3276 3033 3347 perfectionis
3054 3273 3187 3335 nihil
3208 3274 3440 3344 amplius

1836 3388 2022 3450 posset
2042 3378 2094 3433 in
2109 3393 2173 3433 ea
2191 3375 2508 3442 desiderari,
2540 3388 2642 3429 nec
2677 3372 2906 3427 diversae
2945 3379 3130 3427 essent
3157 3368 3437 3425 hominum

1842 3473 2127 3529 sententiae
2160 3486 2257 3526 nec
2280 3470 2384 3524 ulla
2405 3483 2595 3524 eorum
2625 3466 2803 3523 anima
2833 3480 2901 3521 ex
2933 3464 3105 3519 beatis
3134 3462 3355 3519 sedibus
3384 3465 3437 3519 in

1839 3580 2038 3638 corpus
2061 3565 2200 3620 mitti
2231 3563 2508 3619 voluisset.
3514 3550 3515 3553 “

1913 3658 2029 3715 Non
2049 3659 2248 3728 patitur
2271 3663 2449 3711 antem
2472 3654 2744 3710 Arnobius
2771 3652 2871 3709 sibi
2903 3650 3063 3722 objici
3082 3649 3338 3705 mundum
3363 3649 3438 3705 si-
3512 3699 3521 3707 .

1840 3767 1910 3809 ne
1952 3751 2170 3809 homine
2204 3764 2328 3805 esse
2372 3745 2767 3819 imperfectum,
2802 3753 2966 3815 atque
3006 3743 3210 3803 idcirco
3247 3743 3436 3807 Deutn,

1840 3843 2257 3913 uniuscujusque
2296 3842 2529 3896 animam
2570 3855 2638 3894 ex
2673 3840 2854 3909 seipso
2891 3838 3125 3909 genitam
3167 3837 3219 3891 itt
3254 3836 3442 3893 huma-

1842 3952 1969 3995 num
1993 3936 2205 3991 misisse
2233 3948 2453 4003 corpus.
2479 3931 2686 4003 Duplici
2726 3934 3007 3987 enimvero
3052 3930 3317 4001 longaque
3358 3930 3440 3985 in-

1842 4031 2093 4087 ductione
2123 4028 2294 4099 palam
2324 4027 2414 4082 ille
2443 4024 2619 4081 facere
2649 4032 2876 4079 conatur
2911 4023 3183 4086 hominem
3229 4037 3334 4078 non
3372 4025 3440 4079 ad

1844 4122 2228 4194 perfectionem
2260 4119 2468 4184 mundi,
2501 4118 2594 4188 qui
2624 4117 2844 4188 quidem
2875 4118 2995 4173 sine
3022 4116 3113 4175 illo
3155 4130 3277 4173 esse
3299 4124 3445 4187 pote-

1843 4225 1948 4281 rat,
1964 4215 2057 4269 sed
2075 4211 2142 4267 ad
2165 4212 2423 4281 privatam
2444 4208 2968 4281 ipsiusmetbominis
2983 4207 3262 4262 utilitatem
3292 4222 3441 4261 cont-

1846 4306 2265 4375 moditatemque
2302 4318 2425 4359 esse
2461 4310 2723 4357 creatum.
2766 4304 2940 4371 Atque
2964 4316 3030 4356 ex
3072 4300 3136 4355 iis
3171 4299 3446 4359 concludit

1843 4401 2106 4465 divinam,
2136 4413 2242 4453 non
2264 4412 2387 4453 esse
2407 4397 2664 4461 animam,
2705 4411 2827 4466 qua:
2867 4393 3210 4465 postmodum
3241 4396 3293 4450 in
3316 4411 3439 4451 cor-

1844 4507 1944 4563 pus
1970 4491 2185 4561 aliquod
2214 4506 2244 4546 a
2270 4490 2381 4546 Deo
2407 4503 2620 4545 summe
2641 4488 2805 4544 missa
2826 4488 3008 4543 fuerit.

1915 4585 1988 4641 At
2009 4599 2126 4650 sna,
2154 4566 2431 4654 inquiunt;
2444 4581 2744 4646 voluntate,
2780 4595 2886 4635 non
2911 4581 3004 4634 Dei
3026 4579 3181 4650 jussu
3212 4580 3357 4635 venit
3387 4581 3440 4635 in

1842 4677 2121 4735 mundum.
2148 4675 2258 4733 Cur
2286 4691 2438 4747 ergo,
2477 4673 2771 4744 respondet
2815 4671 3125 4729 Arnobius?
3171 4671 3440 4743 Numquid

1842 4775 1968 4844 quia
1996 4773 2137 4828 Deus
2152 4771 2391 4844 iubendo
2433 4780 2489 4825 ut
2521 4771 2718 4835 veniat,
2759 4770 2990 4840 ipsemet
3022 4768 3163 4824 Deus
3197 4768 3438 4823 omnium

1841 4866 2230 4931 calamitatum,
2277 4865 2469 4934 quibus
2514 4862 2678 4918 homo
2699 4862 2750 4917 itt
2776 4862 2878 4915 hoc
2915 4859 3116 4917 mundo
3155 4859 3439 4931 premitur,

1842 4968 2004 5028 atque
2028 4956 2188 5015 etiam
2217 4965 2560 5021 cunctorum,
2581 4970 2703 5025 qua:
2726 4962 3003 5024 perpetrat
3028 4952 3295 5009 scelerum
3322 4968 3441 5007 cau-

1840 5065 1901 5106 sa
1926 5049 2234 5105 diceretur?
2261 5050 2331 5104 At
2348 5048 2568 5115 nullius,
2591 5048 2667 5102 ait
2693 5045 2803 5113 ille,
2831 5044 3087 5115 ponderis
3101 5054 3185 5100 est
3210 5044 3324 5099 inec
3351 5058 3438 5098 ra-

1846 5143 1939 5199 tio.
1985 5142 2119 5208 Quia
2150 5142 2293 5197 enim
2325 5156 2435 5196 non
2477 5138 2730 5211 prohibet
2757 5136 3211 5210 quemadmodum
3240 5145 3439 5206 potest,

1846 5252 1915 5291 ne
1944 5236 2107 5291 homo
2138 5233 2319 5290 veniat
2345 5233 2399 5288 in
2428 5233 2570 5287 hunc
2616 5226 2899 5297 mundum,
2944 5228 3257 5283 earumdem
3300 5227 3445 5285 illius

1843 5331 2110 5389 scelerum
2140 5338 2195 5385 et
2222 5326 2588 5383 calamitatum
2621 5340 2728 5381 non
2770 5325 2949 5379 minus
2977 5336 3138 5378 causa
3184 5320 3443 5377 dicendus

1848 5424 1969 5481 erit.
2001 5422 2105 5479 Sed
2135 5421 2186 5476 id
2214 5421 2283 5476 de
2310 5420 2404 5475 illo
2431 5420 2549 5475 sine
2574 5418 2805 5473 maxima
2836 5416 3111 5486 impietate
3131 5414 3443 5485 pronuntia-

1847 5522 1895 5572 ri
1925 5533 2033 5572 non
2061 5523 2260 5586 potest.

1920 5608 2198 5678 Urgebant
2226 5604 2462 5661 etltttici:
2501 5603 2596 5661 Dic
2621 5604 2780 5673 igitur
2808 5600 2963 5656 nobis
2995 5597 3135 5655 unde
3166 5600 3443 5672 progenita

1848 5712 1936 5755 aut
1970 5699 2176 5770 prolata
2210 5698 2499 5754 sitanima.
2533 5694 2640 5753 Sed
2671 5693 2795 5762 hoc,
2823 5691 3015 5763 inquit,
3047 5691 3336 5759 Arnobius,
3368 5693 3445 5748 si-

1849 5804 1941 5854 cut
1967 5804 2022 5851 et
2046 5794 2145 5849 alia
2183 5791 2334 5864 plura
2364 5792 2611 5862 ignorare
2657 5799 2945 5861 possumus
2969 5827 2985 5857 ,
3035 5784 3246 5843 tametsi
3296 5785 3446 5842 ilL'nu
