3904 6316
466 270 573 323 3733

1712 264 2162 323 lllSSERTA'I'IO
2192 264 2475 322 PREVIA

3620 270 3705 326 376

467 397 569 437 nec
599 382 856 448 divinam,
877 396 976 437 nec
1005 382 1096 435 Dei
1119 381 1424 450 progeniem
1454 394 1574 434 esse
1602 390 1937 451 compertum
1963 395 2060 434 ηθο
2086 380 2137 439 Δ
2165 387 2309 444 sunt,
2343 378 2413 432 de
2441 378 2629 433 mundi
2652 378 2877 447 origine,
2912 380 3053 443 loco,
3085 388 3142 433 et
3170 381 3311 444 situ;
3340 379 3406 435 de
3429 381 3556 450 nire,
3588 388 3702 456 sole,

469 475 551 529 his
577 477 668 528 sit.
706 475 917 529 Scimus
936 475 1078 528 enim
1104 473 1232 527 nihil
1259 489 1288 527 a
1313 473 1424 528 Deo
1445 488 1657 528 summo
1683 473 1797 528 fieri
1826 488 2061 543 unquam

466 572 729 637 pomisse,
764 568 867 621 nisi
894 566 1144 621 omnibus
1187 566 1424 620 numeris
1453 566 1777 621 absolutum.
1811 565 1921 620 Nec
1961 566 2063 619 mi-

466 674 569 713 nus
595 668 747 713 certo
771 658 1150 728 cognoscimus
1171 658 1418 712 homines
1446 658 1577 711 nihil
1607 672 1729 712 esse
1757 657 1925 723 aliud,
1958 656 2059 711 nisi
2095 658 2109 666 “

465 751 675 805 animas
700 753 912 819 corpori
954 750 1221 821 alligatas,
1252 765 1371 819 qum
1402 749 1640 812 omnium
1686 749 1936 802 vitiorum
1966 763 2053 819 ge-

463 857 595 896 nere
621 849 1057 910 corrumpuntur.
1080 840 1334 907 Quamvis
1362 842 1507 893 enim
1533 838 1747 907 quidam
1776 838 2061 909 inculpatis

461 937 787 1007 optimisque
812 936 923 989 sint
965 936 1227 1001 moribus,
1257 946 1406 988 certe
1450 934 1500 988 bi
1552 934 1858 1001 paucissimi
1910 944 2057 1002 sunt,

462 1046 563 1086 nec
607 1046 772 1101 parvo
815 1046 1029 1095 eorum,
1067 1044 1207 1100 quos
1236 1028 1506 1083 Arnobius
1531 1029 1802 1098 proponit.
1833 1043 2060 1083 numero

462 1125 835 1179 :estimaudum
865 1134 947 1179 est
995 1133 1165 1177 totum
1195 1137 1369 1193 genus
1399 1124 1711 1176 humanum.
1759 1121 2058 1192 Ecquinam

458 1233 611 1281 vero,
666 1219 835 1287 pergit
885 1218 994 1281 ille,
1030 1216 1250 1287 perfecti
1291 1224 1418 1269 sunt
1462 1214 1749 1269 homines?
1795 1214 2059 1285 Numquid

464 1311 799 1381 phithopbi!
834 1311 992 1379 Atqui
1038 1311 1089 1363 bi
1130 1309 1374 1381 quotidie
1412 1324 1536 1363 cum
1575 1308 1960 1375 cupiditatibus
2005 1318 2062 1364 et

461 1405 625 1459 variis
651 1404 812 1457 anitni
862 1403 1140 1459 affectibus
1172 1413 1490 1474 pugnantes,
1520 1403 1754 1455 animam
1797 1417 1948 1455 suam
1992 1402 2059 1456 ad

460 1498 590 1551 vitia
615 1498 930 1565 proclivem,
961 1505 1015 1551 et
1057 1495 1325 1551 infirmam
1366 1510 1489 1550 esse
1513 1494 1909 1550 tletnonstranl.
1942 1492 2058 1549 Non

460 1606 591 1660 ergo
614 1592 789 1646 divina
814 1602 895 1644 est
924 1591 1137 1644 illorum
1167 1606 1267 1643 nec
1288 1590 1517 1643 aliorum
1546 1590 1746 1643 anima.

2163 471 2309 537 luna,
2342 486 2406 527 ac
2436 472 2606 526 stellis
2632 486 2647 536 ;
2674 471 2743 526 de
2763 472 2964 543 pluvia,
2990 482 3173 539 vento,
3200 481 3554 542 tempestatum
3573 478 3705 534 vicis-

2165 564 2423 627 situdine,
2471 564 2540 619 de
2564 566 2708 618 salso
2738 566 2873 618 mari
2901 582 2914 629 ;
2942 565 3011 618 de
3037 564 3361 635 quibusdam
3400 568 3545 623 terris
3567 568 3706 625 dulci-
3740 598 3743 599 ν

2164 654 2285 723 bus,
2318 657 2538 720 amaris,
2568 656 2799 727 frigidis,
2825 672 2889 711 ac
2916 657 2985 712 de
3009 662 3363 712 tmmanornm
3391 659 3704 718 membrorum

2165 749 2582 817 compositione.
2624 748 2814 820 Neque
2860 751 3031 820 magis
3075 761 3273 804 norunt
3302 750 3423 820 quid
3462 752 3509 805 in
3543 754 3707 810 mundo

2166 840 2365 893 faciant
2390 839 2654 905 bubones,
2687 841 2997 907 immissuli,
3024 841 3283 904 formicae,
3310 856 3511 911 vepres,
3534 844 3705 913 lolium,

2165 932 2376 1002 aliaque
2405 935 2488 988 bis
2515 934 2744 997 similia;
2776 950 2875 989 cur
2902 934 2994 988 tali
3027 950 3127 989 nec
3166 935 3271 988 alia
3303 934 3462 1005 figura
3490 938 3707 1006 triticum,

2166 1024 2270 1089 far,
2300 1024 2589 1090 hordeum,
2618 1038 2927 1097 cieteraque
2945 1027 3068 1081 usui
3092 1027 3325 1082 humano
3342 1039 3480 1097 apta.
3504 1044 3594 1085 nec
3609 1031 3711 1101 quid

2166 1118 2382 1174 tandem
2410 1120 2517 1174 sint
2544 1121 2699 1186 odor,
2735 1136 2918 1192 sapor,
2948 1132 3111 1189 atque
3130 1123 3253 1175 alia:
3274 1122 3584 1190 ejuscemodi
3608 1139 3714 1192 qua-

2163 1214 2362 1268 litates.
2398 1214 2564 1270 Recte
2612 1216 2792 1285 itaque
2831 1215 3100 1278 Christus,
3136 1231 3296 1270 verus
3328 1216 3493 1283 Deus,
3522 1217 3611 1272 ενι)
3637 1217 3716 1272 ho-

2164 1308 2328 1361 tninis
2349 1308 2519 1362 forma
2550 1309 2782 1372 locutus,
2802 1309 2957 1380 jubet
2977 1324 3076 1364 nos
3097 1309 3301 1364 relictis
3327 1309 3472 1365 hisce
3484 1312 3716 1377 omnibus,

2164 1400 2541 1472 similibusque
2582 1401 2704 1455 aliis
2735 1403 3146 1472 quaestionibus,
3175 1402 3243 1455 ad
3273 1417 3452 1457 rerum
3477 1403 3721 1458 universa-

2166 1507 2284 1547 rum
2313 1492 2592 1547 dominum
2625 1503 2735 1547 tota
2768 1503 2950 1547 mente
2994 1493 3213 1554 adtolli.
3247 1502 3410 1563 atque
3452 1502 3721 1563 perpetuam

2166 1585 2338 1656 ipsius
2367 1586 2569 1641 habere
2618 1586 2959 1648 memoriam,
2994 1589 3085 1658 qui
3117 1590 3333 1644 tametsi
3382 1589 3725 1660 comprehendi

534 1682 642 1738 Nec
677 1691 762 1737 est
785 1682 925 1753 quod
951 1682 1164 1736 rideant
1184 1682 1408 1747 ethnici,
1441 1682 1485 1734 si
1511 1696 1770 1752 negemus
1797 1681 2064 1736 nobisin-
2094 1701 2141 1759 Β
2167 1691 2424 1749 nequeat,
2454 1681 2637 1735 nullus
2666 1692 2844 1736 tamen
2874 1681 2976 1734 nisi
3005 1696 3216 1747 amens,
3249 1682 3400 1736 illum
3428 1683 3589 1736 solum
3623 1695 3724 1737 esse

461 1786 799 1846 compertum
815 1790 936 1832 esse
953 1776 1225 1847 quomodo
1246 1776 1335 1830 illa
1349 1785 1529 1831 creata
1542 1776 1633 1831 sit.
1654 1776 1844 1829 Nullus
1863 1777 2065 1831 ctenim

462 1870 712 1925 irrisione
740 1871 933 1942 dignus
954 1881 1058 1935 est,
1086 1872 1177 1942 qui
1222 1870 1421 1941 aliquid
1453 1870 1646 1934 nescit,
1672 1880 1764 1924 aut
1793 1872 1882 1939 qui
1921 1871 2065 1940 quod

462 1975 655 2029 nescit,
681 1964 733 2019 id
758 1981 817 2019 se
838 1966 1049 2020 nescire
1073 1967 1382 2021 coutitetur.
1413 1965 1588 2019 Atille
1608 1970 1799 2020 merito
1830 1965 2064 2020 irriden-

461 2058 583 2121 dus,
600 2059 689 2129 qui
718 2074 777 2112 se
799 2059 937 2113 scire
955 2070 1099 2129 putat
1120 2058 1263 2129 quod
1275 2058 1563 2112 obscurum
1582 2067 1687 2121 est,
1704 2067 1754 2111 et
1771 2057 2062 2113 humanam

460 2163 678 2222 Superat
704 2154 1091 2222 Cognitionem.
1139 2152 1411 2207 Praeterea
1459 2152 1547 2222 qui
1597 2152 1804 2205 animas
1832 2152 1900 2205 ab
1947 2152 2065 2221 ipso

459 2260 673 2297 summo
711 2244 857 2314 Rege
896 2245 948 2298 in
982 2244 1212 2298 hominis
1262 2257 1459 2312 corpus
1501 2242 1832 2298 descendere
1860 2243 2066 2313 opina—

463 2336 676 2401 bantur,
714 2338 843 2391 nihil
875 2336 1224 2407 prol‘ert-baut
1249 2339 1380 2392 certi
1410 2346 1464 2392 et
1487 2336 1775 2405 explorati,
1808 2336 1902 2390 sed
1944 2350 2064 2391 sus-

463 2430 703 2499 piciones
736 2438 939 2511 tardum
968 2445 1030 2485 ac
1056 2430 1409 2499 conjecturas,
1441 2445 1559 2500 quae
1589 2428 1716 2482 nihil
1745 2429 1890 2482 aliud
1915 2438 2060 2492 sunt,

468 2526 572 2580 nisi
605 2530 806 2580 incerta
834 2524 1035 2593 opinio,
1072 2534 1122 2578 et
1150 2527 1225 2579 rei
1259 2525 1426 2594 ipsius
1454 2524 1777 2589 ignorantia.

535 2617 614 2672 Ad
631 2617 746 2671 lnec
768 2632 919 2684 vero,
943 2617 1400 2687 ip~imetg+~ntiles
1424 2618 1724 2685 philOSOplti
1753 2615 2065 2671 nesciebant

461 2709 603 2764 unde
625 2710 879 2776 qualesve
909 2710 1018 2764 sint
1037 2711 1470 2779 elephantorum,
1489 2724 1794 2773 cervorum,
1820 2710 2058 2775 leonum,

459 2802 796 2871 aliorumque
830 2801 1168 2866 animalium,
1202 2805 1366 2854 immo
1410 2815 1541 2855 vero
1572 2815 1674 2855 nec
1707 2802 2059 2863 locustarum.

462 2898 716 2954 murium.
750 2896 1010 2957 soricmn,
1035 2904 1089 2949 et
1109 2895 1334 2948 aliarum
1358 2895 1690 2961 ejttscemodi
1716 2894 2060 2949 bestiolarutn

461 2992 687 3055 animae;
720 3005 851 3060 quas
880 2988 1098 3059 quidem
1123 3006 1190 3044 ex
1215 2990 1403 3044 lictitio
1426 2989 1662 3043 Platonis
1686 2999 1897 3043 cratere
1918 2996 2065 3043 ortas

2175 1774 2343 1829 Deum
2373 1773 2617 1845 ambigit.
2655 1775 2912 1831 Ethnicos
2942 1777 3126 1845 igitur,
3154 1777 3245 1847 qui
3274 1791 3400 1830 eum
3445 1790 3544 1830 non
3569 1788 3730 1847 agnos-

2170 1877 2315 1933 cunt,
2349 1878 2568 1924 manent
2591 1870 2721 1925 smvi
2750 1879 2871 1940 post
2895 1879 3124 1925 mortem
3146 1872 3436 1935 cruciatus,
3460 1880 3715 1941 quantum-

2171 1960 2253 2014 vis
2282 1960 2443 2032 Magi,
2479 1960 2714 2028 Etrusci,
2747 1963 2828 2018 vel
2861 1963 2978 2029 alii,
3012 1964 3138 2026 illis,
3170 1964 3214 2018 si
3245 1964 3330 2032 pie
3363 1964 3615 2021 vixerint.
3641 1978 3735 2020 cte-

2173 2056 2285 2109 lum
2333 2064 2458 2125 post
2505 2065 2738 2110 mortem
2789 2064 2979 2126 patere
3009 2055 3335 2126 spondeant.
3380 2056 3435 2111 In
3460 2056 3593 2111 illius
3617 2056 3735 2110 enim

2168 2150 2341 2206 solius
2373 2151 2505 2217 Dei,
2540 2152 2764 2206 minime
2792 2168 2924 2207 vero
2954 2153 3210 2218 aliorum,
3262 2152 3644 2221 quantumlibet
3681 2152 3736 2206 dii

2167 2243 2437 2307 dicantur,
2470 2255 2738 2315 potestate
2782 2246 3015 2316 positum
3044 2255 3127 2301 est
3163 2246 3422 2300 conferre
3463 2245 3735 2299 immortali-

2169 2347 2355 2393 tatem.
2383 2336 2646 2404 Quocirca
2685 2338 2934 2393 Christus
2974 2340 3045 2392 ab
3089 2338 3182 2392 illo
3214 2340 3416 2394 missus
3443 2346 3540 2404 est,
3585 2347 3637 2392 ut
3661 2352 3740 2393 nos

2164 2431 2232 2484 ab
2263 2432 2502 2494 interitu,
2547 2441 2711 2502 atque
2737 2432 2902 2487 exitio
2937 2433 3221 2487 liberaret.

2241 2522 2378 2590 Quid
2405 2537 2554 2592 ergo,
2584 2525 2881 2593 arguebant
2912 2525 3139 2586 ethnici,
3170 2535 3355 2578 actum
3383 2535 3465 2579 est
3495 2524 3560 2580 de
3580 2539 3739 2579 eorum

2167 2616 2470 2679 animabus,
2503 2616 2593 2685 qui
2643 2627 2769 2669 ante
2815 2616 3019 2670 Christi
3048 2616 3343 2671 adventum
3388 2618 3579 2671 mortui
3606 2617 3743 2671 sunt?

2164 2709 2408 2764 Christus
2437 2710 2584 2779 ipse,
2621 2711 2794 2781 inquit
2825 2711 3105 2764 Arnobius
3131 2752 3144 2775 ,
3175 2724 3277 2764 nos
3307 2710 3491 2765 docuit
3525 2725 3612 2766 eas
3636 2723 3743 2763 con-

2170 2804 2403 2858 venienti
2434 2814 2680 2873 tempore
2720 2820 2749 2857 a
2792 2819 2850 2859 se
2883 2803 3057 2858 fuisse
3085 2814 3465 2865 conservatas,
3498 2819 3557 2859 ac
3585 2804 3744 2857 libera-

2168 2907 2271 2961 tas,
2300 2897 2756 2967 quemadmodum
2782 2898 2850 2952 ab
2874 2898 2992 2963 ipso
3019 2898 3137 2952 solo
3160 2898 3456 2953 didicimus
3481 2896 3680 2968 quando
3702 2896 3743 2950 in

2177 2994 2337 3048 terris
2364 3008 2483 3049 csse
2504 2994 2737 3062 cmperit
2764 2992 3059 3046 humanum
3085 3006 3275 3061 genus,
3309 2992 3525 3061 quando
3551 2992 3742 3063 primum

463 3082 2072 3152 netuodixeritNecmagisinterphilosophosconstataquo
2099 3114 2142 3176 ρ
2176 3086 2412 3156 alligatm
2469 3086 2580 3139 sint
2635 3085 2955 3156 corporibus
2998 3084 3224 3150 animae,
3277 3094 3332 3139 et
3383 3084 3504 3155 quis
3550 3081 3746 3137 hominis

461 3184 517 3230 et
543 3189 607 3228 ex
645 3174 839 3243 quibus
872 3174 1059 3243 primis
1091 3174 1426 3242 potissimmu
1462 3174 1619 3227 rebus
1646 3175 1838 3227 anima:
1869 3182 2071 3228 nostra:

462 3269 616 3324 fact-.e
634 3269 841 3323 sint.At
855 3268 899 3322 si
926 3269 1010 3337 pie
1029 3278 1083 3322 et
1103 3277 1289 3323 sancte
1303 3286 1328 3317 τι
1347 3268 1570 3323 Platone
1587 3268 1861 3323 adsertum
1884 3278 2072 3336 putant

464 3362 609 3425 illas,
657 3378 761 3416 non
808 3362 1026 3432 quidem
1058 3377 1086 3412 a
1123 3361 1232 3414 Deo
1274 3375 1508 3423 summo,
1544 3361 1639 3414 sed
1670 3361 1738 3412 ab
1767 3361 2068 3417 minoribus

464 3456 782 3527 quibusdam
808 3454 1162 3524 potestatibus
1188 3463 1420 3519 creatas,
1449 3469 1543 3508 cur
1569 3456 1725 3509 nobis
1751 3473 1856 3510 non
1888 3456 2068 3511 licebit

462 3548 621 3617 longe
663 3549 864 3603 certius
907 3548 1166 3602 adserere
1208 3546 1355 3615 ipsas
1387 3546 1578 3600 media:
1610 3547 1896 3616 qualitatis,
1942 3562 2065 3618 quae

463 3641 676 3711 quidem
726 3641 848 3695 licet
877 3656 906 3694 a
938 3638 1324 3709 principalibus
1349 3639 1703 3707 potestatibus
1747 3655 1852 3695 non
1881 3639 2062 3707 editas,

464 3735 759 3807 mortisque
790 3735 995 3806 legibus
1019 3735 1268 3790 obnoxiae
1298 3735 1429 3798 sint,
1457 3734 1857 3790 immortalitate
1882 3745 2060 3792 tamen

463 3846 492 3882 a
525 3830 634 3883 Deo
661 3830 926 3884 donantur
953 3829 977 3882 ?

536 3922 718 3993 Neque
743 3922 941 3978 dixeris
964 3922 1095 3976 nihil
1117 3922 1331 3991 penitus
1354 3922 1474 3977 sine
1509 3922 1599 3976 Dei
1622 3922 1897 3977 voluntate
1927 3923 2063 3977 ﬁeri.

465 4015 609 4069 Cave
645 4018 788 4069 enim
823 4030 889 4069 uc
917 4015 1041 4069 inde
1071 4013 1427 4068 concludatur
1460 4015 1627 4069 Deum
1674 4024 1753 4068 tot
1781 4031 1844 4071 ac
1884 4025 2062 4072 tanto-

462 4125 607 4175 rum,
639 4109 836 4179 quibus
867 4107 1113 4163 homines
1141 4109 1464 4171 obruuntur,
1488 4123 1716 4178 qumque
1741 4125 1804 4163 ex
1831 4111 2068 4165 elemen-

462 4212 641 4257 torntu
693 4202 1059 4271 ina-qualitate
1087 4202 1219 4255 oriri
1253 4217 1359 4256 non
1389 4211 1622 4267 constat,
1658 4204 1920 4258 malorum
1952 4220 2074 4259 esse

463 4304 762 4349 auctorem.
786 4294 897 4348 Nec
912 4295 1181 4349 curiosius
1200 4295 1365 4348 etiam
1394 4294 1635 4363 inquiras
1659 4294 1799 4349 unde
1823 4295 1908 4348 illa
1933 4296 2073 4350 mala

464 4390 731 4453 oriantur,
777 4398 832 4441 et
871 4403 971 4443 cur
998 4403 1059 4443 ea
1092 4389 1236 4443 Deus
1265 4389 1565 4458 permittat.
1606 4387 1740 4442 Nam
1786 4388 1887 4443 hoc
1928 4390 2068 4445 scire

463 4483 549 4537 vel
594 4480 803 4536 nescire
850 4496 1037 4552 parum
1085 4483 1345 4544 interest,
1379 4480 1542 4534 modo
1574 4496 1672 4550 pro
1711 4490 1863 4535 certo
1907 4483 2068 4553 plane

464 4575 765 4629 habeamus
796 4572 923 4626 nihil
959 4589 989 4627 a
1016 4588 1146 4627 vero
1176 4574 1286 4626 Deo
1316 4571 1432 4626 fieri
1461 4571 1682 4639 malum,
1714 4573 1983 4637 vitiosum,
2015 4582 2070 4628 et

468 4667 715 4732 noxium,
747 4664 1003 4735 quodque
1041 4663 1292 4719 omnibus
1324 4678 1431 4718 non
1457 4663 1528 4718 sit
1554 4664 1810 4730 salutare,
1841 4674 1896 4717 et
1921 4680 2070 4718 amo-

468 4760 545 4814 ris
574 4773 638 4813 ac
666 4757 866 4812 lzetitiae
898 4758 1293 4823 plenissimum.
1345 4754 1486 4810 Nulli
1522 4764 1704 4810 autem
1738 4756 1868 4809 mira
1898 4755 2067 4811 videri

386 4912 391 4927 δ
467 4854 633 4910 debet
665 4862 848 4905 nostra
877 4851 945 4905 de
994 4860 1072 4904 tet
1101 4850 1223 4903 aliis
1251 4848 1412 4905 rebus
1445 4848 1730 4919 ignoratio.
1760 4847 1891 4915 Quis
1923 4849 2066 4903 enim

468 4949 647 5006 nescit
675 4956 852 5000 tantas
889 4959 1011 5000 esse
1029 4945 1271 4998 omnium
1300 4959 1364 5005 ac
1393 4944 1687 5014 praesertim
1718 4942 2068 5014 philosopho-

468 5059 611 5105 rum,
646 5042 715 5096 de
745 5055 803 5093 re
834 5038 1075 5107 qualibet
1097 5076 1113 5104 ,-
1146 5037 1214 5093 de
1244 5038 1429 5093 mundi
1457 5046 1579 5093 ortu
1622 5045 1677 5092 et
1716 5037 1932 5092 interitu
1955 5078 1972 5105 ,
2001 5037 2070 5092 de

468 5136 663 5209 primis
694 5148 876 5189 rerum
907 5132 1218 5203 primordiis
1238 5174 1255 5198 ,
1287 5132 1357 5186 de
1382 5132 1517 5197 diis,
1553 5131 1622 5187 de
1650 5132 1846 5186 anima:
1872 5141 2071 5187 nostra:

467 5229 803 5293 conditione,
838 5228 1240 5287 contentiones.
1266 5236 1322 5279 ut
1342 5225 1473 5279 nihil
1497 5241 1528 5279 a
1554 5240 1822 5296 quoquam
1851 5226 2070 5280 adsera-

465 5335 574 5386 tur,
608 5322 750 5394 quod
781 5320 851 5375 ab
881 5319 991 5374 alio
1020 5319 1201 5374 statim
1234 5333 1340 5372 non
1381 5318 1551 5388 possit
1580 5317 1782 5374 destrui
1814 5334 1880 5374 ac
1933 5334 2069 5374 con-

468 5419 575 5472 l'uta
584 5417 625 5470 ri
653 5415 677 5469 ’ἒ

545 5509 804 5580 Quamvis
835 5522 968 5579 ergo
997 5506 1279 5562 christiani
1305 5505 1613 5575 ignorarent
1638 5520 1666 5558 a
1695 5520 1822 5574 quo.
1847 5513 1902 5560 et
1930 5504 2072 5560 unde

417 5626 423 5637 ι
476 5612 659 5658 creata
690 5602 761 5656 sit
792 5609 976 5656 nostra
1005 5599 1204 5664 anima,
1230 5596 1376 5654 unde
1395 5598 1603 5653 oriatur
1621 5596 1843 5662 malum,
1870 5598 1952 5650 vel
1975 5611 2075 5652 cur

476 5696 619 5750 Deus
648 5694 780 5750 illttd
815 5697 1067 5764 patiatttr,
1101 5692 1231 5749 nihil
1264 5693 1390 5748 inde
1417 5692 1676 5747 adversus
1704 5690 1824 5745 illos
1859 5687 2075 5746 efﬁcere

468 5784 723 5862 poterant
770 5790 1041 5858 gentiles,
1093 5786 1291 5858 quibus
1338 5786 1499 5856 longe
1541 5784 1695 5856 plura
1735 5784 2075 5855 incomperta

2175 3188 2409 3233 creator.

2246 3270 2525 3339 Urgebant
2554 3269 2779 3335 ethnici,
2828 3285 2926 3325 cur
2969 3284 3101 3338 ergo
3125 3284 3324 3324 omnes
3354 3270 3562 3347 animas
3588 3265 3748 3335 arquati

2173 3363 2531 3419 beneﬁcentia
2556 3379 2662 3417 non
2686 3363 2907 3418 liberat?
2925 3362 3148 3424 Omnes,
3172 3363 3472 3432 respondet
3492 3361 3743 3434 Arnobius,

2168 3456 2450 3527 aequaliter
2475 3466 2667 3521 vocat,
2701 3467 2757 3511 et
2790 3456 2859 3511 ad
2887 3472 2947 3510 se
2975 3456 3226 3511 veniendi
3262 3466 3588 3526 potestatem
3624 3455 3743 3509 fecit.

2176 3549 2368 3605 Nostra
2399 3551 2562 3621 igitur
2589 3566 2697 3605 non
2732 3550 2828 3604 Dei
2856 3551 3014 3620 culpa
3056 3561 3172 3614 est,
3201 3550 3245 3604 si
3281 3551 3431 3606 illius
3463 3549 3746 3605 beneficium

2169 3659 2283 3697 non
2311 3643 2693 3713 adsequamur.
2725 3643 2880 3712 Quod
2910 3644 3129 3714 quidem
3175 3644 3426 3699 Platonis
3466 3642 3749 3698 auctoritate

2169 3739 2474 3803 conﬁrmat,
2502 3738 2758 3809 additque
2793 3740 2983 3804 Deum,
3016 3742 3101 3794 cui
3130 3741 3277 3796 salus
3309 3749 3495 3795 nostra
3529 3750 3745 3793 necessa-

2172 3834 2250 3886 ria
2283 3847 2388 3887 non
2418 3841 2524 3899 est,
2559 3833 2688 3886 nulli
2720 3832 2933 3887 adferre
2967 3834 3369 3888 necessitatem.

2244 3924 2549 3989 lnstabant,
2592 3926 2636 3979 si
2671 3925 2811 3979 Deus
2840 3935 3032 3993 potens
3072 3941 3135 3979 ac
3165 3926 3482 3981 misericors
3521 3934 3630 3986 est,
3668 3935 3745 3975 cur

2168 4033 2276 4073 non
2304 4018 2450 4084 facit,
2477 4027 2534 4072 ut
2563 4019 2713 4073 inviti
2738 4018 2987 4073 lmmines
3010 4019 3180 4088 ipsius
3205 4020 3436 4074 credant
3464 4012 3749 4088 promissis?

2177 4111 2274 4167 Vis
2297 4111 2409 4178 illa,
2441 4111 2516 4165 ait
2542 4111 2832 4174 Arnobius,
2869 4125 2973 4164 non
2998 4113 3188 4181 gratia,
3214 4111 3307 4166 sed
3334 4111 3589 4182 injustitia
3614 4115 3747 4163 esset.

2176 4219 2280 4275 qua
2327 4203 2396 4259 ab
2444 4204 2630 4257 invitis
2669 4212 3101 4271 extorqueretur,
3148 4205 3293 4274 quod
3327 4205 3507 4259 nolint
3545 4215 3605 4257 ac
3632 4197 3749 4254 refu-

2178 4297 2344 4365 giant,
2374 4295 2629 4365 quodque
2658 4296 2702 4348 si
2736 4294 2929 4358 velint,
2965 4295 3174 4365 possint
3202 4297 3492 4366 consequi.

2251 4388 2412 4443 Solus
2462 4389 2624 4459 igitur
2664 4387 3018 4452 chriStianus,
3068 4390 3289 4443 aiebant
3329 4390 3557 4455 ethnici,
3581 4383 3749 4442 Christi

2153 4494 2280 4551 'opc
2306 4490 2358 4535 et
2382 4481 2588 4536 auxilio
2615 4481 2827 4535 beatam
2861 4482 3323 4537 immortalitatem
3356 4483 3648 4554 impetrare
3672 4494 3749 4545 p0.

2174 4581 2297 4627 test.
2327 4571 2498 4627 Recte
2521 4615 2535 4636 ,
2589 4570 2766 4642 inquit
2796 4574 3092 4628 Arnobius.
3124 4573 3238 4628 Soli
3268 4576 3477 4646 quippe
3506 4574 3577 4629 illi
3608 4572 3747 4627 hama

2174 4663 2287 4718 Deo
2314 4674 2465 4733 patre
2498 4662 2732 4719 facultas
2762 4665 3104 4719 conceditur.
3141 4665 3252 4721 Nec
3281 4667 3333 4719 id
3379 4682 3515 4722 sane
3553 4660 3751 4719 ethnicis

2171 4757 2406 4813 debebat
2428 4760 2624 4813 mirum
2652 4759 2844 4821 videri,
2870 4760 2959 4829 qui
2985 4760 3211 4830 singulis
3227 4760 3332 4815 diis
3355 4761 3470 4816 suis
3486 4758 3750 4832 singulares

2169 4853 2431 4926 quasdam
2462 4862 2766 4925 potestates
2796 4854 2950 4908 datas
2979 4854 3371 4924 epinabantur.

2241 4948 2323 5004 Ad
2358 4957 2593 5004 veterem
2621 4947 2850 5015 deinde,
2886 4962 2950 5002 ac
2979 4948 3180 5018 saepius
3216 4948 3557 5013 refricatam,
3585 4939 3750 4999 transit

2172 5042 2443 5098 Arnobius
2464 5042 2743 5107 gentilium
2772 5042 3189 5112 querimoniam,
3224 5057 3332 5112 qua
3360 5041 3626 5096 novellam
3649 5047 3750 5090 esse

2173 5133 2598 5189 Christianorum
2631 5132 2973 5204 religionem,
3012 5141 3176 5202 atque
3202 5134 3458 5204 antiquos
3498 5141 3552 5187 et
3576 5126 3748 5201 patrios

2173 5226 2309 5281 ritus
2354 5226 2407 5280 in
2438 5225 2703 5281 barbaros
2734 5226 3164 5296 peregrinosque
3203 5224 3499 5280 mutandos
3528 5239 3626 5279 non
3648 5231 3747 5275 esse

2175 5318 2617 5387 expostulabant.
2638 5317 2817 5372 Variis
2838 5329 3017 5372 autem
3038 5317 3341 5372 rationibus
3361 5314 3593 5373 ostendit
3608 5309 3748 5369 homi-

2177 5411 2337 5465 nibus
2363 5426 2459 5465 usu
2488 5425 2707 5481 semper
2734 5410 2950 5466 venisse
2969 5453 2984 5477 ,
3028 5418 3087 5464 ut
3117 5409 3319 5464 salubri
3354 5405 3746 5464 commutatione

2177 5507 2337 5561 malis
2362 5516 2417 5560 et
2437 5505 2719 5561 inutilibus
2741 5506 2879 5560 bona
2903 5514 2958 5559 et
2982 5505 3129 5560 utilia
3155 5511 3557 5576 praeponerent.
3578 5499 3746 5566 Quam-

2178 5599 2365 5654 obrem
2399 5615 2507 5653 non
2547 5599 2661 5669 ipsa
2691 5598 2770 5655 rei
2800 5599 3030 5669 alicujus
3060 5597 3427 5668 permutatio,
3476 5592 3571 5651 sed
3598 5597 3746 5646 muta-

2178 5692 2340 5748 tionis
2372 5707 2535 5748 causa
2560 5707 2778 5762 semper
2822 5691 3144 5763 inquirenda
3191 5699 3295 5745 est.
3335 5689 3541 5745 Deinde
3564 5697 3682 5741 vero
3710 5678 3747 5733 Si

2176 5794 2359 5843 vetera
2392 5787 2634 5841 instituta
2678 5792 2891 5841 mutare
2937 5783 3149 5841 crimini
3179 5791 3449 5850 vertatur,
3482 5780 3630 5849 hujus
3655 5774 3747 5830 cri-
