3904 6316
209 274 296 329 377

1415 268 1482 324 IN
1524 268 1896 337 ABNOBIUM,
1939 268 2100 325 CAP.
2141 269 2180 324 l.

3354 264 3461 324 378

207 388 345 446 minis
382 402 497 444 reos
544 402 665 443 esse
708 387 943 458 gentiles
977 386 1252 445 convincit
1294 386 1567 442 Arnobius
1598 387 1755 455 longa
1785 387 1835 446 Α
1861 382 2175 441 satisfacere
2202 383 2455 451 ethnicis,
2480 397 2699 455 semper
2717 384 3028 456 rogantibus
3053 399 3150 443 cur
3177 379 3458 443 christiani

205 487 451 548 ciborum,
482 499 727 549 morum,
758 482 973 553 legum,
1023 496 1407 550 sacrorumque
1451 481 1652 536 ritttum
1694 478 1761 532 ab

203 579 317 650 ipsis
343 587 658 632 mutatorum
682 576 1114 633 enumeratione.

260 671 511 727 Pra-terea
558 672 770 725 tametsi
821 669 1112 726 christiana
1157 669 1346 740 religio
1389 678 1514 723 ante
1560 681 1759 738 paucos

198 763 299 821 dies
325 762 665 819 disseminata
696 764 915 828 fuisset,
946 780 1123 819 nonne
1152 780 1240 819 res
1269 779 1457 819 omnes
1486 763 1758 825 humanm,

197 867 344 920 artes,
375 856 633 930 scientiae,
661 854 984 926 disciplinat,
1010 874 1236 928 quarum
1269 856 1523 926 quasdam
1570 868 1760 911 auctor

195 958 361 1004 noster
389 959 656 1012 recenset,
706 958 886 1003 ortum
941 949 1227 1004 habuere?
1268 948 1481 1011 Nonne,
1514 948 1758 1019 ipsisntet

189 1041 460 1098 fatentibus
485 1042 743 1107 ethnicis,
775 1059 959 1099 eorum
987 1043 1086 1109 dii,
1131 1042 1361 1113 Jupiter,
1404 1043 1599 1112 aliique
1620 1058 1755 1110 quos

190 1136 271 1193 ille
307 1137 622 1191 nominatim
669 1139 946 1210 appellat,
991 1152 1115 1194 esse
1160 1139 1478 1208 carperunt?
1523 1138 1579 1194 Si
1625 1152 1754 1209 ergo

182 1242 294 1287 ante
336 1228 443 1284 400
481 1245 655 1287 annos
698 1232 887 1302 religio
931 1230 1223 1287 christiana
1253 1248 1360 1288 non
1388 1244 1534 1300 erat,
1579 1247 1752 1303 neque

183 1321 324 1375 etiam
368 1332 496 1376 ante
543 1321 649 1376 duo
700 1338 962 1380 annorum
1005 1323 1173 1378 millia
1224 1323 1401 1379 nullos
1443 1323 1580 1379 deos
1621 1338 1748 1380 suos

178 1411 326 1469 fuisse
350 1430 550 1485 negare
578 1430 682 1470 non
715 1426 981 1486 poterant.

234 1508 298 1562 At
317 1518 551 1575 constat,
570 1509 883 1579 inquichant
903 1510 1000 1577 illi,
1020 1518 1257 1566 nostram
1276 1511 1588 1582 religionem
1612 1509 1749 1565 chri-

175 1597 322 1654 stiana
352 1599 515 1671 longe
545 1602 893 1658 vetustiorem
935 1618 1090 1668 esse,
1122 1613 1283 1675 atque
1324 1604 1524 1659 idcirco
1564 1606 1743 1659 verio-

1864 476 1997 531 dcos
2039 490 2138 530 nec
2167 476 2431 543 colerent,
2461 492 2557 532 nec
2596 476 2907 533 adorarent.
2941 477 3250 549 ReSjtondet
3279 478 3460 547 itaque

1866 569 1916 625 itt
1946 570 2055 624 Deo
2089 586 2270 626 rerum
2302 571 2541 627 omnium
2564 582 2811 630 creatore
2838 582 2892 627 et
2919 570 3461 642 moderatore,oquid-

1861 663 1988 735 quid
2033 662 2321 721 colendum
2372 674 2426 719 et
2472 664 2803 721 adorandum
2846 675 2928 722 est
2956 682 2987 720 a
3015 664 3325 722 christianis
3350 663 3456 720 coli

1859 769 1909 811 et
1933 758 2167 813 adorari.
2189 756 2243 813 Si
2266 759 2356 827 qui
2381 774 2510 829 ergo
2540 759 2611 813 dii
2639 760 2766 821 sint,
2795 760 2864 815 ab
2896 761 2987 814 illo
3012 759 3274 830 originem
3302 772 3454 813 suam

1859 852 2082 915 ducunt,
2114 861 2276 921 atque
2308 851 2361 907 in
2414 867 2480 908 eo
2536 853 2809 908 coluntur.
2841 853 2946 909 Sed
2977 868 3071 908 eos
3116 867 3304 908 revera
3334 866 3457 908 esse

1861 942 1992 997 deos
2026 943 2238 1012 probari
2269 960 2540 1014 nunquam
2574 946 2746 1016 potuit
2770 945 2838 999 ab
2864 944 3111 1011 ethnicis,
3138 943 3334 1016 quibus
3366 942 3453 999 in-

1861 1044 2200 1107 compertum
2234 1052 2452 1108 semper
2484 1036 2583 1092 fuit
2608 1048 2699 1092 aut
2748 1038 2889 1093 unde
2918 1038 3134 1093 nomina
3173 1052 3268 1092 sua
3295 1051 3454 1094 acce-

1860 1131 2052 1201 perint,
2085 1141 2175 1186 aut
2206 1140 2401 1201 quanta
2434 1133 2505 1189 sit
2535 1132 2749 1187 illorum
2781 1131 3091 1187 multitudo.

1927 1226 2164 1284 Ulterius
2191 1244 2318 1284 vero
2346 1229 2686 1299 progreditur
2710 1238 2871 1297 atque
2890 1244 2953 1285 ex
2982 1228 3084 1292 his,
3106 1244 3226 1300 quae
3252 1225 3451 1283 ethnici

1851 1320 1920 1373 de
1949 1320 2054 1375 diis
2110 1322 2222 1377 suis
2264 1322 2648 1390 praedicabant,
2704 1323 2881 1377 nullos
2933 1337 3055 1379 esse
3112 1320 3453 1392 apertissime

1849 1411 2205 1468 demonstrat.
2236 1413 2418 1469 Primo
2447 1415 2591 1469 enint
2624 1415 2756 1469 deos
2782 1429 2958 1469 mares
2985 1425 3037 1469 et
3078 1412 3329 1469 foeminas
3357 1428 3453 1468 ve-

1851 1506 2294 1564 nerabantur.At
2314 1507 2550 1563 divinam
2584 1518 2829 1563 naturam
2877 1524 2981 1563 non
3022 1507 3243 1573 diversi,
3284 1507 3451 1562 immo

1850 1597 2049 1652 nullius
2075 1613 2238 1653 sexus
2261 1614 2382 1654 esse
2412 1614 2663 1669 capacem
2710 1616 2816 1655 non
2863 1601 3037 1656 solum
3063 1597 3341 1655 Ciceronis
3369 1607 3452 1654 te-

80 1722 85 1731 -
174 1707 291 1746 rem.
330 1693 435 1748 Sed
488 1696 758 1751 Arnobius
797 1696 936 1752 hanc
981 1695 1426 1768 consequentiam
1475 1697 1591 1752 falsi
1623 1697 1745 1752 ideo
1777 1715 1824 1776 Β
1848 1689 2122 1757 ειὶιηοηὶθ,
2147 1692 2242 1747 St'd
2274 1692 2397 1748 inde
2420 1693 2582 1749 etiam
2608 1694 2767 1763 plane
2797 1692 3035 1756 conﬁcit.
3060 1692 3201 1765 (ιιιοά
3224 1708 3449 1749 sexuum

171 1787 358 1853 arguit,
387 1787 534 1857 quod
586 1788 1070 1858 utraquqinitium
1117 1788 1369 1846 habuisse
1407 1790 1641 1855 dicatur,
1680 1805 1745 1845 ac

172 1874 262 1930 duo
282 1891 551 1932 annorum
580 1879 751 1935 millia
780 1896 889 1935 non
932 1882 1160 1936 multum
1202 1882 1455 1937 aestimari
1486 1882 1742 1949 debeant,

170 1973 209 2024 si
228 1986 338 2026 cum
369 1975 668 2043 praeteritis
694 1976 1070 2045 superioribus
1101 1978 1314 2032 saeculis
1338 1987 1741 2047 comparentur.

168 2063 234 2116 Ad
263 2062 370 2118 hinc
399 2080 555 2132 vero,
590 2068 722 2122 nihil
751 2069 1125 2140 omnipotente
1152 2080 1208 2125 et
1234 2080 1436 2125 interno
1469 2072 1576 2126 Deo
1603 2070 1743 2125 anti-

166 2156 332 2226 quius,
375 2169 544 2229 atque
570 2159 710 2215 adeo
757 2178 953 2217 novum
988 2177 1287 2234 recensque
1314 2180 1417 2218 non
1453 2172 1566 2231 est,
1599 2163 1744 2234 quod

168 2250 209 2305 in
232 2265 293 2307 eo
319 2252 544 2307 colitur.
596 2256 665 2309 At
704 2254 838 2309 illttd
869 2256 913 2309 si
949 2270 1109 2323 sero,
1140 2267 1195 2311 et
1237 2254 1436 2311 Christi
1467 2256 1746 2312 dumtaxat

166 2348 387 2412 tempore
418 2344 734 2410 didicimus,
769 2346 903 2401 nihil
939 2348 1063 2403 inde
1090 2346 1283 2403 conﬁci
1313 2358 1524 2419 poterat
1549 2348 1742 2404 adver-

164 2449 241 2491 sus
264 2437 617 2509 christianos,
644 2451 737 2496 aut
766 2456 864 2512 pro
891 2442 1142 2508 ethnicis,
1178 2445 1269 2514 qui
1302 2461 1409 2499 ttott
1442 2454 1548 2500 tam
1578 2445 1741 2514 longo

163 2543 187 2584 a
213 2539 449 2600 tempore
478 2532 782 2603 Serapidis,
814 2534 988 2601 Isidis,
1016 2544 1071 2591 et
1096 2535 1368 2607 Apollinis
1391 2552 1611 2604 nomen,
1653 2546 1742 2591 ιιι·-

161 2636 247 2691 quc
274 2623 529 2695 Phrygia:
568 2627 778 2692 matris,
823 2627 1142 2695 Cererisque
1173 2644 1326 2684 sacra
1360 2642 1733 2701 susceperant.

218 2715 408 2772 Verum
442 2720 796 2789 postulabant
825 2722 1051 2789 ethnici,
1082 2737 1180 2776 cur
1209 2722 1455 2778 tlhristus
1484 2735 1591 2778 tam
1619 2735 1742 2781 seto

160 2808 332 2865 missus
356 2826 389 2866 a
412 2812 532 2868 Deo
571 2812 752 2868 fuerit.
793 2814 900 2869 Sed
927 2815 996 2869 ab
1034 2816 1102 2869 iis
1132 2816 1368 2870 vicissim
1396 2816 1529 2887 petit
1559 2820 1738 2873 Arno-

159 2899 279 2967 bius,
309 2919 405 2961 cur
435 2905 738 2978 aliquando
768 2906 1397 2980 hyems,wstas,pluvia,
1443 2927 1548 2965 non
1574 2921 1734 2979 stato,

1849 1780 2145 1837 diversitas.
2176 1783 2241 1837 ad
2282 1783 2644 1854 generandam
2691 1786 2930 1840 sobolem
2986 1785 3108 1841 data
3137 1794 3241 1842 est.
3286 1785 3448 1856 Atqui

1847 1876 2090 1946 quamvis
2122 1892 2317 1932 nomen
2354 1878 2491 1933 Deus
2535 1879 2816 1935 masculini
2864 1880 2933 1934 sit
2987 1882 3224 1950 generis,
3267 1888 3450 1935 tamen

1846 1964 1919 2020 dii
1948 1967 2230 2038 gentilium
2280 1985 2378 2025 nec
2425 1986 2707 2041 generare,
2760 1987 2858 2026 nec
2898 1971 3146 2042 generari
3198 1981 3444 2041 pcraunt.

1847 2057 1979 2115 Cum
2007 2060 2152 2116 enim
2187 2062 2543 2129 immortales,
2577 2074 2629 2119 et
2652 2065 2944 2130 senectuti,
2972 2064 3200 2133 aliisque
3225 2064 3449 2118 inlirmi—

1848 2153 2048 2208 tatibus
2074 2168 2182 2208 non
2223 2155 2445 2210 obnoxii
2502 2156 2793 2225 fingantur,
2825 2157 2868 2211 si
2896 2171 3159 2227 generare
3202 2164 3445 2226 possent,

1840 2247 1950 2318 jam
1980 2249 2219 2305 infinitus
2247 2259 2393 2305 esset
2418 2266 2608 2307 eorum
2636 2266 2915 2308 numerus.
2940 2252 3020 2307 Ad
3048 2253 3162 2307 haec
3189 2266 3318 2306 vero
3347 2249 3449 2307 fte-

1845 2342 1928 2396 dis
1980 2343 2348 2412 voluptatibus
2393 2358 2458 2398 ac
2512 2344 2898 2415 cupiditatibus
2929 2344 3446 2400 contaminarentur.

1847 2434 2084 2506 Denique
2105 2437 2222 2492 deat
2251 2439 2422 2508 turpia
2450 2447 2766 2508 paterentur
2787 2438 3140 2507 graviditatis.
3157 2447 3215 2492 et
3239 2445 3443 2506 partus,

1841 2527 2049 2598 aliaque
2078 2529 2363 2585 mulierum
2393 2530 2757 2585 incommoda.
2780 2530 2887 2584 Cur
2913 2545 3043 2600 ergo
3064 2526 3269 2584 ethnici
3297 2543 3441 2598 :rgre

1841 2617 2015 2672 ferant
2046 2620 2178 2674 tales
2204 2620 2337 2675 deos
2366 2622 2579 2691 genitos
2623 2633 2677 2676 et
2720 2631 3046 2693 gener-antes
3073 2638 3102 2683 a
3135 2620 3444 2676 Christianis

1844 2714 2145 2782 reprobari,
2177 2715 2322 2769 nulla
2358 2729 2580 2785 prorsus
2607 2723 2690 2771 est
2717 2716 2872 2770 ratio.

1917 2806 2167 2863 Secundo
2197 2808 2358 2864 iidem
2400 2810 2653 2878 gentiles,
2689 2811 3142 2880 quemadmodum
3172 2810 3437 2877 Sadncaai,

1844 2913 2155 2968 persuasum
2179 2900 2446 2956 habebant
2463 2902 2595 2958 deos
2622 2918 2882 2973 corporea
2909 2904 3247 2974 humanaque
3269 2903 3441 2960 forma

156 3011 556 3072 oppon-tortoque
593 3015 810 3072 semper
847 3012 1111 3074 tempore,
1161 3004 1254 3059 sed
1299 3005 1504 3061 tardius
1554 3024 1736 3063 recur-

1846 2990 2086 3061 figurari,
2120 3008 2183 3048 ac
2214 2996 2482 3063 componi.
2516 2997 2585 3049 At
2604 3006 2752 3050 certe
2777 2995 3033 3066 quidquid
3057 3012 3285 3066 corpore
3312 3012 3442 3052 con-

154 3093 276 3147 rant?
295 3109 390 3149 cur
408 3094 700 3162 Hercules,
725 3094 1095 3166 Adsculaptus,
1117 3096 1481 3154 Mercuriuset
1497 3099 1607 3167 alii,
1629 3109 1736 3157 tam

154 3195 257 3239 sero
309 3187 361 3239 itt
413 3187 648 3242 deorum
674 3202 916 3260 gregem,
966 3197 1317 3261 uestrumque
1370 3193 1738 3262 cognitionem

152 3279 709 3348 reuerint?Quantvis
732 3281 917 3354 itaque
967 3284 1108 3338 ratio
1147 3298 1246 3339 cur
1289 3285 1491 3354 aliquid
1535 3286 1735 3342 factum

152 3369 224 3436 sit,
242 3375 391 3429 reddi
415 3385 685 3446 nequeat;
716 3392 822 3431 non
847 3374 972 3432 inde
995 3384 1174 3432 tamen
1198 3377 1393 3433 factum
1423 3378 1736 3437 illttdluisse

150 3467 311 3536 negari
338 3468 534 3525 debet.
558 3468 699 3537 Quid
730 3478 992 3540 praeterea
1013 3512 1028 3537 ,
1065 3472 1206 3541 quod
1227 3472 1459 3528 nihilcst
1490 3474 1541 3527 in
1569 3486 1733 3530 aeter-

150 3558 294 3616 nitate
319 3563 540 3618 tardtttn
590 3573 685 3617 aut
731 3566 1157 3634 praematurum?
1188 3565 1350 3633 Quid,
1395 3567 1440 3621 si
1493 3567 1734 3624 deterior

148 3646 357 3708 humana
406 3654 676 3721 conditio,
733 3666 788 3709 et
831 3655 1116 3711 infirmitas
1146 3659 1537 3726 posterioribus
1566 3677 1729 3732 quam

148 3743 391 3809 prioribus
419 3747 642 3802 smculis
671 3748 865 3815 major,
914 3748 966 3803 id
1005 3750 1296 3820 exigebat?
1352 3753 1590 3823 Denique
1621 3755 1732 3810 sitt-

146 3838 245 3902 gula
265 3836 404 3896 facta
433 3849 569 3894 sunt
593 3841 888 3911 quomodo,
920 3857 984 3897 ac
1002 3844 1220 3912 quando
1242 3843 1384 3900 Deus
1410 3846 1731 3904 immtttabili

144 3925 339 3986 decreto
366 3933 754 3989 constituerat.

198 4021 477 4083 Postremo
520 4026 863 4097 inquirebant
902 4030 1131 4099 gentiles
1148 4046 1243 4086 cur
1280 4032 1427 4086 Deus
1460 4035 1543 4088 cui
1584 4034 1729 4090 chri-

144 4116 277 4170 stiani
292 4121 630 4182 serviebant,
654 4121 698 4174 si
720 4123 1062 4192 omnipotens
1079 4124 1164 4186 sit,
1190 4126 1421 4194 patiatur
1438 4127 1559 4182 illos
1579 4130 1726 4185 omni

144 4213 566 4274 persecutionum
592 4254 608 4278 ,
638 4228 919 4282 pinnarum
940 4258 956 4282 ,
995 4232 1058 4270 ac
1089 4217 1474 4286 suppliciorum
1531 4237 1728 4291 genere

142 4304 306 4357 vexari
335 4314 392 4361 et
413 4306 677 4376 Oppritni?
698 4306 803 4363 Sed
820 4309 1053 4364 vicissim
1081 4311 1276 4366 abillis
1308 4314 1530 4382 requirit
1552 4317 1726 4371 Arno-

142 4392 262 4464 bius,
278 4411 376 4452 cur
391 4414 589 4454 eorum
604 4399 676 4454 dti
699 4402 1081 4458 cultoressuos
1099 4404 1367 4461 similibus
1383 4412 1641 4465 :rrumnis
1660 4426 1724 4466 ac

143 4489 525 4547 calamitatibus
545 4493 701 4549 obrui
728 4497 1174 4564 patiebantttr.At
1201 4499 1500 4568 christiani,
1533 4505 1723 4576 inquit,

141 4584 311 4652 quibus
332 4586 471 4641 nihil
501 4587 556 4642 iit
588 4587 691 4643 hac
718 4590 822 4643 vita
849 4591 1174 4659 promissum
1226 4605 1326 4656 est,
1361 4610 1570 4665 pinnas,
1600 4614 1728 4670 sup-

142 4675 299 4746 plicia,
328 4690 383 4735 et
404 4682 546 4736 dura
574 4682 756 4738 omnia
782 4685 1014 4740 libenter
1042 4686 1282 4755 perferre
1308 4691 1505 4757 edocti,
1530 4695 1726 4749 certis-

142 4771 551 4832 sitneuoverattt
602 4776 687 4832 his
725 4794 832 4833 non
867 4780 991 4833 mali
1019 4780 1221 4852 aliquid
1270 4782 1371 4837 sibi
1399 4785 1602 4854 afferri,
1630 4789 1727 4844 sed

143 4877 300 4920 teram
332 4868 736 4939 liberationem,
765 4888 869 4942 qua
924 4883 1184 4929 aeternam
1206 4877 1433 4931 salutem
1464 4893 1727 4936 consecu-

144 4956 233 5011 turi
282 4971 433 5017 sunt.
492 4962 576 5018 Ad
631 4980 750 5020 eam
803 4980 965 5035 porro
1012 4969 1427 5038 comparandam
1454 4970 1726 5028 Arnobius

142 5053 345 5117 gentiles
372 5054 720 5125 adhortatus,
756 5058 916 5114 linem
957 5061 1100 5117 libro
1140 5062 1387 5132 imponit.

716 5188 1010 5231 Λιιτιουιυδ
1045 5192 1125 5231 Ill.

656 5288 875 5351 Analysis
896 5290 1007 5340 libri
1035 5293 1184 5342 tertii.

204 5410 454 5480 Quamvis
477 5416 772 5473 christiana
798 5420 985 5490 religio
1011 5431 1115 5475 tam
1142 5436 1170 5474 a
1194 5421 1356 5493 longo
1384 5431 1625 5493 tempore
1651 5424 1720 5479 ab

147 5508 333 5565 eximiis
372 5499 751 5569 defensoribus
801 5516 932 5569 satis
977 5531 1245 5586 superque
1284 5529 1485 5572 asserta
1538 5518 1717 5584 fuerit,

150 5614 232 5654 nec
256 5605 358 5659 ullo
387 5623 611 5673 prorsus
635 5607 845 5663 vindice
876 5608 1142 5678 indigens,
1168 5625 1263 5678 per
1290 5626 1350 5664 se
1391 5609 1560 5681 ipsam
1587 5627 1721 5666 con-

151 5698 216 5744 tra
241 5712 427 5751 otuues
473 5698 906 5756 adversariorum
954 5703 1183 5775 impetus
1217 5713 1322 5758 stet
1351 5703 1511 5774 plane
1540 5704 1726 5758 incon-

149 5797 315 5855 cussa;
344 5791 617 5849 Arnobius
650 5804 828 5851 tamen
860 5810 1042 5864 operae
1074 5797 1302 5868 pretium
1332 5796 1729 5867 essejudicavit

1752 4450 1804 4510 D

1842 3096 1968 3153 stat,
2003 3089 2227 3143 mortale
2265 3091 2447 3161 utique
2468 3089 2539 3144 sit
2565 3098 2799 3160 Oportet.
2830 3091 2967 3159 Quid
2998 3106 3147 3159 vero,
3181 3091 3322 3161 qttod
3342 3097 3441 3146 Ar-

1843 3179 2036 3234 nobius
2056 3178 2195 3234 facta
2221 3180 2579 3236 humanorum
2620 3182 2983 3238 membrorum
3010 3183 3436 3251 enumeratione,

1842 3273 1925 3327 his
1950 3272 2081 3328 deos
2105 3275 2355 3342 componi
2401 3290 2506 3328 non
2550 3290 2713 3345 posse
2764 3275 3044 3331 ostendit?
3085 3276 3197 3331 Huc
3231 3275 3440 3332 accedit

1840 3365 1981 3436 quod
2011 3365 2084 3421 dii
2116 3365 2217 3421 sibi
2251 3367 2481 3422 invicem
2524 3367 2628 3423 diei
2670 3368 3047 3423 delterentaut
3092 3368 3316 3436 similes,
3347 3379 3439 3424 aut

1839 3457 2146 3513 dissimiles.
2195 3457 2314 3514 Non
2361 3460 2617 3530 primum.
2651 3459 2783 3527 Quis
2813 3461 2979 3516 enitn’
3015 3476 3178 3515 unum
3233 3461 3303 3515 ab
3331 3460 3436 3515 alio

1840 3566 2019 3625 posset
2042 3556 2391 3612 discernere?
2421 3556 2535 3611 Non
2556 3559 2851 3612 secundum
2873 3575 2888 3624 ;
2913 3539 3035 3612 nam
3056 3557 3239 3628 aliqui,
3264 3556 3339 3611 uti
3367 3557 3436 3612 ab

1836 3650 2065 3706 ethnicis
2098 3652 2647 3721 reprmsentabantur,
2678 3654 2959 3723 capitones
2985 3664 3188 3717 essent,
3221 3653 3432 3707 fronto-

1840 3758 1958 3805 nes,
1988 3742 2158 3811 pueri,
2188 3743 2438 3810 juvenes,
2468 3758 2649 3809 senes,
2684 3744 2931 3799 nonnulli
2964 3745 3046 3800 his
3073 3746 3431 3808 lineamentis,

1836 3834 1928 3888 alii
1950 3834 2072 3889 aliis
2100 3835 2443 3901 conformati,
2474 3837 2691 3908 quidam
2727 3838 2846 3903 hac,
2880 3839 2967 3893 alii
3009 3839 3111 3894 alia
3143 3839 3331 3910 figura.
3365 3843 3434 3895 At

1836 3926 1885 3981 id
1909 3946 2012 3983 non
2032 3930 2208 3985 minus
2236 3930 2552 3997 absurdum,
2577 3947 2736 4001 quam
2759 3932 3069 3987 animalium
3100 3932 3298 3988 fortnas
3326 3934 3432 3989 illis

1834 4022 2074 4088 attribui,
2107 4023 2249 4094 quod
2278 4039 2410 4078 sane
2438 4026 2509 4078 ab
2538 4023 2808 4097 Egyptiis
2831 4027 3024 4080 factum
3049 4027 3231 4082 caiteri
3254 4030 3434 4098 genti-

1832 4115 1917 4169 les
1941 4120 2131 4171 tnerito
2159 4117 2480 4172 it'ridcbant.

1903 4207 2088 4278 Neque
2138 4224 2202 4263 ex
2233 4208 2317 4262 his
2344 4210 2561 4278 quidam
2608 4210 2886 4275 audiendi,
2917 4212 3005 4282 qui
3035 4213 3432 4282 respondebant

1832 4301 2118 4358 humanam
2152 4304 2372 4374 figuram
2404 4303 2509 4356 diis
2542 4304 2762 4359 honoris
2790 4314 2995 4359 tantum
3028 4320 3189 4361 causa
3218 4323 3432 4364 accom—

1829 4397 2056 4453 modari.
2091 4396 2250 4465 Pejor
2270 4397 2537 4466 siquidem
2567 4413 2738 4465 error,
2794 4399 3075 4471 majorque
3104 4402 3430 4458 contumelia

1830 4498 1932 4554 est,
1964 4489 2067 4543 iiiis
2103 4488 2304 4543 formas
2335 4489 2668 4557 adscribere,
2693 4504 2826 4560 quas
2855 4490 3050 4546 habere
3074 4508 3178 4546 non
3203 4494 3429 4551 credan-

1832 4594 1936 4638 tur.
1969 4582 2132 4638 Addit
2170 4583 2311 4639 haud
2357 4584 2575 4655 illepide
2606 4585 2897 4652 Arnobius,
2925 4586 2969 4640 si
3003 4586 3193 4642 bellua:
3221 4589 3430 4645 ratione

1829 4677 2119 4748 aliquando
2143 4678 2377 4747 praedita:
2421 4678 2670 4733 homines
2701 4679 2969 4734 honorare
3017 4680 3236 4745 vellent,
3276 4697 3431 4738 nunt-

1829 4773 1955 4844 quid
2001 4773 2249 4828 homines
2305 4775 2571 4843 patienter
2609 4772 2813 4829 ferrent
2859 4788 2943 4829 se-
2974 4774 3208 4830 bt-lluina
3259 4776 3428 4833 forma

1832 4866 1976 4937 pingi
2026 4877 2081 4921 et
2121 4866 2410 4922 exhiberi?
2442 4865 2592 4922 Nulla
2627 4869 2787 4937 igitur
2817 4868 2932 4933 Dei,
2968 4870 3179 4924 tametsi
3226 4871 3427 4939 audiat,

1829 4961 2031 5027 videat,
2075 4961 2359 5031 intelligat,
2390 4961 2600 5031 species
2627 4970 2721 5015 aut
2776 4960 2942 5030 figura
2971 4977 3092 5018 esse
3117 4970 3308 5034 potest.
3337 4974 3430 5018 aut

1827 5055 2012 5125 siqua:
2040 5054 2365 5126 sit,prorsus
2399 5056 2693 5110 nescimus.
2720 5053 2895 5110 Unum
2924 5056 3122 5111 scimus
3150 5057 3279 5112 nihil
3309 5071 3429 5111 cor-

1830 5148 2006 5218 porei,
2058 5157 2151 5202 aut
2200 5150 2556 5203 humanorum
2586 5148 3033 5205 lineamentorum
3065 5161 3117 5205 et
3141 5149 3425 5205 affectuum

1827 5259 1950 5299 esse
1974 5244 2026 5298 in
2060 5244 2192 5311 Deo,
2246 5245 2400 5315 cujus
2450 5254 2638 5300 natura
2687 5245 2835 5300 nullo
2867 5254 3045 5316 potest
3077 5246 3287 5301 mortali
3313 5261 3429 5301 ser-

1827 5352 1986 5393 mone
2007 5338 2286 5407 explicari.

1896 5433 2082 5488 Tertio
2129 5432 2329 5489 ethnici
2392 5435 2526 5490 deos
2581 5434 2907 5490 inducebant
2962 5434 3137 5504 aliqua
3191 5433 3428 5505 singulos

1828 5540 2072 5595 quosque
2104 5536 2239 5587 arte,
2274 5536 2327 5580 et
2355 5528 2576 5581 scientia
2610 5527 2943 5590 informatos,
2976 5541 3039 5581 ac
3071 5526 3424 5596 particulatim

1829 5617 2086 5672 humanis
2114 5619 2328 5688 officiis,
2360 5622 2610 5691 negotiis,
2655 5623 2922 5688 rebusque
2964 5621 3083 5674 aliis
3124 5620 3243 5676 sive
3272 5623 3427 5678 bonis

1832 5718 1925 5764 aut
1954 5710 2131 5777 malis,
2164 5711 2282 5767 sive
2332 5712 2572 5767 honestis
2616 5721 2707 5767 aut
2735 5712 2998 5782 turpibus,
3031 5712 3120 5769 hic
3144 5712 3213 5768 ab
3248 5715 3424 5770 Arno-

1829 5803 1923 5860 bio
1966 5814 2216 5861 accurate
2265 5806 2614 5873 enumeratis,
2664 5804 3038 5875 praesidentes.
3073 5806 3268 5863 Verum
3308 5805 3427 5866 hac
