3904 6316
386 267 495 326 379

1635 260 2091 329 DISSERTATIO
2128 266 2402 333 PRIEVIA

3560 285 3652 344 580

386 382 697 449 christianis
723 382 1117 462 quantumlibet
1142 387 1292 462 impii
1309 386 1371 446 ‘et
1393 384 1537 445 athei
1562 386 1832 451 dicantur,
1855 382 1979 440 nul-
2008 386 2055 447 Α
2087 386 2254 456 misit,
2281 390 2511 463 singulis
2550 391 2714 451 rebus
2757 395 3001 466 prmsint,
3046 408 3142 450 cur
3171 409 3281 449 non
3309 394 3547 454 similiter
3587 403 3650 459 dii

387 483 473 543 ius
505 501 755 557 umquam
781 478 1139 555 persuadebit.

457 578 683 651 Quarto,
731 578 1005 637 Arnobius
1045 578 1348 635 luculenter
1386 576 1721 634 demonstrat
1769 572 1982 629 iictitios

386 673 607 727 omnino
627 687 748 728 esse
774 671 1052 744 gentilium
1076 672 1227 736 deos,
1253 686 1317 727 ex
1338 670 1504 725 variis
1532 668 1742 723 illorum
1773 667 1983 738 opinio-

386 765 545 821 nibus
572 762 638 821 de
661 762 817 833 Jauo,
840 766 1096 834 Saturno,
1128 764 1281 825 Jove.
1308 764 1539 829 Junone,
1560 760 1816 827 Minerva,
1844 758 1983 829 Nep-

386 867 534 926 tuno,
590 852 877 928 Mercurio,
920 850 1106 930 Magna
1161 867 1354 924 matre,
1409 855 1667 922 Vulcano,
1710 852 1875 909 Diana
1920 862 1985 908 .et

384 950 523 1006 aliis.
553 944 701 1007 Unus
727 951 872 1007 enim
904 950 1273 1006 tantummodo
1324 964 1444 1004 cum
1472 961 1590 1002 esse
1632 945 1798 1016 possit
1827 954 1985 999 atter-

383 1060 484 1100 nus
510 1036 675 1112 Deus,
708 1059 866 1116 quem
893 1042 1089 1101 frustra
1121 1042 1361 1098 nonnulli
1410 1039 1666 1097 mundum
1697 1037 1839 1095 lnmc
1862 1052 1983 1094 esse

386 1137 661 1208 putabant,
695 1147 1015 1193 czeterorum
1043 1136 1312 1203 omnium,
1364 1137 1434 1191 uti
1468 1135 1817 1198 vocabantur,
1856 1132 1985 1187 dco-

383 1247 502 1288 rum
528 1224 735 1288 falsitas
752 1247 821 1287 ex
850 1229 951 1286 bac
978 1231 1295 1302 opinionum
1328 1229 1484 1303 plane
1513 1226 1855 1284 ridicularum
1894 1242 1983 1279 va-

382 1323 573 1380 rietate
600 1323 1003 1381 evidentissime
1033 1322 1354 1380 ostenditur.

455 1418 679 1486 Quinto,
704 1419 882 1491 itaque
899 1418 1168 1474 Arnobius
1191 1418 1331 1473 idem
1359 1433 1461 1472 non
1491 1415 1669 1471 minus
1691 1412 1985 1470 efficaciter

381 1510 595 1570 coniicit
616 1529 683 1569 ex
707 1512 1023 1570 eorumdem
1054 1511 1395 1568 ethnicorum
1422 1510 1490 1565 de
1536 1510 1764 1581 origine,
1794 1515 1849 1560 et
1886 1521 1987 1561 nu-

381 1623 535 1663 mero
559 1596 785 1663 deorum
816 1610 1059 1675 suorum,
1092 1614 1220 1680 puta
1260 1603 1553 1670 Musarum,
1587 1600 1980 1667 Novensiiiuin,

2084 479 2248 552 aliqui
2280 487 2598 552 cucurbltis,
2648 489 2817 557 rapis,
2847 486 3062 553 cullnte,
3110 487 3393 553 nasturtio,
3423 490 3550 558 ficis,
3572 493 3653 549 be-

2084 576 2271 643 taceis,
2303 578 2571 647 caulibus,
2607 574 2892 651 unguibus,
2935 579 3076 651 pilis,
3134 578 3361 650 aliisque
3387 595 3653 654 corporum

2086 666 2326 734 partibus
2369 670 2772 740 prteiiciuntur?
2823 668 2997 728 Unum
3050 671 3313 743 siquidem
3364 688 3467 728 non
3497 680 3653 749 magis

2086 774 2244 829 quam
2278 761 2507 817 alterum
2537 778 2567 817 a
2595 778 2722 820 vero
2745 760 3061 833 abhorrere,
3087 764 3309 836 deisque
3338 767 3529 836 probro
3548 785 3657 827 esse

2087 850 2180 909 ille
2210 852 2512 912 luculenter
2534 857 2795 914 ostendit.

2157 944 2267 1003 Nec
2283 958 2367 1004 est
2392 949 2532 1019 quod
2567 951 2760 1021 aliquis
2796 951 3017 1022 obiiciat
3046 948 3169 1007 illos
3208 952 3331 1009 ideo
3369 944 3500 1009 deos
3544 969 3651 1012 esse

2088 1042 2233 1113 quod
2260 1042 2327 1098 ab
2364 1042 2741 1115 haruspicibus
2784 1046 2978 1114 vocati,
3009 1047 3268 1102 continuo
3296 1048 3526 1115 veniant,
3556 1064 3660 1104 cer-

2087 1146 2248 1206 taque
2298 1152 2557 1207 responsa
2617 1138 2979 1198 reddiderint.
3026 1141 3281 1209 Quamvis
3322 1143 3517 1196 etenim
3570 1144 3661 1198 hoc

2085 1230 2254 1297 gratis
2282 1231 2631 1298 concedatur,
2666 1234 2786 1303 quis
2816 1232 3120 1289 Melioniant
3160 1245 3251 1289 aut
3296 1234 3657 1306 Limentinum,

2089 1330 2144 1376 ut
2170 1334 2431 1394 responsa
2472 1324 2648 1393 daret,
2698 1326 2892 1381 alienis
2940 1326 3091 1381 ilbi-is
3142 1328 3377 1383 insertos
3405 1328 3533 1382 vidit
3575 1344 3663 1384 un-

2089 1420 2285 1489 quam?
2312 1419 2451 1488 Quid
2477 1421 2521 1474 si
2556 1421 2682 1476 dolo
2704 1433 2757 1475 et
2792 1420 3003 1488 fraude,
3039 1421 3119 1477 vel
3148 1420 3453 1477 dzvmonum
3482 1435 3590 1477 arte
3609 1432 3665 1478 ac

2089 1511 2315 1567 fallaciis
2342 1526 2601 1583 responsa
2630 1511 2753 1567 data
2785 1513 2933 1568 sint?
2955 1512 3036 1568 Ad
3066 1512 3184 1569 hate
3205 1528 3361 1580 vero,
3393 1529 3511 1569 cum
3537 1524 3665 1569 tanta

2086 1604 2312 1661 deorum
2346 1598 2639 1661 multitudo
2665 1602 2732 1660 ab
2761 1604 2992 1660 ethnicis
3039 1607 3361 1676 proferatur,
3394 1606 3528 1661 scire
3571 1622 3666 1661 non

380 1701 666 1770 Penatum,
700 1700 917 1758 Larium
951 1701 1224 1771 perpetuis
1273 1696 1633 1770 absurdisque
1680 1696 1982 1752 contentio-
2015 1714 2062 1774 Β
2090 1711 2357 1772 poterant,
2389 1711 2569 1757 utrum
2625 1714 2764 1755 unus
2821 1706 3028 1755 tantum
3077 1699 3210 1755 deus
3264 1700 3384 1755 aliis
3413 1701 3666 1763 omnibus,

380 1794 539 1852 nibus
561 1809 625 1851 ac
653 1792 911 1851 dissidiis.
941 1792 1153 1849 Nemini
1181 1792 1378 1864 quippe
1402 1790 1620 1846 ctbnico
1640 1782 1846 1843 homini
1870 1797 1984 1840 tan-

380 1895 463 1943 tas
492 1886 634 1943 inter
659 1882 1023 1943 dissentiones
1050 1884 1199 1941 licuit
1226 1884 1556 1949 discernere,
1605 1882 1724 1953 quis
1764 1898 1828 1936 ex
1879 1878 1984 1937 illis

380 1997 541 2038 verus
560 1990 678 2037 erat
709 1981 871 2047 Dens,
904 1981 1026 2054 quis
1047 1978 1380 2036 invocaudus
1400 1974 1836 2043 etiionorandus,
1863 1975 1982 2046 quis

380 2090 537 2148 opem
569 2075 874 2151 petentibus
901 2076 1043 2132 ferre
1068 2088 1323 2147 umquam
1352 2079 1580 2145 poterat.

968 2228 1261 2271 Αιιτιαυιυε
1295 2229 1374 2270 ιν.

901 2327 1127 2393 Analysis
1148 2327 1262 2378 libri
1284 2330 1461 2392 quarti.

451 2461 747 2533 lncmptam
773 2457 1038 2517 adversus
1075 2457 1357 2530 gentilium
1385 2456 1518 2512 deos
1558 2454 1976 2528 diSputationem

382 2557 725 2629 prosequitur
764 2554 1054 2620 Arnobius,
1109 2553 1374 2624 planeque
1417 2549 1653 2607 ostendit
1693 2551 1974 2617 Pietatem,

381 2649 761 2717 Concordiam,
800 2648 1064 2715 Salutem,
1093 2645 1387 2715 Honorem,
1424 2644 1704 2712 Virtutem,
1730 2645 1979 2702 Felicita-

381 2732 739 2816 tem,aliaque
769 2741 1075 2814 bujusmodi
1109 2740 1350 2803 nuntina,
1379 2738 1575 2811 quibus
1612 2738 1772 2795 iidem
1799 2738 1976 2810 genti-
2012 2770 2016 2775 α

385 2840 464 2896 les
493 2839 775 2911 magniﬁca
801 2837 998 2908 templa
1018 2845 1452 2901 construxerant,
1475 2848 1573 2888 nec
1595 2833 1705 2891 risu
1725 2842 1813 2886 aut
1830 2833 1974 2901 joco,

384 2948 486 2990 nec
508 2933 655 2989 serio
680 2942 735 2986 et
756 2930 1021 2986 afﬁrmate
1041 2929 1148 2985 dici
1174 2943 1332 2999 posse
1360 2928 1465 2983 vim
1492 2927 1691 2982 habere
1718 2925 1977 2988 divinam.

2089 1806 2229 1864 quos
2253 1794 2597 1857 invocabant,
2629 1804 2734 1848 non
2775 1803 3131 1863 supponatur.
3164 1792 3296 1862 Quis
3321 1802 3496 1848 autem
3527 1807 3669 1847 verus

2091 1885 2237 1942 Detts
2289 1888 2377 1951 sit,
2409 1901 2600 1958 rogare
2638 1896 2742 1940 non
2790 1882 3012 1949 debent,
3058 1884 3492 1956 quandoquidem
3534 1883 3668 1939 illum

2086 1976 2346 2052 Egyptii,
2371 1976 2574 2047 Persae,
2606 1976 2719 2036 Indi
2743 1980 2943 2050 aliique
2964 1994 3157 2035 omnes
3187 1989 3541 2051 agnoverunt.

2160 2074 2267 2131 Sed
2299 2074 2461 2129 instat
2487 2073 2783 2138 Arnobius,
2808 2072 3136 2143 planumque
3160 2070 3284 2128 facit
3306 2070 3668 2127 absurdissima

2085 2166 2152 2223 ab
2180 2162 2408 2222 ethnicis
2457 2162 2680 2237 produci
2731 2164 2957 2221 deorum
3011 2180 3230 2219 suorum
3282 2174 3541 2229 monstra,
3573 2173 3670 2219 tres

2086 2261 2337 2317 videlicet
2362 2260 2545 2323 Joves,
2592 2261 2829 2332 quinque
2881 2259 3060 2326 Soles,
3102 2258 3327 2315 totidem
3374 2256 3667 2317 Mercurios,

2082 2352 2371 2419 Minervas,
2403 2363 2458 2410 et
2485 2354 2782 2427 Dyonisos;
2839 2360 2951 2408 tres
2976 2353 3193 2420 Dianas,
3227 2363 3285 2409 et
3312 2351 3666 2423 IEscuiapios;

2082 2454 2316 2520 quatuor
2344 2445 2634 2511 Vulcanos,
2666 2455 2721 2502 et
2749 2444 3028 2511 Veneres;
3053 2445 3153 2499 tria
3180 2455 3379 2514 genera
3407 2443 3668 2498 Castorum

2081 2554 2136 2599 et
2189 2542 2487 2609 Musarum,
2535 2555 2627 2596 sex
2680 2538 2961 2601 Hercules,
3012 2538 3177 2609 trigas
3227 2536 3567 2608 Cupidinum,
3620 2530 3670 2589 ei

2082 2636 2476 2707 Apollinarium
2521 2633 2801 2690 nominum
2853 2632 3167 2704 quadrigas.
3202 2632 3274 2685 At
3314 2630 3365 2685 hi
3394 2640 3579 2684 omnes
3604 2624 3668 2681 dii

2080 2724 2323 2802 ejusdem
2349 2729 2584 2786 nominis
2610 2744 2729 2783 esse
2760 2742 2865 2783 non
2906 2735 3150 2797 possunt,
3199 2735 3297 2780 attt
3342 2725 3462 2794 quis
3488 2736 3550 2776 ex
3578 2716 3670 2774 illis

2086 2834 2244 2879 verus
2268 2823 2407 2878 Deus
2434 2822 2525 2887 sit,
2552 2818 3081 2893 penitusignoratur.
3105 2814 3314 2873 Deinde
3343 2826 3472 2870 vero
3500 2810 3542 2867 si
3568 2809 3669 2875 uni,

2083 2916 2234 2973 verbi
2264 2916 2430 2985 gratia
2462 2913 2741 2980 Minervrc,
2779 2926 2880 2967 nec
2910 2908 3232 2965 nominatim
3286 2907 3562 2977 appellatae
3588 2903 3671 2959 ﬁat

383 3035 438 3081 et
479 3026 534 3081 in
556 3038 847 3107 numerum
901 3021 1124 3079 deorum
1167 2992 1465 3093 aggregari.
1518 3018 1663 3075 ldem
1711 3020 1868 3089 plane
1915 3015 1984 3073 de
2009 3028 2055 3092 α
2088 3010 2435 3076 saeriiicium,
2471 3022 2650 3062 nonne
2691 3008 2809 3061 alia:
2856 3012 3127 3074 tamquam
3157 3002 3260 3058 sibi
3300 3002 3497 3057 factum
3522 2992 3671 3053 stulta

384 3116 641 3185 ViCtoria,
668 3110 826 3183 Pace,
844 3124 898 3169 et
925 3113 1196 3184 Equitate
1226 3110 1741 3169 statuendum.Nam
1770 3126 1835 3166 ea
1863 3126 1981 3165 om-

385 3211 495 3277 nia,
523 3192 661 3266 sicut
682 3218 736 3265 et
756 3223 945 3264 eorum
974 3208 1270 3271 contraria,
1301 3206 1356 3261 in
1382 3206 1658 3260 hominum
1682 3205 1982 3259 actionibus

314 3332 321 3339 -
384 3301 772 3375 aifectibusque
805 3301 976 3372 posita
1006 3310 1153 3358 sunt.
1187 3299 1296 3356 Nec
1327 3299 1504 3355 minus
1530 3310 1877 3371 praepostere
1915 3298 1983 3353 ab

386 3397 618 3457 ethnicis
632 3395 909 3461 nonnulla,
926 3395 1002 3452 uti
1019 3393 1439 3460 somniaverant,
1450 3402 1669 3463 propter
1683 3390 1983 3457 benefacta,

386 3492 569 3562 plures
603 3490 700 3556 dii,
738 3488 1191 3561 quemadmodum
1223 3486 1462 3559 Luperco
1484 3527 1499 3553 ,
1532 3485 1806 3545 Prmstana
1834 3526 1849 3546 ,
1892 3500 1986 3540 seu

387 3585 593 3654 Panda,
623 3585 708 3640 vel
739 3585 979 3650 Pantica,
1010 3583 1273 3649 Pellonia,
1303 3583 1529 3652 aiiazque
1555 3581 1859 3653 ignotorum
1885 3597 1987 3635 nu-

386 3677 591 3732 minum
618 3686 852 3733 caterva:
873 3674 1266 3731 edocebantur.
1299 3673 1414 3728 Non
1442 3672 1586 3728 enim
1618 3673 1863 3739 benefici,
1892 3671 1984 3727 sed

386 3773 535 3827 solus
573 3785 752 3827 rerum
775 3770 1014 3826 omnium
1035 3777 1250 3824 creator
1279 3781 1437 3822 verus
1464 3766 1606 3822 Deus
1635 3775 1736 3821 est.

458 3865 590 3934 Quis
613 3865 773 3922 etiam
797 3866 915 3920 sine
962 3863 1340 3933 indignatione
1367 3877 1464 3917 eos
1516 3860 1704 3916 audire
1752 3868 1986 3931 poterat,

386 3960 474 4033 qui
498 3959 811 4032 garriebant
830 3956 1092 4028 quosdam
1131 3969 1252 4013 esse
1282 3952 1414 4010 deos
1436 3954 1777 4009 sinistrarum
1806 3952 1986 4023 regio-

386 4069 515 4109 num
549 4054 832 4125 praesides,
857 4050 1203 4107 dexterarum
1236 4048 1525 4104 inimicos?
1556 4045 1785 4103 Mundus
1813 4045 1990 4100 enim-

385 4164 517 4207 vero
540 4164 662 4207 cum
710 4158 853 4204 teres
884 4147 956 4202 sit
996 4161 1060 4201 ac
1108 4144 1395 4208 rotundus,
1445 4158 1569 4212 pars
1608 4144 1725 4212 ejus
1776 4140 1905 4195 laeva
1936 4148 1990 4194 et

386 4243 626 4308 dextera,
652 4242 835 4297 oriens
863 4250 919 4295 et
939 4238 1217 4305 occidens,
1243 4248 1429 4292 auster
1450 4246 1504 4290 ct
1525 4234 1799 4301 meridies,
1820 4232 1987 4286 nostri

388 4345 616 4401 tantum,
645 4334 863 4407 quando
892 4334 1246 4404 quiescimus,
1276 4339 1528 4401 respectu
1559 4328 1662 4383 dici
1692 4337 1886 4397 potest.
1910 4326 1989 4381 Ab

388 4427 579 4484 iisdem
611 4442 826 4499 quoque
854 4425 1145 4496 gentilibus
1176 4423 1380 4480 insulse
1408 4423 1628 4477 omnino
1653 4419 1991 4489 fingebantur
2014 4459 2067 4519 D

387 4520 604 4593 quidam
635 4520 709 4576 dii
734 4520 898 4576 rebus
938 4517 1285 4590 quibusdam,
1319 4531 1435 4570 nmc
1462 4514 1583 4568 aliis
1615 4512 1876 4583 prmfecti,
1905 4511 1988 4566 vi-

389 4614 588 4670 delicet
615 4612 936 4678 Lateranus,
962 4626 1059 4666 seu
1086 4610 1292 4667 Genius
1335 4607 1492 4675 focis,
1516 4606 1702 4663 Venus
1747 4605 1991 4660 Militaris

389 4706 604 4778 flagitiis
633 4704 1003 4761 castrensibus
1056 4714 1107 4759 et
1164 4717 1452 4774 puerorum
1501 4687 1727 4769 stupris,
1758 4694 1988 4763 Perfica,

389 4796 680 4865 Pertunda,
732 4796 982 4853 Tutunus
1031 4796 1195 4852 rebus
1245 4792 1517 4859 obscenis,
1573 4792 1706 4846 Puta
1742 4788 1988 4861 putandis

390 4889 693 4954 arboribus,
717 4889 1030 4944 nemoribus
1054 4887 1449 4952 Nemestrinus,
1474 4882 1745 4940 Pateliana
1797 4893 1853 4938 et
1891 4881 1992 4937 Pa-

392 4981 515 5038 tella
544 4980 927 5053 patefaciendis
956 4989 1050 5036 aut
1081 4979 1365 5051 patefactis
1404 4979 1581 5045 ostiis,
1615 4974 1843 5032 Nodutis
1872 4973 1988 5030 fru-

390 5092 515 5149 gum
544 5072 723 5137 nodis,
759 5073 824 5127 iis
855 5072 1093 5128 terendis
1121 5072 1400 5137 'l‘erensis,
1432 5069 1622 5127 Vibiiia
1668 5071 1875 5124 viarum
1903 5084 1990 5125 er-

393 5168 629 5234 roribus,
660 5165 877 5223 Orbana
929 5164 1163 5220 ﬁliorum
1212 5165 1419 5220 orbatis
1449 5163 1784 5235 parentibus,
1808 5161 1995 5217 Nacnia

393 5265 520 5321 xitte
548 5262 828 5325 extremis,
858 5258 1106 5330 Ossilago
1147 5259 1358 5314 ossibus
1385 5256 1812 5325 consolidandis,
1841 5257 1993 5323 Pcta,

394 5358 552 5421 Puta,
588 5356 789 5412 Patella
815 5353 1031 5425 apibus,
1086 5354 1232 5409 melii
1277 5353 1547 5417 Mellonia,
1592 5353 1771 5410 Lucrii
1819 5350 1991 5418 lucro,

395 5451 678 5507 Libentina
709 5461 763 5506 et
792 5449 1064 5504 Liburnus
1090 5446 1315 5516 libidini,
1358 5446 1635 5503 liminibus
1664 5447 2000 5502 Limentinns

396 5554 454 5599 et
504 5543 678 5611 Lima,
732 5540 1141 5612 obliquitatibus
1196 5539 1410 5606 Limus,
1463 5541 1658 5597 sationi
1712 5539 1997 5607 Saturnus,

398 5634 672 5689 tnontibus
699 5634 992 5699 Montitius,
1030 5631 1266 5687 Murcido
1299 5631 1574 5702 segnibus,
1605 5648 1666 5686 ac
1688 5632 1927 5701 pecunitc
1948 5639 2002 5685 et

399 5724 599 5780 divitiis
631 5724 727 5780 dea
757 5725 1012 5781 Pecunia.
1046 5724 1101 5780 Si
1150 5724 1296 5780 enim
1350 5723 1404 5777 hi
1453 5723 1653 5795 aliique
1686 5723 1867 5795 plures
1904 5722 2001 5792 dii,

401 5832 537 5888 quos
572 5817 775 5874 Auctor
807 5828 994 5873 noster
1046 5832 1114 5872 ne
1166 5816 1352 5873 lectori
1380 5814 1542 5873 ta‘dio
1585 5826 1747 5885 esset,
1778 5824 2007 5887 praetcr-

2080 3105 2424 3163 couteutione
2456 3096 2728 3155 vindicare
2752 3096 3133 3152 conabuntur?

2155 3188 2311 3263 Quod
2340 3194 2385 3249 si
2427 3192 2548 3260 quis
2575 3190 2774 3245 dixerit
2814 3184 2915 3244 sibi
2967 3184 3141 3242 latere
3169 3200 3237 3240 an
3272 3180 3506 3252 theologi
3530 3177 3673 3235 aliive

2087 3295 2200 3347 suis
2253 3291 2307 3344 in
2335 3287 2486 3343 libris
2515 3285 2731 3357 cOgnita
2763 3291 2818 3339 et
2847 3282 3150 3353 explerala,
3181 3279 3268 3335 vel
3298 3277 3433 3334 falsa
3462 3278 3673 3343 fictaque

2089 3382 2432 3457 proiibidine
2459 3379 2776 3449 scripserint
2808 3372 2976 3447 :quid
3005 3374 3073 3429 ad
3108 3372 3247 3430 nos?
3302 3375 3470 3444 inquit
3517 3368 3675 3423 Arno-

2091 3478 2229 3533 bius.
2253 3475 2465 3533 Sufﬁcit
2494 3473 2582 3527 illa
2612 3470 2816 3531 omnia,
2846 3480 2967 3539 qua:
3003 3467 3073 3523 de
3101 3466 3205 3521 diis
3231 3465 3508 3524 dicuntur,
3538 3457 3673 3512 falsi-

2093 3569 2219 3625 tatis
2247 3567 2519 3624 convinci.
2554 3564 2629 3621 De
2652 3563 2832 3619 medio
2866 3562 3029 3630 igitur
3057 3558 3284 3615 tollendi
3310 3566 3437 3614 sunt
3464 3555 3514 3609 lti
3538 3553 3675 3607 theo-

2091 3664 2357 3733 logorum,
2393 3659 2730 3731 pontiﬁcum,
2782 3656 3118 3724 aliorumque
3159 3661 3373 3707 veteres
3418 3645 3558 3713 libri,
3597 3646 3677 3697 aut

2091 3754 2291 3810 ethnici
2331 3768 2393 3808 ea
2423 3750 2730 3823 patefacere
2760 3749 2915 3803 nobis
2946 3745 3170 3810 debent,
3201 3761 3324 3813 qua:
3350 3757 3475 3798 vera
3506 3739 3555 3793 in
3606 3734 3676 3790 eis

2093 3849 2454 3918 reperiantur.

2164 3944 2233 3998 At
2259 3940 2533 4011 quomodo
2557 3940 2671 3994 veri
2700 3936 2902 4008 aliquid
2939 3935 2990 3993 in
3019 3934 3129 3989 illis
3156 3930 3386 3988 indicari
3413 3933 3603 4000 posset,
3630 3923 3677 3976 iu

2096 4036 2291 4109 quibus
2318 4035 2478 4093 iidem
2512 4034 2586 4090 dii
2616 4032 2844 4089 summis
2889 4027 3238 4085 contumeliis
3272 4027 3468 4096 ubique
3497 4016 3677 4091 passim

2094 4129 2426 4187 afﬁciuntur.
2456 4128 2588 4182 Nam
2624 4125 2693 4181 ibi
2739 4122 3101 4195 prmdicantur
3143 4120 3216 4175 dii
3266 4133 3377 4174 non
3430 4125 3578 4168 secus
3623 4119 3679 4160 ac

2096 4223 2346 4278 homines
2363 4220 2552 4292 geniti,
2575 4215 2866 4273 celebratis
2884 4213 3034 4285 prius
3060 4213 3288 4283 nuptiis,
3315 4218 3406 4264 aut
3430 4201 3678 4261 adulterio

2095 4322 2150 4373 et
2174 4317 2406 4379 incestu,
2438 4312 2595 4368 sicuti
2644 4309 2872 4379 Jupiter,
2907 4319 2963 4363 et
3009 4307 3103 4360 ﬁlii
3135 4306 3280 4375 ejus,
3328 4312 3420 4358 aut
3463 4314 3527 4354 ex
3576 4292 3679 4349 ovis

2095 4408 2245 4465 velut
2285 4406 2477 4462 Castor
2505 4417 2558 4461 et
2583 4402 2796 4467 Pollux,
2830 4408 2925 4455 aut
2970 4413 3037 4454 ex
3082 4396 3260 4468 pelagi
3309 4406 3515 4464 spuma,
3558 4386 3681 4471 sicut

2094 4503 2295 4560 Venus.
2323 4500 2515 4556 Nonne
2551 4512 2683 4568 ergo
2711 4492 2938 4567 publica:
2982 4480 3199 4564 generis
3229 4486 3452 4545 humani
3477 4477 3680 4539 calami-

2096 4604 2237 4651 tates
2263 4592 2451 4649 iisdem
2500 4589 2757 4655 ethnicis,
2789 4587 2905 4643 batc
2933 4584 3366 4657 pertinacissime
3406 4571 3680 4635 asserenti-

2094 4694 2215 4757 bns,
2266 4691 2487 4761 haecque
2546 4689 2824 4743 numinum
2879 4692 3128 4756 portenta
3169 4681 3336 4752 impie
3393 4670 3680 4735 colentibus

2095 4782 2470 4841 adscribendae
2526 4792 2675 4845 sunt,
2732 4793 2841 4834 non
2896 4787 3079 4833 autem
3121 4771 3459 4838 christianis,
3489 4767 3574 4839 qui
3602 4776 3676 4827 ea,

2093 4895 2201 4951 quo
2231 4890 2328 4950 par
2354 4885 2459 4943 est,
2492 4875 2719 4930 horrore
2741 4871 3122 4929 detestantur?
3590 4922 3603 4943 θ

2170 4973 2355 5044 Neque
2377 4981 2556 5027 tamen
2580 4969 2652 5024 ibi
2680 4969 2829 5023 stetit
2877 4968 3065 5022 insana
3094 4963 3382 5036 gentilium
3428 4952 3677 5030 opinatio.

2097 5067 2205 5124 Sed
2234 5067 2349 5121 suis
2379 5064 2552 5120 adhuc
2583 5063 2636 5118 in
2661 5060 2814 5117 libris
2858 5058 3211 5114 venditabant
3229 5056 3518 5112 Saturnum
3547 5048 3680 5101 vinc-

2098 5169 2235 5223 tum,
2261 5156 2448 5212 Jovem
2489 5153 2750 5209 infantem
2771 5168 2803 5208 a
2826 5149 3116 5207 Curetibus
3153 5156 3445 5210 servatum,
3470 5151 3678 5212 regnum

2098 5251 2308 5321 expulsi
2338 5250 2370 5304 a
2400 5263 2460 5304 se
2501 5248 2668 5319 patris
2692 5255 3072 5318 occupantem,
3111 5243 3360 5298 immanis
3390 5234 3679 5308 impruden-

2101 5355 2181 5401 ter
2212 5354 2426 5417 pastum
2470 5340 2742 5397 carnibus.
2775 5339 3069 5396 Vulcanum
3099 5336 3337 5401 fabrum,
3366 5333 3535 5388 altero
3549 5324 3679 5381 clau-

2104 5415 2228 5495 dum
2255 5438 2421 5509 pede;
2461 5434 2837 5505 IEsculapinm
2867 5448 3184 5504 percussum
3219 5430 3461 5491 fulmine,
3494 5415 3679 5490 Apolli-

2106 5547 2228 5587 nem
2267 5530 2416 5585 i‘aisis
2440 5529 2715 5599 responsis
2744 5527 3148 5596 locupletatum,
3191 5522 3335 5577 fures
3378 5511 3677 5573 Mercurium

2106 5637 2157 5681 et
2187 5625 2504 5688 Lavernam,
2541 5622 2720 5677 Musas
2750 5620 3072 5690 Megaclonis
3100 5613 3402 5675 ancillulas,
3436 5608 3678 5663 Venerem

2109 5717 2472 5784 meretricem,
2521 5714 2817 5770 Palladium
2852 5727 2918 5767 ex
2946 5710 3163 5781 Pelopis
3188 5705 3432 5776 reliquiis
3459 5701 3677 5757 factum;

2114 5809 2299 5867 Martis
2321 5810 2577 5881 patriam,
2610 5806 2853 5873 vincula,
2876 5813 2930 5860 et
2954 5800 3076 5859 eum
3100 5800 3311 5858 Venere
3341 5791 3683 5852 adulterium;
