3904 6316
243 301 345 360 381

1510 306 1578 363 IN
1617 307 1996 380 ABNOBIUI‘I,
2039 311 2192 368 CAP.
2234 311 2276 370 ι.

2140 117 2166 140 \

3442 315 3549 372 582

245 419 642 476 mercenariam
668 420 935 491 Herculis,
963 425 1234 495 Apollinis
1261 434 1317 481 et
1343 425 1578 498 Neptuni
1606 429 1842 484 servitu.
1871 432 1923 492 Α
1949 443 2067 486 esse
2095 419 2512 490 arbitrabantur.
2565 434 2745 494 Prima
2777 443 2860 492 est
2902 433 3090 492 Numa
3139 433 3410 505 Pompilii,
3457 434 3551 504 qui

246 524 392 578 tem;
421 515 719 571 Minervam
770 517 823 572 in
854 520 1230 588 conjugalibus
1260 522 1488 577 secretis
1543 523 1845 579 ministrm

243 607 415 673 lucis;
465 607 673 676 Martis,
715 610 964 678 Veneris,
1010 612 1280 682 Plutonis,
1325 615 1554 671 Junonis
1581 617 1842 684 vulnera;

242 700 416 768 Jovis,
442 701 680 769 Saturni,
708 705 947 762 Castoris
979 716 1034 762 et
1060 708 1297 765 Pollucis
1327 711 1676 782 sepulturam,
1715 713 1842 768 hos-

243 810 350 865 que
386 796 612 850 alternis
662 799 904 853 viventes
934 815 997 854 ac
1055 802 1378 868 morientes;
1411 803 1691 858 llercnlem
1723 806 1844 876 igne

241 897 580 955 crematum;
611 887 941 948 effrtcnatam
979 892 1210 964 Neptuni
1231 904 1287 949 et
1307 896 1584 966 lApollinis
1609 898 1660 952 in
1689 898 1844 953 femi-

241 996 342 1037 nas
367 981 440 1037 ab
467 991 689 1038 auctore
715 994 902 1040 nostro
923 989 1238 1042 nominibus
1256 989 1374 1044 suis
1395 991 1692 1060 appellatas
1722 992 1843 1048 libi-

241 1072 462 1143 dinem;
492 1077 668 1132 varias
704 1076 853 1132 Jovis
878 1094 999 1134 eam
1033 1081 1105 1135 ob
1135 1096 1250 1136 rem
1301 1083 1708 1148 conversiones,
1761 1083 1844 1140 fu-

241 1177 454 1223 rentem
487 1168 646 1238 hujus
672 1178 726 1224 et
755 1170 980 1225 aliorum
1004 1171 1228 1228 deorum
1285 1188 1348 1228 ac
1395 1173 1620 1231 deorum
1645 1177 1696 1230 in
1723 1191 1840 1232 ma-

242 1262 426 1317 sculos
454 1264 830 1332 petulantiam.
864 1265 1022 1337 Atqui
1055 1266 1171 1322 hinc
1200 1271 1379 1323 omnia
1409 1279 1502 1325 aut
1529 1269 1659 1326 falsa
1694 1281 1838 1338 sunt,

241 1364 333 1410 aut
356 1371 510 1411 vera.
543 1357 599 1412 Si
631 1359 886 1428 primum,
921 1361 992 1415 dii
1029 1369 1205 1418 tantas
1244 1373 1459 1435 tamque
1501 1366 1842 1436 impudentes

239 1448 541 1505 calumnias
571 1461 748 1507 morte
801 1453 1142 1511 ethnicorum
1172 1459 1413 1512 omnium
1446 1459 1718 1516 vindicare
1743 1462 1841 1517 de-

235 1541 496 1598 buerunt.
534 1543 591 1598 Si
631 1546 947 1609 secundum,
984 1548 1150 1604 iidem
1183 1550 1255 1604 dii
1287 1551 1492 1614 miseri,
1529 1551 1758 1609 infames
1787 1565 1842 1610 et

233 1634 642 1691 Sceleratissimi
667 1637 914 1694 homines
944 1639 1112 1698 fuisse
1138 1641 1549 1700 convincuntur.

307 1726 446 1795 Quid
473 1743 626 1795 vero,
657 1731 800 1800 quod
824 1730 1060 1788 humana
1093 1734 1314 1790 illorum
1363 1746 1554 1792 natura
1587 1737 1843 1794 manifes‘

1949 539 1978 577 a
2008 523 2141 579 Jove
2163 523 2350 588 Elicio.
2385 524 2524 580 dolis
2548 534 2601 584 et
2630 526 2836 586 artibus
2863 526 3116 598 decepto,
3142 526 3418 584 ferebatur
3441 526 3548 582 im-

1950 621 2246 688 petravisse
2269 619 2507 676 fulminis
2521 623 2979 692 procurationem.
3001 621 3077 678 Ex
3098 621 3350 678 omnibus
3370 629 3548 676 autem

1947 709 2109 780 hujus
2161 710 2400 768 historiae
2471 713 2889 770 circumstantiis
2960 714 3305 770 manifestum
3362 720 3551 772 auctor

1947 813 2132 860 noster
2157 805 2410 860 omnibus
2439 805 2566 861 facit
2613 805 2746 860 nihil
2791 821 2952 878 posse
2977 806 3106 877 ﬁngi
3134 821 3165 862 ιι
3194 806 3441 872 veritate,
3492 812 3574 874 et-

1945 897 2224 952 divinitnte
2253 899 2423 970 magis
2447 899 2704 957 alienum.

2016 1009 2262 1064 Secunda
2314 1009 2560 1066 Acdestls
2611 1019 2666 1065 et
2717 1009 2908 1082 Atydis
2956 995 3184 1066 historia
3234 1018 3338 1074 est,
3387 1023 3547 1080 quam

1946 1115 2106 1156 nemo
2149 1104 2322 1158 neScit
2350 1103 2675 1172 ttlrpissmiis
2719 1103 2889 1169 lovis,
2935 1102 3116 1157 Matris
3146 1102 3328 1166 deum,
3360 1100 3546 1166 Name,

1945 1203 1998 1248 et
2024 1193 2104 1248 la”:
2125 1194 2364 1265 ﬂagitiis,
2394 1197 2750 1265 ignominiosa
2776 1196 2963 1268 Atydis
2991 1197 3344 1260 eastratione,
3379 1194 3550 1248 illius-

1944 1301 2048 1355 que
2064 1296 2119 1340 et
2139 1283 2217 1339 .lm
2246 1297 2439 1351 morte,
2481 1287 2709 1357 aliisque
2741 1287 2816 1343 illi
2845 1286 3134 1356 adjunctis,
3183 1287 3347 1342 fuisse
3376 1285 3547 1340 famo-

1944 1377 2231 1433 sissimum.
2303 1379 2503 1434 Contra
2561 1379 2710 1435 illam
2784 1379 2945 1449 igitur
3014 1378 3287 1434 Arnobius
3356 1377 3546 1432 eodem

1944 1485 2058 1540 proi
2075 1487 2166 1525 sus
2186 1470 2346 1526 modo
2367 1485 2430 1526 ac
2452 1485 2638 1527 contra
2663 1472 2797 1526 alias
2819 1480 3244 1542 argumentatur,
3282 1469 3549 1541 planeque

1943 1564 2180 1620 ostendit
2204 1579 2323 1619 eam
2350 1564 2418 1619 ab
2449 1563 2683 1620 ethnicis
2706 1580 2812 1619 non
2844 1579 3004 1634 posse
3034 1563 3284 1618 falsitatis
3305 1563 3545 1632 coargui.

1943 1657 2027 1711 Ab
2053 1655 2442 1726 antiquissimis
2470 1659 2735 1730 siquidem
2766 1659 2979 1712 illorum
3026 1656 3384 1727 scriptoribus
3437 1668 3547 1710 tra-

1943 1749 2052 1804 dita
2104 1752 2294 1816 fuerat,
2325 1761 2379 1807 et
2421 1752 2489 1807 ab
2515 1766 2696 1806 annuo
2742 1751 2975 1808 ethnicis
3002 1751 3186 1807 Matris
3213 1751 3375 1806 deum
3405 1749 3547 1805 festo

234 1822 451 1877 tissime
475 1822 863 1893 comprobatur
915 1840 1022 1880 non
1081 1827 1258 1883 solum
1313 1828 1626 1896 Euhemeri,
1675 1829 1837 1888 Nica-

1947 1844 2175 1897 inaximn
2200 1853 2320 1898 cunt
2355 1860 2548 1916 pompa
2574 1855 2625 1900 et
2656 1846 2997 1900 solemnitate
3021 1843 3287 1900 celebrari
3316 1859 3550 1899 consue—

231 1930 404 1986 goraa,
431 1914 675 1982 Leontis,
700 1916 994 1985 Theodori,
1026 1919 1307 1991 ilipponis,
1331 1931 1385 1978 et
1409 1921 1656 1992 Diagorae
1683 1924 1841 1978 testi-

230 2011 445 2078 monio,
480 2026 670 2066 verum
721 2013 886 2067 etiam
919 2013 1082 2068 rebus
1133 2029 1164 2068 n
1210 2015 1342 2070 Jove
1375 2018 1562 2086 gestis,
1588 2016 1843 2073 Minervas

227 2105 530 2175 Dianaeque
555 2105 735 2172 bellis,
759 2105 1016 2161 affectate
1059 2123 1090 2162 ι
1133 2108 1329 2164 Libero
1353 2109 1622 2177 ilndorum
1650 2126 1837 2181 regno,

227 2210 399 2269 atque
426 2201 656 2256 aliorum
681 2203 1015 2269 cunditione,
1038 2211 1227 2276 opera,
1243 2215 1452 2276 quaestu
1474 2215 1528 2261 et
1553 2207 1839 2278 conjugiis.

229 2295 343 2351 Sed
363 2294 607 2350 declarat
639 2295 912 2351 Arnobius
941 2313 999 2352 se
1021 2298 1256 2368 id,quod
1279 2298 1436 2354 facile
1453 2308 1586 2363 erat,
1614 2300 1839 2356 demon-

227 2387 518 2442 strandum
545 2402 654 2443 non
680 2390 1006 2460 suscepisse,
1032 2390 1129 2444 sed
1163 2391 1297 2447 deos
1344 2403 1373 2447 a
1411 2393 1626 2450 nemine
1651 2402 1842 2449 contu—

228 2479 524 2535 meliosius
547 2495 706 2552 quam
736 2481 804 2536 ab
830 2482 1059 2538 ethnicis
1084 2486 1293 2540 vexari.
1564 2471 1569 2476 ’

307 2571 462 2639 Quod
519 2573 734 2642 quidem
791 2574 880 2628 ille
925 2573 1302 2632 demonstrare
1339 2577 1535 2649 pergit,
1588 2590 1698 2632 tum
1745 2593 1837 2634 so-

227 2663 510 2719 lemnibus
529 2664 849 2735 statutisque
871 2665 926 2720 in
955 2668 1270 2722 earumdem
1298 2669 1523 2724 deorum
1551 2671 1839 2738 honorem,

226 2771 360 2824 quae
389 2755 608 2826 quidem
638 2767 918 2826 poetarum
950 2771 1256 2815 commenta
1288 2760 1394 2815 diei
1428 2778 1535 2816 non
1565 2773 1836 2832 poterant,

223 2850 437 2915 sacris,
486 2852 776 2921 mysteriis,
829 2853 1190 2917 caeremoniis,
1222 2863 1278 2908 et
1321 2853 1483 2919 ludis,
1529 2865 1641 2909 tum
1673 2856 1836 2910 etiam

225 2959 300 2999 ex
329 2943 443 3011 jam
473 2944 762 2998 recensitis
791 2943 1006 3002 illorum
1033 2943 1268 3016 ﬂagitiis.
1297 2945 1620 3012 sceleribus,
1647 2948 1836 3004 vulne-

222 3036 386 3091 ribus
427 3044 484 3091 et
527 3035 706 3092 bellis.
753 3036 833 3090 Eo
871 3038 1071 3108 quippe
1121 3038 1292 3109 major
1336 3049 1453 3093 erat
1499 3040 1837 3097 ethnicorum

225 3129 514 3198 iniquitas,
556 3129 700 3199 quod
741 3145 950 3184 summa
999 3129 1176 3200 legum
1221 3132 1510 3186 severitate
1561 3135 1614 3188 in
1647 3134 1839 3193 famosi
1866 3115 1910 3177 (ἶ

223 3221 468 3290 alicujus
495 3220 647 3286 dicti,
691 3222 969 3287 carminis,
1019 3231 1072 3276 et
1117 3223 1281 3277 libelli
1312 3233 1560 3280 auctores
1589 3227 1841 3299 animad-

224 3321 537 3376 verterent,
581 3313 979 3382 patientissime
1009 3325 1139 3368 vero
1168 3314 1373 3370 ferrent
1419 3325 1561 3372 tanta
1612 3318 1839 3375 deorum

222 3404 533 3474 opprobria
555 3414 609 3458 et
625 3404 894 3459 dedecora
912 3406 1074 3460 scribi
1101 3415 1158 3460 et
1188 3406 1487 3473 tlecantari,
1511 3425 1682 3481 eaque
1705 3416 1842 3468 scri-

222 3498 449 3560 bentes,
496 3505 661 3566 atque
705 3499 870 3551 etiam
919 3496 1214 3553 histriones
1242 3507 1297 3554 et
1338 3501 1534 3557 mimus
1564 3505 1753 3560 eadem
1787 3508 1837 3562 in

221 3587 465 3644 theatris
491 3588 831 3660 publicisque
858 3591 1182 3660 spectaculis
1207 3604 1686 3664 repraesentantes,
1722 3615 1837 3653 ma-

219 3683 378 3736 xima
407 3681 704 3736 audiebant
746 3697 868 3737 cum
921 3685 1220 3754 voluptate,
1255 3696 1308 3742 ct
1349 3687 1472 3744 illos
1503 3690 1750 3747 laudibus
1774 3707 1839 3750 ac

219 3775 478 3845 praemiis
502 3774 1014 3831 remunerabantur.

301 3865 440 3934 Quis
466 3881 596 3936 ergo
622 3851 904 3922 dubitandi
934 3868 1086 3923 loctts
1113 3882 1419 3941 supererat,
1451 3875 1579 3944 quin
1603 3891 1666 3932 cx
1693 3884 1838 3934 tanta

217 3961 462 4016 deorum
493 3960 765 4025 irrisione,
800 3971 1056 4032 tantoque
1087 3963 1320 4018 ludibrio
1347 3976 1480 4021 orta:
1512 3966 1710 4023 fuerint
1736 3985 1838 4040 pn-

219 4055 390 4109 blica:
429 4053 807 4124 calamitates?
833 4054 1024 4110 Nullus
1065 4057 1244 4127 itaque
1269 4073 1419 4114 sana:
1449 4063 1648 4118 mentis
1675 4062 1839 4120 homo

219 4162 472 4217 unquam
498 4147 714 4217 negabit
733 4146 818 4202 illa
842 4149 1126 4218 gentilium
1153 4153 1354 4222 scripta
1385 4155 1561 4224 potius
1585 4157 1839 4215 debuisse

220 4240 492 4303 cremari,
533 4255 697 4309 quam
724 4239 1144 4298 christiauorum
1174 4243 1364 4310 libros,
1417 4255 1580 4318 atque
1623 4250 1836 4308 illorum

219 4335 444 4389 theatra
473 4334 674 4402 potius,
728 4351 888 4404 quam
933 4335 1122 4412 horum
1168 4342 1542 4398 conventicula
1569 4344 1749 4400 dirui?
1779 4347 1835 4403 ln

219 4428 655 4484 christianorum
708 4429 974 4502 siquidem
1002 4433 1394 4490 conventiculis
1436 4451 1501 4492 ac
1544 4440 1836 4510 synaxihus

1946 1947 2116 1990 verat.
2143 1935 2299 1992 Nulla
2327 1947 2506 1992 autem
2539 1945 2702 1993 tantae
2733 1936 3089 1992 solemnitatis
3115 1951 3275 1992 causa
3305 1951 3425 1990 esse
3454 1952 3550 2005 po-

1946 2030 2067 2095 tuit,
2103 2030 2204 2085 nisi
2235 2030 2358 2098 quia
2385 2044 2446 2083 ea
2474 2031 2655 2084 omnia
2686 2031 2862 2100 reipsa
2893 2031 3029 2084 facta
3059 2028 3228 2084 fuisse
3251 2027 3547 2099 opinaban-

1947 2130 2050 2176 tur.
2083 2121 2142 2178 Si
2169 2136 2288 2192 quae
2319 2136 2452 2177 vero
2476 2121 2578 2178 alia
2609 2122 2749 2178 illius
2775 2122 3002 2177 obscura
3032 2121 3194 2177 fuerit
3237 2121 3396 2188 ratio,
3427 2135 3545 2175 eam

1946 2225 2116 2283 certe,
2161 2214 2594 2287 quandoquidem
2625 2215 2678 2270 in
2711 2216 2850 2270 festo
2890 2214 2987 2270 illo
3019 2212 3378 2286 turpitudines
3427 2229 3544 2269 ma-

1945 2309 2105 2364 xima:
2130 2309 2450 2380 agebantur,
2477 2309 2920 2368 obscenissimam
2945 2324 3010 2363 ac
3033 2307 3400 2380 turpissimam
3425 2320 3546 2363 esse

1943 2410 2183 2474 oportet.

2017 2495 2204 2554 Plures
2233 2495 2368 2550 alias
2400 2495 2485 2552 his
2531 2495 2736 2551 similes
2766 2495 3059 2561 Arnobius,
3093 2493 3425 2550 exsecranda
3455 2507 3547 2548 ea-

1942 2606 2061 2644 rum
2108 2589 2349 2644 fmditatc
2392 2589 2704 2654 deterritus,
2735 2603 2794 2643 se
2836 2588 3254 2659 praetermittere
3280 2586 3542 2642 declarat.

1947 2680 2134 2736 Paucis
2166 2692 2344 2744 tamen
2375 2681 2688 2752 perstrinxit
2713 2679 2969 2746 Faunum,
2999 2681 3115 2736 sive
3142 2680 3344 2736 Bonam
3385 2678 3543 2733 deam

1940 2774 2104 2845 virgis
2128 2789 2345 2842 Caesam,
2392 2786 2599 2844 turpem
2629 2775 2798 2830 Servii
2833 2784 3027 2839 ortum,
3061 2790 3124 2830 ac
3157 2774 3452 2830 fmdissima
3487 2782 3545 2830 et

1943 2869 2195 2936 nefanda,
2223 2885 2344 2939 qua:
2376 2870 2427 2923 in
2457 2868 2824 2940 Omophagiis,
2854 2867 3274 2941 Corybantibus,
3304 2865 3544 2922 Baccha-

1943 2962 2173 3028 nalibus,
2205 2961 2452 3034 Phrygiis
2496 2962 2664 3018 sacris
2708 2977 2774 3016 ac
2809 2962 3081 3033 mysteriis
3130 2961 3242 3016 fieri
3274 2960 3540 3016 Solebant.

1944 3055 2147 3110 Horum
2178 3064 2354 3109 autem
2404 3053 2690 3110 occasione
2720 3053 2851 3108 scite
2881 3055 3133 3109 observat
3161 3061 3238 3107 tot
3288 3061 3543 3122 tantaque

1946 3147 2094 3202 Jovis
2125 3147 2330 3201 narrari
2356 3147 2639 3212 adulteria,
2673 3147 2883 3218 aliaque
2914 3145 3152 3216 ﬂagitia;
3208 3152 3260 3198 ut
3294 3162 3398 3198 non
3439 3143 3542 3198 alia

1946 3254 2106 3295 causa
2133 3237 2376 3294 videatur
2406 3249 2585 3307 natus,
2629 3240 2729 3293 nisi
2759 3249 2816 3292 ut
2843 3239 2894 3293 in
2928 3255 3049 3293 eum
3083 3239 3259 3292 omnis
3288 3235 3538 3302 infamia',

1945 3348 2007 3386 ac
2034 3331 2318 3401 cujuslibet
2346 3329 2622 3387 fmdissimi
2653 3332 2907 3386 facinoris
2928 3341 3086 3402 atque
3113 3329 3354 3396 sceleris,
3379 3327 3544 3385 eollu-

1945 3428 2059 3482 vies
2087 3423 2445 3482 derivaretur.
2481 3425 2617 3483 Tum
2645 3421 2842 3481 deinde
2870 3423 2973 3480 alia
3002 3424 3344 3496 prosequitur
3363 3439 3538 3490 sacra,

1945 3517 2194 3575 videlicet
2214 3519 2664 3590 Thesui0phoria,
2698 3519 2993 3586 Eleusinia,
3038 3528 3199 3588 atque
3227 3515 3538 3583 Alimuntia,

1945 3612 1996 3666 in
2025 3611 2220 3681 quibus
2251 3628 2356 3666 non
2385 3612 2586 3679 minor,
2613 3626 2773 3684 quam
2804 3611 2855 3666 in
2882 3611 3004 3665 aliis
3033 3607 3248 3665 lascivia
3273 3625 3337 3663 ac
3385 3619 3542 3678 petu-

1945 3704 2130 3759 lantia.
2181 3704 2371 3760 Postea
2399 3720 2525 3759 vero
2552 3717 2711 3774 quam
2743 3719 2804 3758 ea
2848 3703 2901 3757 in
2947 3697 3118 3758 oculis
3145 3710 3544 3772 conspectuque

1944 3797 2182 3853 omnium
2230 3799 2496 3869 exposuit,
2545 3797 2610 3851 ab
2641 3793 2871 3852 ethnicis
2920 3796 3153 3866 postulat
3184 3805 3360 3848 utrum
3390 3793 3538 3848 chri-

1944 3890 2102 3946 stiani
2136 3887 2201 3944 ad
2229 3889 2344 3945 b:cc
2369 3905 2519 3943 sacra
2551 3887 2755 3954 agenda
2785 3887 2932 3942 omni
2961 3886 3347 3957 suppliciorum
3377 3887 3539 3940 etiam

1943 3982 2337 4037 dirissimorum
2359 3997 2559 4052 genere
2583 3982 2700 4052 cogi
2731 3979 2985 4044 debeant,
3016 3995 3079 4035 2c
3118 3990 3298 4034 utrum
3327 3967 3544 4049 ipsimet

1943 4076 2142 4132 ethnici
2163 4073 2288 4140 diis,
2316 4089 2541 4146 quorum
2583 4075 2788 4130 scelera
2815 4083 2870 4130 et
2891 4073 3090 4146 ﬂagitia
3123 4075 3173 4128 in
3201 4072 3392 4128 iisdem
3420 4087 3540 4145 my-

1941 4167 2119 4224 steriis
2149 4168 2608 4232 memorabantur,
2638 4167 2846 4221 similes
2889 4181 2952 4222 se
2997 4180 3140 4231 esse,
3176 4165 3260 4220 vel
3297 4179 3391 4220 eos
3419 4164 3542 4220 filiis

1941 4264 2056 4320 suis
2085 4272 2174 4318 aut
2204 4262 2521 4334 conjugiims
2571 4271 2875 4332 proponere
2901 4261 2954 4314 in
2986 4259 3288 4331 exemplum
3341 4257 3542 4313 velint?

1940 4356 2129 4410 Mirum
2159 4357 2340 4425 itaque
2371 4354 2472 4409 sibi
2499 4354 2664 4409 videri
2697 4354 2787 4408 ille
2833 4353 2907 4408 alt
2933 4363 3092 4417 eum;
3144 4351 3234 4421 qui
3277 4350 3378 4406 hos
3407 4350 3541 4406 deos

1941 4463 2063 4504 esse
2087 4459 2246 4519 neget
2270 4447 2354 4503 vel
2387 4447 2620 4508 dubitet.
2654 4446 2873 4501 atheuiu
2903 4453 2957 4500 ct
2985 4445 3308 4515 sacrilegum
3339 4445 3406 4498 ab
3434 4445 3540 4500 illis

223 4524 379 4579 Deus
408 4535 573 4576 ""13
599 4532 878 4589 θιοΐδιιινν
911 4538 1016 4592 ΡΜ
1041 4534 1099 4579 οι
1126 4528 1278 4580 Venia
1302 4543 1401 4598 Pro
1421 4531 1692 4598 omnibus,
1721 4535 1835 4591 sive
1859 4519 1912 4578 Ῑ)
1940 4542 2228 4614 appellari.
2256 4541 2502 4611 Denique
2529 4555 2595 4596 ex
2623 4540 2708 4596 his
2732 4540 2987 4596 omnibus
3011 4539 3103 4594 ille
3123 4538 3404 4595 concludit
3431 4539 3535 4593 hu~

219 4618 387 4683 vivis,
422 4618 540 4673 sive
568 4617 798 4672 mortuis
837 4617 1160 4687 postulatur,
1191 4620 1431 4692 nihilque
1458 4623 1695 4692 auditur,
1729 4627 1832 4682 nisi

221 4712 377 4785 quod
407 4713 697 4776 humanos,
727 4712 909 4780 mites,
937 4711 1294 4780 verecundos,
1331 4715 1552 4784 pudicos
1579 4725 1633 4773 et
1657 4728 1834 4774 castos

222 4811 416 4867 faciat.
444 4807 522 4861 Dii
546 4821 676 4874 ergo
702 4805 747 4860 si
769 4807 870 4872 ira,
900 4807 975 4861 uti
1000 4805 1361 4874 epinabantnr
1389 4808 1612 4876 ethnici,
1641 4826 1834 4866 accen-

223 4905 450 4964 dantur,
486 4915 594 4955 non
623 4899 958 4966 christianis,
992 4899 1086 4954 sed
1117 4901 1362 4970 ipsismet
1410 4903 1661 4972 ethnicis,
1711 4921 1831 4961 om-

223 5000 384 5054 nium
435 5005 562 5050 ante
593 4994 780 5049 oculos
822 4994 1058 5050 dedecus
1099 5004 1154 5051 et
1193 4996 1580 5066 turpitudinem
1618 4999 1830 5054 illorum

224 5088 617 5152 statuentihus,
651 5087 808 5140 irasci
851 5086 1140 5143 debebant.
1191 5088 1249 5144 Si
1297 5105 1427 5146 vero
1463 5092 1558 5147 ira}
1583 5102 1833 5164 expertes

225 5183 362 5249 sint,
397 5177 709 5234 christianis
736 5175 936 5234 l‘ruSIra
967 5180 1088 5234 irati
1133 5178 1401 5236 dicuntur.

843 5311 1134 5371 auricows
1169 5331 1220 5367 v.

769 5445 990 5511 Analysis
1012 5447 1125 5499 libri
1145 5449 1323 5513 quinti.

309 5571 386 5628 Ad
417 5573 562 5629 aliud
603 5583 788 5629 contra
818 5575 1096 5645 gentilium
1125 5575 1257 5631 deos
1284 5585 1658 5647 argumentum
1689 5578 1833 5634 venit

227 5663 529 5732 ArnObins,
555 5667 791 5737 illudque
812 5668 944 5736 petit
969 5679 1031 5722 ex
1054 5668 1318 5733 historiis,
1339 5683 1471 5738 quas
1488 5683 1606 5724 cum
1631 5669 1832 5725 etlmici

227 5774 338 5811 usu
367 5758 683 5824 quotidiano
705 5759 1021 5826 retinerent,
1053 5759 1204 5816 festis
1249 5760 1589 5816 celebrarent
1615 5761 1830 5828 annuis,

233 5852 555 5908 simulacris
585 5861 1058 5923 reprzcsentarent,
1108 5869 1199 5911 eas
1244 5855 1486 5926 profecto
1523 5856 1836 5913 verissimae

1932 4636 2171 4707 jusmodi
2205 4635 2361 4702 deos,
2389 4651 2494 4689 non
2519 4633 2852 4698 christianis,
2878 4647 2971 4687 eos
3003 4631 3410 4702 respuentibus,
3441 4631 3538 4686 sed

1938 4729 2173 4784 etlmicis
2199 4738 2344 4784 tanta
2377 4728 2592 4783 illorum
2619 4726 2846 4783 crimina
2880 4724 3325 4797 praedicantibus,
3359 4724 3537 4781 infen-

1936 4839 2028 4880 sos
2058 4839 2180 4880 esse
2203 4823 2478 4880 debuisse.

2009 4918 2240 4974 Futilem
2271 4909 2466 4971 deinde
2494 4930 2802 4986 vanamque
2846 4913 3119 4970 Arnobius
3151 4914 3390 4971 ostendit
3416 4930 3539 4971 esse

1937 5012 2218 5086 gentilium
2253 5011 2690 5082 responsionem,
2740 5011 2828 5080 qui
2861 5025 3050 5064 omnes
3079 5010 3242 5066 hasce
3281 5008 3539 5065 historias

1937 5108 2228 5179 allegorice
2252 5113 2460 5160 tantum
2489 5120 2652 5161 sensu
2693 5104 3072 5176 intelligendas
3094 5119 3216 5160 esse
3240 5105 3540 5160 contende-

1938 5205 2089 5259 bant.
2115 5201 2194 5255 Ad
2218 5215 2310 5254 eas
2328 5199 2594 5270 siquidem
2619 5199 2987 5269 explodendas
3011 5199 3171 5270 plane
3193 5199 3394 5255 sufficit
3418 5201 3540 5256 illas

1939 5311 2046 5350 non
2103 5307 2262 5364 posse
2316 5291 2549 5346 naturali
2603 5307 2767 5347 sensu
2809 5292 2926 5347 sine
2976 5292 3258 5362 impietate
3315 5293 3534 5361 exponi.

1941 5386 2148 5445 Deinde
2191 5401 2324 5442 vero
2364 5402 2462 5442 cur
2487 5401 2517 5441 a
2547 5385 2905 5457 scriptoribus
2955 5394 3064 5440 tam
3116 5385 3260 5441 serio
3303 5385 3538 5456 posteris

1939 5481 2153 5539 traditzc
2179 5489 2327 5548 sunt,
2361 5491 2419 5536 ut
2465 5493 2564 5536 suo
2592 5479 2826 5535 naturali
2859 5494 3020 5535 sensu
3052 5494 3160 5533 non
3191 5479 3536 5548 explicaren-

1940 5579 2064 5633 tur?
2093 5575 2360 5648 Nnmquid
2393 5575 2445 5630 hi
2480 5576 2774 5646 scriptores
2824 5589 2916 5630 eas
2957 5572 3187 5645 mystico
3216 5573 3538 5643 allegorico-

1938 5685 2044 5740 que
2091 5669 2376 5724 dumtaxat
2419 5683 2580 5721 sensu
2631 5663 2975 5736 accipiendas
3017 5663 3212 5719 alicubi
3265 5667 3536 5723 testificati

1939 5762 2099 5818 sunt?
2115 5761 2170 5817 Si
2187 5778 2265 5816 νει
2282 5775 2314 5815 ο
2329 5761 2508 5831 plures
2524 5760 2731 5830 possint
2745 5772 2862 5813 esse
2886 5755 3127 5827 ejusdem
3155 5757 3392 5814 historiae
3411 5775 3538 5830 par-

1946 5864 2028 5911 tes
2051 5853 2323 5926 allegerici
2354 5852 2549 5910 occulti
2582 5865 2795 5924 sensus,
2826 5850 3045 5907 ubinam
3078 5851 3152 5907 illi
3183 5869 3290 5924 quo
3315 5855 3550 5926 praycisc
