3904 6316
462 280 567 350 385

1691 278 2146 338 DISSERTATIO
2180 275 2461 334 PREVIA
3167 256 3177 262 ’
3619 264 3720 323 ast:

465 410 688 484 intelligi
735 407 1041 472 debebant,
1104 404 1263 461 alicui
1311 400 1738 475 ‘patefecerunt?
1786 397 2054 469 Numquid
2086 398 2133 458 Λ
2162 394 2450 454 habebant.
2484 388 2812 484 turpissimis
2858 395 2917 443 et
2962 385 3142 442 divina
3170 383 3445 454 majestate
3465 383 3710 454 plauein-

463 506 627 562 etiam
649 517 864 569 omnes,
886 501 973 557 vel
994 499 1190 571 aliqua:
1214 506 1417 552 tantum
1438 496 1597 552 unius
1620 493 1861 577 historiae
1882 500 2062 563 partes

462 597 754 669 allegorice
783 595 1087 666 signiﬁcatu
1118 590 1455 664 exponeudm
1499 589 1665 644 sunt?
1706 585 1827 642 Non
1872 601 2061 641 omnes

462 689 703 761 quidem.
733 686 969 743 Necesse
998 686 1139 741 enim
1171 693 1340 748 esset,
1377 691 1433 736 ιιι
1458 680 1659 736 ethnici
1690 679 1897 750 singula
1923 693 2064 749 qure-

461 796 567 852 qtte
600 780 757 843 facta,
802 780 974 845 locos,
1005 777 1275 849 regiones,
1307 776 1517 837 domos,
1551 773 1821 836 nationes,
1851 771 2062 843 aliaque

460 872 544 928 his
574 872 816 927 historiis
845 868 1258 937 comprehensa,
1290 866 1582 937 allegorico
1603 879 1763 920 sensu
1792 865 2059 931 interpre-

458 975 739 1030 tarentur,
791 979 892 1020 nec
948 962 1057 1017 alio
1107 960 1332 1031 intelligi
1392 974 1551 1030 posse
1599 959 2056 1016 demonstrarent.

459 1060 640 1117 Gratis
669 1058 830 1113 etiam
860 1058 1129 1128 ﬁngerent
1177 1055 1385 1123 aliquas
1423 1054 1582 1108 unius
1615 1052 1859 1107 historia:
1884 1060 2061 1122 partes

458 1152 557 1207 illo
585 1152 901 1223 allegorice,
932 1150 1064 1205 alias
1091 1148 1320 1204 naturali
1346 1163 1508 1203 sensu
1535 1146 1901 1216 accipiendas.
1928 1147 2061 1212 Quae

458 1245 659 1302 etenim
689 1259 812 1315 pars
829 1244 1030 1313 potius,
1053 1258 1210 1314 quam
1238 1242 1341 1297 alia
1369 1241 1421 1296 in
1449 1240 1734 1296 Summani
1763 1251 1817 1295 et
1841 1241 2062 1296 Proscr-

458 1337 621 1409 pinaa,
668 1337 754 1392 vel
804 1336 953 1391 Jovis
977 1343 1032 1390 et
1058 1335 1277 1391 Cereris
1316 1333 1542 1388 historia
1570 1331 1831 1404 assignari
1858 1342 2056 1402 potest,

456 1449 577 1503 quae
620 1432 913 1503 allegorica
943 1440 1035 1485 aut
1062 1429 1293 1485 naturali
1320 1444 1483 1484 sensu
1514 1427 1773 1499 explicari
1824 1426 2059 1482 debeat?

456 1527 588 1596 Qua:
614 1527 756 1581 ratio
774 1525 927 1582 reddi
957 1525 1177 1595 poterit,
1199 1539 1296 1580 cur
1321 1525 1375 1577 in
1397 1521 1720 1592 quibusdam
1748 1520 1863 1576 sive
1886 1518 2057 1583 Jovis,

457 1618 577 1673 sive
628 1617 907 1673 Summani
967 1615 1209 1670 historia:
1264 1614 1509 1686 partibus
1566 1610 1960 1683 explanandis,
2027 1626 2057 1665 a

454 1711 690 1767 naturali
712 1710 777 1766 ad
803 1710 1155 1782 allegoricum
1182 1724 1402 1764 sensum
1430 1722 1659 1764 necesse
1680 1708 1751 1762 sit
1774 1706 2056 1762 transitum

454 1800 611 1859 ﬁeri?
824 1789 829 1794 ’

526 1915 719 1971 Omnia
748 1916 931 1986 igitur,
959 1931 1079 1987 quae
1106 1931 1211 1971 una
1237 1916 1537 1988 eademque
1557 1916 1779 1972 historia
1807 1930 2054 1986 compre-

457 2009 792 2079 henduntur,
828 2025 937 2066 uno
963 2012 1264 2080 eodemque
1294 2027 1456 2067 sensu
1482 2011 1603 2065 sive
1649 2010 1902 2074 naturali,
1936 2012 2053 2065 sive

451 2105 748 2176 allegOrico
767 2104 964 2161 debent
993 2104 1242 2176 intelligi.
1265 2105 1426 2176 Atqui
1452 2104 1553 2160 hoc
1584 2105 1827 2160 secundo
1853 2106 2052 2175 allego-

449 2197 568 2252 rico
619 2196 922 2268 signiﬁcatu
975 2206 1168 2252 cuncta
1200 2199 1253 2251 in
1286 2213 1391 2251 una
1441 2198 1743 2269 eademque
1802 2197 2049 2265 historia,

448 2288 905 2361 quemadmodum
938 2289 989 2344 in
1018 2288 1235 2358 Trojani
1269 2288 1394 2343 belli
1422 2289 1506 2344 vel
1535 2289 1832 2345 Cannensis
1862 2304 2052 2360 pugna:

448 2370 783 2447 narratione,
820 2399 927 2437 non
969 2392 1195 2452 possunt
1221 2381 1500 2452 explicari.
1535 2383 1609 2439 De
1640 2383 1743 2437 diis
1768 2383 2052 2440 enimvero

447 2490 569 2547 quae
597 2476 815 2547 scriptis
843 2477 1157 2547 consignata
1189 2476 1440 2547 legimus,
1487 2493 1551 2533 ea
1599 2476 1723 2533 inde
1756 2478 2051 2549 probantur

447 2569 624 2637 reipsa
654 2583 718 2625 ac
744 2584 873 2625 vere
903 2569 1041 2624 facta
1072 2583 1215 2634 esse,
1245 2570 1371 2640 quia
1402 2568 1471 2624 de
1500 2570 1606 2625 illis
1632 2569 1763 2626 festa
1787 2572 2048 2627 solemnia

445 2672 591 2717 stato
620 2672 865 2732 tempore
886 2661 1321 2718 celebrabantur.
1354 2661 1555 2717 Horum
1587 2662 1853 2733 siquidem
1884 2662 2051 2719 festo-

444 2775 567 2817 rum
609 2768 865 2814 constans
903 2766 959 2814 et
998 2767 1144 2813 certa
1176 2757 1408 2812 debebat
1436 2772 1560 2813 esse
1589 2758 1764 2830 origo,
1825 2774 1925 2814 nec
1956 2758 2046 2813 illa

444 2854 563 2909 sine
591 2853 770 2925 aliqua
798 2853 1009 2908 ratione
1039 2852 1282 2909 instituta
1313 2853 1552 2909 fuerunt.

520 2972 626 3028 Fac
654 2981 856 3035 tamen,
897 2972 940 3026 si
970 2971 1123 3037 velis,
1177 2971 1230 3025 in
1262 2970 1499 3027 historitc
1530 2971 1817 3041 cujuslibet
1847 2970 2046 3027 descri-

444 3065 631 3135 ptione
656 3063 798 3119 aliud
823 3064 1068 3126 omnino,
1100 3078 1265 3134 quam
1290 3062 1454 3117 verba
1484 3072 1701 3129 sonant,
1726 3062 2042 3133 signiﬁcari.

443 3155 560 3213 Non
593 3156 772 3210 minus
797 3165 948 3211 certe
974 3154 1107 3210 illud
1137 3154 1202 3209 ad
1234 3155 1460 3210 deorum
1510 3154 1745 3210 dedecus
1771 3164 1823 3209 et
1856 3165 2046 3211 contu—

444 3249 660 3305 meliam
716 3247 1057 3303 redundabit.
1108 3246 1239 3315 Quze
1269 3247 1472 3303 etenim
1520 3248 1694 3314 maior
1719 3247 1820 3303 diis
1848 3247 2041 3318 injuria

443 3343 565 3400 ﬁeri
592 3351 792 3414 potest,
822 3357 982 3414 quam
1010 3341 1161 3397 Jovis
1186 3358 1249 3396 ac
1277 3340 1514 3405 Cereris,
1545 3340 1690 3395 verbi
1723 3340 1918 3411 gratia,
1950 3357 2042 3396 ne-

441 3438 578 3493 fario
602 3437 890 3492 concubitu
920 3446 1118 3491 terram
1144 3435 1318 3490 imbre
1335 3434 1689 3491 madefactam
1712 3434 2043 3506 signiﬁcari?

443 3528 633 3584 Nonne
663 3528 834 3583 multo
855 3528 1022 3583 satius
1042 3536 1160 3583 erat
1186 3526 1457 3581 hominem
1484 3541 1607 3581 esse
1630 3535 1861 3601 mutum,
1880 3541 2039 3596 quam

440 3635 531 3678 res
560 3620 814 3676 honestas
842 3632 900 3678 et
930 3621 1202 3677 naturales
1235 3618 1560 3691 turpissimis
1589 3601 1815 3673 deorum
1860 3620 2042 3690 appel-

443 3716 557 3770 lare
585 3714 916 3770 sceleribus?
942 3714 1036 3769 Dic
1057 3723 1261 3780 autem,
1289 3728 1498 3781 (1011380,
1525 3710 1651 3780 quid
1675 3712 1890 3765 vetabat
1911 3727 2044 3779 «tuo-

440 3807 618 3863 minus
642 3823 981 3878 unaquteque
1018 3824 1107 3863 res
1132 3806 1397 3862 naturalis
1423 3806 1640 3877 proprio
1665 3822 1763 3861 suo
1792 3806 2038 3873 nomine,

441 3916 549 3957 non
577 3900 803 3956 deorum
833 3901 1015 3972 aliquo
1037 3901 1263 3958 crimine
1282 3900 1719 3971 signiﬁcaretur?

511 4020 694 4092 Neque
724 4035 885 4090 porro
909 4018 1200 4075 dicendum
1227 4018 1360 4074 deos
1387 4018 1623 4073 noluisse
1650 4031 1748 4073 sua
1780 4016 2040 4086 publicari

437 4113 715 4185 mysteria,
758 4122 921 4184 atque
950 4112 1152 4168 idcirco
1196 4126 1383 4167 eorum
1433 4111 1690 4165 historias
1734 4110 2042 4182 allegoricis

436 4208 667 4278 scriptas
693 4222 813 4262 esse
827 4206 1163 4277 ambagibus.
1195 4205 1330 4261 Nam
1360 4206 1443 4261 hae
1467 4206 1778 4276 allegoricis
1800 4207 2041 4262 tenebris

439 4299 695 4354 involuta:
725 4299 912 4370 paucis
941 4300 1162 4370 quidem
1192 4299 1421 4368 cognitae
1451 4310 1631 4365 erant,
1682 4298 1776 4353 sed
1807 4299 2041 4368 apertis-

436 4391 572 4446 sima
620 4392 873 4446 omnibus
913 4391 1356 4462 proponebantur
1401 4390 1628 4447 deorum
1670 4390 1894 4461 ﬂagitia,
1921 4408 2043 4461 qua:

438 4484 751 4540 hominibus
790 4484 844 4539 in
870 4485 997 4539 vitia
1025 4486 1249 4541 nimium
1301 4485 1582 4555 propensis
1626 4484 1827 4540 dabant
1850 4486 2045 4557 cadent

2164 487 2341 558 dignis
2371 484 2550 540 vocari
2581 480 2905 538 nominibus.

2740 611 3033 652 ARTICULUS
3087 611 3155 651 νι.

2688 734 2911 799 Aualysis
2930 732 3041 783 libri
3070 732 3217 783 sexti.

2236 865 2292 920 In
2325 865 2429 919 hoc
2457 872 2513 919 et
2536 861 2883 934 subsequenti
2912 860 3051 916 libro
3075 860 3234 915 aliam
3265 856 3529 914 Arnobius
3566 858 3717 929 genti-

2165 962 2295 1016 lium
2342 959 2495 1013 diluit
2525 957 2981 1019 criminationem,
3025 952 3477 1025 quachristianOs
3502 953 3720 1007 maxime

2165 1054 2453 1125 impietatis
2485 1063 2766 1124 prapterea
2796 1048 3143 1112 accusabant,
3174 1045 3318 1117 quod
3358 1046 3494 1100 nulla
3523 1043 3721 1101 deorum

2165 1150 2427 1204 haberent
2465 1147 2662 1216 templa
2691 1154 2784 1199 aut
2811 1145 3120 1206 simulacra,
3150 1157 3252 1196 nec
3282 1140 3383 1194 ulla
3413 1154 3632 1209 unquam
3668 1140 3725 1194 iis

2164 1242 2428 1299 sacriﬁcia
2457 1240 2715 1296 facerent.
2747 1242 2785 1294 Α
2820 1239 3038 1309 templis
3067 1246 3248 1293 autem
3277 1235 3499 1292 deorum
3517 1234 3723 1301 orditur,

2163 1339 2452 1410 palamque
2485 1336 2681 1392 fatetur
2708 1336 2775 1389 iis
2804 1333 3127 1389 christianos
3171 1346 3381 1394 carere,
3414 1344 3515 1385 non
3541 1330 3590 1383 in
3617 1329 3728 1384 deo-

2163 1447 2306 1491 rum,
2337 1431 2381 1485 si
2412 1428 2573 1483 modo
2617 1427 2753 1482 tales
2800 1425 3017 1497 quidam
3045 1425 3302 1490 existant,
3351 1432 3724 1492 contemptum;

2161 1522 2256 1578 sed
2287 1523 2411 1593 quia
2459 1537 2581 1577 cum
2631 1534 2847 1585 semper
2893 1517 3119 1574 beneﬁci
3146 1531 3277 1572 esse
3320 1515 3563 1580 debeant,
3604 1515 3728 1570 omni

2161 1619 2419 1671 virtut-tm
2475 1630 2675 1686 genere
2732 1610 3130 1683 perfectissimi,
3184 1610 3487 1678 nulliusque
3528 1609 3613 1663 ine
3658 1606 3728 1663 vel

2162 1708 2584 1780 perturbationis
2613 1720 2861 1777 capaces,
2895 1705 3094 1772 templa
3127 1704 3308 1759 omnia
3341 1717 3530 1773 magno
3556 1701 3732 1757 ducunt

2088 1799 2134 1865 B
2160 1800 2483 1871 despicatui.
2513 1799 2588 1853 Ea
2622 1790 2855 1868 namque
2878 1796 3008 1851 nulli
3039 1796 3170 1867 ipsis
3195 1795 3314 1850 usui
3357 1809 3478 1850 esse
3514 1803 3728 1863 possunt,

2156 1894 2404 1966 quamvis
2426 1894 2619 1963 exiguo
2650 1892 2925 1945 hominum
2972 1889 3190 1960 ingenio
3234 1888 3512 1953 fabricata,
3564 1885 3729 1940 iisdem

2155 1986 2289 2041 solis
2318 1984 2627 2041 hominibus
2652 1982 3183 2055 magniﬁcentissima
3212 1983 3517 2037 videantur.
3546 1980 3731 2035 Primus

2156 2089 2335 2133 autem
2367 2078 2607 2132 omnium
2640 2076 2979 2138 Phoroneus,
3030 2075 3117 2129 vel
3167 2074 3378 2144 Merops
3398 2115 3414 2137 ,
3442 2072 3527 2128 vel
3555 2071 3732 2127 Iliacus

2154 2187 2217 2226 ea
2256 2171 2561 2227 :ediﬁcasse
2592 2168 2926 2241 perhibetur.
2952 2169 3015 2225 At
3046 2168 3382 2239 quantalibet
3410 2167 3731 2234 magniﬁcen-

2155 2265 2225 2319 tia
2253 2275 2374 2335 post
2398 2264 2513 2317 lure
2533 2272 2844 2318 constructa
2872 2260 3001 2327 sint,
3044 2260 3171 2332 quid
3196 2260 3306 2315 diis
3333 2260 3502 2330 magis
3537 2258 3733 2326 injuria.

2154 2370 2272 2411 sum
2299 2372 2362 2411 ae
2387 2356 2863 2419 contumeliosum,
2898 2368 3057 2424 quam
3090 2361 3298 2409 temere
3320 2364 3623 2406 asseverare
3645 2347 3727 2402 Jo-

2154 2464 2296 2516 vem,
2350 2459 2442 2503 aut
2487 2449 2651 2503 alium
2701 2447 2947 2515 quemvis
2974 2446 3135 2503 deum
3188 2444 3416 2515 templo,
3470 2440 3728 2513 tuguriolo,

2153 2540 2399 2594 conclavi
2426 2549 2481 2595 et
2516 2538 2706 2595 cellula
2739 2537 2978 2593 includi?

2226 2633 2425 2690 Verum
2456 2633 2579 2699 diis,
2609 2633 2921 2704 inquiebant
2943 2631 3165 2695 ethnici,
3192 2631 3399 2699 templa
3425 2630 3729 2689 exn-nimus;

2153 2737 2209 2781 ut
2226 2743 2348 2781 cum
2374 2728 2453 2781 eis
2474 2726 2877 2797 quodammodo
2903 2725 3263 2795 praesentibus
3290 2741 3397 2779 non
3429 2737 3611 2793 magna
3630 2720 3732 2776 sine

2150 2820 2454 2875 reverantia
2475 2818 2871 2885 colloquantur,
2900 2826 3060 2887 atque
3090 2817 3211 2871 illos
3237 2816 3311 2871 de
3337 2816 3578 2885 proximo
3602 2813 3733 2867 invo-

2149 2923 2354 2978 cantes,
2387 2913 2455 2966 ab
2482 2912 2612 2980 ipsis
2638 2910 2842 2966 facilius
2871 2908 3172 2964 audiamur.
3201 2907 3314 2964 Sed
3343 2920 3642 2978 perperam,
3666 2905 3733 2958 ait

2150 3005 2440 3058 Arnobius.
2462 3003 2655 3058 Omnia
2672 3004 2888 3073 quippe,
2912 3016 2974 3057 ac
2993 3003 3184 3057 tacitas
3205 3002 3374 3057 etiam
3396 3000 3560 3055 animi
3582 2995 3731 3052 nostri

2149 3097 2504 3163 cOgitrttiones
2547 3112 2705 3152 verus
2739 3098 2876 3151 Deus
2919 3096 3220 3164 cognoscit,
3255 3103 3453 3150 cuncta
3481 3092 3734 3164 mqualiter

2073 3202 2116 3263 ρ
2150 3190 2319 3252 audit,
2356 3190 2540 3245 nullibi
2570 3190 2742 3256 abest,
2774 3204 2875 3244 nec
2917 3190 3055 3244 sicut
3077 3189 3294 3259 Jupiter
3313 3200 3583 3245 curuatum
3612 3183 3736 3239 vadit

2147 3285 2217 3339 ad
2251 3283 2555 3354 IEthiopas,
2616 3299 2722 3339 uno
2775 3283 2944 3338 verbo
3000 3284 3371 3339 immensitate
3414 3298 3510 3337 sua
3564 3280 3736 3349 ubique

2150 3391 2392 3447 przcsens
2413 3386 2515 3439 est,
2550 3391 2723 3441 neque
2755 3391 3004 3447 umquam
3031 3376 3151 3431 loco
3179 3386 3451 3431 movetur.

2224 3468 2338 3522 lluc
2363 3466 2576 3521 accedit
2607 3466 2862 3537 pleraque
2889 3468 3113 3522 deorum
3161 3467 3631 3538 sumpluosissima
3657 3478 3737 3516 au.

2149 3560 2564 3630 gnstissimaquc
2613 3559 2809 3629 templa
2854 3559 2986 3615 nihil
3018 3575 3142 3615 esse
3183 3560 3356 3623 aliud,
3388 3560 3491 3614 nisi
3517 3556 3735 3628 sepulcra

2151 3663 2507 3710 mortuorum.
2537 3652 2688 3709 Talia
2716 3654 2999 3709 enimvero
3025 3653 3333 3724 produntur
3364 3654 3533 3709 fuisse
3557 3652 3737 3707 Cecro-

2148 3746 2252 3816 pis,
2285 3747 2501 3812 Acrisii,
2533 3746 2858 3811 Ericthonii,
2893 3747 3084 3812 Dairtr,
3115 3756 3169 3801 et
3199 3746 3444 3811 lmmari,
3474 3746 3615 3802 Celei
3646 3743 3739 3797 vir-

2144 3839 2353 3909 ginum,
2408 3829 2757 3911 ll'ypcroches
2798 3850 2852 3894 et
2897 3822 3177 3906 Laodiees,
3232 3840 3509 3907 Clearchi,
3555 3840 3740 3894 Leuco-

2146 3932 2408 4006 phryues,
2460 3932 2757 4000 'lesmessi,
2805 3933 3042 4005 Cynirm,
3073 3942 3130 3988 et
3154 3935 3391 3989 aliorum
3422 3948 3580 4005 quam
3633 3930 3738 3999 pln-

2146 4028 2285 4081 rium
2328 4038 2674 4081 monumenta
2703 4042 2767 4082 ac
2794 4027 3129 4098 polyandria.
3167 4028 3415 4099 Denique
3438 4025 3735 4097 Capitolium

2145 4121 2213 4176 ab
2242 4122 2460 4177 invento
2488 4121 2605 4176 Toli
2636 4123 2813 4192 capite
2868 4137 3067 4177 nomen
3117 4123 3354 4190 accepit.
3404 4129 3579 4190 Atque
3627 4116 3734 4171 inde

2144 4213 2651 4270 conﬁcitArnobius
2671 4216 2777 4269 diis
2804 4214 3026 4281 frustra,
3054 4230 3118 4270 ac
3144 4225 3334 4271 contra
3361 4231 3551 4271 eorum
3568 4212 3736 4274 decus,

2146 4309 2347 4377 templa
2372 4308 2642 4364 fabricari.
3014 4378 3019 4381 Ἴ

2217 4400 2441 4455 Colendi
2491 4416 2619 4456 vero
2648 4415 2834 4455 corum
2882 4402 3172 4456 simulacra
3202 4417 3312 4457 non
3363 4402 3548 4474 potior
3574 4399 3739 4468 utique

2147 4498 2231 4545 est
2257 4491 2414 4546 ratio.
2443 4491 2522 4545 Dii
2554 4491 2752 4562 quippe
2779 4493 2822 4547 si
2859 4492 2910 4545 in
2935 4494 3076 4547 coelo
3108 4493 3376 4562 habitant,
3427 4493 3495 4549 ad
3525 4506 3617 4547 eos
3642 4503 3736 4545 non

435 4576 667 4632 faciendi
690 4577 1054 4635 occasionem.
1082 4577 1284 4633 Deinde
1309 4592 1440 4633 vero
1464 4576 1553 4632 cui
1574 4593 1808 4648 unquam
1835 4577 2037 4632 homini
2065 4605 2121 4667 Ι)
2143 4584 2211 4639 ad
2237 4585 2451 4639 illorum
2474 4585 2759 4640 simulacra
2789 4584 3076 4641 ῆιῃιιεηάεῃ
3095 4598 3222 4640 sum
3252 4602 3470 4654 preces.
3495 4586 3553 4642 Si
3572 4595 3734 4641 amem

437 4667 515 4724 dii
537 4667 952 4724 declaravernut
978 4667 1213 4723 voluisse
1239 4669 1339 4723 sub
1367 4668 1671 4738 allegorica:
1712 4667 2038 4736 interpreta-
2074 4722 2081 4729 ,

439 4759 604 4814 tionis
634 4759 965 4814 obscuritate
994 4759 1265 4829 adscripta
1295 4759 1396 4813 sibi
1424 4759 1810 4814 obscenissima
1837 4759 2037 4830 ﬂagitia

435 4852 736 4909 venditari?
768 4852 901 4920 Quis
928 4865 1059 4906 vero
1085 4851 1297 4907 dubitat
1322 4867 1418 4909 eos
1447 4868 1551 4907 non
1581 4852 1779 4921 turpia,
1809 4853 1905 4909 sed
1942 4855 2039 4908 lto-

434 4954 587 5002 nesta
614 4945 682 4999 de
714 4960 774 4999 se
798 4943 903 4999 dici
934 4958 1148 5014 semper
1176 4944 1463 5000 maluisse?
1515 4944 1783 5001 Prmterea
1811 4947 1855 5000 si
1886 4946 2039 5016 Atty-

435 5036 521 5094 dis
551 5036 769 5092 nomine
814 5035 985 5090 solem
1018 5044 1418 5103 nuncuparunt,
1472 5034 1599 5105 qttid
1632 5034 1831 5091 factum
1859 5038 2039 5092 estde

433 5133 549 5199 illo,
579 5147 739 5199 quem
775 5131 1013 5186 historia:
1058 5130 1345 5200 perhibent
1383 5130 1437 5184 in
1468 5130 1700 5203 Phrygia
1744 5140 1948 5195 uatum,
1977 5147 2042 5188 ac

432 5226 663 5297 plurima
695 5224 894 5294 egisse,
944 5239 1065 5294 qua:
1099 5233 1561 5293 reprtrsentantur
1609 5225 1661 5278 in
1712 5225 1957 5290 theatris,
1987 5234 2043 5280 et

431 5320 632 5375 annuis
681 5317 1113 5374 solemnitatibus
1160 5317 1512 5373 recoluntur?
1557 5316 1695 5383 Quid
1749 5318 1909 5372 etiam
1959 5318 2042 5373 sol

434 5413 665 5475 meruit;
695 5420 751 5465 ut
779 5408 994 5481 Attydis
1021 5409 1244 5464 castrati
1274 5408 1508 5463 hominis
1534 5419 1756 5467 vocetur
1785 5410 2042 5464 nomine?

436 5502 679 5573 Denique
732 5508 932 5560 Auctor
977 5511 1164 5558 uoster
1213 5503 1378 5557 multa
1429 5504 1480 5557 in
1530 5502 1753 5558 deorum
1801 5503 2042 5558 historiis

435 5595 648 5649 lectitar
715 5596 989 5663 ostendit,
1048 5612 1169 5665 quae
1226 5596 1520 5664 allegorice
1563 5612 1728 5651 sensu
1786 5596 2043 5666 explicari

437 5697 730 5757 nequeunt.
759 5688 836 5744 Ex
864 5690 1059 5760 quibus
1082 5690 1174 5745 illc
1201 5689 1478 5745 concludit
1499 5689 1652 5746 nefas
1675 5704 1896 5760 prorsus
1922 5704 2042 5746 esse

438 5778 571 5836 deos
599 5780 667 5837 ab
691 5783 1006 5852 gentilibus,
1035 5785 1223 5855 siillos
1252 5798 1437 5841 revera
1465 5784 1702 5842 existere
1726 5799 2041 5855 persuasum

2145 4677 2266 4732 illos
2297 4676 2367 4731 ibi
2393 4676 2636 4732 habitare
2663 4677 2886 4733 dubium
2914 4678 3010 4739 sit,
3046 4677 3242 4733 frustra
3276 4679 3359 4736 rei
3392 4679 3569 4732 dubia:
3594 4677 3739 4729 simu-

2143 4771 2348 4827 lacrum
2383 4772 2619 4842 tingitur.
2656 4772 2925 4828 Praeterea
2975 4773 3066 4841 qui
3113 4772 3246 4827 deos
3273 4788 3403 4828 esse
3445 4771 3634 4832 credit,
3664 4766 3740 4820 hic

2141 4864 2208 4918 ad
2242 4864 2598 4931 exhibendam
2627 4865 2839 4920 illorum
2882 4865 3226 4935 praesentiam
3269 4864 3579 4920 simulacris
3619 4870 3739 4932 opus

2145 4970 2252 5011 non
2274 4955 2455 5010 habet.

2218 5047 2355 5103 Tum
2396 5047 2661 5107 Arnobius
2706 5048 2768 5102 iis
2814 5048 3068 5109 occurrit,
3116 5048 3207 5118 qui
3255 5047 3641 5103 asseverabant
3689 5054 3741 5094 se

2144 5154 2242 5212 per
2269 5140 2556 5195 simulacra
2571 5140 2703 5193 deos
2731 5140 2915 5195 colere
2939 5156 3001 5196 ac
3031 5140 3259 5210 precari.
3281 5140 3589 5212 Numquam
3610 5136 3739 5191 enim

2144 5246 2264 5296 eos,
2297 5232 2340 5286 si
2373 5245 2458 5286 res
2490 5232 2561 5285 ita
2590 5231 2680 5298 sit,
2712 5243 3123 5298 vcnerarentur,
3173 5232 3217 5286 si
3265 5233 3417 5286 nulla
3449 5239 3629 5288 essent
3654 5228 3741 5281 hu-

2139 5325 2377 5397 jusmodi
2402 5325 2712 5381 simulacra.
2747 5325 2884 5395 Quid
2912 5327 3073 5381 etiam
3097 5325 3414 5391 absurdius,
3445 5340 3603 5397 quam
3628 5333 3738 5376 cum

2145 5419 2250 5474 diis
2280 5419 2414 5489 ipsis
2440 5419 2575 5484 suis,
2610 5420 2684 5472 uti
2718 5421 2978 5489 putabant
3025 5417 3251 5473 ethnici.
3286 5419 3595 5489 supplicare
3624 5426 3737 5482 p08.

2145 5519 2287 5579 sent,
2318 5509 2435 5563 illos
2466 5526 2560 5580 per
2588 5520 2855 5566 mortuam
2886 5509 3140 5579 efﬁgiem,
3177 5519 3437 5577 tanquam
3470 5524 3564 5579 per
3587 5501 3740 5577 qund-

2144 5603 2268 5657 dam
2301 5602 2424 5657 ﬁdei
2469 5603 2821 5657 commissum
2847 5601 3051 5672 aliquid
3080 5616 3270 5672 rogare
3286 5602 3319 5656 ‘3.
3337 5600 3480 5669 Quid
3529 5607 3741 5664 namque

2146 5694 2278 5751 illud
2305 5707 2409 5759 εει,
2443 5695 2542 5750 nisi
2572 5694 2736 5749 Deum
2764 5695 2984 5749 alterum
3010 5695 3158 5760 scire,
3207 5704 3265 5752 et
3292 5692 3532 5766 effigiem
3559 5691 3739 5750 dcnre-

2146 5789 2258 5844 cari
2285 5788 2432 5844 omni
2462 5803 2628 5844 sensu
2654 5791 2967 5844 carentem?
