3904 6316
378 308 488 368 385
969 309 990 343 ’

1637 308 1703 369 1N
1743 303 2130 376 ARNOBIUM,
2168 304 2327 366 CAP.
2368 302 2409 363 Ι.

3556 299 3667 361 586

440 430 710 485 Praeterea
737 430 915 501 imago
932 428 1013 484 rei
1037 427 1389 499 alicujusipsi
1415 427 1609 483 similis
1629 443 1752 483 esse
1782 427 1963 491 debet,
1996 423 2340 494 ANutnquid
2386 422 2460 477 dii
2507 422 2558 476 in
2601 420 2777 492 parvis
2814 414 3119 474 simulacris
3163 411 3428 470 dedicatis
3471 426 3671 483 corpus

366 522 605 593 alioquin
636 522 816 593 imago
844 538 949 576 non
978 523 1101 576 erit.
1129 520 1291 591 Atqui
1324 536 1484 576 nemo
1514 519 1759 575 ethnicus
1805 522 1968 574 homo

364 616 507 670 scire
533 624 714 684 potest
735 628 910 670 turum
932 613 1155 685 quilibet
1178 613 1312 669 deus
1330 614 1450 668 talis
1475 628 1661 668 revera
1681 611 1770 675 sit,
1796 611 1970 682 qualis

367 709 485 777 ejus
504 706 703 779 imago.
723 707 794 763 At
816 717 963 763 certe
990 706 1190 761 scimus
1213 706 1346 761 tales
1362 708 1495 761 deos
1518 720 1637 760 esse
1654 719 1760 758 non
1787 718 1966 774 posse,

368 801 555 871 quales
584 801 688 868 sol,
722 802 867 868 luna,
902 801 1069 867 venti,
1100 800 1302 871 aliique
1333 799 1546 855 leonina
1578 800 1661 855 vel
1701 797 1801 852 alia
1836 796 1969 853 facie

368 897 919 968 reprasentabantur.
970 897 1054 951 Ab
1103 895 1333 950 etlmicis
1380 903 1561 949 autem
1607 893 1728 963 jure
1775 892 1969 947 merito

366 990 531 1047 derisi
557 1001 685 1046 sunt
712 990 872 1061 prisci
906 989 1171 1054 homines,
1201 987 1292 1058 qui
1338 1003 1436 1057 pro
1464 986 1567 1043 diis
1592 986 1837 1051 ﬂuvium,
1861 986 1971 1041 aci-

366 1096 583 1149 nacem,
616 1081 871 1149 lapidem,
920 1080 1155 1137 informe
1206 1080 1429 1150 lignum,
1483 1089 1575 1135 attt
1620 1078 1749 1149 quid
1796 1079 1970 1135 simile

368 1177 642 1231 colebant.
672 1174 873 1230 Verum
903 1174 979 1230 illi
1029 1175 1129 1244 ipsi
1179 1190 1285 1229 non
1340 1174 1520 1229 minus
1570 1171 1847 1236 irridendi,
1878 1172 1968 1243 qui

368 1272 730 1328 Hammonem
758 1285 882 1325 cum
910 1269 1166 1325 cornibus
1193 1268 1458 1332 arietinis,
1508 1268 1800 1323 Saturnum
1847 1282 1967 1321 cum

368 1366 543 1431 falce,
593 1364 788 1420 nudam
857 1363 1162 1430 Venerem,
1215 1361 1514 1418 Vulcanum
1561 1376 1685 1416 cum
1732 1361 1874 1429 pileo
1917 1368 1973 1416 et

364 1459 590 1522 malleo,
620 1474 743 1513 cum
774 1457 982 1528 plectro
1003 1465 1059 1513 et
1081 1456 1275 1511 fidibus
1313 1455 1642 1525 Apollinem,
1693 1463 1749 1509 et
1771 1452 1971 1522 Neptu-

368 1567 500 1607 num
528 1567 649 1606 cum
682 1551 883 1606 fuscina
910 1548 1229 1620 depingunt.
1270 1547 1441 1616 Quam
1471 1548 1615 1603 enim
1644 1546 1759 1600 haec
1785 1562 1813 1597 a
1844 1560 1969 1601 vera

367 1645 597 1699 deorum
621 1643 786 1713 ﬁgura
810 1643 1163 1710 abhorreant,
1191 1642 1313 1712 quis
1342 1658 1448 1697 non
1492 1640 1673 1696 videt?
1702 1638 1967 1695 Praeterea

362 1739 415 1792 si
440 1737 557 1792 haec
587 1736 798 1807 propria
829 1736 938 1791 sint
957 1735 1376 1805 uniuscujusque
1397 1732 1484 1789 dei
1507 1739 1846 1796 ornamenta,
1881 1730 1968 1784 ubi

2072 533 2228 572 suum
2261 514 2612 581 contrahunt,
2646 523 2700 568 et
2732 511 3013 583 porrigunt
3039 510 3089 564 in
3123 506 3331 580 magnis
3360 516 3417 561 et
3442 507 3671 562 immen-

2068 611 2186 667 sis?
2213 606 2482 678 Numquid
2532 620 2670 660 unus
2712 604 2866 670 deus,
2902 612 3025 673 puta
3068 599 3370 665 Vulcanus,
3404 598 3456 654 in
3498 598 3671 653 omni—
3738 620 3743 625 ι

2071 700 2172 757 bus
2200 700 2312 755 suis
2353 677 2658 753 simulacris
2704 677 2903 765 tibique
2939 693 3181 764 gentium
3228 691 3415 761 positis
3447 698 3502 746 et
3543 706 3674 745 con-

2069 793 2298 850 secratis
2333 792 2417 847 vel
2448 790 2754 859 multiplex,
2787 789 2871 844 vel
2902 787 3166 843 indivisus
3207 801 3426 841 tnanere
3452 782 3672 856 peterit?

2143 887 2281 957 Quid
2329 886 2517 956 plura?
2548 884 2606 943 Si
2646 883 2721 938 dii
2765 883 2816 939 in
2860 882 2944 937 ltis
2972 882 3084 938 suis
3129 878 3431 936 simulacris
3480 893 3673 935 revera

2074 979 2341 1042 ltabitaut,
2372 994 2468 1034 cur
2496 992 2559 1034 ca
2587 975 2840 1048 gentiles.
2869 990 2939 1029 ne
2967 990 3072 1045 qua
3108 972 3300 1044 iujttria
3331 970 3670 1037 adﬁciantur,

2071 1071 2346 1139 claustris,
2375 1070 2639 1136 clavibus,
2666 1067 2917 1140 pessulis,
2945 1065 3190 1135 canibus,
3211 1064 3493 1121 anseribus
3519 1070 3673 1118 tuen-

2073 1172 2183 1228 tur,
2241 1178 2306 1219 ac
2352 1163 2766 1233 diligentissime
2814 1157 3169 1215 custodiunt?
3217 1155 3325 1210 Cur
3360 1154 3570 1226 Jupiter
3618 1163 3675 1210 et
3772 1162 3773 1165 ‘

2074 1256 2422 1325 Escnlapius
2454 1265 2561 1310 tam
2594 1254 2861 1325 patienter
2892 1252 3131 1307 tulerunt
3161 1248 3447 1303 simulacra
3474 1262 3570 1301 sua
3603 1245 3673 1300 ab
3756 1298 3760 1303 .

2073 1348 2345 1407 Antiocho
2372 1362 2427 1403 et
2446 1346 2700 1419 Dionysio
2728 1343 2986 1414 spoliari?
3014 1343 3071 1397 Si
3098 1340 3300 1410 dixeris
3322 1339 3391 1394 dc
3428 1338 3511 1392 ltis
3539 1336 3673 1391 nihil

2072 1443 2203 1498 deos
2230 1456 2470 1506 curasse,
2503 1449 2651 1496 certe
2676 1439 2862 1494 Venus
2892 1437 3265 1493 incredibilem
3310 1431 3673 1506 Pygmalionis

2073 1545 2128 1590 et
2150 1535 2372 1590 alterius
2401 1532 2595 1605 perditi
2624 1531 2862 1587 hominis
2893 1530 2944 1584 in
2974 1529 3279 1584 sumulacra
3309 1541 3403 1583 sua
3432 1522 3676 1606 petulan-

2074 1625 2201 1680 tiam
2236 1624 2553 1696 propulsare
2582 1623 2833 1679 debcbat.
2867 1621 3057 1678 Nonne
3087 1620 3248 1676 etiam
3279 1618 3490 1690 Jupiter
3518 1616 3676 1687 Capi-

2074 1718 2307 1785 tolinus,
2366 1716 2507 1776 Juno
2549 1715 2784 1788 Argiva,
2840 1713 3097 1784 Serapis,
3149 1713 3311 1767 Diana
3359 1709 3669 1781 Epltesina,

362 1828 439 1883 ab
484 1800 603 1883 um;
639 1800 794 1883 εείυιη
841 1825 1141 1883 detraxeris
1170 1800 1226 1882 ξι
1268 1800 1485 1881 dederis
1515 1822 1692 1886 aperi,
1744 1831 1969 1891 υιει-(μιε
1999 1826 2047 1887 Β
2075 1810 2267 1879 Apollo
2294 1817 2350 1864 et
2373 1810 2462 1863 alii
2492 1808 2797 1863 debuerunt
2823 1804 3107 1860 simulacra
3136 1814 3191 1860 et
3222 1802 3363 1873 fana,
3394 1804 3446 1857 in
3478 1800 3674 1873 quibus

362 1919 609 1976 discerni
634 1921 864 1989 amplius
886 1934 991 1975 non
1019 1917 1235 1989 poterit.

440 2013 625 2084 Neque
652 2012 868 2082 indigna
900 2022 1104 2068 tantum
1134 2010 1333 2067 ethnici
1377 2010 1481 2066 diis
1503 2008 1619 2066 suis
1649 2018 1964 2064 ornamenta

356 2105 656 2168 dederunt,
708 2105 803 2161 sed
831 2104 1188 2175 quorumdam
1240 2103 1542 2171 hominum,
1593 2113 1755 2173 atque
1798 2101 1963 2156 etiam

354 2198 713 2254 meretricum
766 2199 992 2267 figuram
1039 2206 1094 2252 et
1139 2196 1488 2252 lineamenta.
1547 2195 1631 2249 Ad
1677 2194 1967 2250 Alcibiadis

352 2294 563 2361 quippe
602 2289 772 2346 instar
819 2289 1168 2355 Mercurium,
1210 2288 1279 2343 ad
1336 2287 1569 2344 Cratinze
1613 2296 1670 2343 et
1724 2287 1966 2359 Phrynes

353 2383 655 2449 Venerem,
688 2381 1039 2438 fabricat-unt.
1055 2381 1194 2450 Quid
1219 2397 1368 2446 vero,
1398 2380 1541 2451 quod
1565 2379 1782 2435 Phidias
1812 2380 1967 2435 lasci-

350 2475 536 2541 viens,
568 2476 622 2530 in
674 2474 828 2530 Jovis
872 2473 1136 2546 Olympici
1165 2490 1193 2529 a
1223 2489 1283 2530 se
1313 2473 1438 2529 facti
1465 2472 1630 2544 digito
1662 2471 1961 2540 Pantarces,

351 2569 525 2641 pueri
553 2586 581 2622 a
610 2583 669 2624 se
697 2571 884 2636 amati,
915 2584 1112 2624 nomen
1160 2568 1470 2638 inscripsit?
1499 2567 1580 2623 Eo
1603 2576 1786 2623 autem
1816 2576 1966 2636 petu-

342 2662 548 2719 lantia:
574 2671 736 2733 atque
766 2663 1006 2719 audacia:
1037 2661 1274 2727 devenit,
1309 2662 1434 2731 quia
1466 2670 1696 2717 noverat
1721 2676 1820 2716 suo
1844 2676 1964 2716 tnu-

338 2771 519 2818 nerc,
548 2766 600 2811 et
629 2765 750 2812 arte
776 2772 873 2811 sua
896 2755 1087 2811 Jovem
1114 2754 1184 2811 ab
1214 2753 1524 2810 hominibus
1550 2753 1783 2809 adorari.
1818 2752 1963 2821 Qua-

338 2858 588 2920 propter
614 2849 862 2905 etltnicos
893 2848 1142 2905 hortatur
1171 2847 1475 2911 Arnobius;
1514 2856 1576 2900 ιιι
1603 2846 1670 2900 ad
1698 2847 1965 2900 saniorem

336 2948 602 2997 mentem
658 2941 974 3006 redeuntes,
1030 2938 1245 2994 tandem
1304 2937 1605 3008 intelbgant
1656 2936 1964 3003 simulacra,

336 3049 478 3103 qua
509 3041 662 3089 tanto
684 3033 891 3090 honore
920 3031 1242 3101 adorabunt,
1272 3046 1398 3087 ossa
1426 3046 1570 3096 esse,
1604 3030 1829 3101 lapides,
1867 3046 1964 3098 tes,

338 3137 668 3196 argentum,
696 3142 913 3193 aurum,
943 3142 1008 3181 ac
1032 3126 1230 3197 szepius
1260 3124 1600 3190 vilissimam,
1622 3138 1688 3178 ac
1711 3139 1832 3193 quae
1855 3134 1967 3178 tur-

2071 1903 2399 1969 ltabitabaut,
2432 1903 2500 1958 ab
2540 1900 2789 1958 incendio
2816 1901 3045 1972 aliisque
3084 1898 3300 1953 casibus
3332 1898 3530 1952 intacta
3552 1909 3673 1951 ser-

2070 2013 2197 2053 vare
2213 1998 2237 2051 ?

2142 2089 2400 2148 Ultimmn
2434 2106 2595 2162 porro
2632 2088 2914 2162 gentilium
2956 2088 3025 2143 ad
3070 2086 3351 2143 retinenda
3383 2085 3672 2141 simulacra

2070 2185 2529 2257 propugnaculum
2551 2184 2669 2247 fuit,
2698 2187 2813 2239 inec
2830 2183 3010 2238 omnia
3039 2183 3290 2253 antiquos
3310 2198 3415 2237 non
3445 2178 3669 2249 fugisse,

2070 2280 2166 2336 sed
2208 2280 2298 2335 illo
2350 2280 2767 2334 simulacrorum
2815 2278 2961 2333 cultu
3018 2274 3327 2346 imperitum
3373 2276 3565 2346 vulgus
3619 2274 3672 2330 in

2070 2372 2254 2430 ofﬁcio
2278 2381 2333 2428 et
2359 2371 2618 2443 religione
2647 2369 3056 2426 continendum.
3091 2368 3197 2424 Sed
3227 2367 3327 2423 hoc
3356 2366 3536 2437 seipso
3565 2365 3675 2422 ruit

2070 2473 2125 2520 et
2149 2464 2430 2520 evertitur.
2483 2462 2621 2530 Quid
2671 2463 2814 2517 enim
2842 2461 2988 2533 plebi
3024 2460 3365 2531 quantumvis
3410 2459 3674 2531 imperitat

2069 2555 2472 2612 formidandum
2520 2572 2593 2610 ex
2651 2554 2875 2610 deorutn
2927 2553 3234 2609 simulacris
3284 2553 3528 2623 spoliatis
3582 2558 3675 2609 aut

2070 2647 2331 2718 direptis?
2359 2647 2495 2716 Quid
2528 2646 2879 2702 metuendum
2903 2661 2967 2700 ex
2997 2644 3215 2700 Saturni
3244 2642 3404 2712 falce,
3439 2643 3556 2700 Jani
3590 2644 3671 2699 bi-

2069 2741 2248 2812 cipitis
2295 2740 2447 2796 clave
2493 2739 2746 2803 dentata,
2791 2738 2944 2794 Jovis
2971 2736 3178 2803 fomite,
3208 2748 3375 2792 caestu
3418 2735 3669 2804 Jnuonis,

2070 2830 2326 2887 Minerva:
2345 2831 2520 2902 galea,
2549 2831 2766 2887 Cen-ris
2793 2829 3067 2896 mammis,
3101 2838 3156 2884 et
3185 2829 3397 2885 czeteris
3425 2827 3673 2899 hujusce-

2070 2925 2217 2979 modi
2257 2925 2501 2980 ridiculis
2531 2925 2757 2979 deornin
2805 2921 3148 2993 insignibus?
3174 2921 3310 2990 Quid
3343 2921 3457 2977 lure
3486 2931 3539 2978 et
3569 2921 3672 2977 alia

2070 3017 2230 3088 longe
2287 3016 2528 3088 turpiora
2571 3025 2824 3086 poterant
2872 3015 2938 3070 ad
2997 3013 3339 3071 retinendam
3392 3013 3670 3069 hominum

2069 3111 2385 3183 religionem
2431 3110 2721 3166 conferre?
2766 3111 2995 3165 Tantum
3047 3107 3288 3179 profecto
3327 3109 3502 3172 abest,
3537 3118 3595 3163 ut
3619 3107 3674 3163 id

348 3223 621 3294 pissimis
656 3223 843 3277 usibus
872 3222 1156 3287 servierat,
1187 3219 1488 3275 materiem.
1542 3218 1675 3287 Quis
1719 3218 1863 3274 enim
1909 3217 1961 3273 itt

2074 3204 2351 3272 acciderit,
2368 3205 2495 3273 quin
2515 3206 2694 3275 potuis
2716 3203 2967 3260 homines
2982 3203 3130 3258 nullo
3142 3202 3319 3275 legum
3336 3202 3672 3258 severiorum

354 3316 607 3371 animum
642 3314 861 3371 inducat
887 3324 944 3370 ut
972 3314 1132 3370 deum
1159 3312 1308 3367 illum
1333 3327 1456 3368 esse
1481 3311 1771 3378 existimet,
1798 3326 1958 3383 quem

350 3405 477 3477 ipse
502 3423 567 3462 ex
599 3406 769 3461 haece
794 3406 1020 3463 materia
1051 3404 1351 3462 fabricavit.

428 3498 594 3569 Urget
616 3499 895 3554 Arnobius
918 3499 1191 3554 neminem
1220 3513 1343 3554 esse
1373 3498 1444 3552 ita
1472 3498 1723 3555 insanum
1756 3498 1844 3568 qui
1879 3499 1958 3554 si-

358 3590 583 3646 mulacri
634 3590 867 3661 alicujus
916 3599 1101 3661 partes
1129 3591 1422 3661 separatim
1462 3589 1667 3661 pesitas
1710 3590 1874 3657 colat,
1902 3599 1961 3646 et

361 3685 568 3741 adoret.
594 3685 709 3741 Cur
724 3701 855 3758 ergo
880 3686 1086 3742 ethnici
1115 3685 1239 3742 illas
1259 3686 1420 3741 simul
1449 3687 1770 3754 eonjuuctas
1790 3700 1959 3741 vene-

359 3780 653 3837 rabantur?
701 3780 819 3836 Non
852 3781 1112 3852 majorem
1158 3793 1307 3837 certe
1333 3782 1656 3849 conjunctae,
1686 3798 1845 3853 quam
1871 3781 1957 3837 di-

359 3876 512 3938 visae,
536 3876 649 3931 .vim
674 3874 912 3930 divinam
941 3875 1160 3931 habent.
1185 3874 1305 3931 Huc
1318 3874 1529 3931 accedit
1567 3875 1711 3945 quod
1759 3876 1804 3930 si
1836 3876 1959 3947 quis

361 3966 418 4021 in
457 3968 756 4040 Olympiaci
792 3967 963 4030 Jovis,
1020 3978 1111 4022 aut
1140 3967 1366 4024 alterius
1412 3967 1689 4024 simulacri
1740 3969 1957 4025 intimas

364 4070 541 4129 partes
570 4060 862 4128 introierit,
886 4061 1013 4131 quid
1046 4071 1242 4130 praeter
1272 4060 1519 4127 laminas,
1549 4061 1632 4116 vel
1655 4060 1785 4131 ligni
1815 4062 1958 4116 saxi-

364 4168 466 4221 que
512 4163 713 4223 partes,
767 4153 987 4223 plumbo
1030 4152 1258 4219 suﬁuso,
1291 4164 1381 4209 aut
1425 4153 1662 4220 catenis,
1698 4155 1869 4221 uncis,
1902 4165 1958 4210 ct

366 4244 562 4300 ansulis
579 4254 913 4316 compactas,
931 4256 986 4301 et
1003 4255 1319 4316 coagmenta
1328 4252 1410 4301 tas
1425 4247 1748 4315 conspiciat?
1763 4246 1956 4303 Nonne

366 4336 558 4393 videbit
582 4347 766 4409 caput,
794 4347 1060 4404 ventrem,
1082 4339 1325 4409 aliasque
1356 4350 1535 4409 partes
1554 4340 1704 4397 intus
1732 4357 1953 4408 vacuas,

367 4428 565 4498 inanes,
605 4442 770 4503 atque
810 4432 1195 4500 imperfectas?
1244 4433 1348 4489 Sed
1388 4450 1450 4490 ea
1498 4450 1727 4493 cernere
1769 4436 1813 4491 si
1846 4452 1953 4491 non

370 4520 538 4591 liceat,
571 4538 753 4583 nonne
779 4524 958 4579 cernit
982 4535 1165 4595 partes
1191 4524 1468 4582 simulacri
1489 4529 1954 4585 externasnidore

2068 3307 2241 3363 metu,
2290 3313 2390 3352 nec
2438 3297 2564 3352 ullis
2624 3297 2904 3368 suppliciis
2945 3313 2977 3352 a
3017 3296 3317 3353 sceleribus
3357 3306 3412 3352 et
3456 3295 3674 3367 ﬂagitiis

2064 3389 2343 3460 potuerint
2398 3388 2658 3445 hactenus
2683 3388 2949 3446 cohiberi.
2984 3389 3269 3446 Postremo
3301 3387 3576 3445 Aruubius
3605 3386 3673 3443 de

2067 3481 2357 3539 sacriﬁciis
2381 3482 2641 3554 deinceps
2664 3482 2933 3555 agendum
2950 3481 3239 3553 signiﬁcat,
3269 3492 3325 3538 et
3350 3481 3489 3538 libro
3508 3480 3669 3538 ﬁnem

2064 3573 2313 3646 imponit.

2666 3728 2957 3769 ARTICULUS
2984 3729 3081 3768 νιι.

2556 3844 2782 3911 Analysis
2804 3844 2918 3896 libri
2943 3848 3163 3910 septimi.

2133 3969 2370 4026 Primum
2412 3970 2591 4027 hocin
2620 3972 2758 4028 libro
2800 3972 3071 4029 Arnobius
3115 3972 3375 4030 Varronis
3415 3974 3651 4030 auctori-

2065 4071 2194 4125 tate,
2226 4078 2290 4117 ac
2339 4062 2538 4119 deinde
2585 4064 2795 4120 ratione
2841 4065 3036 4135 probat
3065 4065 3206 4120 nulla
3263 4066 3367 4122 diis
3417 4066 3662 4124 facienda

2061 4170 2184 4211 esse
2229 4156 2516 4212 sacriﬁcia.
2567 4157 2648 4212 Dii
2693 4160 2892 4229 quippe
2932 4160 3047 4214 sive
3094 4158 3207 4215 veri
3237 4159 3508 4227 dicantur,
3551 4161 3665 4217 sive

2059 4262 2321 4319 corporea
2368 4251 2596 4306 materia
2621 4252 2930 4321 compositi,
2969 4253 3086 4308 sive
3110 4252 3390 4308 hominum
3420 4270 3581 4309 manu
3608 4265 3667 4310 et

2057 4353 2174 4400 arte
2203 4344 2352 4410 facti,
2388 4346 2533 4401 nulla
2573 4347 2841 4402 sacriﬁcia
2878 4346 3216 4404 desiderant.
3248 4348 3375 4405 Veri
3422 4349 3566 4405 enim
3615 4350 3662 4405 si

2058 4437 2147 4504 qui
2174 4437 2280 4492 sint
2305 4480 2320 4505 ,
2354 4439 2487 4494 tales
2532 4454 2654 4495 esse
2681 4440 2903 4507 debent,
2936 4442 3151 4511 qualem
3181 4441 3465 4499 cltristiani
3499 4442 3658 4500 adse-

2058 4539 2184 4583 runt
2208 4545 2332 4585 esse
2361 4547 2544 4587 rerum
2590 4535 2831 4589 omnium
2859 4532 3166 4603 dominum,
3200 4537 3654 4609 omnipotentem,

368 4623 419 4668 et
445 4616 586 4671 fumo
614 4615 941 4681 decolorari,
968 4619 1101 4683 situ,
1128 4616 1397 4689 rubigine,
1423 4637 1486 4677 ac
1532 4623 1834 4691 putredine,
1863 4635 1955 4679 aut
1980 4628 2035 4689 1)
2059 4628 2221 4690 atque
2268 4622 2567 4693 ingenitum
2618 4624 2809 4679 Deum.
2842 4625 2943 4694 Qui
2975 4642 3105 4682 vero
3146 4630 3282 4686 tales
3329 4640 3456 4687 sunt
3476 4673 3491 4696 ,
3526 4631 3660 4687 nihil

367 4705 703 4764 diuturnitate
734 4723 988 4764 corruere
1007 4750 1022 4775 ,
1052 4718 1213 4780 atque
1240 4728 1267 4764 a
1310 4712 1573 4777 muribus,
1604 4713 1806 4781 blattis,
1834 4731 1955 4770 ara-

368 4800 477 4855 neis
503 4811 560 4857 et
588 4801 992 4870 hirundinibus,
1033 4802 1264 4875 aliisque
1307 4805 1647 4863 animalculis
1674 4807 1863 4867 foederi
1890 4826 1957 4867 ac

362 4893 735 4963 coinquinari?

428 4984 609 5051 Erras,
640 4986 953 5057 inquiebant
991 4988 1213 5045 ethnici.
1246 4989 1360 5044 Non
1394 4990 1804 5048 simulacrorum
1839 5011 1951 5050 ma-

359 5078 571 5143 teriam.
603 5079 701 5135 sed
741 5081 952 5136 deosin
980 5082 1312 5151 simulacris,
1360 5098 1483 5154 pOSt
1507 5101 1717 5142 sacram
1765 5103 1952 5142 eorum

354 5172 754 5229 dedicationem
796 5173 1136 5243 habitantes,
1177 5176 1426 5234 colimus.
1474 5177 1545 5234 At
1585 5195 1683 5234 vos
1713 5181 1834 5250 ipsi,
1866 5198 1954 5237 rev

356 5270 507 5339 ponit
543 5268 818 5324 Arnobius
838 5311 852 5335 ,
885 5270 1119 5340 gentiles
1147 5281 1256 5327 tota
1282 5274 1476 5328 erratis
1516 5273 1619 5329 via.
1653 5275 1753 5331 Cui
1780 5277 1953 5332 enim-

354 5376 484 5417 vero
512 5362 776 5417 credibile
805 5362 898 5417 ﬁet
925 5363 1058 5419 deos
1082 5405 1097 5429 ,
1126 5366 1440 5420 caelestibus
1469 5366 1668 5423 relictis
1695 5368 1914 5424 sedibus
1938 5410 1954 5437 ,

358 5457 411 5511 in
441 5456 748 5515 simulacris
792 5454 1070 5525 habitare,
1104 5469 1263 5530 atque
1300 5459 1476 5529 aliqua
1509 5476 1696 5516 eorum
1740 5462 1957 5519 dedica-

359 5549 503 5604 tione
543 5548 609 5603 ad
652 5563 716 5603 ea
765 5548 1115 5606 inhabitanda
1153 5552 1443 5623 etnnpelli?
1473 5553 1676 5608 Deinde
1706 5555 1750 5608 si
1792 5556 1847 5610 in
1875 5556 1957 5611 eis

358 5655 573 5712 semper
613 5649 905 5709 maneant,
945 5642 1078 5697 nihil
1109 5641 1211 5698 ltac
1238 5644 1568 5700 habitatione
1594 5646 1869 5702 miserius.
1898 5647 1957 5703 Si

360 5735 428 5793 ab
451 5733 531 5790 eis
593 5734 886 5806 aliquando
945 5734 1236 5802 recedant,
1294 5737 1558 5793 incertum
1622 5738 1806 5810 utique
1855 5740 1959 5795 crit

360 5828 571 5917 quando
626 5828 916 5886 simulacra
968 5829 1182 5887 adorari
1237 5831 1489 5889 debeant.
1542 5833 1653 5890 Sed
1702 5834 1952 5906 agedum.

2060 4715 2274 4785 penitus
2301 4731 2367 4771 ex
2400 4726 2615 4773 terrena
2660 4720 2881 4776 materia
2912 4721 3204 4792 accipiunt,
3237 4738 3344 4792 quo
3380 4734 3477 4780 aut
3503 4725 3658 4780 alan-

2057 4819 2164 4875 tur,
2194 4821 2286 4865 aut
2330 4810 2688 4867 delectentur.
2729 4811 2884 4868 Nulla
2937 4814 3097 4885 igitur
3127 4815 3512 4874 sacrificiorum
3554 4818 3660 4874 diis

2057 4901 2422 4959 faciendorum
2440 4918 2599 4959 causa
2623 4915 2802 4975 potest
2826 4906 3046 4962 adferri.
3076 4906 3192 4962 Non
3220 4908 3361 4964 enim
3386 4909 3470 4964 Itis
3491 4910 3659 4965 sacri-

2057 4996 2561 5062 ﬁciisnutrinntur;
2624 4999 3058 5069 quandoquidem
3111 5001 3371 5072 quidquid
3427 5002 3659 5057 nutritur

2058 5088 2286 5144 mortale
2313 5098 2415 5145 est.
2449 5089 2587 5157 Quid
2626 5106 2786 5159 vero,
2819 5091 2965 5163 quod
2995 5108 3060 5148 ex
3094 5091 3207 5160 his,
3253 5110 3375 5165 quae
3400 5096 3658 5151 altaribus

2057 5180 2434 5249 admoventur,
2458 5181 2590 5237 nihil
2621 5182 2692 5237 ad
2719 5182 2852 5239 deos
2879 5184 3157 5256 pervenit?

2135 5273 2254 5329 Non
2287 5274 2580 5347 voluptatis
2608 5276 2772 5333 etiam
2799 5293 2965 5334 causa
2994 5278 3101 5335 diis
3126 5277 3319 5335 hostia:
3355 5278 3655 5335 caeduntur.

2061 5367 2301 5424 Mortalis
2328 5369 2597 5440 siquidem
2626 5370 2801 5427 adhuc
2817 5382 2921 5440 est,
2951 5372 3042 5443 qui
3071 5371 3376 5443 hujusntodi
3407 5372 3659 5430 adﬁcitur

2059 5461 2440 5520 delectatione.
2493 5466 2626 5533 Qua:
2669 5481 2802 5522 vero
2851 5467 2903 5521 in
2948 5468 3291 5523 innoxiorum
3341 5467 3656 5524 animalium

2059 5556 2417 5623 mactatioue,
2460 5572 2621 5628 aqua
2662 5559 2828 5613 etiam
2881 5557 3101 5626 homine
3142 5574 3288 5629 saepe
3334 5559 3651 5626 abhorrent,

2057 5658 2237 5719 potest
2255 5650 2356 5706 dits
2382 5665 2505 5707 esse
2526 5652 2816 5722 voluptatis
2844 5650 3138 5708 illecebra?

2136 5744 2418 5815 Popularis
2429 5745 2649 5817 quidem
2671 5760 2736 5801 ac
2759 5745 2997 5816 vulgaris
3017 5745 3208 5818 opinio
3226 5754 3347 5803 erat
3373 5745 3657 5803 sacriﬁciis

2061 5837 2290 5899 deorum
2322 5839 2456 5896 iram
2488 5841 2710 5912 placari.
2743 5839 2850 5898 Sed
2878 5839 2978 5897 ira:
3009 5848 3215 5910 motus,
3244 5838 3654 5927 diisindignus,
