  <div class='ocr_page' id='page_1' title='image "/cluster/home/n/w/nwhite01/storage/ocr_20150623/5/hvd.32044015466758/197.png"; bbox 0 0 3904 6316; ppageno 0'>
   <div class='ocr_carea' id='block_1_1' title="bbox 365 285 469 362">
    <p class='ocr_par' dir='ltr' id='par_1_1' title="bbox 365 285 469 362">
     <span class='ocr_line' id='line_1_1' title="bbox 365 285 469 362; baseline 0 0"><span class='ocrx_word' id='word_1_1' title='bbox 365 285 469 362; x_wconf 70' lang='lat' dir='ltr'><strong>ssi</strong></span> 
     </span>
    </p>
   </div>
   <div class='ocr_carea' id='block_1_2' title="bbox 1572 299 2337 363">
    <p class='ocr_par' dir='ltr' id='par_1_2' title="bbox 1572 299 2337 363">
     <span class='ocr_line' id='line_1_2' title="bbox 1572 299 2337 363; baseline 0.003 -3"><span class='ocrx_word' id='word_1_2' title='bbox 1572 299 2022 363; x_wconf 78' lang='lat' dir='ltr'><strong>DISSEBTATIO</strong></span> <span class='ocrx_word' id='word_1_3' title='bbox 2061 301 2337 362; x_wconf 67' lang='grc' dir='ltr'><strong>ΡΜῡνιΑ</strong></span> 
     </span>
    </p>
   </div>
   <div class='ocr_carea' id='block_1_3' title="bbox 3562 310 3672 367">
    <p class='ocr_par' dir='ltr' id='par_1_3' title="bbox 3562 310 3672 367">
     <span class='ocr_line' id='line_1_3' title="bbox 3562 310 3672 367; baseline 0.009 -1"><span class='ocrx_word' id='word_1_4' title='bbox 3562 310 3672 367; x_wconf 77' lang='lat'><strong>588</strong></span> 
     </span>
    </p>
   </div>
   <div class='ocr_carea' id='block_1_4' title="bbox 364 421 3668 498">
    <p class='ocr_par' dir='ltr' id='par_1_4' title="bbox 364 421 3668 498">
     <span class='ocr_line' id='line_1_4' title="bbox 364 421 3668 498; baseline 0.002 -22"><span class='ocrx_word' id='word_1_5' title='bbox 364 422 416 476; x_wconf 91' lang='lat' dir='ltr'><strong>iu</strong></span> <span class='ocrx_word' id='word_1_6' title='bbox 472 421 828 478; x_wconf 81' lang='lat' dir='ltr'><strong>immortalem</strong></span> <span class='ocrx_word' id='word_1_7' title='bbox 873 421 1111 477; x_wconf 88' lang='lat' dir='ltr'><strong>animum</strong></span> <span class='ocrx_word' id='word_1_8' title='bbox 1159 421 1358 478; x_wconf 79' lang='lat' dir='ltr'><strong>cadere</strong></span> <span class='ocrx_word' id='word_1_9' title='bbox 1403 437 1510 479; x_wconf 90' lang='lat' dir='ltr'><strong>non</strong></span> <span class='ocrx_word' id='word_1_10' title='bbox 1556 431 1757 494; x_wconf 78' lang='lat' dir='ltr'><strong>potest.</strong></span> <span class='ocrx_word' id='word_1_11' title='bbox 1793 423 2226 484; x_wconf 81' lang='lat' dir='ltr'><strong>DelurAaitera</strong></span> <span class='ocrx_word' id='word_1_12' title='bbox 2274 425 2429 479; x_wconf 88' lang='lat' dir='ltr'><strong>alteri</strong></span> <span class='ocrx_word' id='word_1_13' title='bbox 2477 425 2653 480; x_wconf 88' lang='lat' dir='ltr'><strong>hostia</strong></span> <span class='ocrx_word' id='word_1_14' title='bbox 2700 425 3354 498; x_wconf 72' lang='lat' dir='ltr'><strong>immolaturtNumquid</strong></span> <span class='ocrx_word' id='word_1_15' title='bbox 3385 442 3490 482; x_wconf 88' lang='lat' dir='ltr'><strong>una</strong></span> <span class='ocrx_word' id='word_1_16' title='bbox 3540 430 3668 484; x_wconf 74' lang='lat' dir='ltr'><strong>huic</strong></span> 
     </span>
    </p>
   </div>
   <div class='ocr_carea' id='block_1_5' title="bbox 365 515 1962 586">
    <p class='ocr_par' dir='ltr' id='par_1_5' title="bbox 365 515 1962 586">
     <span class='ocr_line' id='line_1_5' title="bbox 365 515 1962 586; baseline 0.004 -20"><span class='ocrx_word' id='word_1_17' title='bbox 365 527 542 570; x_wconf 86' lang='lat' dir='ltr'><strong>tamen</strong></span> <span class='ocrx_word' id='word_1_18' title='bbox 585 515 715 571; x_wconf 89' lang='lat' dir='ltr'><strong>deos</strong></span> <span class='ocrx_word' id='word_1_19' title='bbox 747 515 1022 571; x_wconf 80' lang='lat' dir='ltr'><strong>iracundia</strong></span> <span class='ocrx_word' id='word_1_20' title='bbox 1062 517 1317 586; x_wconf 83' lang='lat' dir='ltr'><strong>percelli,</strong></span> <span class='ocrx_word' id='word_1_21' title='bbox 1364 517 1475 572; x_wconf 88' lang='lat' dir='ltr'><strong>illis</strong></span> <span class='ocrx_word' id='word_1_22' title='bbox 1512 533 1642 573; x_wconf 89' lang='lat' dir='ltr'><strong>sane</strong></span> <span class='ocrx_word' id='word_1_23' title='bbox 1678 533 1785 573; x_wconf 92' lang='lat' dir='ltr'><strong>non</strong></span> <span class='ocrx_word' id='word_1_24' title='bbox 1836 527 1962 572; x_wconf 88' lang='lat' dir='ltr'><strong>ante</strong></span> 
     </span>
    </p>
   </div>
   <div class='ocr_carea' id='block_1_6' title="bbox 362 608 1963 679">
    <p class='ocr_par' dir='ltr' id='par_1_6' title="bbox 362 608 1963 679">
     <span class='ocr_line' id='line_1_6' title="bbox 362 608 1963 679; baseline 0 -17"><span class='ocrx_word' id='word_1_25' title='bbox 362 619 685 679; x_wconf 86' lang='lat' dir='ltr'><strong>occupatum</strong></span> <span class='ocrx_word' id='word_1_26' title='bbox 731 608 1004 663; x_wconf 80' lang='lat' dir='ltr'><strong>iracundia</strong></span> <span class='ocrx_word' id='word_1_27' title='bbox 1045 610 1300 674; x_wconf 81' lang='lat' dir='ltr'><strong>animum</strong></span> <span class='ocrx_word' id='word_1_28' title='bbox 1335 609 1678 664; x_wconf 64' lang='lat' dir='ltr'><strong>immolanda:</strong></span> <span class='ocrx_word' id='word_1_29' title='bbox 1708 619 1836 664; x_wconf 86' lang='lat' dir='ltr'><strong>sunt</strong></span> <span class='ocrx_word' id='word_1_30' title='bbox 1863 608 1963 663; x_wconf 91' lang='lat' dir='ltr'><strong>ho-</strong></span> 
     </span>
    </p>
   </div>
   <div class='ocr_carea' id='block_1_7' title="bbox 362 700 1959 760">
    <p class='ocr_par' dir='ltr' id='par_1_7' title="bbox 362 700 1959 760">
     <span class='ocr_line' id='line_1_7' title="bbox 362 700 1959 760; baseline 0.003 -5"><span class='ocrx_word' id='word_1_31' title='bbox 362 702 498 756; x_wconf 69' lang='lat' dir='ltr'><strong>stiae.</strong></span> <span class='ocrx_word' id='word_1_32' title='bbox 528 700 644 758; x_wconf 92' lang='lat' dir='ltr'><strong>Non</strong></span> <span class='ocrx_word' id='word_1_33' title='bbox 689 702 834 758; x_wconf 89' lang='lat' dir='ltr'><strong>enim</strong></span> <span class='ocrx_word' id='word_1_34' title='bbox 871 703 978 759; x_wconf 81' lang='lat' dir='ltr'><strong>illis</strong></span> <span class='ocrx_word' id='word_1_35' title='bbox 1009 704 1150 759; x_wconf 88' lang='lat' dir='ltr'><strong>sicut</strong></span> <span class='ocrx_word' id='word_1_36' title='bbox 1175 702 1307 760; x_wconf 81' lang='lat' dir='ltr'><strong>feris</strong></span> <span class='ocrx_word' id='word_1_37' title='bbox 1331 712 1387 760; x_wconf 91' lang='lat' dir='ltr'><strong>et</strong></span> <span class='ocrx_word' id='word_1_38' title='bbox 1406 704 1596 760; x_wconf 88' lang='lat' dir='ltr'><strong>belluis</strong></span> <span class='ocrx_word' id='word_1_39' title='bbox 1626 705 1746 759; x_wconf 68' lang='lat' dir='ltr'><strong>otia:</strong></span> <span class='ocrx_word' id='word_1_40' title='bbox 1776 713 1829 759; x_wconf 91' lang='lat' dir='ltr'><strong>et</strong></span> <span class='ocrx_word' id='word_1_41' title='bbox 1851 705 1959 759; x_wconf 87' lang='lat' dir='ltr'><strong>cibi</strong></span> 
     </span>
    </p>
   </div>
   <div class='ocr_carea' id='block_1_8' title="bbox 362 792 1961 867">
    <p class='ocr_par' dir='ltr' id='par_1_8' title="bbox 362 792 1961 867">
     <span class='ocr_line' id='line_1_8' title="bbox 362 792 1961 867; baseline 0.004 -23"><span class='ocrx_word' id='word_1_42' title='bbox 362 792 646 860; x_wconf 83' lang='lat' dir='ltr'><strong>oil&#39;erendi,</strong></span> <span class='ocrx_word' id='word_1_43' title='bbox 677 809 746 850; x_wconf 92' lang='lat' dir='ltr'><strong>ne</strong></span> <span class='ocrx_word' id='word_1_44' title='bbox 777 809 966 850; x_wconf 89' lang='lat' dir='ltr'><strong>eorum</strong></span> <span class='ocrx_word' id='word_1_45' title='bbox 1001 795 1077 849; x_wconf 86' lang='lat' dir='ltr'><strong>ira</strong></span> <span class='ocrx_word' id='word_1_46' title='bbox 1111 795 1372 866; x_wconf 79' lang='lat' dir='ltr'><strong>furorque</strong></span> <span class='ocrx_word' id='word_1_47' title='bbox 1413 796 1738 852; x_wconf 85' lang='lat' dir='ltr'><strong>concitetur.</strong></span> <span class='ocrx_word' id='word_1_48' title='bbox 1774 795 1961 867; x_wconf 89' lang='lat' dir='ltr'><strong>Neque</strong></span> 
     </span>
    </p>
   </div>
   <div class='ocr_carea' id='block_1_9' title="bbox 361 887 1962 960">
    <p class='ocr_par' dir='ltr' id='par_1_9' title="bbox 361 887 1962 960">
     <span class='ocr_line' id='line_1_9' title="bbox 361 887 1962 960; baseline 0.002 -20"><span class='ocrx_word' id='word_1_49' title='bbox 361 887 522 940; x_wconf 87' lang='lat' dir='ltr'><strong>etiam</strong></span> <span class='ocrx_word' id='word_1_50' title='bbox 565 899 849 957; x_wconf 79' lang='lat' dir='ltr'><strong>postquam</strong></span> <span class='ocrx_word' id='word_1_51' title='bbox 886 899 1105 959; x_wconf 78' lang='lat' dir='ltr'><strong>propter</strong></span> <span class='ocrx_word' id='word_1_52' title='bbox 1136 889 1611 954; x_wconf 89' lang='lat' dir='ltr'><strong>bomuuculorum,</strong></span> <span class='ocrx_word' id='word_1_53' title='bbox 1640 892 1686 944; x_wconf 93' lang='lat' dir='ltr'><strong>si</strong></span> <span class='ocrx_word' id='word_1_54' title='bbox 1718 889 1835 944; x_wconf 81' lang='lat' dir='ltr'><strong>ﬁeri</strong></span> <span class='ocrx_word' id='word_1_55' title='bbox 1864 905 1962 960; x_wconf 84' lang='lat' dir='ltr'><strong>po-</strong></span> 
     </span>
    </p>
   </div>
   <div class='ocr_carea' id='block_1_10' title="bbox 362 982 1957 1056">
    <p class='ocr_par' dir='ltr' id='par_1_10' title="bbox 362 982 1957 1056">
     <span class='ocr_line' id='line_1_10' title="bbox 362 982 1957 1056; baseline 0.003 -22"><span class='ocrx_word' id='word_1_56' title='bbox 362 990 499 1048; x_wconf 88' lang='lat' dir='ltr'><strong>test,</strong></span> <span class='ocrx_word' id='word_1_57' title='bbox 532 982 887 1040; x_wconf 78' lang='lat' dir='ltr'><strong>oifeusionem</strong></span> <span class='ocrx_word' id='word_1_58' title='bbox 921 985 997 1038; x_wconf 83' lang='lat' dir='ltr'><strong>ira</strong></span> <span class='ocrx_word' id='word_1_59' title='bbox 1031 984 1411 1040; x_wconf 85' lang='lat' dir='ltr'><strong>incenduntur.</strong></span> <span class='ocrx_word' id='word_1_60' title='bbox 1439 982 1572 1039; x_wconf 91' lang='lat' dir='ltr'><strong>Nam</strong></span> <span class='ocrx_word' id='word_1_61' title='bbox 1599 995 1957 1056; x_wconf 67' lang='lat' dir='ltr'><strong>praeterquam</strong></span> 
     </span>
    </p>
   </div>
   <div class='ocr_carea' id='block_1_11' title="bbox 360 1074 1959 1147">
    <p class='ocr_par' dir='ltr' id='par_1_11' title="bbox 360 1074 1959 1147">
     <span class='ocr_line' id='line_1_11' title="bbox 360 1074 1959 1147; baseline 0.003 -21"><span class='ocrx_word' id='word_1_62' title='bbox 360 1074 503 1145; x_wconf 91' lang='lat' dir='ltr'><strong>quod</strong></span> <span class='ocrx_word' id='word_1_63' title='bbox 533 1075 670 1130; x_wconf 85' lang='lat' dir='ltr'><strong>nihil</strong></span> <span class='ocrx_word' id='word_1_64' title='bbox 699 1091 761 1132; x_wconf 89' lang='lat' dir='ltr'><strong>ea</strong></span> <span class='ocrx_word' id='word_1_65' title='bbox 790 1075 858 1132; x_wconf 90' lang='lat' dir='ltr'><strong>de</strong></span> <span class='ocrx_word' id='word_1_66' title='bbox 887 1090 946 1131; x_wconf 91' lang='lat' dir='ltr'><strong>re</strong></span> <span class='ocrx_word' id='word_1_67' title='bbox 985 1076 1057 1131; x_wconf 90' lang='lat' dir='ltr'><strong>dii</strong></span> <span class='ocrx_word' id='word_1_68' title='bbox 1110 1092 1362 1147; x_wconf 80' lang='lat' dir='ltr'><strong>umquam</strong></span> <span class='ocrx_word' id='word_1_69' title='bbox 1394 1085 1730 1141; x_wconf 87' lang='lat' dir='ltr'><strong>statuerunt,</strong></span> <span class='ocrx_word' id='word_1_70' title='bbox 1760 1076 1959 1132; x_wconf 86' lang='lat' dir='ltr'><strong>nemini</strong></span> 
     </span>
    </p>
   </div>
   <div class='ocr_carea' id='block_1_12' title="bbox 363 1166 1962 1240">
    <p class='ocr_par' dir='ltr' id='par_1_12' title="bbox 363 1166 1962 1240">
     <span class='ocr_line' id='line_1_12' title="bbox 363 1166 1962 1240; baseline 0.001 -19"><span class='ocrx_word' id='word_1_71' title='bbox 363 1166 678 1236; x_wconf 79' lang='lat' dir='ltr'><strong>probabitur</strong></span> <span class='ocrx_word' id='word_1_72' title='bbox 708 1183 805 1224; x_wconf 91' lang='lat' dir='ltr'><strong>eos</strong></span> <span class='ocrx_word' id='word_1_73' title='bbox 835 1177 1066 1224; x_wconf 87' lang='lat' dir='ltr'><strong>mactata</strong></span> <span class='ocrx_word' id='word_1_74' title='bbox 1092 1179 1147 1225; x_wconf 90' lang='lat' dir='ltr'><strong>et</strong></span> <span class='ocrx_word' id='word_1_75' title='bbox 1173 1169 1352 1225; x_wconf 87' lang='lat' dir='ltr'><strong>oblata</strong></span> <span class='ocrx_word' id='word_1_76' title='bbox 1389 1169 1566 1240; x_wconf 90' lang='lat' dir='ltr'><strong>aliqua</strong></span> <span class='ocrx_word' id='word_1_77' title='bbox 1609 1169 1837 1240; x_wconf 85' lang='lat' dir='ltr'><strong>pecude,</strong></span> <span class='ocrx_word' id='word_1_78' title='bbox 1865 1175 1962 1224; x_wconf 89' lang='lat' dir='ltr'><strong>aut</strong></span> 
     </span>
    </p>
   </div>
   <div class='ocr_carea' id='block_1_13' title="bbox 299 1259 1962 1330">
    <p class='ocr_par' dir='ltr' id='par_1_13' title="bbox 299 1259 1962 1330">
     <span class='ocr_line' id='line_1_13' title="bbox 299 1259 1962 1330; baseline 0.002 -18"><span class='ocrx_word' id='word_1_79' title='bbox 299 1317 307 1325; x_wconf 88' lang='lat'><em>_</em></span> <span class='ocrx_word' id='word_1_80' title='bbox 362 1259 497 1313; x_wconf 90' lang='lat' dir='ltr'><strong>iram</strong></span> <span class='ocrx_word' id='word_1_81' title='bbox 530 1273 753 1330; x_wconf 90' lang='lat' dir='ltr'><strong>ponere,</strong></span> <span class='ocrx_word' id='word_1_82' title='bbox 794 1272 886 1314; x_wconf 91' lang='lat' dir='ltr'><strong>aut</strong></span> <span class='ocrx_word' id='word_1_83' title='bbox 927 1260 1244 1330; x_wconf 87' lang='lat' dir='ltr'><strong>injuriarum</strong></span> <span class='ocrx_word' id='word_1_84' title='bbox 1295 1275 1515 1316; x_wconf 90' lang='lat' dir='ltr'><strong>suarum</strong></span> <span class='ocrx_word' id='word_1_85' title='bbox 1546 1261 1790 1318; x_wconf 78' lang='lat' dir='ltr'><strong>oblivisci</strong></span> <span class='ocrx_word' id='word_1_86' title='bbox 1826 1277 1840 1316; x_wconf 75' lang='grc' dir='ltr'>ε</span> <span class='ocrx_word' id='word_1_87' title='bbox 1870 1270 1962 1316; x_wconf 88' lang='lat' dir='ltr'><strong>aut</strong></span> 
     </span>
    </p>
   </div>
   <div class='ocr_carea' id='block_1_14' title="bbox 364 1351 1960 1424">
    <p class='ocr_par' dir='ltr' id='par_1_14' title="bbox 364 1351 1960 1424">
     <span class='ocr_line' id='line_1_14' title="bbox 364 1351 1960 1424; baseline 0.002 -19"><span class='ocrx_word' id='word_1_88' title='bbox 364 1351 447 1406; x_wconf 90' lang='lat' dir='ltr'><strong>his</strong></span> <span class='ocrx_word' id='word_1_89' title='bbox 473 1353 772 1419; x_wconf 89' lang='lat' dir='ltr'><strong>sacriﬁciis,</strong></span> <span class='ocrx_word' id='word_1_90' title='bbox 805 1363 1074 1422; x_wconf 77' lang='lat' dir='ltr'><strong>tamquam</strong></span> <span class='ocrx_word' id='word_1_91' title='bbox 1099 1362 1250 1424; x_wconf 87' lang='lat' dir='ltr'><strong>pacta</strong></span> <span class='ocrx_word' id='word_1_92' title='bbox 1276 1353 1524 1410; x_wconf 83' lang='lat' dir='ltr'><strong>mercede</strong></span> <span class='ocrx_word' id='word_1_93' title='bbox 1551 1354 1681 1410; x_wconf 89' lang='lat' dir='ltr'><strong>dare</strong></span> <span class='ocrx_word' id='word_1_94' title='bbox 1711 1362 1960 1424; x_wconf 83' lang='lat' dir='ltr'><strong>peccato-</strong></span> 
     </span>
    </p>
   </div>
   <div class='ocr_carea' id='block_1_15' title="bbox 363 1449 1958 1506">
    <p class='ocr_par' dir='ltr' id='par_1_15' title="bbox 363 1449 1958 1506">
     <span class='ocr_line' id='line_1_15' title="bbox 363 1449 1958 1506; baseline 0.003 -4"><span class='ocrx_word' id='word_1_95' title='bbox 363 1463 480 1502; x_wconf 91' lang='lat' dir='ltr'><strong>rum</strong></span> <span class='ocrx_word' id='word_1_96' title='bbox 525 1449 577 1502; x_wconf 91' lang='lat' dir='ltr'><strong>in</strong></span> <span class='ocrx_word' id='word_1_97' title='bbox 626 1463 685 1504; x_wconf 90' lang='lat' dir='ltr'><strong>se</strong></span> <span class='ocrx_word' id='word_1_98' title='bbox 733 1449 1147 1505; x_wconf 90' lang='lat' dir='ltr'><strong>commissorum</strong></span> <span class='ocrx_word' id='word_1_99' title='bbox 1197 1451 1432 1506; x_wconf 77' lang='lat' dir='ltr'><strong>veniam.</strong></span> <span class='ocrx_word' id='word_1_100' title='bbox 1481 1449 1764 1506; x_wconf 86' lang='lat' dir='ltr'><strong>Cresceret</strong></span> <span class='ocrx_word' id='word_1_101' title='bbox 1815 1451 1958 1506; x_wconf 89' lang='lat' dir='ltr'><strong>enim</strong></span> 
     </span>
    </p>
   </div>
   <div class='ocr_carea' id='block_1_16' title="bbox 364 1541 1964 1614">
    <p class='ocr_par' dir='ltr' id='par_1_16' title="bbox 364 1541 1964 1614">
     <span class='ocr_line' id='line_1_16' title="bbox 364 1541 1964 1614; baseline 0.001 -17"><span class='ocrx_word' id='word_1_102' title='bbox 364 1541 651 1598; x_wconf 89' lang='lat' dir='ltr'><strong>multitudo</strong></span> <span class='ocrx_word' id='word_1_103' title='bbox 702 1544 1039 1614; x_wconf 89' lang='lat' dir='ltr'><strong>peccantium</strong></span> <span class='ocrx_word' id='word_1_104' title='bbox 1079 1543 1383 1613; x_wconf 90' lang='lat' dir='ltr'><strong>hominum,</strong></span> <span class='ocrx_word' id='word_1_105' title='bbox 1413 1544 1457 1600; x_wconf 90' lang='lat' dir='ltr'><strong>si</strong></span> <span class='ocrx_word' id='word_1_106' title='bbox 1487 1546 1564 1600; x_wconf 91' lang='lat' dir='ltr'><strong>sic</strong></span> <span class='ocrx_word' id='word_1_107' title='bbox 1587 1544 1794 1600; x_wconf 81' lang='lat' dir='ltr'><strong>venalis</strong></span> <span class='ocrx_word' id='word_1_108' title='bbox 1818 1552 1964 1600; x_wconf 85' lang='lat' dir='ltr'><strong>esset</strong></span> 
     </span>
    </p>
   </div>
   <div class='ocr_carea' id='block_1_17' title="bbox 363 1635 1963 1710">
    <p class='ocr_par' dir='ltr' id='par_1_17' title="bbox 363 1635 1963 1710">
     <span class='ocr_line' id='line_1_17' title="bbox 363 1635 1963 1710; baseline 0 -19"><span class='ocrx_word' id='word_1_109' title='bbox 363 1635 589 1692; x_wconf 89' lang='lat' dir='ltr'><strong>deorum</strong></span> <span class='ocrx_word' id='word_1_110' title='bbox 617 1637 1013 1708; x_wconf 89' lang='lat' dir='ltr'><strong>ignoscentium</strong></span> <span class='ocrx_word' id='word_1_111' title='bbox 1043 1639 1238 1710; x_wconf 88' lang='lat' dir='ltr'><strong>gratia.</strong></span> <span class='ocrx_word' id='word_1_112' title='bbox 1284 1637 1400 1694; x_wconf 81' lang='lat' dir='ltr'><strong>line</strong></span> <span class='ocrx_word' id='word_1_113' title='bbox 1428 1637 1656 1707; x_wconf 80' lang='lat' dir='ltr'><strong>accedit,</strong></span> <span class='ocrx_word' id='word_1_114' title='bbox 1688 1637 1833 1708; x_wconf 92' lang='lat' dir='ltr'><strong>quod</strong></span> <span class='ocrx_word' id='word_1_115' title='bbox 1863 1636 1963 1692; x_wconf 89' lang='lat' dir='ltr'><strong>ini-</strong></span> 
     </span>
    </p>
   </div>
   <div class='ocr_carea' id='block_1_18' title="bbox 365 1730 1964 1804">
    <p class='ocr_par' dir='ltr' id='par_1_18' title="bbox 365 1730 1964 1804">
     <span class='ocr_line' id='line_1_18' title="bbox 365 1730 1964 1804; baseline 0.002 -20"><span class='ocrx_word' id='word_1_116' title='bbox 365 1746 528 1800; x_wconf 90' lang='lat' dir='ltr'><strong>quum</strong></span> <span class='ocrx_word' id='word_1_117' title='bbox 557 1730 766 1787; x_wconf 88' lang='lat' dir='ltr'><strong>videtur</strong></span> <span class='ocrx_word' id='word_1_118' title='bbox 793 1731 1058 1788; x_wconf 90' lang='lat' dir='ltr'><strong>innocens</strong></span> <span class='ocrx_word' id='word_1_119' title='bbox 1105 1731 1302 1788; x_wconf 89' lang='lat' dir='ltr'><strong>animal</strong></span> <span class='ocrx_word' id='word_1_120' title='bbox 1345 1748 1442 1804; x_wconf 91' lang='lat' dir='ltr'><strong>pro</strong></span> <span class='ocrx_word' id='word_1_121' title='bbox 1471 1733 1692 1789; x_wconf 91' lang='lat' dir='ltr'><strong>homine</strong></span> <span class='ocrx_word' id='word_1_122' title='bbox 1719 1731 1880 1788; x_wconf 80' lang='lat' dir='ltr'><strong>noxio</strong></span> <span class='ocrx_word' id='word_1_123' title='bbox 1908 1741 1964 1787; x_wconf 90' lang='lat' dir='ltr'><strong>et</strong></span> 
     </span>
    </p>
   </div>
   <div class='ocr_carea' id='block_1_19' title="bbox 365 1827 873 1896">
    <p class='ocr_par' dir='ltr' id='par_1_19' title="bbox 365 1827 873 1896">
     <span class='ocr_line' id='line_1_19' title="bbox 365 1827 873 1896; baseline 0.002 -15"><span class='ocrx_word' id='word_1_124' title='bbox 365 1837 650 1896; x_wconf 89' lang='lat' dir='ltr'><strong>peccatore</strong></span> <span class='ocrx_word' id='word_1_125' title='bbox 675 1827 873 1882; x_wconf 90' lang='lat' dir='ltr'><strong>occidi.</strong></span> 
     </span>
    </p>
   </div>
   <div class='ocr_carea' id='block_1_20' title="bbox 436 1918 1964 1991">
    <p class='ocr_par' dir='ltr' id='par_1_20' title="bbox 436 1918 1964 1991">
     <span class='ocr_line' id='line_1_20' title="bbox 436 1918 1964 1991; baseline 0.001 -18"><span class='ocrx_word' id='word_1_126' title='bbox 436 1918 545 1974; x_wconf 90' lang='lat' dir='ltr'><strong>Nec</strong></span> <span class='ocrx_word' id='word_1_127' title='bbox 573 1932 654 1976; x_wconf 90' lang='lat' dir='ltr'><strong>est</strong></span> <span class='ocrx_word' id='word_1_128' title='bbox 676 1932 846 1986; x_wconf 91' lang='lat' dir='ltr'><strong>certe,</strong></span> <span class='ocrx_word' id='word_1_129' title='bbox 879 1919 1021 1991; x_wconf 89' lang='lat' dir='ltr'><strong>quod</strong></span> <span class='ocrx_word' id='word_1_130' title='bbox 1051 1919 1172 1991; x_wconf 86' lang='lat' dir='ltr'><strong>quis</strong></span> <span class='ocrx_word' id='word_1_131' title='bbox 1201 1929 1392 1991; x_wconf 79' lang='lat' dir='ltr'><strong>arguat</strong></span> <span class='ocrx_word' id='word_1_132' title='bbox 1413 1918 1618 1976; x_wconf 89' lang='lat' dir='ltr'><strong>hostias</strong></span> <span class='ocrx_word' id='word_1_133' title='bbox 1639 1919 1743 1975; x_wconf 89' lang='lat' dir='ltr'><strong>diis</strong></span> <span class='ocrx_word' id='word_1_134' title='bbox 1773 1919 1964 1974; x_wconf 87' lang='lat' dir='ltr'><strong>immo-</strong></span> 
     </span>
    </p>
   </div>
   <div class='ocr_carea' id='block_1_21' title="bbox 365 2010 1963 2082">
    <p class='ocr_par' dir='ltr' id='par_1_21' title="bbox 365 2010 1963 2082">
     <span class='ocr_line' id='line_1_21' title="bbox 365 2010 1963 2082; baseline 0.001 -17"><span class='ocrx_word' id='word_1_135' title='bbox 365 2010 483 2074; x_wconf 81' lang='lat' dir='ltr'><strong>lari;</strong></span> <span class='ocrx_word' id='word_1_136' title='bbox 504 2021 558 2066; x_wconf 93' lang='lat' dir='ltr'><strong>ut</strong></span> <span class='ocrx_word' id='word_1_137' title='bbox 577 2028 664 2068; x_wconf 89' lang='lat' dir='ltr'><strong>res</strong></span> <span class='ocrx_word' id='word_1_138' title='bbox 688 2013 923 2066; x_wconf 88' lang='lat' dir='ltr'><strong>tribuant</strong></span> <span class='ocrx_word' id='word_1_139' title='bbox 945 2026 1254 2082; x_wconf 86' lang='lat' dir='ltr'><strong>prosperas,</strong></span> <span class='ocrx_word' id='word_1_140' title='bbox 1275 2023 1329 2068; x_wconf 88' lang='lat' dir='ltr'><strong>et</strong></span> <span class='ocrx_word' id='word_1_141' title='bbox 1347 2011 1601 2068; x_wconf 87' lang='lat' dir='ltr'><strong>adversas</strong></span> <span class='ocrx_word' id='word_1_142' title='bbox 1625 2023 1963 2068; x_wconf 89' lang='lat' dir='ltr'><strong>removeant.</strong></span> 
     </span>
    </p>
   </div>
   <div class='ocr_carea' id='block_1_22' title="bbox 365 2103 1966 2177">
    <p class='ocr_par' dir='ltr' id='par_1_22' title="bbox 365 2103 1966 2177">
     <span class='ocr_line' id='line_1_22' title="bbox 365 2103 1966 2177; baseline -0.001 -17"><span class='ocrx_word' id='word_1_143' title='bbox 365 2103 498 2160; x_wconf 89' lang='lat' dir='ltr'><strong>Nam</strong></span> <span class='ocrx_word' id='word_1_144' title='bbox 544 2115 904 2177; x_wconf 76' lang='lat' dir='ltr'><strong>prmterquam</strong></span> <span class='ocrx_word' id='word_1_145' title='bbox 956 2105 1099 2176; x_wconf 89' lang='lat' dir='ltr'><strong>quod</strong></span> <span class='ocrx_word' id='word_1_146' title='bbox 1173 2105 1472 2162; x_wconf 86' lang='lat' dir='ltr'><strong>doctissimi</strong></span> <span class='ocrx_word' id='word_1_147' title='bbox 1525 2107 1664 2162; x_wconf 86' lang='lat' dir='ltr'><strong>inter</strong></span> <span class='ocrx_word' id='word_1_148' title='bbox 1720 2105 1966 2162; x_wconf 75' lang='lat' dir='ltr'><strong>ethnicos</strong></span> 
     </span>
    </p>
   </div>
   <div class='ocr_carea' id='block_1_23' title="bbox 367 2199 1965 2270">
    <p class='ocr_par' dir='ltr' id='par_1_23' title="bbox 367 2199 1965 2270">
     <span class='ocr_line' id='line_1_23' title="bbox 367 2199 1965 2270; baseline 0.003 -19"><span class='ocrx_word' id='word_1_149' title='bbox 367 2199 672 2270; x_wconf 88' lang='lat' dir='ltr'><strong>philosophi</strong></span> <span class='ocrx_word' id='word_1_150' title='bbox 725 2200 834 2255; x_wconf 77' lang='lat' dir='ltr'><strong>fato</strong></span> <span class='ocrx_word' id='word_1_151' title='bbox 893 2202 1072 2255; x_wconf 86' lang='lat' dir='ltr'><strong>omnia</strong></span> <span class='ocrx_word' id='word_1_152' title='bbox 1133 2199 1250 2256; x_wconf 85' lang='lat' dir='ltr'><strong>ﬁeri</strong></span> <span class='ocrx_word' id='word_1_153' title='bbox 1313 2201 1756 2267; x_wconf 84' lang='lat' dir='ltr'><strong>arbitrabantur,</strong></span> <span class='ocrx_word' id='word_1_154' title='bbox 1811 2209 1965 2256; x_wconf 89' lang='lat' dir='ltr'><strong>certe</strong></span> 
     </span>
    </p>
   </div>
   <div class='ocr_carea' id='block_1_24' title="bbox 365 2293 1967 2363">
    <p class='ocr_par' dir='ltr' id='par_1_24' title="bbox 365 2293 1967 2363">
     <span class='ocr_line' id='line_1_24' title="bbox 365 2293 1967 2363; baseline 0.001 -17"><span class='ocrx_word' id='word_1_155' title='bbox 365 2294 409 2346; x_wconf 86' lang='lat' dir='ltr'><strong>si</strong></span> <span class='ocrx_word' id='word_1_156' title='bbox 468 2308 632 2363; x_wconf 90' lang='lat' dir='ltr'><strong>penes</strong></span> <span class='ocrx_word' id='word_1_157' title='bbox 678 2293 812 2348; x_wconf 90' lang='lat' dir='ltr'><strong>deos</strong></span> <span class='ocrx_word' id='word_1_158' title='bbox 859 2294 929 2348; x_wconf 88' lang='lat' dir='ltr'><strong>sit</strong></span> <span class='ocrx_word' id='word_1_159' title='bbox 978 2294 1214 2349; x_wconf 89' lang='lat' dir='ltr'><strong>secunda</strong></span> <span class='ocrx_word' id='word_1_160' title='bbox 1268 2301 1324 2349; x_wconf 91' lang='lat' dir='ltr'><strong>et</strong></span> <span class='ocrx_word' id='word_1_161' title='bbox 1370 2294 1597 2349; x_wconf 85' lang='lat' dir='ltr'><strong>adversa</strong></span> <span class='ocrx_word' id='word_1_162' title='bbox 1659 2293 1967 2350; x_wconf 90' lang='lat' dir='ltr'><strong>hominibus</strong></span> 
     </span>
    </p>
   </div>
   <div class='ocr_carea' id='block_1_25' title="bbox 369 2383 1967 2456">
    <p class='ocr_par' dir='ltr' id='par_1_25' title="bbox 369 2383 1967 2456">
     <span class='ocr_line' id='line_1_25' title="bbox 369 2383 1967 2456; baseline 0.002 -20"><span class='ocrx_word' id='word_1_163' title='bbox 369 2385 622 2452; x_wconf 88' lang='lat' dir='ltr'><strong>tribuere,</strong></span> <span class='ocrx_word' id='word_1_164' title='bbox 658 2399 755 2440; x_wconf 91' lang='lat' dir='ltr'><strong>cur</strong></span> <span class='ocrx_word' id='word_1_165' title='bbox 787 2395 894 2438; x_wconf 91' lang='lat' dir='ltr'><strong>tam</strong></span> <span class='ocrx_word' id='word_1_166' title='bbox 924 2383 1134 2455; x_wconf 89' lang='lat' dir='ltr'><strong>ingrato</strong></span> <span class='ocrx_word' id='word_1_167' title='bbox 1173 2385 1355 2440; x_wconf 89' lang='lat' dir='ltr'><strong>animo</strong></span> <span class='ocrx_word' id='word_1_168' title='bbox 1387 2386 1569 2441; x_wconf 90' lang='lat' dir='ltr'><strong>sinunt</strong></span> <span class='ocrx_word' id='word_1_169' title='bbox 1618 2384 1878 2456; x_wconf 88' lang='lat' dir='ltr'><strong>plurimos</strong></span> <span class='ocrx_word' id='word_1_170' title='bbox 1903 2399 1967 2439; x_wconf 86' lang='lat' dir='ltr'><strong>ac</strong></span> 
     </span>
    </p>
   </div>
   <div class='ocr_carea' id='block_1_26' title="bbox 369 2476 1968 2548">
    <p class='ocr_par' dir='ltr' id='par_1_26' title="bbox 369 2476 1968 2548">
     <span class='ocr_line' id='line_1_26' title="bbox 369 2476 1968 2548; baseline -0.001 -16"><span class='ocrx_word' id='word_1_171' title='bbox 369 2477 482 2532; x_wconf 78' lang='lat' dir='ltr'><strong>fere</strong></span> <span class='ocrx_word' id='word_1_172' title='bbox 512 2477 840 2544; x_wconf 88' lang='lat' dir='ltr'><strong>innumeros,</strong></span> <span class='ocrx_word' id='word_1_173' title='bbox 874 2476 964 2547; x_wconf 88' lang='lat' dir='ltr'><strong>qui</strong></span> <span class='ocrx_word' id='word_1_174' title='bbox 1007 2477 1278 2548; x_wconf 80' lang='lat' dir='ltr'><strong>perpetuis</strong></span> <span class='ocrx_word' id='word_1_175' title='bbox 1322 2476 1603 2532; x_wconf 87' lang='lat' dir='ltr'><strong>sacriﬁciis</strong></span> <span class='ocrx_word' id='word_1_176' title='bbox 1645 2485 1700 2535; x_wconf 91' lang='lat' dir='ltr'><strong>et</strong></span> <span class='ocrx_word' id='word_1_177' title='bbox 1737 2476 1968 2531; x_wconf 83' lang='lat' dir='ltr'><strong>victimis</strong></span> 
     </span>
    </p>
   </div>
   <div class='ocr_carea' id='block_1_27' title="bbox 367 2565 1968 2640">
    <p class='ocr_par' dir='ltr' id='par_1_27' title="bbox 367 2565 1968 2640">
     <span class='ocr_line' id='line_1_27' title="bbox 367 2565 1968 2640; baseline -0.002 -18"><span class='ocrx_word' id='word_1_178' title='bbox 367 2585 490 2624; x_wconf 85' lang='lat' dir='ltr'><strong>aras</strong></span> <span class='ocrx_word' id='word_1_179' title='bbox 515 2569 734 2625; x_wconf 90' lang='lat' dir='ltr'><strong>illorum</strong></span> <span class='ocrx_word' id='word_1_180' title='bbox 763 2577 1012 2635; x_wconf 86' lang='lat' dir='ltr'><strong>onerant,</strong></span> <span class='ocrx_word' id='word_1_181' title='bbox 1048 2567 1114 2623; x_wconf 92' lang='lat' dir='ltr'><strong>ad</strong></span> <span class='ocrx_word' id='word_1_182' title='bbox 1142 2577 1415 2623; x_wconf 82' lang='lat' dir='ltr'><strong>extremas</strong></span> <span class='ocrx_word' id='word_1_183' title='bbox 1441 2567 1718 2640; x_wconf 85' lang='lat' dir='ltr'><strong>angustias</strong></span> <span class='ocrx_word' id='word_1_184' title='bbox 1748 2565 1968 2638; x_wconf 79' lang='lat' dir='ltr'><strong>redigi?</strong></span> 
     </span>
    </p>
   </div>
   <div class='ocr_carea' id='block_1_28' title="bbox 370 2657 1965 2719">
    <p class='ocr_par' dir='ltr' id='par_1_28' title="bbox 370 2657 1965 2719">
     <span class='ocr_line' id='line_1_28' title="bbox 370 2657 1965 2719; baseline 0.003 -4"><span class='ocrx_word' id='word_1_185' title='bbox 370 2659 574 2716; x_wconf 83' lang='lat' dir='ltr'><strong>Deinde</strong></span> <span class='ocrx_word' id='word_1_186' title='bbox 619 2676 748 2714; x_wconf 87' lang='lat' dir='ltr'><strong>vero</strong></span> <span class='ocrx_word' id='word_1_187' title='bbox 777 2659 923 2715; x_wconf 92' lang='lat' dir='ltr'><strong>dictu</strong></span> <span class='ocrx_word' id='word_1_188' title='bbox 951 2658 1248 2714; x_wconf 90' lang='lat' dir='ltr'><strong>absurdum</strong></span> <span class='ocrx_word' id='word_1_189' title='bbox 1278 2668 1363 2714; x_wconf 91' lang='lat' dir='ltr'><strong>est</strong></span> <span class='ocrx_word' id='word_1_190' title='bbox 1398 2657 1532 2715; x_wconf 90' lang='lat' dir='ltr'><strong>deos</strong></span> <span class='ocrx_word' id='word_1_191' title='bbox 1575 2659 1965 2719; x_wconf 76' lang='lat' dir='ltr'><strong>sacriﬁciorum</strong></span> 
     </span>
    </p>
   </div>
   <div class='ocr_carea' id='block_1_29' title="bbox 370 2751 1968 2824">
    <p class='ocr_par' dir='ltr' id='par_1_29' title="bbox 370 2751 1968 2824">
     <span class='ocr_line' id='line_1_29' title="bbox 370 2751 1968 2824; baseline 0.002 -21"><span class='ocrx_word' id='word_1_192' title='bbox 370 2752 544 2824; x_wconf 89' lang='lat' dir='ltr'><strong>pretio</strong></span> <span class='ocrx_word' id='word_1_193' title='bbox 573 2751 836 2808; x_wconf 87' lang='lat' dir='ltr'><strong>beneﬁcia</strong></span> <span class='ocrx_word' id='word_1_194' title='bbox 870 2768 965 2808; x_wconf 87' lang='lat' dir='ltr'><strong>sua</strong></span> <span class='ocrx_word' id='word_1_195' title='bbox 1010 2751 1266 2807; x_wconf 88' lang='lat' dir='ltr'><strong>vendere.</strong></span> <span class='ocrx_word' id='word_1_196' title='bbox 1303 2751 1460 2808; x_wconf 83' lang='lat' dir='ltr'><strong>Dives</strong></span> <span class='ocrx_word' id='word_1_197' title='bbox 1499 2753 1642 2807; x_wconf 89' lang='lat' dir='ltr'><strong>enim</strong></span> <span class='ocrx_word' id='word_1_198' title='bbox 1674 2752 1766 2823; x_wconf 88' lang='lat' dir='ltr'><strong>qui</strong></span> <span class='ocrx_word' id='word_1_199' title='bbox 1795 2751 1968 2821; x_wconf 90' lang='lat' dir='ltr'><strong>pluri-</strong></span> 
     </span>
    </p>
   </div>
   <div class='ocr_carea' id='block_1_30' title="bbox 369 2842 1968 2916">
    <p class='ocr_par' dir='ltr' id='par_1_30' title="bbox 369 2842 1968 2916">
     <span class='ocr_line' id='line_1_30' title="bbox 369 2842 1968 2916; baseline -0.002 -15"><span class='ocrx_word' id='word_1_200' title='bbox 369 2863 484 2902; x_wconf 80' lang='lat' dir='ltr'><strong>mas</strong></span> <span class='ocrx_word' id='word_1_201' title='bbox 531 2853 794 2902; x_wconf 87' lang='lat' dir='ltr'><strong>mactaret</strong></span> <span class='ocrx_word' id='word_1_202' title='bbox 821 2844 1044 2911; x_wconf 86' lang='lat' dir='ltr'><strong>hostias,</strong></span> <span class='ocrx_word' id='word_1_203' title='bbox 1081 2844 1233 2916; x_wconf 88' lang='lat' dir='ltr'><strong>plura</strong></span> <span class='ocrx_word' id='word_1_204' title='bbox 1263 2843 1486 2900; x_wconf 89' lang='lat' dir='ltr'><strong>deberet</strong></span> <span class='ocrx_word' id='word_1_205' title='bbox 1513 2861 1543 2899; x_wconf 89' lang='lat' dir='ltr'><strong>a</strong></span> <span class='ocrx_word' id='word_1_206' title='bbox 1572 2844 1676 2900; x_wconf 89' lang='lat' dir='ltr'><strong>diis</strong></span> <span class='ocrx_word' id='word_1_207' title='bbox 1709 2842 1968 2900; x_wconf 75' lang='lat' dir='ltr'><strong>beneﬁcia</strong></span> 
     </span>
    </p>
   </div>
   <div class='ocr_carea' id='block_1_31' title="bbox 367 2935 1971 3011">
    <p class='ocr_par' dir='ltr' id='par_1_31' title="bbox 367 2935 1971 3011">
     <span class='ocr_line' id='line_1_31' title="bbox 367 2935 1971 3011; baseline -0.002 -17"><span class='ocrx_word' id='word_1_208' title='bbox 367 2939 654 3011; x_wconf 88' lang='lat' dir='ltr'><strong>accipere,</strong></span> <span class='ocrx_word' id='word_1_209' title='bbox 699 2938 845 2994; x_wconf 88' lang='lat' dir='ltr'><strong>nulla</strong></span> <span class='ocrx_word' id='word_1_210' title='bbox 901 2955 1030 2995; x_wconf 89' lang='lat' dir='ltr'><strong>vero</strong></span> <span class='ocrx_word' id='word_1_211' title='bbox 1079 2947 1172 2993; x_wconf 90' lang='lat' dir='ltr'><strong>aut</strong></span> <span class='ocrx_word' id='word_1_212' title='bbox 1213 2938 1539 3009; x_wconf 82' lang='lat' dir='ltr'><strong>paucissima</strong></span> <span class='ocrx_word' id='word_1_213' title='bbox 1589 2952 1832 3009; x_wconf 86' lang='lat' dir='ltr'><strong>pauper,</strong></span> <span class='ocrx_word' id='word_1_214' title='bbox 1880 2935 1971 3008; x_wconf 88' lang='lat' dir='ltr'><strong>qtti</strong></span> 
     </span>
    </p>
   </div>
   <div class='ocr_carea' id='block_1_32' title="bbox 368 3027 1971 3102">
    <p class='ocr_par' dir='ltr' id='par_1_32' title="bbox 368 3027 1971 3102">
     <span class='ocr_line' id='line_1_32' title="bbox 368 3027 1971 3102; baseline -0.002 -15"><span class='ocrx_word' id='word_1_215' title='bbox 368 3033 618 3102; x_wconf 79' lang='lat' dir='ltr'><strong>exiguum</strong></span> <span class='ocrx_word' id='word_1_216' title='bbox 651 3031 776 3086; x_wconf 91' lang='lat' dir='ltr'><strong>thus</strong></span> <span class='ocrx_word' id='word_1_217' title='bbox 803 3029 1043 3086; x_wconf 75' lang='lat' dir='ltr'><strong>offerret.</strong></span> <span class='ocrx_word' id='word_1_218' title='bbox 1074 3030 1347 3085; x_wconf 79' lang='lat' dir='ltr'><strong>Przeterea</strong></span> <span class='ocrx_word' id='word_1_219' title='bbox 1374 3029 1418 3084; x_wconf 92' lang='lat' dir='ltr'><strong>si</strong></span> <span class='ocrx_word' id='word_1_220' title='bbox 1447 3028 1555 3084; x_wconf 89' lang='lat' dir='ltr'><strong>duo</strong></span> <span class='ocrx_word' id='word_1_221' title='bbox 1586 3028 1794 3100; x_wconf 87' lang='lat' dir='ltr'><strong>populi,</strong></span> <span class='ocrx_word' id='word_1_222' title='bbox 1823 3027 1971 3084; x_wconf 89' lang='lat' dir='ltr'><strong>bello</strong></span> 
     </span>
    </p>
   </div>
   <div class='ocr_carea' id='block_1_33' title="bbox 369 3120 1969 3193">
    <p class='ocr_par' dir='ltr' id='par_1_33' title="bbox 369 3120 1969 3193">
     <span class='ocr_line' id='line_1_33' title="bbox 369 3120 1969 3193; baseline -0.002 -15"><span class='ocrx_word' id='word_1_223' title='bbox 369 3124 730 3191; x_wconf 84' lang='lat' dir='ltr'><strong>decertantes,</strong></span> <span class='ocrx_word' id='word_1_224' title='bbox 768 3123 958 3180; x_wconf 86' lang='lat' dir='ltr'><strong>eadem</strong></span> <span class='ocrx_word' id='word_1_225' title='bbox 999 3123 1212 3193; x_wconf 89' lang='lat' dir='ltr'><strong>penitus</strong></span> <span class='ocrx_word' id='word_1_226' title='bbox 1257 3122 1361 3178; x_wconf 91' lang='lat' dir='ltr'><strong>diis</strong></span> <span class='ocrx_word' id='word_1_227' title='bbox 1402 3122 1644 3178; x_wconf 74' lang='lat' dir='ltr'><strong>facerent</strong></span> <span class='ocrx_word' id='word_1_228' title='bbox 1682 3120 1969 3189; x_wconf 73' lang='lat' dir='ltr'><strong>sacriﬁcia,</strong></span> 
     </span>
    </p>
   </div>
   <div class='ocr_carea' id='block_1_34' title="bbox 2064 517 3666 588">
    <p class='ocr_par' dir='ltr' id='par_1_34' title="bbox 2064 517 3666 588">
     <span class='ocr_line' id='line_1_34' title="bbox 2064 517 3666 588; baseline 0.002 -17"><span class='ocrx_word' id='word_1_229' title='bbox 2064 528 2218 587; x_wconf 80' lang='lat' dir='ltr'><strong>grata</strong></span> <span class='ocrx_word' id='word_1_230' title='bbox 2250 527 2362 581; x_wconf 90' lang='lat' dir='ltr'><strong>est,</strong></span> <span class='ocrx_word' id='word_1_231' title='bbox 2392 518 2496 572; x_wconf 88' lang='lat' dir='ltr'><strong>alia</strong></span> <span class='ocrx_word' id='word_1_232' title='bbox 2525 517 2681 572; x_wconf 90' lang='lat' dir='ltr'><strong>alteri</strong></span> <span class='ocrx_word' id='word_1_233' title='bbox 2714 518 3044 588; x_wconf 77' lang='lat' dir='ltr'><strong>injucunda?</strong></span> <span class='ocrx_word' id='word_1_234' title='bbox 3064 519 3174 574; x_wconf 79' lang='lat' dir='ltr'><strong>Cur</strong></span> <span class='ocrx_word' id='word_1_235' title='bbox 3204 520 3327 574; x_wconf 89' lang='lat' dir='ltr'><strong>huic</strong></span> <span class='ocrx_word' id='word_1_236' title='bbox 3356 535 3555 587; x_wconf 84' lang='lat' dir='ltr'><strong>mares,</strong></span> <span class='ocrx_word' id='word_1_237' title='bbox 3589 521 3666 575; x_wconf 89' lang='lat' dir='ltr'><strong>illi</strong></span> 
     </span>
    </p>
   </div>
   <div class='ocr_carea' id='block_1_35' title="bbox 2065 611 3671 678">
    <p class='ocr_par' dir='ltr' id='par_1_35' title="bbox 2065 611 3671 678">
     <span class='ocr_line' id='line_1_35' title="bbox 2065 611 3671 678; baseline 0.002 -13"><span class='ocrx_word' id='word_1_238' title='bbox 2065 611 2278 666; x_wconf 62' lang='lat' dir='ltr'><strong>feminae</strong></span> <span class='ocrx_word' id='word_1_239' title='bbox 2309 611 2701 678; x_wconf 88' lang='lat' dir='ltr'><strong>sacriﬁcantur,</strong></span> <span class='ocrx_word' id='word_1_240' title='bbox 2732 628 2855 667; x_wconf 90' lang='lat' dir='ltr'><strong>cum</strong></span> <span class='ocrx_word' id='word_1_241' title='bbox 2884 612 3031 667; x_wconf 84' lang='lat' dir='ltr'><strong>nulla</strong></span> <span class='ocrx_word' id='word_1_242' title='bbox 3061 614 3133 668; x_wconf 89' lang='lat' dir='ltr'><strong>sit</strong></span> <span class='ocrx_word' id='word_1_243' title='bbox 3159 614 3212 669; x_wconf 91' lang='lat' dir='ltr'><strong>in</strong></span> <span class='ocrx_word' id='word_1_244' title='bbox 3252 613 3356 669; x_wconf 90' lang='lat' dir='ltr'><strong>diis</strong></span> <span class='ocrx_word' id='word_1_245' title='bbox 3383 629 3548 669; x_wconf 77' lang='lat' dir='ltr'><strong>sexus</strong></span> <span class='ocrx_word' id='word_1_246' title='bbox 3583 612 3671 668; x_wconf 87' lang='lat' dir='ltr'><strong>di-</strong></span> 
     </span>
    </p>
   </div>
   <div class='ocr_carea' id='block_1_36' title="bbox 2063 701 3669 774">
    <p class='ocr_par' dir='ltr' id='par_1_36' title="bbox 2063 701 3669 774">
     <span class='ocr_line' id='line_1_36' title="bbox 2063 701 3669 774; baseline 0.003 -18"><span class='ocrx_word' id='word_1_247' title='bbox 2063 703 2283 757; x_wconf 92' lang='lat' dir='ltr'><strong>stinctio</strong></span> <span class='ocrx_word' id='word_1_248' title='bbox 2304 701 2569 758; x_wconf 85' lang='lat' dir='ltr'><strong>?Curdiis</strong></span> <span class='ocrx_word' id='word_1_249' title='bbox 2591 703 2803 774; x_wconf 88' lang='lat' dir='ltr'><strong>superis</strong></span> <span class='ocrx_word' id='word_1_250' title='bbox 2819 703 2948 769; x_wconf 87' lang='lat' dir='ltr'><strong>albi,</strong></span> <span class='ocrx_word' id='word_1_251' title='bbox 2971 703 3158 759; x_wconf 80' lang='lat' dir='ltr'><strong>inferis</strong></span> <span class='ocrx_word' id='word_1_252' title='bbox 3173 719 3305 758; x_wconf 86' lang='lat' dir='ltr'><strong>vero</strong></span> <span class='ocrx_word' id='word_1_253' title='bbox 3335 706 3437 760; x_wconf 91' lang='lat' dir='ltr'><strong>atri</strong></span> <span class='ocrx_word' id='word_1_254' title='bbox 3465 705 3669 762; x_wconf 89' lang='lat' dir='ltr'><strong>coloris</strong></span> 
     </span>
    </p>
   </div>
   <div class='ocr_carea' id='block_1_37' title="bbox 2063 795 3666 869">
    <p class='ocr_par' dir='ltr' id='par_1_37' title="bbox 2063 795 3666 869">
     <span class='ocr_line' id='line_1_37' title="bbox 2063 795 3666 869; baseline 0.004 -22"><span class='ocrx_word' id='word_1_255' title='bbox 2063 795 2279 849; x_wconf 88' lang='lat' dir='ltr'><strong>victima</strong></span> <span class='ocrx_word' id='word_1_256' title='bbox 2329 795 2593 850; x_wconf 69' lang='lat' dir='ltr'><strong>caiditur?</strong></span> <span class='ocrx_word' id='word_1_257' title='bbox 2635 795 2905 867; x_wconf 88' lang='lat' dir='ltr'><strong>Numquid</strong></span> <span class='ocrx_word' id='word_1_258' title='bbox 2948 811 3086 851; x_wconf 88' lang='lat' dir='ltr'><strong>unus</strong></span> <span class='ocrx_word' id='word_1_259' title='bbox 3129 797 3282 852; x_wconf 92' lang='lat' dir='ltr'><strong>color</strong></span> <span class='ocrx_word' id='word_1_260' title='bbox 3324 797 3428 852; x_wconf 91' lang='lat' dir='ltr'><strong>diis</strong></span> <span class='ocrx_word' id='word_1_261' title='bbox 3469 800 3666 869; x_wconf 81' lang='lat' dir='ltr'><strong>magis,</strong></span> 
     </span>
    </p>
   </div>
   <div class='ocr_carea' id='block_1_38' title="bbox 2063 889 3667 962">
    <p class='ocr_par' dir='ltr' id='par_1_38' title="bbox 2063 889 3667 962">
     <span class='ocr_line' id='line_1_38' title="bbox 2063 889 3667 962; baseline 0.005 -23"><span class='ocrx_word' id='word_1_262' title='bbox 2063 903 2224 957; x_wconf 86' lang='lat' dir='ltr'><strong>quam</strong></span> <span class='ocrx_word' id='word_1_263' title='bbox 2246 889 2384 942; x_wconf 85' lang='lat' dir='ltr'><strong>alios</strong></span> <span class='ocrx_word' id='word_1_264' title='bbox 2409 899 2594 959; x_wconf 86' lang='lat' dir='ltr'><strong>gratus</strong></span> <span class='ocrx_word' id='word_1_265' title='bbox 2629 906 2752 945; x_wconf 87' lang='lat' dir='ltr'><strong>esse</strong></span> <span class='ocrx_word' id='word_1_266' title='bbox 2784 891 3026 961; x_wconf 85' lang='lat' dir='ltr'><strong>postest?</strong></span> <span class='ocrx_word' id='word_1_267' title='bbox 3065 891 3203 959; x_wconf 84' lang='lat' dir='ltr'><strong>Quid</strong></span> <span class='ocrx_word' id='word_1_268' title='bbox 3236 907 3385 958; x_wconf 88' lang='lat' dir='ltr'><strong>vero,</strong></span> <span class='ocrx_word' id='word_1_269' title='bbox 3418 892 3561 962; x_wconf 90' lang='lat' dir='ltr'><strong>quod</strong></span> <span class='ocrx_word' id='word_1_270' title='bbox 3589 893 3667 947; x_wconf 90' lang='lat' dir='ltr'><strong>dii</strong></span> 
     </span>
    </p>
   </div>
   <div class='ocr_carea' id='block_1_39' title="bbox 2064 979 3668 1050">
    <p class='ocr_par' dir='ltr' id='par_1_39' title="bbox 2064 979 3668 1050">
     <span class='ocr_line' id='line_1_39' title="bbox 2064 979 3668 1050; baseline 0.006 -18"><span class='ocrx_word' id='word_1_271' title='bbox 2064 979 2239 1046; x_wconf 79' lang='lat' dir='ltr'><strong>inferi,</strong></span> <span class='ocrx_word' id='word_1_272' title='bbox 2300 982 2750 1050; x_wconf 77' lang='lat' dir='ltr'><strong>quemadmodum</strong></span> <span class='ocrx_word' id='word_1_273' title='bbox 2796 987 3018 1050; x_wconf 76' lang='lat' dir='ltr'><strong>Manes,</strong></span> <span class='ocrx_word' id='word_1_274' title='bbox 3061 984 3196 1038; x_wconf 86' lang='lat' dir='ltr'><strong>nulli</strong></span> <span class='ocrx_word' id='word_1_275' title='bbox 3245 986 3403 1040; x_wconf 84' lang='lat' dir='ltr'><strong>sunt?</strong></span> <span class='ocrx_word' id='word_1_276' title='bbox 3429 984 3537 1041; x_wconf 81' lang='lat' dir='ltr'><strong>Sed</strong></span> <span class='ocrx_word' id='word_1_277' title='bbox 3568 1000 3668 1041; x_wconf 88' lang='lat' dir='ltr'><strong>eos</strong></span> 
     </span>
    </p>
   </div>
   <div class='ocr_carea' id='block_1_40' title="bbox 2063 1074 3668 1148">
    <p class='ocr_par' dir='ltr' id='par_1_40' title="bbox 2063 1074 3668 1148">
     <span class='ocr_line' id='line_1_40' title="bbox 2063 1074 3668 1148; baseline 0.005 -22"><span class='ocrx_word' id='word_1_278' title='bbox 2063 1088 2184 1128; x_wconf 83' lang='lat' dir='ltr'><strong>esse</strong></span> <span class='ocrx_word' id='word_1_279' title='bbox 2209 1074 2572 1129; x_wconf 86' lang='lat' dir='ltr'><strong>concedamus</strong></span> <span class='ocrx_word' id='word_1_280' title='bbox 2606 1091 2620 1130; x_wconf 90' lang='lat'><strong>:</strong></span> <span class='ocrx_word' id='word_1_281' title='bbox 2647 1077 2690 1130; x_wconf 91' lang='lat' dir='ltr'><strong>si</strong></span> <span class='ocrx_word' id='word_1_282' title='bbox 2721 1075 2914 1131; x_wconf 81' lang='lat' dir='ltr'><strong>hostiae</strong></span> <span class='ocrx_word' id='word_1_283' title='bbox 2944 1077 3112 1148; x_wconf 74' lang='lat' dir='ltr'><strong>nigrae</strong></span> <span class='ocrx_word' id='word_1_284' title='bbox 3134 1077 3240 1132; x_wconf 90' lang='lat' dir='ltr'><strong>illis</strong></span> <span class='ocrx_word' id='word_1_285' title='bbox 3269 1078 3537 1148; x_wconf 88' lang='lat' dir='ltr'><strong>placeant,</strong></span> <span class='ocrx_word' id='word_1_286' title='bbox 3569 1095 3668 1134; x_wconf 89' lang='lat' dir='ltr'><strong>cur</strong></span> 
     </span>
    </p>
   </div>
   <div class='ocr_carea' id='block_1_41' title="bbox 2063 1165 3663 1239">
    <p class='ocr_par' dir='ltr' id='par_1_41' title="bbox 2063 1165 3663 1239">
     <span class='ocr_line' id='line_1_41' title="bbox 2063 1165 3663 1239; baseline 0.004 -20"><span class='ocrx_word' id='word_1_287' title='bbox 2063 1165 2376 1221; x_wconf 82' lang='lat' dir='ltr'><strong>earumdem</strong></span> <span class='ocrx_word' id='word_1_288' title='bbox 2425 1166 2722 1223; x_wconf 89' lang='lat' dir='ltr'><strong>hostiarum</strong></span> <span class='ocrx_word' id='word_1_289' title='bbox 2749 1168 2965 1237; x_wconf 86' lang='lat' dir='ltr'><strong>dentes,</strong></span> <span class='ocrx_word' id='word_1_290' title='bbox 3013 1185 3159 1234; x_wconf 89' lang='lat' dir='ltr'><strong>ossa,</strong></span> <span class='ocrx_word' id='word_1_291' title='bbox 3189 1185 3338 1236; x_wconf 88' lang='lat' dir='ltr'><strong>caro,</strong></span> <span class='ocrx_word' id='word_1_292' title='bbox 3381 1187 3477 1226; x_wconf 92' lang='lat' dir='ltr'><strong>cur</strong></span> <span class='ocrx_word' id='word_1_293' title='bbox 3516 1171 3663 1239; x_wconf 90' lang='lat' dir='ltr'><strong>thus,</strong></span> 
     </span>
    </p>
   </div>
   <div class='ocr_carea' id='block_1_42' title="bbox 2065 1255 3667 1336">
    <p class='ocr_par' dir='ltr' id='par_1_42' title="bbox 2065 1255 3667 1336">
     <span class='ocr_line' id='line_1_42' title="bbox 2065 1255 3667 1336; baseline 0.006 -26"><span class='ocrx_word' id='word_1_294' title='bbox 2065 1255 2168 1320; x_wconf 86' lang='lat' dir='ltr'><strong>lac.</strong></span> <span class='ocrx_word' id='word_1_295' title='bbox 2193 1259 2395 1324; x_wconf 85' lang='lat' dir='ltr'><strong>oleum,</strong></span> <span class='ocrx_word' id='word_1_296' title='bbox 2443 1269 2500 1315; x_wconf 88' lang='lat' dir='ltr'><strong>et</strong></span> <span class='ocrx_word' id='word_1_297' title='bbox 2539 1261 2641 1315; x_wconf 88' lang='lat' dir='ltr'><strong>alia</strong></span> <span class='ocrx_word' id='word_1_298' title='bbox 2669 1301 2684 1322; x_wconf 86' lang='lat'><strong>.</strong></span> <span class='ocrx_word' id='word_1_299' title='bbox 2711 1277 2832 1332; x_wconf 66' lang='lat' dir='ltr'><strong>quae</strong></span> <span class='ocrx_word' id='word_1_300' title='bbox 2861 1262 2964 1316; x_wconf 81' lang='lat' dir='ltr'><strong>atri</strong></span> <span class='ocrx_word' id='word_1_301' title='bbox 2994 1276 3099 1318; x_wconf 89' lang='lat' dir='ltr'><strong>non</strong></span> <span class='ocrx_word' id='word_1_302' title='bbox 3127 1271 3254 1318; x_wconf 90' lang='lat' dir='ltr'><strong>sunt</strong></span> <span class='ocrx_word' id='word_1_303' title='bbox 3282 1264 3500 1328; x_wconf 89' lang='lat' dir='ltr'><strong>coloris,</strong></span> <span class='ocrx_word' id='word_1_304' title='bbox 3533 1265 3667 1336; x_wconf 87' lang='lat' dir='ltr'><strong>ipsis</strong></span> 
     </span>
    </p>
   </div>
   <div class='ocr_carea' id='block_1_43' title="bbox 2064 1349 3667 1430">
    <p class='ocr_par' dir='ltr' id='par_1_43' title="bbox 2064 1349 3667 1430">
     <span class='ocr_line' id='line_1_43' title="bbox 2064 1349 3667 1430; baseline 0.006 -25"><span class='ocrx_word' id='word_1_305' title='bbox 2064 1351 2401 1408; x_wconf 80' lang='lat' dir='ltr'><strong>oﬁeruotur?</strong></span> <span class='ocrx_word' id='word_1_306' title='bbox 2430 1354 2538 1410; x_wconf 88' lang='lat' dir='ltr'><strong>Nec</strong></span> <span class='ocrx_word' id='word_1_307' title='bbox 2567 1355 2681 1409; x_wconf 91' lang='lat' dir='ltr'><strong>vult</strong></span> <span class='ocrx_word' id='word_1_308' title='bbox 2709 1349 2979 1411; x_wconf 78' lang='lat' dir='ltr'><strong>Arnobius</strong></span> <span class='ocrx_word' id='word_1_309' title='bbox 3007 1358 3107 1411; x_wconf 86' lang='lat' dir='ltr'><strong>sibi</strong></span> <span class='ocrx_word' id='word_1_310' title='bbox 3143 1358 3454 1429; x_wconf 88' lang='lat' dir='ltr'><strong>responderi</strong></span> <span class='ocrx_word' id='word_1_311' title='bbox 3485 1360 3667 1430; x_wconf 87' lang='lat' dir='ltr'><strong>aliqua</strong></span> 
     </span>
    </p>
   </div>
   <div class='ocr_carea' id='block_1_44' title="bbox 2066 1449 3674 1508">
    <p class='ocr_par' dir='ltr' id='par_1_44' title="bbox 2066 1449 3674 1508">
     <span class='ocr_line' id='line_1_44' title="bbox 2066 1449 3674 1508; baseline 0.005 -8"><span class='ocrx_word' id='word_1_312' title='bbox 2066 1449 2460 1504; x_wconf 87' lang='lat' dir='ltr'><strong>consuetudine</strong></span> <span class='ocrx_word' id='word_1_313' title='bbox 2498 1450 2730 1506; x_wconf 81' lang='lat' dir='ltr'><strong>diversis</strong></span> <span class='ocrx_word' id='word_1_314' title='bbox 2770 1450 2874 1505; x_wconf 90' lang='lat' dir='ltr'><strong>diis</strong></span> <span class='ocrx_word' id='word_1_315' title='bbox 2911 1450 3154 1506; x_wconf 82' lang='lat' dir='ltr'><strong>diversas</strong></span> <span class='ocrx_word' id='word_1_316' title='bbox 3189 1452 3432 1508; x_wconf 87' lang='lat' dir='ltr'><strong>victimas</strong></span> <span class='ocrx_word' id='word_1_317' title='bbox 3458 1452 3674 1508; x_wconf 86' lang='lat' dir='ltr'><strong>sacriﬁ-</strong></span> 
     </span>
    </p>
   </div>
   <div class='ocr_carea' id='block_1_45' title="bbox 2067 1539 3669 1614">
    <p class='ocr_par' dir='ltr' id='par_1_45' title="bbox 2067 1539 3669 1614">
     <span class='ocr_line' id='line_1_45' title="bbox 2067 1539 3669 1614; baseline 0.005 -22"><span class='ocrx_word' id='word_1_318' title='bbox 2067 1540 2199 1594; x_wconf 87' lang='lat' dir='ltr'><strong>cari.</strong></span> <span class='ocrx_word' id='word_1_319' title='bbox 2232 1539 2350 1594; x_wconf 91' lang='lat' dir='ltr'><strong>Non</strong></span> <span class='ocrx_word' id='word_1_320' title='bbox 2377 1541 2523 1596; x_wconf 92' lang='lat' dir='ltr'><strong>enim</strong></span> <span class='ocrx_word' id='word_1_321' title='bbox 2543 1542 2833 1614; x_wconf 82' lang='lat' dir='ltr'><strong>inquiritur</strong></span> <span class='ocrx_word' id='word_1_322' title='bbox 2850 1551 3028 1598; x_wconf 92' lang='lat' dir='ltr'><strong>utrum</strong></span> <span class='ocrx_word' id='word_1_323' title='bbox 3060 1544 3328 1610; x_wconf 88' lang='lat' dir='ltr'><strong>homines,</strong></span> <span class='ocrx_word' id='word_1_324' title='bbox 3359 1545 3453 1600; x_wconf 85' lang='lat' dir='ltr'><strong>sed</strong></span> <span class='ocrx_word' id='word_1_325' title='bbox 3481 1554 3669 1600; x_wconf 87' lang='lat' dir='ltr'><strong>utrum</strong></span> 
     </span>
    </p>
   </div>
   <div class='ocr_carea' id='block_1_46' title="bbox 2067 1632 3669 1708">
    <p class='ocr_par' dir='ltr' id='par_1_46' title="bbox 2067 1632 3669 1708">
     <span class='ocr_line' id='line_1_46' title="bbox 2067 1632 3669 1708; baseline 0.003 -21"><span class='ocrx_word' id='word_1_326' title='bbox 2067 1632 2140 1687; x_wconf 93' lang='lat' dir='ltr'><strong>dii</strong></span> <span class='ocrx_word' id='word_1_327' title='bbox 2163 1633 2498 1690; x_wconf 87' lang='lat' dir='ltr'><strong>sanciverint</strong></span> <span class='ocrx_word' id='word_1_328' title='bbox 2517 1635 2754 1706; x_wconf 85' lang='lat' dir='ltr'><strong>aliquam</strong></span> <span class='ocrx_word' id='word_1_329' title='bbox 2781 1634 3016 1690; x_wconf 88' lang='lat' dir='ltr'><strong>hostiam</strong></span> <span class='ocrx_word' id='word_1_330' title='bbox 3046 1636 3137 1690; x_wconf 93' lang='lat' dir='ltr'><strong>uni</strong></span> <span class='ocrx_word' id='word_1_331' title='bbox 3160 1636 3265 1692; x_wconf 87' lang='lat' dir='ltr'><strong>deo</strong></span> <span class='ocrx_word' id='word_1_332' title='bbox 3281 1637 3471 1707; x_wconf 84' lang='lat' dir='ltr'><strong>magis,</strong></span> <span class='ocrx_word' id='word_1_333' title='bbox 3501 1651 3669 1708; x_wconf 89' lang='lat' dir='ltr'><strong>quam</strong></span> 
     </span>
    </p>
   </div>
   <div class='ocr_carea' id='block_1_47' title="bbox 2067 1726 3673 1800">
    <p class='ocr_par' dir='ltr' id='par_1_47' title="bbox 2067 1726 3673 1800">
     <span class='ocr_line' id='line_1_47' title="bbox 2067 1726 3673 1800; baseline 0.005 -22"><span class='ocrx_word' id='word_1_334' title='bbox 2067 1726 2224 1781; x_wconf 84' lang='lat' dir='ltr'><strong>alteri</strong></span> <span class='ocrx_word' id='word_1_335' title='bbox 2282 1727 2596 1793; x_wconf 87' lang='lat' dir='ltr'><strong>convenire,</strong></span> <span class='ocrx_word' id='word_1_336' title='bbox 2652 1737 2707 1782; x_wconf 90' lang='lat' dir='ltr'><strong>et</strong></span> <span class='ocrx_word' id='word_1_337' title='bbox 2751 1736 2931 1782; x_wconf 91' lang='lat' dir='ltr'><strong>utrum</strong></span> <span class='ocrx_word' id='word_1_338' title='bbox 2983 1728 3202 1798; x_wconf 85' lang='lat' dir='ltr'><strong>ipsimet</strong></span> <span class='ocrx_word' id='word_1_339' title='bbox 3251 1729 3328 1784; x_wconf 91' lang='lat' dir='ltr'><strong>illi</strong></span> <span class='ocrx_word' id='word_1_340' title='bbox 3367 1729 3442 1784; x_wconf 89' lang='lat' dir='ltr'><strong>dii</strong></span> <span class='ocrx_word' id='word_1_341' title='bbox 3507 1739 3673 1800; x_wconf 83' lang='lat' dir='ltr'><strong>pacto</strong></span> 
     </span>
    </p>
   </div>
   <div class='ocr_carea' id='block_1_48' title="bbox 1994 1819 3681 1887">
    <p class='ocr_par' dir='ltr' id='par_1_48' title="bbox 1994 1819 3681 1887">
     <span class='ocr_line' id='line_1_48' title="bbox 1994 1819 3681 1887; baseline 0.004 -14"><span class='ocrx_word' id='word_1_342' title='bbox 1994 1827 2042 1887; x_wconf 82' lang='grc' dir='ltr'>Β</span> <span class='ocrx_word' id='word_1_343' title='bbox 2069 1833 2132 1875; x_wconf 91' lang='lat' dir='ltr'><strong>ac</strong></span> <span class='ocrx_word' id='word_1_344' title='bbox 2173 1829 2442 1876; x_wconf 90' lang='lat' dir='ltr'><strong>convento</strong></span> <span class='ocrx_word' id='word_1_345' title='bbox 2480 1819 2834 1876; x_wconf 89' lang='lat' dir='ltr'><strong>sacriﬁcanda</strong></span> <span class='ocrx_word' id='word_1_346' title='bbox 2878 1822 3129 1877; x_wconf 83' lang='lat' dir='ltr'><strong>animalia</strong></span> <span class='ocrx_word' id='word_1_347' title='bbox 3179 1822 3326 1878; x_wconf 91' lang='lat' dir='ltr'><strong>inter</strong></span> <span class='ocrx_word' id='word_1_348' title='bbox 3370 1835 3435 1878; x_wconf 84' lang='lat' dir='ltr'><strong>se</strong></span> <span class='ocrx_word' id='word_1_349' title='bbox 3471 1820 3681 1880; x_wconf 86' lang='lat' dir='ltr'><strong>divise-</strong></span> 
     </span>
    </p>
   </div>
   <div class='ocr_carea' id='block_1_49' title="bbox 2072 1913 2206 1968">
    <p class='ocr_par' dir='ltr' id='par_1_49' title="bbox 2072 1913 2206 1968">
     <span class='ocr_line' id='line_1_49' title="bbox 2072 1913 2206 1968; baseline -0.007 0"><span class='ocrx_word' id='word_1_350' title='bbox 2072 1913 2206 1968; x_wconf 88' lang='lat' dir='ltr'><strong>rint.</strong></span> 
     </span>
    </p>
   </div>
   <div class='ocr_carea' id='block_1_50' title="bbox 2145 2007 3678 2080">
    <p class='ocr_par' dir='ltr' id='par_1_50' title="bbox 2145 2007 3678 2080">
     <span class='ocr_line' id='line_1_50' title="bbox 2145 2007 3678 2080; baseline 0.003 -20"><span class='ocrx_word' id='word_1_351' title='bbox 2145 2008 2410 2062; x_wconf 66' lang='lat' dir='ltr'><strong>Prmerea</strong></span> <span class='ocrx_word' id='word_1_352' title='bbox 2436 2021 2545 2077; x_wconf 87' lang='lat' dir='ltr'><strong>quo</strong></span> <span class='ocrx_word' id='word_1_353' title='bbox 2564 2007 2688 2077; x_wconf 84' lang='lat' dir='ltr'><strong>jure</strong></span> <span class='ocrx_word' id='word_1_354' title='bbox 2716 2007 2914 2062; x_wconf 85' lang='lat' dir='ltr'><strong>dicitur</strong></span> <span class='ocrx_word' id='word_1_355' title='bbox 2940 2007 3144 2062; x_wconf 83' lang='lat' dir='ltr'><strong>Telluri</strong></span> <span class='ocrx_word' id='word_1_356' title='bbox 3185 2009 3344 2064; x_wconf 85' lang='lat' dir='ltr'><strong>matri</strong></span> <span class='ocrx_word' id='word_1_357' title='bbox 3380 2008 3678 2080; x_wconf 86' lang='lat' dir='ltr'><strong>scropham</strong></span> 
     </span>
    </p>
   </div>
   <div class='ocr_carea' id='block_1_51' title="bbox 2069 2099 3677 2171">
    <p class='ocr_par' dir='ltr' id='par_1_51' title="bbox 2069 2099 3677 2171">
     <span class='ocr_line' id='line_1_51' title="bbox 2069 2099 3677 2171; baseline 0.004 -19"><span class='ocrx_word' id='word_1_358' title='bbox 2069 2099 2342 2169; x_wconf 83' lang='lat' dir='ltr'><strong>gravidam</strong></span> <span class='ocrx_word' id='word_1_359' title='bbox 2368 2141 2382 2163; x_wconf 95' lang='lat'><strong>,</strong></span> <span class='ocrx_word' id='word_1_360' title='bbox 2413 2099 2662 2154; x_wconf 74' lang='lat' dir='ltr'><strong>Minervae</strong></span> <span class='ocrx_word' id='word_1_361' title='bbox 2689 2100 2883 2171; x_wconf 84' lang='lat' dir='ltr'><strong>virgini</strong></span> <span class='ocrx_word' id='word_1_362' title='bbox 2915 2101 3184 2171; x_wconf 77' lang='lat' dir='ltr'><strong>virginem</strong></span> <span class='ocrx_word' id='word_1_363' title='bbox 3218 2101 3442 2156; x_wconf 84' lang='lat' dir='ltr'><strong>vitulam</strong></span> <span class='ocrx_word' id='word_1_364' title='bbox 3469 2116 3677 2158; x_wconf 84' lang='lat' dir='ltr'><strong>conve-</strong></span> 
     </span>
    </p>
   </div>
   <div class='ocr_carea' id='block_1_52' title="bbox 2073 2190 3676 2262">
    <p class='ocr_par' dir='ltr' id='par_1_52' title="bbox 2073 2190 3676 2262">
     <span class='ocr_line' id='line_1_52' title="bbox 2073 2190 3676 2262; baseline 0.002 -19"><span class='ocrx_word' id='word_1_365' title='bbox 2073 2191 2190 2245; x_wconf 88' lang='lat' dir='ltr'><strong>uire</strong></span> <span class='ocrx_word' id='word_1_366' title='bbox 2236 2190 2424 2245; x_wconf 85' lang='lat' dir='ltr'><strong>eadem</strong></span> <span class='ocrx_word' id='word_1_367' title='bbox 2480 2192 2690 2246; x_wconf 85' lang='lat' dir='ltr'><strong>ratione</strong></span> <span class='ocrx_word' id='word_1_368' title='bbox 2739 2190 3060 2246; x_wconf 88' lang='lat' dir='ltr'><strong>conﬁcietur</strong></span> <span class='ocrx_word' id='word_1_369' title='bbox 3090 2191 3352 2261; x_wconf 37' lang='lat' dir='ltr'><strong>.musicos</strong></span> <span class='ocrx_word' id='word_1_370' title='bbox 3408 2193 3676 2262; x_wconf 82' lang='lat' dir='ltr'><strong>Apollini,</strong></span> 
     </span>
    </p>
   </div>
   <div class='ocr_carea' id='block_1_53' title="bbox 2071 2281 3678 2352">
    <p class='ocr_par' dir='ltr' id='par_1_53' title="bbox 2071 2281 3678 2352">
     <span class='ocr_line' id='line_1_53' title="bbox 2071 2281 3678 2352; baseline 0.002 -17"><span class='ocrx_word' id='word_1_371' title='bbox 2071 2281 2381 2352; x_wconf 71' lang='lat' dir='ltr'><strong>ASscnlapio</strong></span> <span class='ocrx_word' id='word_1_372' title='bbox 2399 2281 2658 2346; x_wconf 87' lang='lat' dir='ltr'><strong>medicos,</strong></span> <span class='ocrx_word' id='word_1_373' title='bbox 2691 2282 2876 2337; x_wconf 78' lang='lat' dir='ltr'><strong>fabros</strong></span> <span class='ocrx_word' id='word_1_374' title='bbox 2900 2281 3163 2349; x_wconf 77' lang='lat' dir='ltr'><strong>Vulcano,</strong></span> <span class='ocrx_word' id='word_1_375' title='bbox 3183 2291 3241 2339; x_wconf 91' lang='lat' dir='ltr'><strong>et</strong></span> <span class='ocrx_word' id='word_1_376' title='bbox 3262 2283 3532 2339; x_wconf 80' lang='lat' dir='ltr'><strong>Mercurio</strong></span> <span class='ocrx_word' id='word_1_377' title='bbox 3551 2285 3678 2340; x_wconf 81' lang='lat' dir='ltr'><strong>elo-</strong></span> 
     </span>
    </p>
   </div>
   <div class='ocr_carea' id='block_1_54' title="bbox 2071 2375 3681 2446">
    <p class='ocr_par' dir='ltr' id='par_1_54' title="bbox 2071 2375 3681 2446">
     <span class='ocr_line' id='line_1_54' title="bbox 2071 2375 3681 2446; baseline 0.004 -18"><span class='ocrx_word' id='word_1_378' title='bbox 2071 2383 2300 2444; x_wconf 75' lang='lat' dir='ltr'><strong>quentes</strong></span> <span class='ocrx_word' id='word_1_379' title='bbox 2328 2375 2474 2430; x_wconf 85' lang='lat' dir='ltr'><strong>viros</strong></span> <span class='ocrx_word' id='word_1_380' title='bbox 2498 2389 2823 2446; x_wconf 84' lang='lat' dir='ltr'><strong>congruere,</strong></span> <span class='ocrx_word' id='word_1_381' title='bbox 2857 2386 3020 2446; x_wconf 89' lang='lat' dir='ltr'><strong>atque</strong></span> <span class='ocrx_word' id='word_1_382' title='bbox 3063 2375 3187 2432; x_wconf 87' lang='lat' dir='ltr'><strong>ideo</strong></span> <span class='ocrx_word' id='word_1_383' title='bbox 3234 2376 3332 2431; x_wconf 86' lang='lat' dir='ltr'><strong>hos</strong></span> <span class='ocrx_word' id='word_1_384' title='bbox 3363 2377 3501 2444; x_wconf 87' lang='lat' dir='ltr'><strong>illis,</strong></span> <span class='ocrx_word' id='word_1_385' title='bbox 3534 2378 3681 2434; x_wconf 81' lang='lat' dir='ltr'><strong>sicut</strong></span> 
     </span>
    </p>
   </div>
   <div class='ocr_carea' id='block_1_55' title="bbox 2073 2468 3676 2539">
    <p class='ocr_par' dir='ltr' id='par_1_55' title="bbox 2073 2468 3676 2539">
     <span class='ocr_line' id='line_1_55' title="bbox 2073 2468 3676 2539; baseline 0.002 -15"><span class='ocrx_word' id='word_1_386' title='bbox 2073 2468 2358 2539; x_wconf 87' lang='lat' dir='ltr'><strong>scropham</strong></span> <span class='ocrx_word' id='word_1_387' title='bbox 2389 2468 2614 2537; x_wconf 89' lang='lat' dir='ltr'><strong>Telluri,</strong></span> <span class='ocrx_word' id='word_1_388' title='bbox 2645 2479 2700 2525; x_wconf 89' lang='lat' dir='ltr'><strong>et</strong></span> <span class='ocrx_word' id='word_1_389' title='bbox 2737 2469 2996 2525; x_wconf 71' lang='lat' dir='ltr'><strong>Minervas</strong></span> <span class='ocrx_word' id='word_1_390' title='bbox 3018 2471 3262 2539; x_wconf 83' lang='lat' dir='ltr'><strong>vitulam,</strong></span> <span class='ocrx_word' id='word_1_391' title='bbox 3296 2471 3676 2528; x_wconf 86' lang='lat' dir='ltr'><strong>immolandos.</strong></span> 
     </span>
    </p>
   </div>
   <div class='ocr_carea' id='block_1_56' title="bbox 2144 2561 3684 2633">
    <p class='ocr_par' dir='ltr' id='par_1_56' title="bbox 2144 2561 3684 2633">
     <span class='ocr_line' id='line_1_56' title="bbox 2144 2561 3684 2633; baseline 0.003 -17"><span class='ocrx_word' id='word_1_392' title='bbox 2144 2561 2488 2632; x_wconf 85' lang='lat' dir='ltr'><strong>Objiciebant</strong></span> <span class='ocrx_word' id='word_1_393' title='bbox 2520 2575 2653 2618; x_wconf 86' lang='lat' dir='ltr'><strong>vero</strong></span> <span class='ocrx_word' id='word_1_394' title='bbox 2675 2561 2875 2617; x_wconf 86' lang='lat' dir='ltr'><strong>ethnici</strong></span> <span class='ocrx_word' id='word_1_395' title='bbox 2916 2562 3019 2618; x_wconf 90' lang='lat' dir='ltr'><strong>diis</strong></span> <span class='ocrx_word' id='word_1_396' title='bbox 3047 2563 3223 2628; x_wconf 88' lang='lat' dir='ltr'><strong>bonis,</strong></span> <span class='ocrx_word' id='word_1_397' title='bbox 3258 2572 3314 2617; x_wconf 93' lang='lat' dir='ltr'><strong>ut</strong></span> <span class='ocrx_word' id='word_1_398' title='bbox 3348 2565 3590 2633; x_wconf 89' lang='lat' dir='ltr'><strong>prosint,</strong></span> <span class='ocrx_word' id='word_1_399' title='bbox 3623 2573 3684 2620; x_wconf 83' lang='lat' dir='ltr'><strong>et.</strong></span> 
     </span>
    </p>
   </div>
   <div class='ocr_carea' id='block_1_57' title="bbox 2073 2655 3680 2726">
    <p class='ocr_par' dir='ltr' id='par_1_57' title="bbox 2073 2655 3680 2726">
     <span class='ocr_line' id='line_1_57' title="bbox 2073 2655 3680 2726; baseline 0.001 -15"><span class='ocrx_word' id='word_1_400' title='bbox 2073 2655 2230 2711; x_wconf 88' lang='lat' dir='ltr'><strong>malis</strong></span> <span class='ocrx_word' id='word_1_401' title='bbox 2257 2670 2324 2711; x_wconf 91' lang='lat' dir='ltr'><strong>ne</strong></span> <span class='ocrx_word' id='word_1_402' title='bbox 2343 2665 2593 2722; x_wconf 87' lang='lat' dir='ltr'><strong>noceant,</strong></span> <span class='ocrx_word' id='word_1_403' title='bbox 2617 2655 3050 2711; x_wconf 84' lang='lat' dir='ltr'><strong>sacriﬁcandum.</strong></span> <span class='ocrx_word' id='word_1_404' title='bbox 3074 2655 3387 2726; x_wconf 83' lang='lat' dir='ltr'><strong>Respondet</strong></span> <span class='ocrx_word' id='word_1_405' title='bbox 3403 2655 3680 2712; x_wconf 84' lang='lat' dir='ltr'><strong>Arnobius</strong></span> 
     </span>
    </p>
   </div>
   <div class='ocr_carea' id='block_1_58' title="bbox 2072 2749 3679 2820">
    <p class='ocr_par' dir='ltr' id='par_1_58' title="bbox 2072 2749 3679 2820">
     <span class='ocr_line' id='line_1_58' title="bbox 2072 2749 3679 2820; baseline -0.001 -15"><span class='ocrx_word' id='word_1_406' title='bbox 2072 2749 2207 2806; x_wconf 82' lang='lat' dir='ltr'><strong>deos</strong></span> <span class='ocrx_word' id='word_1_407' title='bbox 2242 2766 2429 2806; x_wconf 83' lang='lat' dir='ltr'><strong>omnes</strong></span> <span class='ocrx_word' id='word_1_408' title='bbox 2460 2759 2647 2805; x_wconf 80' lang='lat' dir='ltr'><strong>natura</strong></span> <span class='ocrx_word' id='word_1_409' title='bbox 2697 2764 2792 2804; x_wconf 82' lang='lat' dir='ltr'><strong>sua</strong></span> <span class='ocrx_word' id='word_1_410' title='bbox 2821 2749 2994 2806; x_wconf 87' lang='lat' dir='ltr'><strong>bonos</strong></span> <span class='ocrx_word' id='word_1_411' title='bbox 3025 2765 3149 2804; x_wconf 87' lang='lat' dir='ltr'><strong>esse</strong></span> <span class='ocrx_word' id='word_1_412' title='bbox 3177 2749 3397 2805; x_wconf 88' lang='lat' dir='ltr'><strong>debere.</strong></span> <span class='ocrx_word' id='word_1_413' title='bbox 3425 2749 3679 2820; x_wconf 79' lang='lat' dir='ltr'><strong>Quapro-</strong></span> 
     </span>
    </p>
   </div>
   <div class='ocr_carea' id='block_1_59' title="bbox 2074 2843 3681 2914">
    <p class='ocr_par' dir='ltr' id='par_1_59' title="bbox 2074 2843 3681 2914">
     <span class='ocr_line' id='line_1_59' title="bbox 2074 2843 3681 2914; baseline 0 -16"><span class='ocrx_word' id='word_1_414' title='bbox 2074 2853 2193 2914; x_wconf 87' lang='lat' dir='ltr'><strong>pter</strong></span> <span class='ocrx_word' id='word_1_415' title='bbox 2216 2858 2339 2899; x_wconf 90' lang='lat' dir='ltr'><strong>cnm</strong></span> <span class='ocrx_word' id='word_1_416' title='bbox 2388 2843 2568 2897; x_wconf 89' lang='lat' dir='ltr'><strong>nullus</strong></span> <span class='ocrx_word' id='word_1_417' title='bbox 2604 2844 2738 2898; x_wconf 90' lang='lat' dir='ltr'><strong>deus</strong></span> <span class='ocrx_word' id='word_1_418' title='bbox 2773 2853 2971 2898; x_wconf 80' lang='lat' dir='ltr'><strong>natura</strong></span> <span class='ocrx_word' id='word_1_419' title='bbox 3001 2857 3096 2897; x_wconf 88' lang='lat' dir='ltr'><strong>sua</strong></span> <span class='ocrx_word' id='word_1_420' title='bbox 3127 2843 3194 2896; x_wconf 89' lang='lat' dir='ltr'><strong>sit</strong></span> <span class='ocrx_word' id='word_1_421' title='bbox 3229 2843 3422 2910; x_wconf 78' lang='lat' dir='ltr'><strong>Illaills,</strong></span> <span class='ocrx_word' id='word_1_422' title='bbox 3461 2843 3681 2898; x_wconf 85' lang='lat' dir='ltr'><strong>etiarnsi</strong></span> 
     </span>
    </p>
   </div>
   <div class='ocr_carea' id='block_1_60' title="bbox 2075 2933 3682 3000">
    <p class='ocr_par' dir='ltr' id='par_1_60' title="bbox 2075 2933 3682 3000">
     <span class='ocr_line' id='line_1_60' title="bbox 2075 2933 3682 3000; baseline 0.001 -11"><span class='ocrx_word' id='word_1_423' title='bbox 2075 2934 2224 2989; x_wconf 90' lang='lat' dir='ltr'><strong>nullo</strong></span> <span class='ocrx_word' id='word_1_424' title='bbox 2251 2933 2458 2991; x_wconf 86' lang='lat' dir='ltr'><strong>honore</strong></span> <span class='ocrx_word' id='word_1_425' title='bbox 2497 2935 2565 2990; x_wconf 88' lang='lat' dir='ltr'><strong>ab</strong></span> <span class='ocrx_word' id='word_1_426' title='bbox 2607 2935 2918 2989; x_wconf 89' lang='lat' dir='ltr'><strong>hominibus</strong></span> <span class='ocrx_word' id='word_1_427' title='bbox 2964 2934 3273 3000; x_wconf 77' lang='lat' dir='ltr'><strong>adﬁcietur,</strong></span> <span class='ocrx_word' id='word_1_428' title='bbox 3317 2934 3459 2990; x_wconf 89' lang='lat' dir='ltr'><strong>male</strong></span> <span class='ocrx_word' id='word_1_429' title='bbox 3497 2943 3682 2990; x_wconf 86' lang='lat' dir='ltr'><strong>tamen</strong></span> 
     </span>
    </p>
   </div>
   <div class='ocr_carea' id='block_1_61' title="bbox 2074 3027 3682 3099">
    <p class='ocr_par' dir='ltr' id='par_1_61' title="bbox 2074 3027 3682 3099">
     <span class='ocr_line' id='line_1_61' title="bbox 2074 3027 3682 3099; baseline -0.001 -14"><span class='ocrx_word' id='word_1_430' title='bbox 2074 3030 2184 3085; x_wconf 88' lang='lat' dir='ltr'><strong>illis</strong></span> <span class='ocrx_word' id='word_1_431' title='bbox 2213 3029 2418 3086; x_wconf 83' lang='lat' dir='ltr'><strong>idcirco</strong></span> <span class='ocrx_word' id='word_1_432' title='bbox 2449 3029 2628 3084; x_wconf 82' lang='lat' dir='ltr'><strong>facere</strong></span> <span class='ocrx_word' id='word_1_433' title='bbox 2657 3036 2750 3083; x_wconf 89' lang='lat' dir='ltr'><strong>aut</strong></span> <span class='ocrx_word' id='word_1_434' title='bbox 2781 3043 2982 3084; x_wconf 90' lang='lat' dir='ltr'><strong>nocere</strong></span> <span class='ocrx_word' id='word_1_435' title='bbox 3020 3028 3285 3099; x_wconf 90' lang='lat' dir='ltr'><strong>nequibit.</strong></span> <span class='ocrx_word' id='word_1_436' title='bbox 3330 3027 3445 3083; x_wconf 84' lang='lat' dir='ltr'><strong>Huc</strong></span> <span class='ocrx_word' id='word_1_437' title='bbox 3495 3039 3682 3084; x_wconf 90' lang='lat' dir='ltr'><strong>autem</strong></span> 
     </span>
    </p>
   </div>
   <div class='ocr_carea' id='block_1_62' title="bbox 2075 3120 3677 3192">
    <p class='ocr_par' dir='ltr' id='par_1_62' title="bbox 2075 3120 3677 3192">
     <span class='ocr_line' id='line_1_62' title="bbox 2075 3120 3677 3192; baseline 0.001 -16"><span class='ocrx_word' id='word_1_438' title='bbox 2075 3122 2304 3189; x_wconf 82' lang='lat' dir='ltr'><strong>accedit,</strong></span> <span class='ocrx_word' id='word_1_439' title='bbox 2330 3120 2472 3192; x_wconf 92' lang='lat' dir='ltr'><strong>quod</strong></span> <span class='ocrx_word' id='word_1_440' title='bbox 2504 3121 2550 3176; x_wconf 91' lang='lat' dir='ltr'><strong>si</strong></span> <span class='ocrx_word' id='word_1_441' title='bbox 2583 3135 2707 3176; x_wconf 88' lang='lat' dir='ltr'><strong>vera</strong></span> <span class='ocrx_word' id='word_1_442' title='bbox 2736 3121 2805 3176; x_wconf 90' lang='lat' dir='ltr'><strong>sit</strong></span> <span class='ocrx_word' id='word_1_443' title='bbox 2843 3121 2960 3177; x_wconf 79' lang='lat' dir='ltr'><strong>tunc</strong></span> <span class='ocrx_word' id='word_1_444' title='bbox 2988 3121 3331 3178; x_wconf 85' lang='lat' dir='ltr'><strong>ethnicorum</strong></span> <span class='ocrx_word' id='word_1_445' title='bbox 3361 3122 3562 3191; x_wconf 86' lang='lat' dir='ltr'><strong>opinio,</strong></span> <span class='ocrx_word' id='word_1_446' title='bbox 3605 3136 3677 3177; x_wconf 83' lang='lat' dir='ltr'><strong>ex</strong></span> 
     </span>
    </p>
   </div>
   <div class='ocr_carea' id='block_1_63' title="bbox 370 3213 3682 3289">
    <p class='ocr_par' dir='ltr' id='par_1_63' title="bbox 370 3213 3682 3289">
     <span class='ocr_line' id='line_1_63' title="bbox 370 3213 3682 3289; baseline -0.001 -17"><span class='ocrx_word' id='word_1_447' title='bbox 370 3218 544 3273; x_wconf 91' lang='lat' dir='ltr'><strong>neutri</strong></span> <span class='ocrx_word' id='word_1_448' title='bbox 571 3233 789 3286; x_wconf 90' lang='lat' dir='ltr'><strong>eorum,</strong></span> <span class='ocrx_word' id='word_1_449' title='bbox 821 3232 920 3274; x_wconf 90' lang='lat' dir='ltr'><strong>nec</strong></span> <span class='ocrx_word' id='word_1_450' title='bbox 969 3217 1128 3272; x_wconf 88' lang='lat' dir='ltr'><strong>etiam</strong></span> <span class='ocrx_word' id='word_1_451' title='bbox 1165 3216 1326 3272; x_wconf 88' lang='lat' dir='ltr'><strong>alicui</strong></span> <span class='ocrx_word' id='word_1_452' title='bbox 1354 3217 1473 3273; x_wconf 89' lang='lat' dir='ltr'><strong>sine</strong></span> <span class='ocrx_word' id='word_1_453' title='bbox 1502 3215 1762 3289; x_wconf 70' lang='lat' dir='ltr'><strong>iniustitia</strong></span> <span class='ocrx_word' id='word_1_454' title='bbox 1809 3230 1966 3288; x_wconf 89' lang='lat' dir='ltr'><strong>opem</strong></span> <span class='ocrx_word' id='word_1_455' title='bbox 1998 3223 2044 3289; x_wconf 74' lang='grc' dir='ltr'>ο</span> <span class='ocrx_word' id='word_1_456' title='bbox 2075 3231 2138 3272; x_wconf 89' lang='lat' dir='ltr'><strong>ea</strong></span> <span class='ocrx_word' id='word_1_457' title='bbox 2185 3217 2432 3288; x_wconf 89' lang='lat' dir='ltr'><strong>sequitur</strong></span> <span class='ocrx_word' id='word_1_458' title='bbox 2467 3215 2668 3270; x_wconf 90' lang='lat' dir='ltr'><strong>bonum</strong></span> <span class='ocrx_word' id='word_1_459' title='bbox 2713 3213 2898 3274; x_wconf 91' lang='lat' dir='ltr'><strong>deum.</strong></span> <span class='ocrx_word' id='word_1_460' title='bbox 2931 3216 2977 3269; x_wconf 91' lang='lat' dir='ltr'><strong>si</strong></span> <span class='ocrx_word' id='word_1_461' title='bbox 3021 3215 3201 3271; x_wconf 89' lang='lat' dir='ltr'><strong>debita</strong></span> <span class='ocrx_word' id='word_1_462' title='bbox 3247 3214 3325 3270; x_wconf 91' lang='lat' dir='ltr'><strong>illi</strong></span> <span class='ocrx_word' id='word_1_463' title='bbox 3356 3215 3532 3271; x_wconf 85' lang='lat' dir='ltr'><strong>hostia</strong></span> <span class='ocrx_word' id='word_1_464' title='bbox 3567 3230 3682 3271; x_wconf 91' lang='lat' dir='ltr'><strong>non</strong></span> 
     </span>
    </p>
   </div>
   <div class='ocr_carea' id='block_1_64' title="bbox 369 3311 783 3384">
    <p class='ocr_par' dir='ltr' id='par_1_64' title="bbox 369 3311 783 3384">
     <span class='ocr_line' id='line_1_64' title="bbox 369 3311 783 3384; baseline -0.005 -18"><span class='ocrx_word' id='word_1_465' title='bbox 369 3311 514 3367; x_wconf 80' lang='lat' dir='ltr'><strong>ferre</strong></span> <span class='ocrx_word' id='word_1_466' title='bbox 541 3323 783 3384; x_wconf 89' lang='lat' dir='ltr'><strong>possent.</strong></span> 
     </span>
    </p>
   </div>
   <div class='ocr_carea' id='block_1_65' title="bbox 444 3401 1965 3477">
    <p class='ocr_par' dir='ltr' id='par_1_65' title="bbox 444 3401 1965 3477">
     <span class='ocr_line' id='line_1_65' title="bbox 444 3401 1965 3477; baseline -0.001 -17"><span class='ocrx_word' id='word_1_467' title='bbox 444 3405 626 3477; x_wconf 77' lang='lat' dir='ltr'><strong>Neque</strong></span> <span class='ocrx_word' id='word_1_468' title='bbox 656 3405 852 3476; x_wconf 90' lang='lat' dir='ltr'><strong>potiori</strong></span> <span class='ocrx_word' id='word_1_469' title='bbox 893 3405 1103 3460; x_wconf 88' lang='lat' dir='ltr'><strong>ratione</strong></span> <span class='ocrx_word' id='word_1_470' title='bbox 1132 3404 1402 3460; x_wconf 86' lang='lat' dir='ltr'><strong>adseritur</strong></span> <span class='ocrx_word' id='word_1_471' title='bbox 1425 3402 1686 3458; x_wconf 85' lang='lat' dir='ltr'><strong>sacriﬁcia</strong></span> <span class='ocrx_word' id='word_1_472' title='bbox 1729 3401 1838 3457; x_wconf 89' lang='lat' dir='ltr'><strong>diis</strong></span> <span class='ocrx_word' id='word_1_473' title='bbox 1866 3402 1965 3458; x_wconf 82' lang='lat' dir='ltr'><strong>Ito-</strong></span> 
     </span>
    </p>
   </div>
   <div class='ocr_carea' id='block_1_66' title="bbox 371 3495 1967 3570">
    <p class='ocr_par' dir='ltr' id='par_1_66' title="bbox 371 3495 1967 3570">
     <span class='ocr_line' id='line_1_66' title="bbox 371 3495 1967 3570; baseline -0.003 -16"><span class='ocrx_word' id='word_1_474' title='bbox 371 3499 553 3565; x_wconf 89' lang='lat' dir='ltr'><strong>noris,</strong></span> <span class='ocrx_word' id='word_1_475' title='bbox 601 3507 763 3569; x_wconf 88' lang='lat' dir='ltr'><strong>atque</strong></span> <span class='ocrx_word' id='word_1_476' title='bbox 811 3496 1203 3570; x_wconf 69' lang='lat' dir='ltr'><strong>ampliﬁcandae</strong></span> <span class='ocrx_word' id='word_1_477' title='bbox 1245 3498 1460 3553; x_wconf 91' lang='lat' dir='ltr'><strong>illorum</strong></span> <span class='ocrx_word' id='word_1_478' title='bbox 1498 3495 1753 3567; x_wconf 76' lang='lat' dir='ltr'><strong>potentia:</strong></span> <span class='ocrx_word' id='word_1_479' title='bbox 1796 3496 1967 3566; x_wconf 87' lang='lat' dir='ltr'><strong>gratia</strong></span> 
     </span>
    </p>
   </div>
   <div class='ocr_carea' id='block_1_67' title="bbox 372 3589 1968 3663">
    <p class='ocr_par' dir='ltr' id='par_1_67' title="bbox 372 3589 1968 3663">
     <span class='ocr_line' id='line_1_67' title="bbox 372 3589 1968 3663; baseline -0.003 -14"><span class='ocrx_word' id='word_1_480' title='bbox 372 3595 508 3650; x_wconf 84' lang='lat' dir='ltr'><strong>ﬁeri.</strong></span> <span class='ocrx_word' id='word_1_481' title='bbox 541 3594 733 3663; x_wconf 84' lang='lat' dir='ltr'><strong>Quidni</strong></span> <span class='ocrx_word' id='word_1_482' title='bbox 764 3596 906 3650; x_wconf 91' lang='lat' dir='ltr'><strong>enim</strong></span> <span class='ocrx_word' id='word_1_483' title='bbox 949 3593 1089 3648; x_wconf 89' lang='lat' dir='ltr'><strong>idem</strong></span> <span class='ocrx_word' id='word_1_484' title='bbox 1129 3593 1196 3648; x_wconf 89' lang='lat' dir='ltr'><strong>de</strong></span> <span class='ocrx_word' id='word_1_485' title='bbox 1241 3593 1454 3647; x_wconf 61' lang='lat' dir='ltr'><strong>caeteris</strong></span> <span class='ocrx_word' id='word_1_486' title='bbox 1498 3590 1772 3644; x_wconf 88' lang='lat' dir='ltr'><strong>hominum</strong></span> <span class='ocrx_word' id='word_1_487' title='bbox 1802 3589 1968 3644; x_wconf 86' lang='lat' dir='ltr'><strong>actio-</strong></span> 
     </span>
    </p>
   </div>
   <div class='ocr_carea' id='block_1_68' title="bbox 369 3683 1954 3758">
    <p class='ocr_par' dir='ltr' id='par_1_68' title="bbox 369 3683 1954 3758">
     <span class='ocr_line' id='line_1_68' title="bbox 369 3683 1954 3758; baseline -0.006 -14"><span class='ocrx_word' id='word_1_488' title='bbox 369 3690 526 3744; x_wconf 90' lang='lat' dir='ltr'><strong>nibus</strong></span> <span class='ocrx_word' id='word_1_489' title='bbox 555 3689 797 3743; x_wconf 89' lang='lat' dir='ltr'><strong>dicatur?</strong></span> <span class='ocrx_word' id='word_1_490' title='bbox 827 3686 962 3756; x_wconf 76' lang='lat' dir='ltr'><strong>Quid</strong></span> <span class='ocrx_word' id='word_1_491' title='bbox 993 3687 1234 3758; x_wconf 82' lang='lat' dir='ltr'><strong>insuper,</strong></span> <span class='ocrx_word' id='word_1_492' title='bbox 1263 3683 1410 3758; x_wconf 86' lang='lat' dir='ltr'><strong>quod</strong></span> <span class='ocrx_word' id='word_1_493' title='bbox 1440 3684 1660 3739; x_wconf 81' lang='lat' dir='ltr'><strong>honoris</strong></span> <span class='ocrx_word' id='word_1_494' title='bbox 1685 3694 1740 3739; x_wconf 86' lang='lat' dir='ltr'><strong>et</strong></span> <span class='ocrx_word' id='word_1_495' title='bbox 1763 3692 1954 3752; x_wconf 86' lang='lat' dir='ltr'><strong>poten-</strong></span> 
     </span>
    </p>
   </div>
   <div class='ocr_carea' id='block_1_69' title="bbox 372 3777 1968 3852">
    <p class='ocr_par' dir='ltr' id='par_1_69' title="bbox 372 3777 1968 3852">
     <span class='ocr_line' id='line_1_69' title="bbox 372 3777 1968 3852; baseline -0.003 -16"><span class='ocrx_word' id='word_1_496' title='bbox 372 3785 460 3836; x_wconf 70' lang='lat' dir='ltr'><strong>tiae</strong></span> <span class='ocrx_word' id='word_1_497' title='bbox 491 3781 839 3852; x_wconf 88' lang='lat' dir='ltr'><strong>ampliﬁcatio</strong></span> <span class='ocrx_word' id='word_1_498' title='bbox 881 3781 1148 3846; x_wconf 84' lang='lat' dir='ltr'><strong>homines,</strong></span> <span class='ocrx_word' id='word_1_499' title='bbox 1188 3790 1244 3835; x_wconf 90' lang='lat' dir='ltr'><strong>ut</strong></span> <span class='ocrx_word' id='word_1_500' title='bbox 1275 3789 1398 3850; x_wconf 86' lang='lat' dir='ltr'><strong>pote</strong></span> <span class='ocrx_word' id='word_1_501' title='bbox 1424 3779 1666 3834; x_wconf 88' lang='lat' dir='ltr'><strong>inﬁrmos</strong></span> <span class='ocrx_word' id='word_1_502' title='bbox 1706 3787 1761 3834; x_wconf 89' lang='lat' dir='ltr'><strong>et</strong></span> <span class='ocrx_word' id='word_1_503' title='bbox 1795 3777 1968 3832; x_wconf 83' lang='lat' dir='ltr'><strong>ambi-</strong></span> 
     </span>
    </p>
   </div>
   <div class='ocr_carea' id='block_1_70' title="bbox 373 3872 1307 3944">
    <p class='ocr_par' dir='ltr' id='par_1_70' title="bbox 373 3872 1307 3944">
     <span class='ocr_line' id='line_1_70' title="bbox 373 3872 1307 3944; baseline -0.004 -14"><span class='ocrx_word' id='word_1_504' title='bbox 373 3877 562 3943; x_wconf 86' lang='lat' dir='ltr'><strong>tiosos,</strong></span> <span class='ocrx_word' id='word_1_505' title='bbox 596 3891 701 3930; x_wconf 92' lang='lat' dir='ltr'><strong>non</strong></span> <span class='ocrx_word' id='word_1_506' title='bbox 729 3891 858 3928; x_wconf 89' lang='lat' dir='ltr'><strong>vero</strong></span> <span class='ocrx_word' id='word_1_507' title='bbox 888 3872 1022 3928; x_wconf 90' lang='lat' dir='ltr'><strong>deos</strong></span> <span class='ocrx_word' id='word_1_508' title='bbox 1055 3872 1307 3944; x_wconf 76' lang='lat' dir='ltr'><strong>Spectat?</strong></span> 
     </span>
    </p>
   </div>
   <div class='ocr_carea' id='block_1_71' title="bbox 445 3963 1971 4024">
    <p class='ocr_par' dir='ltr' id='par_1_71' title="bbox 445 3963 1971 4024">
     <span class='ocr_line' id='line_1_71' title="bbox 445 3963 1971 4024; baseline -0.003 0"><span class='ocrx_word' id='word_1_509' title='bbox 445 3968 665 4024; x_wconf 85' lang='lat' dir='ltr'><strong>Fatetur</strong></span> <span class='ocrx_word' id='word_1_510' title='bbox 692 3977 872 4024; x_wconf 87' lang='lat' dir='ltr'><strong>tamen</strong></span> <span class='ocrx_word' id='word_1_511' title='bbox 898 3965 1171 4022; x_wconf 77' lang='lat' dir='ltr'><strong>Arnobius</strong></span> <span class='ocrx_word' id='word_1_512' title='bbox 1201 3965 1465 4021; x_wconf 84' lang='lat' dir='ltr'><strong>honorem</strong></span> <span class='ocrx_word' id='word_1_513' title='bbox 1501 3963 1812 4020; x_wconf 87' lang='lat' dir='ltr'><strong>habendum</strong></span> <span class='ocrx_word' id='word_1_514' title='bbox 1843 3979 1971 4020; x_wconf 90' lang='lat' dir='ltr'><strong>vero</strong></span> 
     </span>
    </p>
   </div>
   <div class='ocr_carea' id='block_1_72' title="bbox 370 4056 1971 4133">
    <p class='ocr_par' dir='ltr' id='par_1_72' title="bbox 370 4056 1971 4133">
     <span class='ocr_line' id='line_1_72' title="bbox 370 4056 1971 4133; baseline -0.005 -15"><span class='ocrx_word' id='word_1_515' title='bbox 370 4063 485 4118; x_wconf 84' lang='lat' dir='ltr'><strong>Deo</strong></span> <span class='ocrx_word' id='word_1_516' title='bbox 506 4103 520 4128; x_wconf 93' lang='lat'><strong>,</strong></span> <span class='ocrx_word' id='word_1_517' title='bbox 552 4063 643 4133; x_wconf 89' lang='lat' dir='ltr'><strong>qui</strong></span> <span class='ocrx_word' id='word_1_518' title='bbox 672 4061 808 4116; x_wconf 86' lang='lat' dir='ltr'><strong>sicut</strong></span> <span class='ocrx_word' id='word_1_519' title='bbox 839 4061 916 4115; x_wconf 89' lang='lat' dir='ltr'><strong>ira</strong></span> <span class='ocrx_word' id='word_1_520' title='bbox 945 4075 1050 4114; x_wconf 92' lang='lat' dir='ltr'><strong>non</strong></span> <span class='ocrx_word' id='word_1_521' title='bbox 1097 4057 1362 4123; x_wconf 75' lang='lat' dir='ltr'><strong>ardescit,</strong></span> <span class='ocrx_word' id='word_1_522' title='bbox 1397 4058 1468 4112; x_wconf 85' lang='lat' dir='ltr'><strong>ita</strong></span> <span class='ocrx_word' id='word_1_523' title='bbox 1500 4073 1600 4113; x_wconf 88' lang='lat' dir='ltr'><strong>nec</strong></span> <span class='ocrx_word' id='word_1_524' title='bbox 1640 4057 1839 4112; x_wconf 89' lang='lat' dir='ltr'><strong>collato</strong></span> <span class='ocrx_word' id='word_1_525' title='bbox 1869 4056 1971 4111; x_wconf 91' lang='lat' dir='ltr'><strong>ho-</strong></span> 
     </span>
    </p>
   </div>
   <div class='ocr_carea' id='block_1_73' title="bbox 375 4149 1974 4226">
    <p class='ocr_par' dir='ltr' id='par_1_73' title="bbox 375 4149 1974 4226">
     <span class='ocr_line' id='line_1_73' title="bbox 375 4149 1974 4226; baseline -0.005 -14"><span class='ocrx_word' id='word_1_526' title='bbox 375 4172 508 4212; x_wconf 88' lang='lat' dir='ltr'><strong>nore</strong></span> <span class='ocrx_word' id='word_1_527' title='bbox 552 4154 773 4226; x_wconf 88' lang='lat' dir='ltr'><strong>gaudet,</strong></span> <span class='ocrx_word' id='word_1_528' title='bbox 807 4167 907 4208; x_wconf 90' lang='lat' dir='ltr'><strong>nec</strong></span> <span class='ocrx_word' id='word_1_529' title='bbox 950 4162 1146 4222; x_wconf 89' lang='lat' dir='ltr'><strong>negato</strong></span> <span class='ocrx_word' id='word_1_530' title='bbox 1187 4149 1516 4221; x_wconf 80' lang='lat' dir='ltr'><strong>indignatur,</strong></span> <span class='ocrx_word' id='word_1_531' title='bbox 1573 4165 1748 4220; x_wconf 86' lang='lat' dir='ltr'><strong>neque</strong></span> <span class='ocrx_word' id='word_1_532' title='bbox 1783 4150 1974 4205; x_wconf 85' lang='lat' dir='ltr'><strong>alienis</strong></span> 
     </span>
    </p>
   </div>
   <div class='ocr_carea' id='block_1_74' title="bbox 375 4241 1976 4316">
    <p class='ocr_par' dir='ltr' id='par_1_74' title="bbox 375 4241 1976 4316">
     <span class='ocr_line' id='line_1_74' title="bbox 375 4241 1976 4316; baseline -0.003 -14"><span class='ocrx_word' id='word_1_533' title='bbox 375 4247 767 4303; x_wconf 89' lang='lat' dir='ltr'><strong>adulationibus</strong></span> <span class='ocrx_word' id='word_1_534' title='bbox 796 4261 855 4302; x_wconf 91' lang='lat' dir='ltr'><strong>se</strong></span> <span class='ocrx_word' id='word_1_535' title='bbox 879 4245 1142 4316; x_wconf 86' lang='lat' dir='ltr'><strong>majorem</strong></span> <span class='ocrx_word' id='word_1_536' title='bbox 1171 4243 1290 4303; x_wconf 87' lang='lat' dir='ltr'><strong>ﬁeri</strong></span> <span class='ocrx_word' id='word_1_537' title='bbox 1323 4243 1614 4299; x_wconf 72' lang='lat' dir='ltr'><strong>existimat.</strong></span> <span class='ocrx_word' id='word_1_538' title='bbox 1659 4241 1814 4298; x_wconf 80' lang='lat' dir='ltr'><strong>Adde</strong></span> <span class='ocrx_word' id='word_1_539' title='bbox 1843 4255 1976 4297; x_wconf 84' lang='lat' dir='ltr'><strong>vero</strong></span> 
     </span>
    </p>
   </div>
   <div class='ocr_carea' id='block_1_75' title="bbox 377 4334 1972 4399">
    <p class='ocr_par' dir='ltr' id='par_1_75' title="bbox 377 4334 1972 4399">
     <span class='ocr_line' id='line_1_75' title="bbox 377 4334 1972 4399; baseline -0.004 -2"><span class='ocrx_word' id='word_1_540' title='bbox 377 4341 509 4397; x_wconf 90' lang='lat' dir='ltr'><strong>nihil</strong></span> <span class='ocrx_word' id='word_1_541' title='bbox 544 4341 771 4396; x_wconf 86' lang='lat' dir='ltr'><strong>honoris</strong></span> <span class='ocrx_word' id='word_1_542' title='bbox 809 4339 911 4395; x_wconf 89' lang='lat' dir='ltr'><strong>diis</strong></span> <span class='ocrx_word' id='word_1_543' title='bbox 939 4337 1204 4395; x_wconf 83' lang='lat' dir='ltr'><strong>accedere</strong></span> <span class='ocrx_word' id='word_1_544' title='bbox 1245 4353 1314 4393; x_wconf 77' lang='lat' dir='ltr'><strong>ex</strong></span> <span class='ocrx_word' id='word_1_545' title='bbox 1343 4336 1592 4391; x_wconf 87' lang='lat' dir='ltr'><strong>mactatis</strong></span> <span class='ocrx_word' id='word_1_546' title='bbox 1629 4334 1972 4399; x_wconf 87' lang='lat' dir='ltr'><strong>animalibus,</strong></span> 
     </span>
    </p>
   </div>
   <div class='ocr_carea' id='block_1_76' title="bbox 377 4426 1975 4505">
    <p class='ocr_par' dir='ltr' id='par_1_76' title="bbox 377 4426 1975 4505">
     <span class='ocr_line' id='line_1_76' title="bbox 377 4426 1975 4505; baseline -0.006 -15"><span class='ocrx_word' id='word_1_547' title='bbox 377 4450 602 4505; x_wconf 89' lang='lat' dir='ltr'><strong>quorum</strong></span> <span class='ocrx_word' id='word_1_548' title='bbox 623 4433 771 4489; x_wconf 82' lang='lat' dir='ltr'><strong>fumo</strong></span> <span class='ocrx_word' id='word_1_549' title='bbox 792 4431 1100 4499; x_wconf 84' lang='lat' dir='ltr'><strong>simulacra,</strong></span> <span class='ocrx_word' id='word_1_550' title='bbox 1125 4446 1188 4490; x_wconf 86' lang='lat' dir='ltr'><strong>ac</strong></span> <span class='ocrx_word' id='word_1_551' title='bbox 1215 4430 1477 4500; x_wconf 82' lang='lat' dir='ltr'><strong>sanguine</strong></span> <span class='ocrx_word' id='word_1_552' title='bbox 1493 4437 1549 4484; x_wconf 88' lang='lat' dir='ltr'><strong>et</strong></span> <span class='ocrx_word' id='word_1_553' title='bbox 1565 4438 1756 4498; x_wconf 89' lang='lat' dir='ltr'><strong>putore</strong></span> <span class='ocrx_word' id='word_1_554' title='bbox 1777 4426 1975 4496; x_wconf 84' lang='lat' dir='ltr'><strong>templa</strong></span> 
     </span>
    </p>
   </div>
   <div class='ocr_carea' id='block_1_77' title="bbox 375 4525 1209 4598">
    <p class='ocr_par' dir='ltr' id='par_1_77' title="bbox 375 4525 1209 4598">
     <span class='ocr_line' id='line_1_77' title="bbox 375 4525 1209 4598; baseline -0.007 -14"><span class='ocrx_word' id='word_1_555' title='bbox 375 4537 536 4598; x_wconf 87' lang='lat' dir='ltr'><strong>atque</strong></span> <span class='ocrx_word' id='word_1_556' title='bbox 559 4527 747 4582; x_wconf 81' lang='lat' dir='ltr'><strong>altaria</strong></span> <span class='ocrx_word' id='word_1_557' title='bbox 774 4525 1209 4596; x_wconf 81' lang='lat' dir='ltr'><strong>coinquinantur.</strong></span> 
     </span>
    </p>
   </div>
   <div class='ocr_carea' id='block_1_78' title="bbox 2072 3310 3684 3378">
    <p class='ocr_par' dir='ltr' id='par_1_78' title="bbox 2072 3310 3684 3378">
     <span class='ocr_line' id='line_1_78' title="bbox 2072 3310 3684 3378; baseline 0 -11"><span class='ocrx_word' id='word_1_558' title='bbox 2072 3322 2358 3378; x_wconf 85' lang='lat' dir='ltr'><strong>mactetur,</strong></span> <span class='ocrx_word' id='word_1_559' title='bbox 2404 3312 2522 3367; x_wconf 84' lang='lat' dir='ltr'><strong>ﬁeri</strong></span> <span class='ocrx_word' id='word_1_560' title='bbox 2550 3312 2772 3376; x_wconf 88' lang='lat' dir='ltr'><strong>malum,</strong></span> <span class='ocrx_word' id='word_1_561' title='bbox 2804 3310 2964 3367; x_wconf 88' lang='lat' dir='ltr'><strong>deum</strong></span> <span class='ocrx_word' id='word_1_562' title='bbox 3009 3327 3141 3367; x_wconf 87' lang='lat' dir='ltr'><strong>vero</strong></span> <span class='ocrx_word' id='word_1_563' title='bbox 3169 3313 3394 3377; x_wconf 83' lang='lat' dir='ltr'><strong>malum,</strong></span> <span class='ocrx_word' id='word_1_564' title='bbox 3428 3311 3569 3366; x_wconf 77' lang='lat' dir='ltr'><strong>facto</strong></span> <span class='ocrx_word' id='word_1_565' title='bbox 3595 3326 3684 3367; x_wconf 87' lang='lat' dir='ltr'><strong>sa-</strong></span> 
     </span>
    </p>
   </div>
   <div class='ocr_carea' id='block_1_79' title="bbox 2070 3403 3678 3471">
    <p class='ocr_par' dir='ltr' id='par_1_79' title="bbox 2070 3403 3678 3471">
     <span class='ocr_line' id='line_1_79' title="bbox 2070 3403 3678 3471; baseline -0.002 -8"><span class='ocrx_word' id='word_1_566' title='bbox 2070 3407 2274 3463; x_wconf 90' lang='lat' dir='ltr'><strong>criﬁcio</strong></span> <span class='ocrx_word' id='word_1_567' title='bbox 2317 3406 2516 3461; x_wconf 92' lang='lat' dir='ltr'><strong>bonum</strong></span> <span class='ocrx_word' id='word_1_568' title='bbox 2550 3405 2686 3460; x_wconf 90' lang='lat' dir='ltr'><strong>ﬁeri.</strong></span> <span class='ocrx_word' id='word_1_569' title='bbox 2718 3404 2850 3471; x_wconf 85' lang='lat' dir='ltr'><strong>Quis</strong></span> <span class='ocrx_word' id='word_1_570' title='bbox 2890 3414 3072 3460; x_wconf 89' lang='lat' dir='ltr'><strong>autem</strong></span> <span class='ocrx_word' id='word_1_571' title='bbox 3101 3419 3246 3460; x_wconf 70' lang='lat' dir='ltr'><strong>sane</strong></span> <span class='ocrx_word' id='word_1_572' title='bbox 3277 3404 3476 3460; x_wconf 89' lang='lat' dir='ltr'><strong>mentis</strong></span> <span class='ocrx_word' id='word_1_573' title='bbox 3507 3403 3678 3460; x_wconf 87' lang='lat' dir='ltr'><strong>homo</strong></span> 
     </span>
    </p>
   </div>
   <div class='ocr_carea' id='block_1_80' title="bbox 2071 3498 2930 3556">
    <p class='ocr_par' dir='ltr' id='par_1_80' title="bbox 2071 3498 2930 3556">
     <span class='ocr_line' id='line_1_80' title="bbox 2071 3498 2930 3556; baseline -0.006 0"><span class='ocrx_word' id='word_1_574' title='bbox 2071 3501 2266 3556; x_wconf 84' lang='lat' dir='ltr'><strong>dixerit</strong></span> <span class='ocrx_word' id='word_1_575' title='bbox 2290 3510 2538 3554; x_wconf 86' lang='lat' dir='ltr'><strong>naturam</strong></span> <span class='ocrx_word' id='word_1_576' title='bbox 2569 3498 2663 3553; x_wconf 86' lang='lat' dir='ltr'><strong>Dei</strong></span> <span class='ocrx_word' id='word_1_577' title='bbox 2692 3499 2930 3553; x_wconf 79' lang='lat' dir='ltr'><strong>mutari?</strong></span> 
     </span>
    </p>
   </div>
   <div class='ocr_carea' id='block_1_81' title="bbox 2142 3588 3686 3663">
    <p class='ocr_par' dir='ltr' id='par_1_81' title="bbox 2142 3588 3686 3663">
     <span class='ocr_line' id='line_1_81' title="bbox 2142 3588 3686 3663; baseline 0 -17"><span class='ocrx_word' id='word_1_578' title='bbox 2142 3590 2409 3649; x_wconf 61' lang='lat' dir='ltr'><strong>Caeterum</strong></span> <span class='ocrx_word' id='word_1_579' title='bbox 2431 3591 2678 3663; x_wconf 83' lang='lat' dir='ltr'><strong>quamvis</strong></span> <span class='ocrx_word' id='word_1_580' title='bbox 2713 3591 2792 3646; x_wconf 80' lang='lat' dir='ltr'><strong>las</strong></span> <span class='ocrx_word' id='word_1_581' title='bbox 2825 3590 2939 3645; x_wconf 77' lang='lat' dir='ltr'><strong>ﬁeri</strong></span> <span class='ocrx_word' id='word_1_582' title='bbox 2969 3601 3151 3662; x_wconf 81' lang='lat' dir='ltr'><strong>posset</strong></span> <span class='ocrx_word' id='word_1_583' title='bbox 3191 3600 3249 3644; x_wconf 91' lang='lat' dir='ltr'><strong>ut</strong></span> <span class='ocrx_word' id='word_1_584' title='bbox 3287 3589 3428 3644; x_wconf 89' lang='lat' dir='ltr'><strong>tauri</strong></span> <span class='ocrx_word' id='word_1_585' title='bbox 3466 3588 3686 3660; x_wconf 88' lang='lat' dir='ltr'><strong>aliaque</strong></span> 
     </span>
    </p>
   </div>
   <div class='ocr_carea' id='block_1_82' title="bbox 2071 3682 3670 3755">
    <p class='ocr_par' dir='ltr' id='par_1_82' title="bbox 2071 3682 3670 3755">
     <span class='ocr_line' id='line_1_82' title="bbox 2071 3682 3670 3755; baseline -0.001 -15"><span class='ocrx_word' id='word_1_586' title='bbox 2071 3686 2323 3741; x_wconf 86' lang='lat' dir='ltr'><strong>animalia</strong></span> <span class='ocrx_word' id='word_1_587' title='bbox 2355 3685 2458 3740; x_wconf 84' lang='lat' dir='ltr'><strong>diis</strong></span> <span class='ocrx_word' id='word_1_588' title='bbox 2479 3685 2912 3752; x_wconf 88' lang='lat' dir='ltr'><strong>immolarentur,</strong></span> <span class='ocrx_word' id='word_1_589' title='bbox 2931 3684 3057 3755; x_wconf 88' lang='lat' dir='ltr'><strong>quid</strong></span> <span class='ocrx_word' id='word_1_590' title='bbox 3085 3685 3165 3740; x_wconf 88' lang='lat' dir='ltr'><strong>eis</strong></span> <span class='ocrx_word' id='word_1_591' title='bbox 3188 3684 3495 3740; x_wconf 87' lang='lat' dir='ltr'><strong>conducere</strong></span> <span class='ocrx_word' id='word_1_592' title='bbox 3519 3682 3670 3738; x_wconf 87' lang='lat' dir='ltr'><strong>vale-</strong></span> 
     </span>
    </p>
   </div>
   <div class='ocr_carea' id='block_1_83' title="bbox 2074 3775 3684 3847">
    <p class='ocr_par' dir='ltr' id='par_1_83' title="bbox 2074 3775 3684 3847">
     <span class='ocr_line' id='line_1_83' title="bbox 2074 3775 3684 3847; baseline -0.002 -13"><span class='ocrx_word' id='word_1_593' title='bbox 2074 3778 2204 3834; x_wconf 87' lang='lat' dir='ltr'><strong>bant</strong></span> <span class='ocrx_word' id='word_1_594' title='bbox 2233 3778 2514 3834; x_wconf 83' lang='lat' dir='ltr'><strong>innuntera</strong></span> <span class='ocrx_word' id='word_1_595' title='bbox 2547 3776 2907 3844; x_wconf 79' lang='lat' dir='ltr'><strong>farciminnm,</strong></span> <span class='ocrx_word' id='word_1_596' title='bbox 2942 3775 3188 3847; x_wconf 88' lang='lat' dir='ltr'><strong>pultium,</strong></span> <span class='ocrx_word' id='word_1_597' title='bbox 3221 3776 3476 3844; x_wconf 88' lang='lat' dir='ltr'><strong>liborum,</strong></span> <span class='ocrx_word' id='word_1_598' title='bbox 3506 3784 3561 3830; x_wconf 91' lang='lat' dir='ltr'><strong>et</strong></span> <span class='ocrx_word' id='word_1_599' title='bbox 3587 3776 3684 3831; x_wconf 81' lang='lat' dir='ltr'><strong>fri-</strong></span> 
     </span>
    </p>
   </div>
   <div class='ocr_carea' id='block_1_84' title="bbox 2075 3871 3684 3942">
    <p class='ocr_par' dir='ltr' id='par_1_84' title="bbox 2075 3871 3684 3942">
     <span class='ocr_line' id='line_1_84' title="bbox 2075 3871 3684 3942; baseline -0.001 -16"><span class='ocrx_word' id='word_1_600' title='bbox 2075 3871 2312 3927; x_wconf 87' lang='lat' dir='ltr'><strong>tillarum</strong></span> <span class='ocrx_word' id='word_1_601' title='bbox 2345 3885 2567 3942; x_wconf 85' lang='lat' dir='ltr'><strong>genera,</strong></span> <span class='ocrx_word' id='word_1_602' title='bbox 2598 3871 2670 3926; x_wconf 86' lang='lat' dir='ltr'><strong>ab</strong></span> <span class='ocrx_word' id='word_1_603' title='bbox 2711 3877 2931 3926; x_wconf 85' lang='lat' dir='ltr'><strong>auctore</strong></span> <span class='ocrx_word' id='word_1_604' title='bbox 2975 3880 3163 3924; x_wconf 88' lang='lat' dir='ltr'><strong>nostro</strong></span> <span class='ocrx_word' id='word_1_605' title='bbox 3191 3879 3529 3933; x_wconf 85' lang='lat' dir='ltr'><strong>enumerata,</strong></span> <span class='ocrx_word' id='word_1_606' title='bbox 3557 3885 3684 3940; x_wconf 85' lang='lat' dir='ltr'><strong>quae</strong></span> 
     </span>
    </p>
   </div>
   <div class='ocr_carea' id='block_1_85' title="bbox 2075 3959 3682 4036">
    <p class='ocr_par' dir='ltr' id='par_1_85' title="bbox 2075 3959 3682 4036">
     <span class='ocr_line' id='line_1_85' title="bbox 2075 3959 3682 4036; baseline 0 -18"><span class='ocrx_word' id='word_1_607' title='bbox 2075 3965 2128 4019; x_wconf 89' lang='lat' dir='ltr'><strong>in</strong></span> <span class='ocrx_word' id='word_1_608' title='bbox 2165 3965 2503 4020; x_wconf 90' lang='lat' dir='ltr'><strong>ethnicorum</strong></span> <span class='ocrx_word' id='word_1_609' title='bbox 2555 3964 2829 4036; x_wconf 84' lang='lat' dir='ltr'><strong>mysteriis</strong></span> <span class='ocrx_word' id='word_1_610' title='bbox 2872 3979 2937 4020; x_wconf 91' lang='lat' dir='ltr'><strong>ae</strong></span> <span class='ocrx_word' id='word_1_611' title='bbox 2980 3963 3263 4019; x_wconf 84' lang='lat' dir='ltr'><strong>sacriﬁciis</strong></span> <span class='ocrx_word' id='word_1_612' title='bbox 3304 3959 3682 4019; x_wconf 75' lang='lat' dir='ltr'><strong>adhibentur?</strong></span> 
     </span>
    </p>
   </div>
   <div class='ocr_carea' id='block_1_86' title="bbox 2077 4055 3674 4128">
    <p class='ocr_par' dir='ltr' id='par_1_86' title="bbox 2077 4055 3674 4128">
     <span class='ocr_line' id='line_1_86' title="bbox 2077 4055 3674 4128; baseline -0.001 -17"><span class='ocrx_word' id='word_1_613' title='bbox 2077 4056 2343 4128; x_wconf 86' lang='lat' dir='ltr'><strong>Numquid</strong></span> <span class='ocrx_word' id='word_1_614' title='bbox 2367 4072 2429 4112; x_wconf 86' lang='lat' dir='ltr'><strong>ea</strong></span> <span class='ocrx_word' id='word_1_615' title='bbox 2459 4057 2662 4124; x_wconf 84' lang='lat' dir='ltr'><strong>omnia,</strong></span> <span class='ocrx_word' id='word_1_616' title='bbox 2690 4071 2811 4126; x_wconf 79' lang='lat' dir='ltr'><strong>qum</strong></span> <span class='ocrx_word' id='word_1_617' title='bbox 2838 4056 3086 4111; x_wconf 87' lang='lat' dir='ltr'><strong>obscuris</strong></span> <span class='ocrx_word' id='word_1_618' title='bbox 3113 4055 3422 4111; x_wconf 90' lang='lat' dir='ltr'><strong>nominibus</strong></span> <span class='ocrx_word' id='word_1_619' title='bbox 3440 4097 3456 4124; x_wconf 95' lang='lat'><strong>,</strong></span> <span class='ocrx_word' id='word_1_620' title='bbox 3485 4066 3541 4110; x_wconf 92' lang='lat' dir='ltr'><strong>ut</strong></span> <span class='ocrx_word' id='word_1_621' title='bbox 3570 4071 3674 4110; x_wconf 80' lang='lat' dir='ltr'><strong>au-</strong></span> 
     </span>
    </p>
   </div>
   <div class='ocr_carea' id='block_1_87' title="bbox 2075 4149 3687 4222">
    <p class='ocr_par' dir='ltr' id='par_1_87' title="bbox 2075 4149 3687 4222">
     <span class='ocr_line' id='line_1_87' title="bbox 2075 4149 3687 4222; baseline 0.001 -16"><span class='ocrx_word' id='word_1_622' title='bbox 2075 4155 2314 4222; x_wconf 84' lang='lat' dir='ltr'><strong>gustiora</strong></span> <span class='ocrx_word' id='word_1_623' title='bbox 2346 4149 2543 4215; x_wconf 82' lang='lat' dir='ltr'><strong>forent,</strong></span> <span class='ocrx_word' id='word_1_624' title='bbox 2576 4151 2936 4221; x_wconf 89' lang='lat' dir='ltr'><strong>ppellantur,</strong></span> <span class='ocrx_word' id='word_1_625' title='bbox 2967 4150 3192 4206; x_wconf 91' lang='lat' dir='ltr'><strong>deorum</strong></span> <span class='ocrx_word' id='word_1_626' title='bbox 3220 4152 3400 4221; x_wconf 85' lang='lat' dir='ltr'><strong>palato</strong></span> <span class='ocrx_word' id='word_1_627' title='bbox 3426 4161 3597 4222; x_wconf 84' lang='lat' dir='ltr'><strong>grata,</strong></span> <span class='ocrx_word' id='word_1_628' title='bbox 3627 4161 3687 4208; x_wconf 89' lang='lat' dir='ltr'><strong>et</strong></span> 
     </span>
    </p>
   </div>
   <div class='ocr_carea' id='block_1_88' title="bbox 2078 4247 3684 4321">
    <p class='ocr_par' dir='ltr' id='par_1_88' title="bbox 2078 4247 3684 4321">
     <span class='ocr_line' id='line_1_88' title="bbox 2078 4247 3684 4321; baseline 0.001 -19"><span class='ocrx_word' id='word_1_629' title='bbox 2078 4248 2352 4318; x_wconf 86' lang='lat' dir='ltr'><strong>languenti</strong></span> <span class='ocrx_word' id='word_1_630' title='bbox 2385 4247 2666 4303; x_wconf 85' lang='lat' dir='ltr'><strong>stomacho</strong></span> <span class='ocrx_word' id='word_1_631' title='bbox 2705 4248 2855 4302; x_wconf 87' lang='lat' dir='ltr'><strong>utilia</strong></span> <span class='ocrx_word' id='word_1_632' title='bbox 2895 4249 3058 4302; x_wconf 83' lang='lat' dir='ltr'><strong>sunt?</strong></span> <span class='ocrx_word' id='word_1_633' title='bbox 3083 4247 3195 4302; x_wconf 90' lang='lat' dir='ltr'><strong>Cur</strong></span> <span class='ocrx_word' id='word_1_634' title='bbox 3222 4247 3308 4302; x_wconf 89' lang='lat' dir='ltr'><strong>illa</strong></span> <span class='ocrx_word' id='word_1_635' title='bbox 3341 4247 3428 4304; x_wconf 89' lang='lat' dir='ltr'><strong>vel</strong></span> <span class='ocrx_word' id='word_1_636' title='bbox 3453 4263 3684 4321; x_wconf 85' lang='lat' dir='ltr'><strong>separa-</strong></span> 
     </span>
    </p>
   </div>
   <div class='ocr_carea' id='block_1_89' title="bbox 2079 4340 3687 4414">
    <p class='ocr_par' dir='ltr' id='par_1_89' title="bbox 2079 4340 3687 4414">
     <span class='ocr_line' id='line_1_89' title="bbox 2079 4340 3687 4414; baseline 0.002 -18"><span class='ocrx_word' id='word_1_637' title='bbox 2079 4343 2194 4407; x_wconf 91' lang='lat' dir='ltr'><strong>tim,</strong></span> <span class='ocrx_word' id='word_1_638' title='bbox 2225 4341 2308 4396; x_wconf 88' lang='lat' dir='ltr'><strong>vel</strong></span> <span class='ocrx_word' id='word_1_639' title='bbox 2336 4340 2496 4395; x_wconf 90' lang='lat' dir='ltr'><strong>modo</strong></span> <span class='ocrx_word' id='word_1_640' title='bbox 2517 4340 2704 4406; x_wconf 86' lang='lat' dir='ltr'><strong>cruda,</strong></span> <span class='ocrx_word' id='word_1_641' title='bbox 2739 4340 2902 4396; x_wconf 93' lang='lat' dir='ltr'><strong>modo</strong></span> <span class='ocrx_word' id='word_1_642' title='bbox 2923 4351 3097 4408; x_wconf 87' lang='lat' dir='ltr'><strong>cocta,</strong></span> <span class='ocrx_word' id='word_1_643' title='bbox 3131 4342 3216 4398; x_wconf 89' lang='lat' dir='ltr'><strong>vel</strong></span> <span class='ocrx_word' id='word_1_644' title='bbox 3249 4358 3372 4398; x_wconf 89' lang='lat' dir='ltr'><strong>assa</strong></span> <span class='ocrx_word' id='word_1_645' title='bbox 3399 4357 3687 4414; x_wconf 91' lang='lat' dir='ltr'><strong>apponun-</strong></span> 
     </span>
    </p>
   </div>
   <div class='ocr_carea' id='block_1_90' title="bbox 2083 4444 2188 4489">
    <p class='ocr_par' dir='ltr' id='par_1_90' title="bbox 2083 4444 2188 4489">
     <span class='ocr_line' id='line_1_90' title="bbox 2083 4444 2188 4489; baseline 0 -1"><span class='ocrx_word' id='word_1_646' title='bbox 2083 4444 2188 4489; x_wconf 69' lang='grc' dir='ltr'><strong>ιω.</strong></span> 
     </span>
    </p>
   </div>
   <div class='ocr_carea' id='block_1_91' title="bbox 2151 4527 3688 4599">
    <p class='ocr_par' dir='ltr' id='par_1_91' title="bbox 2151 4527 3688 4599">
     <span class='ocr_line' id='line_1_91' title="bbox 2151 4527 3688 4599; baseline 0.003 -17"><span class='ocrx_word' id='word_1_647' title='bbox 2151 4527 2352 4583; x_wconf 83' lang='lat' dir='ltr'><strong>Thuris</strong></span> <span class='ocrx_word' id='word_1_648' title='bbox 2381 4542 2593 4599; x_wconf 88' lang='lat' dir='ltr'><strong>quoque</strong></span> <span class='ocrx_word' id='word_1_649' title='bbox 2615 4543 2803 4584; x_wconf 88' lang='lat' dir='ltr'><strong>eorum</strong></span> <span class='ocrx_word' id='word_1_650' title='bbox 2835 4530 2944 4585; x_wconf 89' lang='lat' dir='ltr'><strong>aris</strong></span> <span class='ocrx_word' id='word_1_651' title='bbox 2966 4529 3218 4586; x_wconf 89' lang='lat' dir='ltr'><strong>adolendi</strong></span> <span class='ocrx_word' id='word_1_652' title='bbox 3239 4545 3343 4585; x_wconf 91' lang='lat' dir='ltr'><strong>non</strong></span> <span class='ocrx_word' id='word_1_653' title='bbox 3377 4529 3566 4585; x_wconf 90' lang='lat' dir='ltr'><strong>melior</strong></span> <span class='ocrx_word' id='word_1_654' title='bbox 3595 4538 3688 4586; x_wconf 82' lang='lat' dir='ltr'><strong>est</strong></span> 
     </span>
    </p>
   </div>
   <div class='ocr_carea' id='block_1_92' title="bbox 449 4613 3688 4694">
    <p class='ocr_par' dir='ltr' id='par_1_92' title="bbox 449 4613 3688 4694">
     <span class='ocr_line' id='line_1_92' title="bbox 449 4613 3688 4694; baseline -0.004 -4"><span class='ocrx_word' id='word_1_655' title='bbox 449 4620 602 4690; x_wconf 74' lang='lat' dir='ltr'><strong>Quod</strong></span> <span class='ocrx_word' id='word_1_656' title='bbox 630 4622 676 4676; x_wconf 70' lang='lat' dir='ltr'><strong>Si</strong></span> <span class='ocrx_word' id='word_1_657' title='bbox 707 4619 885 4674; x_wconf 62' lang='lat' dir='ltr'><strong>adhuc</strong></span> <span class='ocrx_word' id='word_1_658' title='bbox 916 4617 1268 4682; x_wconf 66' lang='lat' dir='ltr'><strong>nihilominus</strong></span> <span class='ocrx_word' id='word_1_659' title='bbox 1288 4615 1610 4682; x_wconf 75' lang='lat' dir='ltr'><strong>contendas,</strong></span> <span class='ocrx_word' id='word_1_660' title='bbox 1643 4614 1746 4668; x_wconf 88' lang='lat' dir='ltr'><strong>hoc</strong></span> <span class='ocrx_word' id='word_1_661' title='bbox 1771 4613 1976 4670; x_wconf 82' lang='lat' dir='ltr'><strong>aninia-</strong></span> <span class='ocrx_word' id='word_1_662' title='bbox 2002 4628 2057 4690; x_wconf 79' lang='grc' dir='ltr'><strong>Ι)</strong></span> <span class='ocrx_word' id='word_1_663' title='bbox 2084 4621 2238 4676; x_wconf 87' lang='lat' dir='ltr'><strong>ratio.</strong></span> <span class='ocrx_word' id='word_1_664' title='bbox 2273 4621 2485 4676; x_wconf 83' lang='lat' dir='ltr'><strong>Recens</strong></span> <span class='ocrx_word' id='word_1_665' title='bbox 2531 4622 2730 4693; x_wconf 87' lang='lat' dir='ltr'><strong>quippe</strong></span> <span class='ocrx_word' id='word_1_666' title='bbox 2777 4633 2860 4678; x_wconf 88' lang='lat' dir='ltr'><strong>est</strong></span> <span class='ocrx_word' id='word_1_667' title='bbox 2890 4624 3025 4678; x_wconf 88' lang='lat' dir='ltr'><strong>ritus</strong></span> <span class='ocrx_word' id='word_1_668' title='bbox 3059 4624 3170 4687; x_wconf 90' lang='lat' dir='ltr'><strong>ille,</strong></span> <span class='ocrx_word' id='word_1_669' title='bbox 3199 4634 3254 4679; x_wconf 90' lang='lat' dir='ltr'><strong>et</strong></span> <span class='ocrx_word' id='word_1_670' title='bbox 3283 4623 3516 4694; x_wconf 86' lang='lat' dir='ltr'><strong>antiquis</strong></span> <span class='ocrx_word' id='word_1_671' title='bbox 3547 4635 3688 4678; x_wconf 86' lang='lat' dir='ltr'><strong>tem-</strong></span> 
     </span>
    </p>
   </div>
   <div class='ocr_carea' id='block_1_93' title="bbox 380 4707 1977 4774">
    <p class='ocr_par' dir='ltr' id='par_1_93' title="bbox 380 4707 1977 4774">
     <span class='ocr_line' id='line_1_93' title="bbox 380 4707 1977 4774; baseline -0.004 -5"><span class='ocrx_word' id='word_1_672' title='bbox 380 4717 508 4769; x_wconf 90' lang='lat' dir='ltr'><strong>lium</strong></span> <span class='ocrx_word' id='word_1_673' title='bbox 537 4728 732 4769; x_wconf 86' lang='lat' dir='ltr'><strong>cruore</strong></span> <span class='ocrx_word' id='word_1_674' title='bbox 759 4711 894 4767; x_wconf 85' lang='lat' dir='ltr'><strong>deos</strong></span> <span class='ocrx_word' id='word_1_675' title='bbox 932 4711 1213 4774; x_wconf 88' lang='lat' dir='ltr'><strong>honorari,</strong></span> <span class='ocrx_word' id='word_1_676' title='bbox 1245 4725 1343 4764; x_wconf 92' lang='lat' dir='ltr'><strong>cur</strong></span> <span class='ocrx_word' id='word_1_677' title='bbox 1379 4710 1458 4764; x_wconf 83' lang='lat' dir='ltr'><strong>eis</strong></span> <span class='ocrx_word' id='word_1_678' title='bbox 1489 4724 1595 4762; x_wconf 90' lang='lat' dir='ltr'><strong>non</strong></span> <span class='ocrx_word' id='word_1_679' title='bbox 1629 4707 1977 4763; x_wconf 84' lang='lat' dir='ltr'><strong>immolantur</strong></span> 
     </span>
    </p>
   </div>
   <div class='ocr_carea' id='block_1_94' title="bbox 379 4801 1975 4878">
    <p class='ocr_par' dir='ltr' id='par_1_94' title="bbox 379 4801 1975 4878">
     <span class='ocr_line' id='line_1_94' title="bbox 379 4801 1975 4878; baseline -0.004 -16"><span class='ocrx_word' id='word_1_680' title='bbox 379 4806 674 4878; x_wconf 88' lang='lat' dir='ltr'><strong>elephanti,</strong></span> <span class='ocrx_word' id='word_1_681' title='bbox 719 4805 937 4868; x_wconf 86' lang='lat' dir='ltr'><strong>cameli,</strong></span> <span class='ocrx_word' id='word_1_682' title='bbox 969 4805 1188 4869; x_wconf 78' lang='lat' dir='ltr'><strong>leones,</strong></span> <span class='ocrx_word' id='word_1_683' title='bbox 1218 4802 1412 4874; x_wconf 79' lang='lat' dir='ltr'><strong>aquila:</strong></span> <span class='ocrx_word' id='word_1_684' title='bbox 1433 4844 1448 4868; x_wconf 90' lang='lat'><strong>,</strong></span> <span class='ocrx_word' id='word_1_685' title='bbox 1499 4802 1745 4866; x_wconf 67' lang='lat' dir='ltr'><strong>ciconiae,</strong></span> <span class='ocrx_word' id='word_1_686' title='bbox 1776 4812 1831 4857; x_wconf 86' lang='lat' dir='ltr'><strong>et</strong></span> <span class='ocrx_word' id='word_1_687' title='bbox 1872 4801 1975 4858; x_wconf 82' lang='lat' dir='ltr'><strong>alia</strong></span> 
     </span>
    </p>
   </div>
   <div class='ocr_carea' id='block_1_95' title="bbox 379 4895 1977 4969">
    <p class='ocr_par' dir='ltr' id='par_1_95' title="bbox 379 4895 1977 4969">
     <span class='ocr_line' id='line_1_95' title="bbox 379 4895 1977 4969; baseline -0.003 -14"><span class='ocrx_word' id='word_1_688' title='bbox 379 4899 634 4955; x_wconf 82' lang='lat' dir='ltr'><strong>animalia</strong></span> <span class='ocrx_word' id='word_1_689' title='bbox 665 4899 824 4969; x_wconf 89' lang='lat' dir='ltr'><strong>longe</strong></span> <span class='ocrx_word' id='word_1_690' title='bbox 851 4897 1124 4968; x_wconf 76' lang='lat' dir='ltr'><strong>plurima?</strong></span> <span class='ocrx_word' id='word_1_691' title='bbox 1165 4895 1278 4952; x_wconf 90' lang='lat' dir='ltr'><strong>Nec</strong></span> <span class='ocrx_word' id='word_1_692' title='bbox 1304 4895 1636 4967; x_wconf 81' lang='lat' dir='ltr'><strong>respondere</strong></span> <span class='ocrx_word' id='word_1_693' title='bbox 1658 4895 1812 4965; x_wconf 83' lang='lat' dir='ltr'><strong>juvat</strong></span> <span class='ocrx_word' id='word_1_694' title='bbox 1843 4895 1977 4951; x_wconf 82' lang='lat' dir='ltr'><strong>deos</strong></span> 
     </span>
    </p>
   </div>
   <div class='ocr_carea' id='block_1_96' title="bbox 380 4988 1975 5062">
    <p class='ocr_par' dir='ltr' id='par_1_96' title="bbox 380 4988 1975 5062">
     <span class='ocr_line' id='line_1_96' title="bbox 380 4988 1975 5062; baseline -0.003 -15"><span class='ocrx_word' id='word_1_695' title='bbox 380 4993 446 5048; x_wconf 86' lang='lat' dir='ltr'><strong>iis</strong></span> <span class='ocrx_word' id='word_1_696' title='bbox 474 5001 703 5056; x_wconf 87' lang='lat' dir='ltr'><strong>tantum,</strong></span> <span class='ocrx_word' id='word_1_697' title='bbox 740 5007 860 5062; x_wconf 67' lang='lat' dir='ltr'><strong>quae</strong></span> <span class='ocrx_word' id='word_1_698' title='bbox 901 4990 967 5046; x_wconf 90' lang='lat' dir='ltr'><strong>ad</strong></span> <span class='ocrx_word' id='word_1_699' title='bbox 1017 4991 1213 5048; x_wconf 87' lang='lat' dir='ltr'><strong>victum</strong></span> <span class='ocrx_word' id='word_1_700' title='bbox 1256 4989 1412 5044; x_wconf 85' lang='lat' dir='ltr'><strong>nobis</strong></span> <span class='ocrx_word' id='word_1_701' title='bbox 1457 4989 1685 5058; x_wconf 82' lang='lat' dir='ltr'><strong>benigne</strong></span> <span class='ocrx_word' id='word_1_702' title='bbox 1715 4988 1975 5060; x_wconf 78' lang='lat' dir='ltr'><strong>suppedi-</strong></span> 
     </span>
    </p>
   </div>
   <div class='ocr_carea' id='block_1_97' title="bbox 382 5081 1975 5152">
    <p class='ocr_par' dir='ltr' id='par_1_97' title="bbox 382 5081 1975 5152">
     <span class='ocr_line' id='line_1_97' title="bbox 382 5081 1975 5152; baseline -0.003 -11"><span class='ocrx_word' id='word_1_703' title='bbox 382 5094 516 5150; x_wconf 83' lang='lat' dir='ltr'><strong>tant,</strong></span> <span class='ocrx_word' id='word_1_704' title='bbox 559 5083 854 5140; x_wconf 82' lang='lat' dir='ltr'><strong>honestari.</strong></span> <span class='ocrx_word' id='word_1_705' title='bbox 883 5081 1017 5138; x_wconf 84' lang='lat' dir='ltr'><strong>Nam</strong></span> <span class='ocrx_word' id='word_1_706' title='bbox 1043 5091 1100 5138; x_wconf 89' lang='lat' dir='ltr'><strong>ct</strong></span> <span class='ocrx_word' id='word_1_707' title='bbox 1122 5082 1417 5144; x_wconf 87' lang='lat' dir='ltr'><strong>cuminum,</strong></span> <span class='ocrx_word' id='word_1_708' title='bbox 1449 5082 1790 5148; x_wconf 79' lang='lat' dir='ltr'><strong>ruistnrtium,</strong></span> <span class='ocrx_word' id='word_1_709' title='bbox 1823 5098 1975 5152; x_wconf 83' lang='lat' dir='ltr'><strong>rapa,</strong></span> 
     </span>
    </p>
   </div>
   <div class='ocr_carea' id='block_1_98' title="bbox 382 5174 1978 5247">
    <p class='ocr_par' dir='ltr' id='par_1_98' title="bbox 382 5174 1978 5247">
     <span class='ocr_line' id='line_1_98' title="bbox 382 5174 1978 5247; baseline -0.003 -14"><span class='ocrx_word' id='word_1_710' title='bbox 382 5192 435 5234; x_wconf 87' lang='lat' dir='ltr'><strong>ct</strong></span> <span class='ocrx_word' id='word_1_711' title='bbox 463 5179 564 5232; x_wconf 85' lang='lat' dir='ltr'><strong>alia</strong></span> <span class='ocrx_word' id='word_1_712' title='bbox 597 5178 798 5241; x_wconf 89' lang='lat' dir='ltr'><strong>omnia,</strong></span> <span class='ocrx_word' id='word_1_713' title='bbox 839 5191 958 5247; x_wconf 65' lang='lat' dir='ltr'><strong>qut:</strong></span> <span class='ocrx_word' id='word_1_714' title='bbox 989 5186 1176 5238; x_wconf 86' lang='lat' dir='ltr'><strong>nostro</strong></span> <span class='ocrx_word' id='word_1_715' title='bbox 1206 5184 1332 5230; x_wconf 79' lang='lat' dir='ltr'><strong>sunt</strong></span> <span class='ocrx_word' id='word_1_716' title='bbox 1357 5175 1471 5230; x_wconf 82' lang='lat' dir='ltr'><strong>usui</strong></span> <span class='ocrx_word' id='word_1_717' title='bbox 1499 5215 1515 5242; x_wconf 85' lang='lat'><strong>,</strong></span> <span class='ocrx_word' id='word_1_718' title='bbox 1545 5174 1736 5230; x_wconf 84' lang='lat' dir='ltr'><strong>iisdem</strong></span> <span class='ocrx_word' id='word_1_719' title='bbox 1778 5175 1882 5230; x_wconf 84' lang='lat' dir='ltr'><strong>diis</strong></span> <span class='ocrx_word' id='word_1_720' title='bbox 1913 5175 1978 5229; x_wconf 82' lang='lat' dir='ltr'><strong>li-</strong></span> 
     </span>
    </p>
   </div>
   <div class='ocr_carea' id='block_1_99' title="bbox 385 5270 1979 5342">
    <p class='ocr_par' dir='ltr' id='par_1_99' title="bbox 385 5270 1979 5342">
     <span class='ocr_line' id='line_1_99' title="bbox 385 5270 1979 5342; baseline -0.003 -13"><span class='ocrx_word' id='word_1_721' title='bbox 385 5275 482 5329; x_wconf 89' lang='lat' dir='ltr'><strong>tari</strong></span> <span class='ocrx_word' id='word_1_722' title='bbox 509 5273 805 5330; x_wconf 74' lang='lat' dir='ltr'><strong>debebunt.</strong></span> <span class='ocrx_word' id='word_1_723' title='bbox 865 5271 1067 5327; x_wconf 84' lang='lat' dir='ltr'><strong>Deinde</strong></span> <span class='ocrx_word' id='word_1_724' title='bbox 1109 5271 1156 5326; x_wconf 87' lang='lat' dir='ltr'><strong>si</strong></span> <span class='ocrx_word' id='word_1_725' title='bbox 1199 5271 1470 5342; x_wconf 73' lang='lat' dir='ltr'><strong>ﬁngantur</strong></span> <span class='ocrx_word' id='word_1_726' title='bbox 1519 5285 1716 5338; x_wconf 86' lang='lat' dir='ltr'><strong>canes,</strong></span> <span class='ocrx_word' id='word_1_727' title='bbox 1757 5281 1850 5325; x_wconf 89' lang='lat' dir='ltr'><strong>aut</strong></span> <span class='ocrx_word' id='word_1_728' title='bbox 1875 5270 1979 5325; x_wconf 87' lang='lat' dir='ltr'><strong>alia</strong></span> 
     </span>
    </p>
   </div>
   <div class='ocr_carea' id='block_1_100' title="bbox 384 5363 1981 5434">
    <p class='ocr_par' dir='ltr' id='par_1_100' title="bbox 384 5363 1981 5434">
     <span class='ocr_line' id='line_1_100' title="bbox 384 5363 1981 5434; baseline -0.004 -12"><span class='ocrx_word' id='word_1_729' title='bbox 384 5368 635 5424; x_wconf 79' lang='lat' dir='ltr'><strong>animalia</strong></span> <span class='ocrx_word' id='word_1_730' title='bbox 657 5407 673 5434; x_wconf 96' lang='lat'><strong>,</strong></span> <span class='ocrx_word' id='word_1_731' title='bbox 702 5381 860 5421; x_wconf 86' lang='lat' dir='ltr'><strong>usum</strong></span> <span class='ocrx_word' id='word_1_732' title='bbox 901 5365 1175 5434; x_wconf 71' lang='lat' dir='ltr'><strong>accepisse</strong></span> <span class='ocrx_word' id='word_1_733' title='bbox 1203 5363 1424 5418; x_wconf 83' lang='lat' dir='ltr'><strong>rationis</strong></span> <span class='ocrx_word' id='word_1_734' title='bbox 1445 5404 1459 5428; x_wconf 93' lang='lat'><strong>,</strong></span> <span class='ocrx_word' id='word_1_735' title='bbox 1485 5372 1646 5433; x_wconf 82' lang='lat' dir='ltr'><strong>atque</strong></span> <span class='ocrx_word' id='word_1_736' title='bbox 1672 5363 1981 5418; x_wconf 87' lang='lat' dir='ltr'><strong>hominibus</strong></span> 
     </span>
    </p>
   </div>
   <div class='ocr_carea' id='block_1_101' title="bbox 386 5455 1984 5530">
    <p class='ocr_par' dir='ltr' id='par_1_101' title="bbox 386 5455 1984 5530">
     <span class='ocr_line' id='line_1_101' title="bbox 386 5455 1984 5530; baseline -0.004 -14"><span class='ocrx_word' id='word_1_737' title='bbox 386 5471 636 5530; x_wconf 83' lang='lat' dir='ltr'><strong>tauquam</strong></span> <span class='ocrx_word' id='word_1_738' title='bbox 666 5459 773 5515; x_wconf 89' lang='lat' dir='ltr'><strong>diis</strong></span> <span class='ocrx_word' id='word_1_739' title='bbox 813 5458 926 5514; x_wconf 82' lang='lat' dir='ltr'><strong>suis</strong></span> <span class='ocrx_word' id='word_1_740' title='bbox 953 5473 1040 5524; x_wconf 87' lang='lat' dir='ltr'><strong>ea,</strong></span> <span class='ocrx_word' id='word_1_741' title='bbox 1091 5457 1287 5526; x_wconf 82' lang='lat' dir='ltr'><strong>quibus</strong></span> <span class='ocrx_word' id='word_1_742' title='bbox 1313 5457 1548 5522; x_wconf 86' lang='lat' dir='ltr'><strong>aluntur,</strong></span> <span class='ocrx_word' id='word_1_743' title='bbox 1583 5455 1780 5513; x_wconf 75' lang='lat' dir='ltr'><strong>eli&#39;erre</strong></span> <span class='ocrx_word' id='word_1_744' title='bbox 1814 5465 1870 5512; x_wconf 84' lang='lat' dir='ltr'><strong>et</strong></span> <span class='ocrx_word' id='word_1_745' title='bbox 1893 5470 1984 5511; x_wconf 86' lang='lat' dir='ltr'><strong>sa-</strong></span> 
     </span>
    </p>
   </div>
   <div class='ocr_carea' id='block_1_102' title="bbox 385 5549 1980 5621">
    <p class='ocr_par' dir='ltr' id='par_1_102' title="bbox 385 5549 1980 5621">
     <span class='ocr_line' id='line_1_102' title="bbox 385 5549 1980 5621; baseline -0.003 -11"><span class='ocrx_word' id='word_1_746' title='bbox 385 5556 629 5611; x_wconf 81' lang='lat' dir='ltr'><strong>criﬁcare</strong></span> <span class='ocrx_word' id='word_1_747' title='bbox 652 5596 664 5619; x_wconf 91' lang='lat'><strong>,</strong></span> <span class='ocrx_word' id='word_1_748' title='bbox 695 5569 875 5608; x_wconf 87' lang='lat' dir='ltr'><strong>nonne</strong></span> <span class='ocrx_word' id='word_1_749' title='bbox 903 5552 1149 5606; x_wconf 86' lang='lat' dir='ltr'><strong>homines</strong></span> <span class='ocrx_word' id='word_1_750' title='bbox 1178 5551 1230 5605; x_wconf 90' lang='lat' dir='ltr'><strong>in</strong></span> <span class='ocrx_word' id='word_1_751' title='bbox 1259 5550 1344 5606; x_wconf 86' lang='lat' dir='ltr'><strong>sui</strong></span> <span class='ocrx_word' id='word_1_752' title='bbox 1373 5551 1755 5606; x_wconf 85' lang='lat' dir='ltr'><strong>contumeliam</strong></span> <span class='ocrx_word' id='word_1_753' title='bbox 1782 5549 1980 5621; x_wconf 82' lang='lat' dir='ltr'><strong>potius,</strong></span> 
     </span>
    </p>
   </div>
   <div class='ocr_carea' id='block_1_103' title="bbox 387 5642 1736 5716">
    <p class='ocr_par' dir='ltr' id='par_1_103' title="bbox 387 5642 1736 5716">
     <span class='ocr_line' id='line_1_103' title="bbox 387 5642 1736 5716; baseline 0 -19"><span class='ocrx_word' id='word_1_754' title='bbox 387 5663 548 5716; x_wconf 89' lang='lat' dir='ltr'><strong>quam</strong></span> <span class='ocrx_word' id='word_1_755' title='bbox 581 5646 844 5702; x_wconf 89' lang='lat' dir='ltr'><strong>honorem</strong></span> <span class='ocrx_word' id='word_1_756' title='bbox 877 5644 928 5699; x_wconf 92' lang='lat' dir='ltr'><strong>id</strong></span> <span class='ocrx_word' id='word_1_757' title='bbox 958 5642 1161 5700; x_wconf 81' lang='lat' dir='ltr'><strong>factum</strong></span> <span class='ocrx_word' id='word_1_758' title='bbox 1189 5644 1516 5699; x_wconf 77' lang='lat' dir='ltr'><strong>censerem?</strong></span> <span class='ocrx_word' id='word_1_759' title='bbox 1725 5703 1736 5714; x_wconf 37' lang='grc' dir='ltr'>ν</span> 
     </span>
    </p>
   </div>
   <div class='ocr_carea' id='block_1_104' title="bbox 461 5739 1979 5814">
    <p class='ocr_par' dir='ltr' id='par_1_104' title="bbox 461 5739 1979 5814">
     <span class='ocr_line' id='line_1_104' title="bbox 461 5739 1979 5814; baseline 0 -17"><span class='ocrx_word' id='word_1_760' title='bbox 461 5743 629 5814; x_wconf 86' lang='lat' dir='ltr'><strong>Urget</strong></span> <span class='ocrx_word' id='word_1_761' title='bbox 657 5744 877 5813; x_wconf 83' lang='lat' dir='ltr'><strong>insuper</strong></span> <span class='ocrx_word' id='word_1_762' title='bbox 916 5740 1208 5807; x_wconf 72' lang='lat' dir='ltr'><strong>Arnobius,</strong></span> <span class='ocrx_word' id='word_1_763' title='bbox 1253 5739 1477 5796; x_wconf 85' lang='lat' dir='ltr'><strong>deorum</strong></span> <span class='ocrx_word' id='word_1_764' title='bbox 1525 5741 1666 5798; x_wconf 83' lang='lat' dir='ltr'><strong>sicut</strong></span> <span class='ocrx_word' id='word_1_765' title='bbox 1693 5756 1858 5797; x_wconf 89' lang='lat' dir='ltr'><strong>unutn</strong></span> <span class='ocrx_word' id='word_1_766' title='bbox 1885 5757 1979 5812; x_wconf 88' lang='lat' dir='ltr'><strong>ge-</strong></span> 
     </span>
    </p>
   </div>
   <div class='ocr_carea' id='block_1_105' title="bbox 390 5835 1981 5908">
    <p class='ocr_par' dir='ltr' id='par_1_105' title="bbox 390 5835 1981 5908">
     <span class='ocr_line' id='line_1_105' title="bbox 390 5835 1981 5908; baseline -0.001 -15"><span class='ocrx_word' id='word_1_767' title='bbox 390 5850 511 5903; x_wconf 88' lang='lat' dir='ltr'><strong>nus,</strong></span> <span class='ocrx_word' id='word_1_768' title='bbox 545 5837 616 5896; x_wconf 87' lang='lat' dir='ltr'><strong>ita</strong></span> <span class='ocrx_word' id='word_1_769' title='bbox 645 5852 748 5892; x_wconf 88' lang='lat' dir='ltr'><strong>una</strong></span> <span class='ocrx_word' id='word_1_770' title='bbox 777 5852 900 5893; x_wconf 81' lang='lat' dir='ltr'><strong>esse</strong></span> <span class='ocrx_word' id='word_1_771' title='bbox 930 5835 1094 5893; x_wconf 87' lang='lat' dir='ltr'><strong>debet</strong></span> <span class='ocrx_word' id='word_1_772' title='bbox 1117 5835 1420 5900; x_wconf 80' lang='lat' dir='ltr'><strong>sententia;</strong></span> <span class='ocrx_word' id='word_1_773' title='bbox 1450 5850 1549 5892; x_wconf 90' lang='lat' dir='ltr'><strong>cur</strong></span> <span class='ocrx_word' id='word_1_774' title='bbox 1574 5850 1704 5908; x_wconf 86' lang='lat' dir='ltr'><strong>ergo</strong></span> <span class='ocrx_word' id='word_1_775' title='bbox 1732 5837 1824 5891; x_wconf 91' lang='lat' dir='ltr'><strong>uni</strong></span> <span class='ocrx_word' id='word_1_776' title='bbox 1855 5851 1981 5904; x_wconf 87' lang='lat' dir='ltr'><strong>una,</strong></span> 
     </span>
    </p>
   </div>
   <div class='ocr_carea' id='block_1_106' title="bbox 2080 4715 3687 4786">
    <p class='ocr_par' dir='ltr' id='par_1_106' title="bbox 2080 4715 3687 4786">
     <span class='ocr_line' id='line_1_106' title="bbox 2080 4715 3687 4786; baseline 0.002 -19"><span class='ocrx_word' id='word_1_777' title='bbox 2080 4715 2300 4785; x_wconf 85' lang='lat' dir='ltr'><strong>poribus</strong></span> <span class='ocrx_word' id='word_1_778' title='bbox 2333 4715 2658 4786; x_wconf 81' lang='lat' dir='ltr'><strong>inCOgnitus.</strong></span> <span class='ocrx_word' id='word_1_779' title='bbox 2689 4715 3056 4784; x_wconf 87' lang='lat' dir='ltr'><strong>Quamobrem</strong></span> <span class='ocrx_word' id='word_1_780' title='bbox 3089 4726 3181 4770; x_wconf 89' lang='lat' dir='ltr'><strong>aut</strong></span> <span class='ocrx_word' id='word_1_781' title='bbox 3211 4716 3417 4770; x_wconf 89' lang='lat' dir='ltr'><strong>inutilis</strong></span> <span class='ocrx_word' id='word_1_782' title='bbox 3470 4716 3687 4772; x_wconf 80' lang='lat' dir='ltr'><strong>censeri</strong></span> 
     </span>
    </p>
   </div>
   <div class='ocr_carea' id='block_1_107' title="bbox 2081 4808 3688 4881">
    <p class='ocr_par' dir='ltr' id='par_1_107' title="bbox 2081 4808 3688 4881">
     <span class='ocr_line' id='line_1_107' title="bbox 2081 4808 3688 4881; baseline 0 -16"><span class='ocrx_word' id='word_1_783' title='bbox 2081 4808 2260 4874; x_wconf 88' lang='lat' dir='ltr'><strong>debet,</strong></span> <span class='ocrx_word' id='word_1_784' title='bbox 2307 4821 2398 4864; x_wconf 86' lang='lat' dir='ltr'><strong>aut</strong></span> <span class='ocrx_word' id='word_1_785' title='bbox 2428 4826 2720 4880; x_wconf 86' lang='lat' dir='ltr'><strong>peccavere</strong></span> <span class='ocrx_word' id='word_1_786' title='bbox 2770 4811 2931 4880; x_wconf 87' lang='lat' dir='ltr'><strong>prisci</strong></span> <span class='ocrx_word' id='word_1_787' title='bbox 2979 4810 3251 4877; x_wconf 89' lang='lat' dir='ltr'><strong>homines,</strong></span> <span class='ocrx_word' id='word_1_788' title='bbox 3281 4809 3474 4881; x_wconf 88' lang='lat' dir='ltr'><strong>quibus</strong></span> <span class='ocrx_word' id='word_1_789' title='bbox 3527 4827 3688 4865; x_wconf 85' lang='lat' dir='ltr'><strong>num-</strong></span> 
     </span>
    </p>
   </div>
   <div class='ocr_carea' id='block_1_108' title="bbox 2081 4903 3688 4974">
    <p class='ocr_par' dir='ltr' id='par_1_108' title="bbox 2081 4903 3688 4974">
     <span class='ocr_line' id='line_1_108' title="bbox 2081 4903 3688 4974; baseline 0.002 -18"><span class='ocrx_word' id='word_1_790' title='bbox 2081 4919 2239 4974; x_wconf 89' lang='lat' dir='ltr'><strong>quam</strong></span> <span class='ocrx_word' id='word_1_791' title='bbox 2259 4919 2356 4958; x_wconf 91' lang='lat' dir='ltr'><strong>usu</strong></span> <span class='ocrx_word' id='word_1_792' title='bbox 2382 4906 2594 4959; x_wconf 85' lang='lat' dir='ltr'><strong>venisse</strong></span> <span class='ocrx_word' id='word_1_793' title='bbox 2615 4912 2847 4959; x_wconf 88' lang='lat' dir='ltr'><strong>constat.</strong></span> <span class='ocrx_word' id='word_1_794' title='bbox 2873 4904 3012 4970; x_wconf 73' lang='lat' dir='ltr'><strong>Quid</strong></span> <span class='ocrx_word' id='word_1_795' title='bbox 3037 4920 3184 4972; x_wconf 91' lang='lat' dir='ltr'><strong>vero,</strong></span> <span class='ocrx_word' id='word_1_796' title='bbox 3209 4903 3349 4972; x_wconf 89' lang='lat' dir='ltr'><strong>quod</strong></span> <span class='ocrx_word' id='word_1_797' title='bbox 3375 4903 3533 4959; x_wconf 91' lang='lat' dir='ltr'><strong>thure</strong></span> <span class='ocrx_word' id='word_1_798' title='bbox 3555 4903 3688 4960; x_wconf 88' lang='lat' dir='ltr'><strong>dato</strong></span> 
     </span>
    </p>
   </div>
   <div class='ocr_carea' id='block_1_109' title="bbox 2081 4994 3691 5067">
    <p class='ocr_par' dir='ltr' id='par_1_109' title="bbox 2081 4994 3691 5067">
     <span class='ocr_line' id='line_1_109' title="bbox 2081 4994 3691 5067; baseline 0.001 -16"><span class='ocrx_word' id='word_1_799' title='bbox 2081 4996 2185 5051; x_wconf 91' lang='lat' dir='ltr'><strong>diis</strong></span> <span class='ocrx_word' id='word_1_800' title='bbox 2233 4997 2455 5051; x_wconf 88' lang='lat' dir='ltr'><strong>honoris</strong></span> <span class='ocrx_word' id='word_1_801' title='bbox 2503 4995 2706 5066; x_wconf 88' lang='lat' dir='ltr'><strong>aliquid</strong></span> <span class='ocrx_word' id='word_1_802' title='bbox 2757 4997 2916 5051; x_wconf 87' lang='lat' dir='ltr'><strong>tribui</strong></span> <span class='ocrx_word' id='word_1_803' title='bbox 2965 5005 3164 5052; x_wconf 84' lang='lat' dir='ltr'><strong>trustra</strong></span> <span class='ocrx_word' id='word_1_804' title='bbox 3188 4995 3503 5067; x_wconf 78' lang='lat' dir='ltr'><strong>jactitatur?</strong></span> <span class='ocrx_word' id='word_1_805' title='bbox 3539 4994 3691 5052; x_wconf 90' lang='lat' dir='ltr'><strong>Nihil</strong></span> 
     </span>
    </p>
   </div>
   <div class='ocr_carea' id='block_1_110' title="bbox 2083 5087 3689 5158">
    <p class='ocr_par' dir='ltr' id='par_1_110' title="bbox 2083 5087 3689 5158">
     <span class='ocr_line' id='line_1_110' title="bbox 2083 5087 3689 5158; baseline 0.002 -17"><span class='ocrx_word' id='word_1_806' title='bbox 2083 5090 2281 5158; x_wconf 85' lang='lat' dir='ltr'><strong>quippe</strong></span> <span class='ocrx_word' id='word_1_807' title='bbox 2307 5087 2429 5142; x_wconf 89' lang='lat' dir='ltr'><strong>thus</strong></span> <span class='ocrx_word' id='word_1_808' title='bbox 2457 5096 2560 5154; x_wconf 87' lang='lat' dir='ltr'><strong>est,</strong></span> <span class='ocrx_word' id='word_1_809' title='bbox 2607 5087 2709 5141; x_wconf 90' lang='lat' dir='ltr'><strong>nisi</strong></span> <span class='ocrx_word' id='word_1_810' title='bbox 2739 5087 2918 5141; x_wconf 81' lang='lat' dir='ltr'><strong>viscus</strong></span> <span class='ocrx_word' id='word_1_811' title='bbox 2946 5103 3011 5142; x_wconf 83' lang='lat' dir='ltr'><strong>ex</strong></span> <span class='ocrx_word' id='word_1_812' title='bbox 3042 5087 3361 5158; x_wconf 89' lang='lat' dir='ltr'><strong>quibusdam</strong></span> <span class='ocrx_word' id='word_1_813' title='bbox 3393 5087 3689 5144; x_wconf 85' lang='lat' dir='ltr'><strong>corticibus</strong></span> 
     </span>
    </p>
   </div>
   <div class='ocr_carea' id='block_1_111' title="bbox 2085 5177 3682 5249">
    <p class='ocr_par' dir='ltr' id='par_1_111' title="bbox 2085 5177 3682 5249">
     <span class='ocr_line' id='line_1_111' title="bbox 2085 5177 3682 5249; baseline -0.001 -17"><span class='ocrx_word' id='word_1_814' title='bbox 2085 5177 2377 5249; x_wconf 80' lang='lat' dir='ltr'><strong>proﬂuens.</strong></span> <span class='ocrx_word' id='word_1_815' title='bbox 2403 5179 2513 5233; x_wconf 89' lang='lat' dir='ltr'><strong>Cur</strong></span> <span class='ocrx_word' id='word_1_816' title='bbox 2551 5193 2683 5248; x_wconf 88' lang='lat' dir='ltr'><strong>ergo</strong></span> <span class='ocrx_word' id='word_1_817' title='bbox 2729 5193 2794 5234; x_wconf 78' lang='lat' dir='ltr'><strong>ex</strong></span> <span class='ocrx_word' id='word_1_818' title='bbox 2850 5179 2971 5232; x_wconf 86' lang='lat' dir='ltr'><strong>aliis</strong></span> <span class='ocrx_word' id='word_1_819' title='bbox 3024 5178 3310 5233; x_wconf 89' lang='lat' dir='ltr'><strong>arboribus</strong></span> <span class='ocrx_word' id='word_1_820' title='bbox 3341 5177 3682 5244; x_wconf 86' lang='lat' dir='ltr'><strong>coalescens,</strong></span> 
     </span>
    </p>
   </div>
   <div class='ocr_carea' id='block_1_112' title="bbox 2084 5270 3690 5342">
    <p class='ocr_par' dir='ltr' id='par_1_112' title="bbox 2084 5270 3690 5342">
     <span class='ocr_line' id='line_1_112' title="bbox 2084 5270 3690 5342; baseline -0.001 -16"><span class='ocrx_word' id='word_1_821' title='bbox 2084 5273 2217 5342; x_wconf 86' lang='lat' dir='ltr'><strong>ipsis</strong></span> <span class='ocrx_word' id='word_1_822' title='bbox 2243 5271 2491 5326; x_wconf 83' lang='lat' dir='ltr'><strong>similiter</strong></span> <span class='ocrx_word' id='word_1_823' title='bbox 2515 5286 2623 5327; x_wconf 87' lang='lat' dir='ltr'><strong>non</strong></span> <span class='ocrx_word' id='word_1_824' title='bbox 2650 5270 2982 5326; x_wconf 79' lang='lat' dir='ltr'><strong>incenditur?</strong></span> <span class='ocrx_word' id='word_1_825' title='bbox 3000 5272 3080 5325; x_wconf 78' lang='lat' dir='ltr'><strong>An</strong></span> <span class='ocrx_word' id='word_1_826' title='bbox 3103 5270 3226 5341; x_wconf 88' lang='lat' dir='ltr'><strong>quia</strong></span> <span class='ocrx_word' id='word_1_827' title='bbox 3259 5285 3366 5325; x_wconf 93' lang='lat' dir='ltr'><strong>non</strong></span> <span class='ocrx_word' id='word_1_828' title='bbox 3400 5271 3472 5325; x_wconf 88' lang='lat' dir='ltr'><strong>ita</strong></span> <span class='ocrx_word' id='word_1_829' title='bbox 3501 5271 3690 5324; x_wconf 88' lang='lat' dir='ltr'><strong>suavis</strong></span> 
     </span>
    </p>
   </div>
   <div class='ocr_carea' id='block_1_113' title="bbox 2084 5362 3691 5435">
    <p class='ocr_par' dir='ltr' id='par_1_113' title="bbox 2084 5362 3691 5435">
     <span class='ocr_line' id='line_1_113' title="bbox 2084 5362 3691 5435; baseline -0.003 -12"><span class='ocrx_word' id='word_1_830' title='bbox 2084 5376 2166 5424; x_wconf 80' lang='lat' dir='ltr'><strong>est</strong></span> <span class='ocrx_word' id='word_1_831' title='bbox 2187 5365 2408 5421; x_wconf 69' lang='lat' dir='ltr'><strong>odoris?</strong></span> <span class='ocrx_word' id='word_1_832' title='bbox 2435 5365 2572 5433; x_wconf 84' lang='lat' dir='ltr'><strong>Quid</strong></span> <span class='ocrx_word' id='word_1_833' title='bbox 2607 5365 2767 5422; x_wconf 89' lang='lat' dir='ltr'><strong>inde?</strong></span> <span class='ocrx_word' id='word_1_834' title='bbox 2788 5363 3055 5435; x_wconf 90' lang='lat' dir='ltr'><strong>Numquid</strong></span> <span class='ocrx_word' id='word_1_835' title='bbox 3081 5364 3207 5431; x_wconf 90' lang='lat' dir='ltr'><strong>diis,</strong></span> <span class='ocrx_word' id='word_1_836' title='bbox 3227 5362 3691 5434; x_wconf 86' lang='lat' dir='ltr'><strong>quemadmodum</strong></span> 
     </span>
    </p>
   </div>
   <div class='ocr_carea' id='block_1_114' title="bbox 2089 5459 3693 5530">
    <p class='ocr_par' dir='ltr' id='par_1_114' title="bbox 2089 5459 3693 5530">
     <span class='ocr_line' id='line_1_114' title="bbox 2089 5459 3693 5530; baseline -0.002 -14"><span class='ocrx_word' id='word_1_837' title='bbox 2089 5462 2418 5525; x_wconf 88' lang='lat' dir='ltr'><strong>hominibus;</strong></span> <span class='ocrx_word' id='word_1_838' title='bbox 2459 5461 2551 5516; x_wconf 86' lang='lat' dir='ltr'><strong>alii</strong></span> <span class='ocrx_word' id='word_1_839' title='bbox 2595 5461 2793 5516; x_wconf 88' lang='lat' dir='ltr'><strong>odores</strong></span> <span class='ocrx_word' id='word_1_840' title='bbox 2829 5459 2964 5530; x_wconf 87' lang='lat' dir='ltr'><strong>grati</strong></span> <span class='ocrx_word' id='word_1_841' title='bbox 2989 5471 3138 5522; x_wconf 91' lang='lat' dir='ltr'><strong>sunt,</strong></span> <span class='ocrx_word' id='word_1_842' title='bbox 3189 5459 3278 5512; x_wconf 87' lang='lat' dir='ltr'><strong>alii</strong></span> <span class='ocrx_word' id='word_1_843' title='bbox 3329 5459 3580 5512; x_wconf 87' lang='lat' dir='ltr'><strong>insuaves</strong></span> <span class='ocrx_word' id='word_1_844' title='bbox 3631 5468 3693 5513; x_wconf 86' lang='lat' dir='ltr'><strong>et</strong></span> 
     </span>
    </p>
   </div>
   <div class='ocr_carea' id='block_1_115' title="bbox 2088 5550 3695 5624">
    <p class='ocr_par' dir='ltr' id='par_1_115' title="bbox 2088 5550 3695 5624">
     <span class='ocr_line' id='line_1_115' title="bbox 2088 5550 3695 5624; baseline -0.003 -15"><span class='ocrx_word' id='word_1_845' title='bbox 2088 5552 2404 5624; x_wconf 76' lang='lat' dir='ltr'><strong>injueuudi?</strong></span> <span class='ocrx_word' id='word_1_846' title='bbox 2444 5551 2660 5607; x_wconf 78' lang='lat' dir='ltr'><strong>Minime</strong></span> <span class='ocrx_word' id='word_1_847' title='bbox 2687 5552 2926 5623; x_wconf 89' lang='lat' dir='ltr'><strong>quidem.</strong></span> <span class='ocrx_word' id='word_1_848' title='bbox 2959 5550 3092 5606; x_wconf 90' lang='lat' dir='ltr'><strong>Nam</strong></span> <span class='ocrx_word' id='word_1_849' title='bbox 3121 5551 3411 5607; x_wconf 80' lang='lat' dir='ltr'><strong>fatentibus</strong></span> <span class='ocrx_word' id='word_1_850' title='bbox 3441 5550 3695 5620; x_wconf 83' lang='lat' dir='ltr'><strong>philoso-</strong></span> 
     </span>
    </p>
   </div>
   <div class='ocr_carea' id='block_1_116' title="bbox 2089 5646 3694 5720">
    <p class='ocr_par' dir='ltr' id='par_1_116' title="bbox 2089 5646 3694 5720">
     <span class='ocr_line' id='line_1_116' title="bbox 2089 5646 3694 5720; baseline 0.001 -18"><span class='ocrx_word' id='word_1_851' title='bbox 2089 5649 2208 5720; x_wconf 86' lang='lat' dir='ltr'><strong>phis</strong></span> <span class='ocrx_word' id='word_1_852' title='bbox 2232 5649 2302 5703; x_wconf 91' lang='lat' dir='ltr'><strong>dii</strong></span> <span class='ocrx_word' id='word_1_853' title='bbox 2333 5648 2636 5716; x_wconf 88' lang='lat' dir='ltr'><strong>incorporei</strong></span> <span class='ocrx_word' id='word_1_854' title='bbox 2659 5658 2804 5710; x_wconf 82' lang='lat' dir='ltr'><strong>sunt,</strong></span> <span class='ocrx_word' id='word_1_855' title='bbox 2831 5646 3114 5717; x_wconf 89' lang='lat' dir='ltr'><strong>nullasque</strong></span> <span class='ocrx_word' id='word_1_856' title='bbox 3142 5663 3300 5701; x_wconf 88' lang='lat' dir='ltr'><strong>nares</strong></span> <span class='ocrx_word' id='word_1_857' title='bbox 3329 5647 3551 5713; x_wconf 87' lang='lat' dir='ltr'><strong>habent,</strong></span> <span class='ocrx_word' id='word_1_858' title='bbox 3583 5662 3694 5704; x_wconf 89' lang='lat' dir='ltr'><strong>nec</strong></span> 
     </span>
    </p>
   </div>
   <div class='ocr_carea' id='block_1_117' title="bbox 2091 5739 3370 5814">
    <p class='ocr_par' dir='ltr' id='par_1_117' title="bbox 2091 5739 3370 5814">
     <span class='ocr_line' id='line_1_117' title="bbox 2091 5739 3370 5814; baseline -0.003 -15"><span class='ocrx_word' id='word_1_859' title='bbox 2091 5751 2316 5814; x_wconf 83' lang='lat' dir='ltr'><strong>possunt</strong></span> <span class='ocrx_word' id='word_1_860' title='bbox 2335 5741 2448 5797; x_wconf 89' lang='lat' dir='ltr'><strong>ullo</strong></span> <span class='ocrx_word' id='word_1_861' title='bbox 2474 5740 2646 5795; x_wconf 87' lang='lat' dir='ltr'><strong>thuris</strong></span> <span class='ocrx_word' id='word_1_862' title='bbox 2675 5749 2766 5795; x_wconf 91' lang='lat' dir='ltr'><strong>aut</strong></span> <span class='ocrx_word' id='word_1_863' title='bbox 2791 5739 2899 5794; x_wconf 89' lang='lat' dir='ltr'><strong>alio</strong></span> <span class='ocrx_word' id='word_1_864' title='bbox 2929 5739 3097 5795; x_wconf 90' lang='lat' dir='ltr'><strong>odore</strong></span> <span class='ocrx_word' id='word_1_865' title='bbox 3125 5739 3370 5795; x_wconf 86' lang='lat' dir='ltr'><strong>mulceri.</strong></span> 
     </span>
    </p>
   </div>
   <div class='ocr_carea' id='block_1_118' title="bbox 2165 5829 3698 5904">
    <p class='ocr_par' dir='ltr' id='par_1_118' title="bbox 2165 5829 3698 5904">
     <span class='ocr_line' id='line_1_118' title="bbox 2165 5829 3698 5904; baseline -0.003 -14"><span class='ocrx_word' id='word_1_866' title='bbox 2165 5835 2380 5892; x_wconf 79' lang='lat' dir='ltr'><strong>Frustra</strong></span> <span class='ocrx_word' id='word_1_867' title='bbox 2428 5833 2612 5902; x_wconf 88' lang='lat' dir='ltr'><strong>etiam,</strong></span> <span class='ocrx_word' id='word_1_868' title='bbox 2657 5847 2719 5888; x_wconf 89' lang='lat' dir='ltr'><strong>ac</strong></span> <span class='ocrx_word' id='word_1_869' title='bbox 2767 5831 2908 5887; x_wconf 89' lang='lat' dir='ltr'><strong>nulla</strong></span> <span class='ocrx_word' id='word_1_870' title='bbox 2962 5832 3166 5904; x_wconf 86' lang='lat' dir='ltr'><strong>pariter</strong></span> <span class='ocrx_word' id='word_1_871' title='bbox 3214 5831 3423 5889; x_wconf 86' lang='lat' dir='ltr'><strong>ratione</strong></span> <span class='ocrx_word' id='word_1_872' title='bbox 3469 5829 3698 5896; x_wconf 78' lang='lat' dir='ltr'><strong>adducti</strong></span> 
     </span>
    </p>
   </div>
  </div>
