3904 6316
362 282 461 341 589

1604 276 1670 336 1N
1712 264 2089 344 ARNOlllUﬂ.
2129 274 2284 341 CAP.
2325 274 2390 335 ll.

3523 271 3657 343 [590

360 403 587 477 gentiles
617 414 826 469 merum
849 400 903 459 in
920 399 1092 461 sacris
1108 397 1245 465 suis,
1262 395 1659 455 tlmrisaocium
1687 393 1949 455 libabant.
1983 394 2035 453 Α
2058 389 2187 446 illud
2216 390 2411 447 altiore
2437 390 2503 447 ad
2532 390 2798 448 orientem
2824 387 2996 445 solem
3024 386 3144 446 loco
3170 386 3493 445 collocatum
3523 386 3659 442 luis-

370 496 476 555 Diis
504 496 784 557 enimvero
812 508 912 551 nec
939 491 1067 559 siti‘,
1100 492 1243 553 sicut
1274 506 1374 551 nec
1399 488 1540 547 t'amc
1567 486 1957 552 laborantibus,

369 605 541 662 neque
586 590 698 649 ullo
726 588 1092 659 indigentibus
1137 587 1276 651 cibo,
1308 586 1519 647 inutilia
1545 585 1702 655 plano
1730 593 1814 640 est
1849 581 1962 637 vini

367 699 513 738 usus.
558 682 849 753 Pcrperam
877 695 1094 753 quoque
1121 678 1321 737 ethnici
1350 677 1481 736 illud
1508 687 1602 735 aut
1628 677 1684 733 in
1712 676 1960 743 deorum,

368 778 650 844 honorem,
681 786 775 835 aut
806 788 862 839 ut
890 776 1106 847 propitii
1126 774 1337 839 tierent,
1371 771 1528 829 fundi
1552 771 1916 842 opinabantur
1945 787 1958 825 :

367 870 804 943 quandoquidem
853 870 1109 929 virtutum
1154 867 1397 925 omnium
1442 878 1640 923 nervos
1677 863 1959 930 debilitat,

369 963 622 1035 castitati,
649 962 860 1032 pudori,
880 978 944 1019 ac
961 959 1301 1019 verecundiae
1323 960 1662 1024 adversatur,
1694 973 1756 1012 ac
1781 958 1826 1012 si
1848 956 1962 1012 avid

368 1055 486 1117 dius
527 1063 796 1121 Sumatur,
830 1062 1065 1113 mentem
1115 1054 1170 1111 ln
1215 1051 1455 1109 furorem
1486 1059 1652 1121 atque
1699 1048 1963 1107 insaniam

370 1146 691 1218 praecipitat.
720 1144 859 1214 Quid
890 1146 1051 1205 etiam
1096 1146 1267 1216 magis
1298 1143 1585 1209 insulsum,
1614 1157 1776 1214 quam
1800 1142 1965 1198 certis

370 1240 548 1295 verbis
594 1239 705 1296 viui
745 1238 947 1310 aliquid
986 1238 1166 1304 libari,
1203 1253 1272 1295 ne
1307 1235 1590 1306 quodlibet
1609 1233 1753 1291 aliud
1783 1233 1964 1289 vinum

368 1348 581 1388 sacrum
612 1332 726 1401 ﬁat,
754 1341 809 1388 et
834 1331 1084 1393 humanis
1119 1330 1305 1389 usibus
1331 1329 1631 1398 eripiatur?
1658 1326 1847 1383 Nonne
1878 1326 1967 1385 lex

369 1440 432 1483 ac
446 1422 687 1485 conditio
708 1424 810 1480 diis
828 1425 907 1481 sic
925 1424 1242 1496 imponitur,
1265 1438 1333 1481 ne
1349 1422 1471 1493 plus
1484 1435 1644 1492 quam
1661 1419 1968 1479 hominibus

371 1519 566 1589 placet,
596 1518 726 1583 vini,
750 1527 912 1588 atque
938 1520 1074 1579 adeo
1107 1516 1331 1577 honoris
1354 1514 1663 1586 accipiunt?

438 1613 549 1669 Nec
582 1613 726 1669 dictu
752 1613 933 1670 minus
961 1611 1249 1675 nefandum
1280 1625 1403 1671 esse
1428 1609 1669 1669 ostendit
1697 1608 1969 1665 Arnobius

370 1705 502 1765 deos
550 1705 734 1775 sertis,
766 1706 1006 1771 coronis,
1052 1704 1296 1768 tioribus,
1344 1702 1632 1776 cymbalis.
1674 1701 1966 1774 tympanis,

2065 495 2178 549 set,
2223 495 2332 540 tum
2378 485 2616 555 patuisse
2654 498 2744 543 res
2771 482 3018 549 abditas,
3047 490 3428 553 sumptumque
3452 480 3521 538 de
3552 479 3659 536 reis

2067 592 2167 649 pro
2194 578 2392 637 merito
2420 576 2764 647 supplicium.

2137 667 2352 733 Tertio,
2396 668 2746 739 iniquissimis
2797 666 3107 737 reipublicae
3159 663 3494 738 temporibus
3541 664 3661 721 dira

2066 761 2183 819 lues
2208 760 2580 832 grassabatur.
2610 777 2675 817 ac
2716 760 2944 821 Romani
2984 760 3054 817 ab
3095 759 3338 817 hostibus
3374 758 3488 817 suis
3527 771 3664 828 pene

2068 853 2195 909 victi
2215 862 2391 913 erant.
2421 853 2549 911 Post
2571 852 2825 911 advectos
2846 861 3028 911 autem
3049 868 3118 909 ax
3137 851 3513 912 transtnarinis
3532 864 3664 921 gen-

2070 947 2210 1001 tibus
2236 946 2402 1014 deos,
2433 946 2645 1002 scilicet
2672 946 2971 1017 Esculnpii
3001 962 3064 1001 ex
3098 946 3368 1014 Epidauro
3395 945 3449 1002 itt
3481 944 3665 1001 tiberi-

2068 1054 2193 1097 ttam
2220 1039 2481 1107 insulam,
2505 1048 2560 1093 et
2586 1037 2773 1097 Matris
2801 1038 2959 1097 deum
2989 1054 3057 1095 ex
3088 1036 3322 1107 Phrygio
3349 1036 3666 1094 Pessinunte

2070 1133 2122 1187 in
2150 1131 2339 1191 urbem
2364 1131 2650 1187 simulacra
2673 1172 2689 1198 ,
2735 1146 2798 1187 ac
2841 1140 3122 1202 postquam
3153 1129 3437 1201 magniﬁca
3466 1130 3667 1201 templa

2068 1225 2133 1281 iis
2172 1232 2480 1281 constructa
2511 1233 2670 1290 sunt,
2706 1234 2819 1281 tum
2847 1224 3108 1281 continuo
3137 1222 3305 1295 pestis
3334 1221 3518 1281 sedata
3545 1231 3665 1289 est;

2070 1317 2243 1377 hostis
2265 1319 2336 1375 ab
2360 1317 2509 1375 italia
2539 1318 2756 1389 pulsus,
2785 1318 2950 1379 decus
2981 1317 3131 1375 urbis
3162 1316 3470 1375 restitutum
3492 1355 3507 1379 .
3533 1314 3669 1372 lines

2071 1409 2283 1481 imperii
2312 1409 2473 1481 longe
2500 1411 2715 1481 lateque
2744 1410 3022 1481 propagati
3042 1450 3057 1476 ,
3086 1426 3149 1467 ac
3174 1408 3355 1467 multis
3380 1406 3528 1466 domi
3583 1407 3668 1464 lo-

2071 1504 2255 1573 risque
2295 1502 2553 1572 praaciat-e
2594 1503 2797 1575 gestis,
2828 1516 3028 1559 nomen
3067 1516 3131 1561 ac
3151 1501 3409 1572 maiestas
3432 1513 3670 1559 romanae

2071 1597 2279 1668 gentis.
2312 1599 2636 1661 inconcussa
2667 1596 2924 1657 ﬁrmitate
2948 1596 3186 1655 stabilita
3218 1595 3453 1654 fuerunt.

2145 1695 2217 1749 At
2257 1692 2340 1748 bis
2378 1694 2630 1753 omnibus
2672 1693 2965 1766 respondet
2993 1694 3297 1762 Arnobius,
3332 1695 3423 1751 illa
3450 1693 3672 1767 quidem

370 1801 708 1874 symplioniis
747 1811 803 1859 et
841 1800 1089 1863 cantibus
1115 1798 1401 1864 obiectari,
1446 1808 1539 1855 aut
1569 1797 1844 1857 honorari.
1878 1795 1967 1851 Si-
1999 1797 2047 1859 B
2073 1783 2292 1854 δθνίρῑῖε
2319 1782 2488 1845 Γηίεδθ
2517 1784 2744 1852 "adita,
2773 1785 2868 1841 sed
2897 1779 3284 1843 ωίτθθυιοτυω
3313 1801 3423 1856 Dm
3442 1800 3504 1842 ⁸ο
3528 1785 3674 1843 rem

371 1895 668 1963 mili‘etiam
697 1894 854 1951 modo
894 1893 1229 1951 demonstrat
1257 1890 1501 1951 ethnicos
1525 1889 1779 1947 irrisione
1808 1897 1967 1958 atque

367 1989 839 2049 comtnisemtione
881 1989 1039 2058 plane
1063 1988 1257 2057 dignos
1293 2001 1436 2052 esse,
1469 1984 1664 2056 quibus
1693 1997 1810 2039 mos
1848 1993 1969 2055 erat

368 2082 648 2149 celebrare
676 2080 862 2141 Matris
885 2080 1046 2143 deum
1085 2078 1430 2145 lavationem.
1458 2077 1611 2151 quasi
1653 2077 1962 2142 sordescat;

363 2176 520 2233 Jovis
546 2176 764 2246 epulum
790 2217 804 2242 ,
848 2175 1002 2246 quasi
1047 2173 1183 2231 cibis
1209 2183 1400 2244 egeat;
1440 2170 1733 2240 IEscuiapii
1781 2170 1968 2227 vinde-

366 2270 570 2331 miam.
614 2269 767 2339 quasi
810 2268 952 2327 colat
997 2267 1214 2332 vineas;
1262 2264 1651 2323 lectisternium
1698 2262 1924 2321 Veneris
1948 2305 1964 2331 ,

364 2362 525 2432 quasi
550 2361 690 2417 lecto
714 2374 853 2431 opus
882 2359 1113 2425 habent;
1149 2356 1390 2415 Telluris
1414 2356 1670 2422 natalem,
1698 2356 1852 2427 quasi
1873 2355 1970 2411 ali-

363 2455 585 2527 quando
610 2455 660 2513 in
689 2456 851 2511 vitam
881 2453 1114 2524 primum
1138 2452 1370 2511 venerit.

444 2548 571 2605 Post
597 2547 714 2601 haec
741 2546 832 2605 ille
855 2545 1173 2603 earumdem
1198 2544 1482 2614 gentilium
1510 2558 1663 2599 sacra
1682 2580 1699 2609 ,
1722 2557 1787 2599 ac
1814 2542 1971 2601 ludos

362 2640 589 2699 ain-ales
613 2651 669 2701 et
688 2640 1030 2712 uirgalenses
1051 2640 1103 2694 in
1130 2638 1357 2698 deorum
1381 2637 1646 2699 honorem
1668 2639 1966 2705 institutos,

360 2743 431 2793 et
457 2734 649 2804 quibus
675 2748 773 2795 eos
802 2734 1001 2804 placari
1030 2734 1347 2805 garriebant
1364 2774 1380 2799 ,
1413 2734 1682 2790 acerrime
1709 2735 1969 2804 erogitat.

359 2827 522 2887 niihil
545 2829 706 2889 etiam
733 2844 764 2883 a
790 2837 934 2884 recta
958 2843 987 2883 ι
1011 2828 1221 2884 ratione
1243 2827 1415 2898 magis
1434 2827 1673 2883 alienum
1696 2841 1820 2884 esse
1843 2842 1974 2884 con-

364 2921 578 2986 uincit,
611 2931 773 2991 quam
809 2920 1128 2977 existimare
1169 2920 1415 2990 turpibus
1452 2929 1509 2975 et
1545 2919 1821 2983 ridiculis.
1850 2932 1974 2992 quas

365 3025 492 3073 tum
532 3015 851 3085 agebantur,
875 3014 1161 3071 oomtodiis
1196 3023 1252 3071 et
1292 3013 1604 3085 tragmdiis,
1646 3024 1711 3070 as
1748 3014 1974 3071 nefariis

362 3108 896 3180 obscenissimisque
923 3108 1214 3165 mimorum
1240 3107 1482 3178 gestibus
1511 3107 1646 3164 deos
1673 3107 1972 3178 delectari,

364 3202 643 3274 mitigari,
674 3218 737 3259 ac
764 3203 1127 3260 reconciliari.

453 3296 678 3353 Planum
697 3311 831 3355 vero
852 3296 982 3353 facit
1003 3305 1083 3352 tot
1104 3304 1361 3366 totusque
1384 3297 1703 3368 opinionum
1724 3307 1977 3370 portenta

363 3389 510 3447 inde
535 3397 654 3445 ortu
679 3404 829 3456 esse,
855 3388 986 3459 quin
1005 3388 1207 3445 ethnici
1238 3389 1455 3463 penitus
1479 3391 1795 3447 nesciebant
1812 3437 1827 3463 ,
1859 3406 1981 3463 quas

367 3482 452 3538 sit
473 3482 585 3536 veri
614 3482 708 3538 Dei
733 3492 946 3545 natura,
974 3495 1038 3537 ac
1059 3495 1375 3551 persuasum
1398 3482 1531 3538 (also
1553 3483 1825 3539 habebant
1847 3485 1981 3542 deos

356 3588 509 3635 suos
548 3573 797 3644 ejusdem
835 3588 1021 3633 secum
1051 3590 1174 3632 esse
1201 3574 1553 3643 subﬂauum,
1582 3576 1774 3643 iisdem
1806 3593 1979 3635 mem.

359 3669 527 3738 bris,
558 3669 859 3739 eodemque
901 3684 1132 3740 corpore
1168 3671 1454 3739 componi,
1497 3678 1660 3742 atque
1697 3672 1835 3728 adeo
1874 3686 1982 3731 non

363 3776 541 3819 secus
566 3776 628 3815 ac
658 3760 910 3821 homines
938 3760 1120 3827 nasci,
1151 3760 1420 3831 gaudere,
1455 3763 1666 3831 dolere,
1699 3765 1947 3822 tnundari
1967 3804 1983 3833 ,

360 3851 682 3921 vindemias
710 3867 891 3922 agere,
922 3864 1085 3921 atque
1116 3852 1309 3911 iisdem
1339 3855 1545 3911 morbis
1572 3855 1761 3929 adtigi.
1787 3858 1862 3913 ibi
1890 3874 1985 3913 nu-

365 3958 493 4005 tent
518 3955 706 4003 auctor
736 3956 919 4004 uoster
946 3945 1289 4004 ethnicorum
1314 3945 1847 4019 abiistianomm'que
1868 3950 1984 4021 opi-

363 4042 551 4097 nione
576 4054 761 4099 secum
788 4050 1099 4109 comparat.
1126 4055 1190 4096 ac
1217 4040 1321 4101 sibi
1349 4040 1585 4103 invicem
1614 4043 1874 4112 opponit,
1904 4052 1985 4097 at-

364 4149 493 4207 que
537 4133 660 4191 inde
705 4133 985 4191 concludit
1027 4132 1355 4194 christianos
1399 4134 1516 4204 pios
1557 4146 1710 4200 esse,
1753 4136 1985 4206 gentiles

364 4245 519 4285 vero
547 4228 816 4284 dementis
836 4269 850 4293 ,
884 4245 1044 4300 quam
1076 4228 1184 4285 illis
1212 4228 1608 4298 caprobrabout
1631 4272 1647 4297 ,
1692 4230 1985 4301 impietatis

366 4336 510 4380 esse
537 4336 726 4381 revera
752 4336 882 4383 reos
908 4338 970 4377 εις
996 4322 1267 4381 conscius.

463 4414 543 4470 Ad
572 4415 919 4475 evertendam
948 4424 1136 4485 postca
1165 4415 1375 4471 accedit
1399 4416 1682 4486 ultimum,
1715 4427 1771 4473 et
1797 4417 1873 4473 uti
1904 4418 1986 4473 vi-

378 4509 647 4575 debatur,
690 4509 923 4567 validius
959 4509 1303 4567 ethnicorum
1342 4512 1837 4583 proptrguamtlum,
1878 4512 2020 4585 quo'

2071 1886 2277 1935 tantum
2300 1879 2558 1948 speciem.
2576 1878 2815 1949 Singulis
2832 1879 3030 1951 quippe
3051 1878 3308 1936 harumce
3328 1878 3672 1937 historiarum

2070 1969 2487 2027 circumstantiis
2507 1982 2759 2029 accurate
2781 1973 3104 2029 examinatis
3118 2015 3135 2041 ,
3157 1972 3560 2030 evidentissima
3579 1973 3675 2030 de-

1994 2082 2001 2092 -
2070 2070 2336 2117 monstrat
2364 2063 2494 2123 nihil
2521 2078 2679 2134 posse
2702 2078 2936 2135 unquam
2962 2063 3091 2136 tingi
3108 2106 3122 2133 ,
3148 2065 3293 2137 quod
3312 2080 3520 2127 summa
3546 2065 3676 2121 deo-

2015 2170 2024 2177 ·
2070 2167 2188 2207 rum
2222 2154 2610 2224 amplitudine,
2643 2155 2943 2227 dignitate,
2974 2157 3289 2229 majestate,
3318 2167 3484 2229 atque
3511 2157 3673 2215 etiam

2072 2245 2293 2307 nomine
2320 2248 2491 2319 magis
2520 2248 2800 2321 indignum
2834 2251 2939 2319 sit,
2967 2251 3218 2322 quodque
3253 2250 3466 2309 veritati
3503 2249 3675 2324 magis

2070 2349 2365 2411 repugnet.
2398 2348 2451 2401 et
2482 2338 2639 2399 iidem
2671 2343 2851 2403 minus
2881 2352 3171 2401 mereatur.

2574 2478 2802 2538 CAPUT
2850 2481 3248 2542 SECUNDUM.

2073 2634 2153 2693 De
2187 2647 2392 2697 auctore
2418 2651 2463 2693 et
2501 2648 2652 2694 artato
2688 2640 2872 2694 horunc
2911 2639 3191 2707 librorum,
3240 2657 3301 2697 ac
3342 2656 3446 2713 qua
3481 2639 3680 2696 ratione

2303 2732 2306 2735 Α
2606 2733 2671 2789 ab
2709 2734 2801 2789 illo
2839 2736 3128 2806 compositi.

2541 2866 2922 2910 ARTICULUS
2957 2868 3214 2910 Ριυιιυε.

2076 2990 2196 3053 Quis
2217 2992 2393 3051 horum
2418 2992 2649 3058 librorum
2674 3000 2871 3058 auctor,
2889 3007 2985 3058 qua
3008 3000 3239 3058 :etategac
3263 2998 3459 3053 ratione
3482 2997 3546 3051 ad
3569 2997 3684 3052 illos

2449 3056 2775 3112 conficiendos
2798 3055 3013 3113 animum
3037 3055 3305 3128 appulerit.

2003 3194 2049 3259 C
2150 3201 2447 3263 Arnobium
2499 3205 2694 3261 horum
2745 3214 2955 3275 septem
3009 3205 3270 3263 librorum
3317 3223 3506 3265 verum
3552 3225 3677 3268 esse

2083 3308 2357 3352 auctorem
2397 3308 2545 3354 certa
2585 3307 2947 3370 constansque
2984 3310 3069 3355 est
3109 3301 3351 3357 omnium
3393 3305 3680 3359 sententia.

2084 3388 2153 3444 Et
2180 3398 2328 3446 certe
2367 3389 2466 3460 ipsi
2493 3389 2561 3443 ab
2592 3386 2922 3462 Hieronymo
2953 3389 3116 3447 variis
3157 3392 3209 3447 in
3252 3390 3415 3461 locis,
3461 3409 3587 3449 mox
3607 3395 3687 3451 ci-

2085 3480 2282 3545 tandis,
2308 3496 2372 3535 ac
2396 3480 2653 3552 deinceps
2678 3479 2750 3536 ab
2771 3482 2889 3538 aliis
2905 3482 3264 3552 scriptoribus
3294 3493 3442 3540 tanto
3468 3493 3686 3558 tamque

2083 3574 2322 3629 unanimi
2351 3588 2622 3630 consensu
2653 3573 2987 3631 adseruntur
3009 3616 3025 3642 ,
3061 3584 3120 3631 ut
3146 3574 3201 3632 id
3233 3577 3551 3648 probatione
3579 3580 3685 3635 ali-

2086 3682 2187 3737 qua
2218 3667 2450 3738 amplius
2480 3666 2721 3739 indigere
2747 3683 2852 3723 non
2883 3668 3148 3725 videatur.

2156 3761 2241 3819 Ab
2261 3762 2453 3818 eodem
2482 3777 2696 3834 quoque
2732 3762 3066 3835 Hieronymo
3103 3764 3363 3822 discimus
3391 3764 3686 3825 Arnobium

2086 3852 2262 3917 Sicca,
2290 3868 2411 3925 qua;
2437 3853 2632 3910 Africae
2655 3853 3065 3911 mediterranetn
3087 3856 3217 3912 urbs
3238 3866 3293 3913 et
3312 3858 3523 3914 colonia
3547 3869 3685 3926 erat,

2086 3944 2370 4001 oriundum
2390 3987 2405 4010 ,
2427 3945 2609 4015 ibique
2632 3945 2810 4016 impiae
2831 3946 3099 4005 addictum
3121 3948 3402 4020 gentilium
3419 3950 3686 4021 religioni,

2087 4052 2150 4093 ac
2180 4038 2482 4108 imperante
2516 4037 2869 4104 Diocletiano,
2901 4038 3152 4097 docuisse
3181 4042 3529 4098 rhetoricam.
3571 4042 3689 4115 Ipsa

2088 4138 2265 4189 autem
2308 4132 2620 4204 Hieronymi
2673 4133 2787 4188 hmc
2830 4142 2956 4189 sunt
2998 4135 3198 4192 verba:
3229 4155 3249 4189 ι
3275 4136 3545 4193 Arnobius
3589 4138 3691 4193 sub

2087 4220 2424 4283 Diocletiano
2454 4224 2714 4294 principe,
2743 4223 2913 4302 Sicca)
2936 4226 3079 4294 apud
3104 4227 3338 4283 Africam
3363 4229 3690 4285 rhetoricam

2087 4314 2471 4373 ﬂorentissime
2494 4313 2710 4381 docuit,
2734 4317 3059 4388 scripsitque
3082 4318 3342 4375 adversus
3362 4330 3549 4391 gentes
3571 4337 3691 4393 qua:

2087 4410 2247 4480 vulgo
2275 4418 2463 4467 extant
2489 4410 2767 4466 volumina
2800 4411 3151 4484 (Hicronym.
3187 4414 3251 4470 de
3279 4413 3473 4486 Script.
3511 4415 3687 4481 Eccl.,

2092 4500 2122 4574 §
2152 4504 2224 4560 89
2248 4501 2289 4577 ),
2318 4524 2338 4557 ι
2370 4521 2490 4575 quae
2517 4516 2786 4575 susceptio
2813 4519 2843 4561 a
2874 4518 2934 4562 se
2963 4506 3241 4578 religionis
3268 4508 3486 4566 obsides
3512 4510 3690 4566 divul-

374 4602 469 4663 ἣιὶ
512 4616 580 4656 ex
622 4601 785 4661 variis
825 4601 1209 4659 miraculorum
1231 4644 1246 4667 ,
1277 4603 1420 4659 sicut
1457 4605 1701 4673 aiebant,
1748 4605 1990 4663 historiis
2013 4601 2068 4663 Β
2091 4599 2257 4669 gavit.
2292 4599 2525 4671 lpsotnet
2554 4615 2686 4655 vero
2721 4599 2993 4656 Arnobius
3019 4601 3232 4658 nefario
3260 4602 3486 4659 deorum
3518 4605 3694 4660 idolo-

372 4693 624 4766 probare
647 4693 958 4751 nitebantur
979 4693 1113 4750 deos
1130 4734 1145 4758 ,
1172 4694 1244 4749 ob
1270 4705 1489 4764 peccata
1513 4695 1791 4753 homirnam
1814 4698 1990 4754 oﬁu—

376 4805 514 4853 sos,
549 4789 626 4842 ira
654 4788 960 4855 exarsisse,
992 4788 1087 4844 sed
1117 4803 1307 4845 eorum
1337 4789 1710 4847 satisiacticne
1738 4790 1994 4863 deinceps

377 4883 655 4956 placatos.
683 4880 924 4938 Primum
948 4886 1094 4939 enim
1120 4881 1415 4936 narrabant
1439 4891 1728 4952 antequam
1754 4864 1863 4939 ludi
1890 4886 1996 4939 ein-

380 4987 612 5039 censes.
653 4972 775 5033 Jovi
810 4973 1076 5037 dedicati.
1106 4964 1514 5041 inclmarentur,
1542 4991 1761 5031 servum
1798 4991 1995 5046 quem-

381 5069 522 5127 dam
548 5068 712 5137 virgis
740 5082 835 5138 per
862 5068 1095 5125 mediam
1126 5070 1257 5123 circi
1285 5082 1467 5131 aream
1496 5085 1697 5127 unum
1715 5112 1731 5136 ,
1760 5086 1823 5127 ac
1853 5072 1993 5143 pati-

387 5159 511 5216 buli
541 5172 701 5230 ptena
729 5158 1067 5217 inuiolatum.
1100 5158 1235 5216 Tum
1274 5160 1470 5219 dehinc
1495 5162 1804 5220 celebratos
1831 5164 1997 5221 hosce

383 5255 586 5320 ludos,
613 5253 809 5323 quibus
835 5253 994 5324 plane
1018 5253 1260 5313 offensus
1284 5265 1365 5309 est
1391 5254 1619 5325 Jupiter.
1644 5256 1702 5311 In
1731 5257 1865 5312 tanti
1892 5258 1998 5313 ita.

383 5362 505 5423 qtae
527 5345 813 5411 facinoris,
838 5346 917 5403 uti
943 5347 1151 5405 aiebant
1175 5390 1189 5412 ,
1220 5347 1513 5403 vindictam
1540 5348 1842 5417 pestilentia
1869 5351 2003 5406 civi-

386 5451 565 5500 tatem
588 5441 908 5511 depopulata
935 5450 1038 5498 est.
1074 5442 1181 5509 Sed
1211 5442 1303 5497 ubi
1344 5441 1587 5512 ejusdem
1617 5442 1769 5499 lavis
1794 5444 2002 5500 monitu

384 5535 457 5593 hi
483 5533 593 5590 ludi
613 5534 715 5590 rite
741 5534 1025 5590 instaurati
1050 5536 1311 5605 fuissent,
1343 5546 1470 5591 tunc
1498 5535 1616 5591 lues
1640 5539 1891 5592 cessavit.

472 5626 745 5695 Secundo,
793 5627 1072 5687 memoria:
1113 5627 1360 5699 proditur
1388 5628 1638 5695 lambant
1672 5629 2003 5700 Capitolium

388 5722 629 5785 [uimine
655 5721 822 5779 ictum
841 5762 855 5785 .
884 5730 940 5779 et
968 5721 1315 5780 simulacrum
1344 5721 1495 5778 lovis
1518 5721 1589 5778 de
1616 5723 1748 5780 sede
1776 5738 1875 5783 sua
1903 5724 2003 5781 dc-

392 5817 678 5876 turbatum
706 5814 895 5875 fuisse.
930 5813 1289 5887 Haruspicum
1317 5825 1496 5873 autem
1536 5830 1838 5889 responso,
1879 5828 2002 5874 cum

2094 4707 2322 4763 rumque
2346 4693 2512 4749 cultui
2540 4693 2903 4763 mancipatum
2930 4708 2990 4750 se
3019 4693 3187 4752 fuisse
3205 4695 3455 4767 deplorat
3482 4696 3691 4769 (Idem,

2094 4783 2287 4842 Chron.
2316 4782 2533 4853 Euscb.,
2552 4786 2620 4840 ad
2639 4801 2764 4840 ann.
2791 4784 3006 4858 23“);
3031 4801 3133 4847 nec
3151 4788 3243 4844 diu
3269 4799 3562 4860 antequam
3592 4792 3692 4846 bos

2095 4877 2264 4935 libros
2293 4879 2590 4944 scriberet,
2623 4893 2682 4935 se
2710 4878 2778 4933 ad
2809 4880 3057 4936 veritatis
3088 4881 3268 4938 lumen
3288 4922 3304 4949 ,
3343 4882 3562 4939 Christe
3599 4882 3699 4938 do-

2094 4982 2274 5037 ccnte,
2297 4972 2583 5033 adductum
2611 4972 2694 5029 bis
2716 4973 2897 5030 verbis
2924 4975 3276 5031 testiﬁcatur:
3309 4992 3329 5028 ι
3355 4973 3692 5042 Venerabar,

2096 5077 2133 5120 o
2175 5064 2420 5121 caecitas!
2475 5079 2649 5135 nuper
2692 5065 3009 5132 simulacra.
3062 5054 3226 5123 modo
3272 5081 3339 5123 es
3386 5067 3698 5125 fornacibus

2099 5169 2346 5231 prompta
2376 5159 2430 5216 in
2462 5158 2749 5216 incudibus
2776 5160 2933 5228 deos,
2955 5170 3014 5217 et
3041 5175 3106 5216 ex
3135 5160 3343 5216 malleis
3372 5161 3659 5217 fabricatos
3678 5203 3694 5227 ,

2101 5254 2513 5325 elephantorum
2546 5268 2704 5309 ossa:
2736 5252 2972 5324 picturas
2998 5253 3299 5309 veternosis
3327 5252 3383 5307 in
3412 5253 3698 5311 arboribus

2099 5346 2289 5402 uenias
2314 5345 2357 5400 si
2383 5344 2600 5417 quando
2626 5358 3048 5417 conspersum,
3080 5345 3400 5401 lubricatum
3432 5343 3699 5417 lapidem,

2102 5451 2155 5497 et
2180 5456 2245 5496 ex
2274 5438 2400 5495 olivi
2430 5439 2668 5511 unguine
2696 5437 3031 5495 sordidatum
3049 5482 3063 5507 ,
3093 5450 3363 5510 tamquam
3389 5442 3594 5497 inesset
3618 5441 3700 5498 vis

2104 5548 2378 5605 praesens.
2409 5532 2689 5609 adttlnbar,
2724 5532 2970 5599 adfabar,
3003 5542 3056 5588 ct
3089 5521 3347 5589 benéllcia
3376 5531 3696 5604 poscebam,

2105 5626 2241 5683 nihil
2280 5627 2550 5684 sentiente
2588 5624 2660 5681 de
2698 5634 2920 5693 trunco;
2950 5634 3121 5682 cteoa
3157 5626 3306 5697 ipsos
3330 5625 3519 5695 divos,
3561 5642 3700 5699 quos

2106 5736 2229 5776 esse
2268 5718 2397 5776 mihi
2428 5731 2802 5790 personante
2822 5760 2838 5784 ,
2870 5719 3171 5777 efﬁciebant
3203 5722 3547 5779 contumeliis
3576 5740 3701 5797 gra~

2108 5814 2291 5885 vibus,
2325 5828 2446 5873 eum
2475 5828 2571 5873 eos
2598 5816 2748 5888 ipsos
2773 5828 2895 5871 esse
2921 5813 3208 5873 credebam
3240 5815 3416 5892 ligna,
3451 5818 3692 5893 lapides,
