3904 6316
415 288 515 347 591

1637 285 2096 349 DISSERTATIO
2134 285 2413 346 PR/EVIA
2500 279 2504 283 ⁴

3597 294 3686 351 392

418 414 578 475 atque
607 417 758 466 ossa,
790 410 882 457 aut
910 402 963 456 in
995 400 1302 470 huiusmodi
1345 417 1523 458 rerum
1561 402 1804 458 habitare
1835 415 2005 458 mate-
2036 406 2086 464 Α
2115 413 2333 472 postea,
2379 417 2685 473 temporum
2725 402 3001 472 designari
3039 404 3319 473 ordinem,
3352 407 3395 462 is
3422 418 3563 464 certe
3601 428 3685 467 nec

421 499 524 552 ria.
557 497 710 552 Nunc
737 496 962 551 doctore
1003 504 1153 550 tanto
1195 497 1248 550 in
1294 498 1408 552 vias
1449 498 1688 552 veritatis
1732 499 2012 563 inductus,

418 593 598 645 omnia
639 591 739 644 ista
786 605 907 659 qua:
950 592 1087 651 sint,
1128 592 1241 644 scio
1263 633 1276 655 ,
1319 591 1478 661 digna
1506 593 1572 646 de
1597 593 1774 662 dignis
1800 595 1974 646 sentio
1998 633 2012 655 ,

417 684 795 739 contumeliam
821 686 1020 739 nomini
1047 685 1246 740 nullam
1275 688 1408 741 facio
1430 687 1643 750 divino;
1670 697 1723 742 et
1749 688 1873 758 quid
1901 689 2014 742 cni-

416 792 521 846 que
559 774 818 830 debeatur
863 777 948 831 vel
989 793 1267 847 personae,
1311 779 1394 832 vel
1435 780 1599 847 capiti
1624 787 1658 846 ,'
1683 781 2015 834 inconcussis

413 869 687 938 gradibus.
717 879 880 940 atque
906 871 1320 927 auctoritatibus
1349 874 1523 928 tribuo
1554 873 1570 945 (
1595 875 1813 939 Arnob.,
1842 876 1929 929 lib.
1963 893 2007 941 I,

415 979 534 1030 pag.
561 960 632 1014 22
656 970 711 1016 et
731 961 802 1015 25
898 983 918 1014 ι

485 1054 658 1108 Tanto
684 1055 863 1125 itaque
886 1055 1088 1111 lumine
1111 1099 1124 1122 ,
1153 1066 1407 1127 tantaque
1432 1057 1629 1113 Christi
1653 1059 1820 1129 gratia
1847 1060 2014 1115 dona-

415 1157 499 1201 tus
515 1190 528 1210 ,
553 1163 615 1201 ac
637 1148 864 1202 somniis
885 1147 1048 1202 etiam
1077 1149 1316 1218 pulsatus
1332 1191 1348 1216 ,
1376 1150 1634 1220 pristinus
1653 1167 1867 1206 errores
1891 1152 2007 1220 eju-

415 1239 600 1304 raudi,
632 1239 1061 1294 etchristiauam
1114 1243 1430 1311 religionem
1474 1245 1682 1312 publice
1727 1243 2010 1312 profiteudi

415 1339 630 1389 veniam
653 1335 722 1389 ab
747 1335 916 1390 Sicca:
939 1337 1196 1406 episcopo
1220 1337 1393 1406 petiit.
1418 1338 1525 1392 Sed
1554 1339 1675 1407 quia
1709 1338 1853 1392 illam
1884 1355 2014 1392 sem-

415 1444 523 1495 per,
561 1437 617 1481 ut
651 1428 726 1481 ait
755 1428 1148 1500 Hieronymus,
1191 1445 1253 1484 ac
1297 1431 1526 1500 publicis
1566 1431 1678 1485 suis
1719 1433 1771 1486 in
1813 1432 2012 1486 scholis

412 1511 568 1574 antea
589 1520 974 1592 impugnauerat
993 1561 1008 1586 ,
1030 1522 1095 1576 ad
1125 1521 1267 1576 illius
1297 1521 1686 1593 professionem
1714 1523 2012 1593 Episc0pus

412 1629 532 1666 cum
560 1613 705 1684 prius
728 1613 1015 1669 admittere
1038 1615 1206 1668 noluit
1223 1657 1238 1682 ,
1264 1632 1423 1684 quam
1450 1616 1676 1671 sincera:
1697 1617 1814 1687 ejus
1842 1618 2014 1688 paeni-

411 1710 592 1760 tentia:
616 1717 766 1762 certo
793 1707 998 1762 certior
1023 1708 1196 1761 factus
1220 1706 1427 1762 fuisset.
1462 1708 1625 1763 Μυκη
1653 1711 1812 1779 igitur
1839 1712 2010 1780 impa-

2125 500 2263 553 ullns
2306 500 2441 553 alius
2480 497 2797 552 diflilcbilur
2839 497 2988 552 illum
3022 499 3120 553 sibi
3153 515 3258 553 non
3285 502 3680 570 contradixisse,

2121 591 2412 661 verbisque
2456 591 2598 645 illius
2641 591 2819 659 potius
2862 590 3153 657 standum,
3195 607 3314 662 qua:
3358 593 3407 647 in
3438 595 3683 663 genuino,

2120 700 2278 754 quam
2305 700 2424 754 quae
2449 685 2500 737 in
2533 684 2713 738 alieno
2743 699 2909 752 opere
2939 685 3179 754 scripsit.

2190 776 2296 832 Sed
2337 778 2460 846 quia
2505 778 2592 831 ille
2635 777 2684 830 in
2717 793 2817 832 suo
2846 777 2914 832 de
2943 778 3300 847 scriptoribus
3328 779 3686 836 ecclesiasticis

2114 869 2359 938 catalogo
2394 870 2527 924 dixit
2555 870 2772 940 quidem
2806 871 3028 924 Arnobii
3063 871 3233 925 nostri
3265 872 3459 934 libros,
3505 873 3688 928 Diocle-

2117 961 2264 1015 tiano
2291 961 2620 1031 imperante,
2657 963 2865 1024 editos,
2901 979 3006 1015 non
3039 971 3217 1018 autem
3245 978 3352 1032 quo
3379 964 3580 1034 imperii
3604 965 3690 1021 hu-

2111 1053 2202 1119 jus
2223 1070 2388 1116 anuo,
2421 1055 2470 1108 id
2492 1070 2519 1107 a
2552 1055 2708 1108 nobis
2733 1055 3038 1109 accuratius
3067 1055 3442 1124 inquirendum
3465 1066 3562 1111 est.
3587 1056 3687 1113 Non

2112 1145 2328 1201 aliunde
2354 1157 2530 1201 autem
2565 1147 2788 1212 melius;
2818 1163 2978 1217 quam
3004 1162 3069 1201 ex
3093 1146 3284 1202 iisdem
3319 1148 3581 1217 ipsiusmet
3604 1165 3688 1203 au-

2117 1239 2284 1292 ctoris
2317 1241 2486 1293 nostri
2519 1239 2670 1294 libris
2700 1250 2878 1310 potest
2909 1241 3176 1310 dignosci.
3226 1245 3296 1294 At
3337 1243 3525 1312 prioris
3556 1245 3689 1298 initio

2115 1335 2256 1389 hunc
2297 1335 2387 1390 ille
2431 1335 2665 1406 loquitur
2705 1337 2756 1389 in
2797 1337 3052 1389 modum:
3085 1356 3103 1388 ι
3129 1335 3380 1390 Trecenti
3421 1346 3542 1390 sunt
3580 1337 3689 1392 anui

2114 1428 2302 1489 ferme,
2333 1429 2509 1482 minus
2538 1429 2618 1482 vel
2651 1428 2770 1496 plus
2799 1429 3000 1499 aliquid
3027 1469 3040 1491 ,
3070 1445 3136 1483 ex
3169 1443 3278 1498 quo
3305 1429 3562 1498 cmpimus
3585 1444 3690 1484 esse

2115 1522 2397 1575 christiani
2419 1564 2435 1584 ,
2465 1530 2519 1577 et
2547 1531 2814 1576 terrarum
2849 1522 2901 1576 in
2932 1522 3064 1577 orbe
3092 1521 3302 1576 censeri
3335 1519 3356 1592 (
3379 1521 3581 1588 Arnob.,
3611 1522 3689 1575 lib.

2115 1631 2164 1678 ι,
2198 1631 2316 1686 pag.
2349 1614 2448 1686 9).
2480 1636 2498 1669 ι
2529 1617 2812 1672 Manifeste
2854 1626 3033 1671 autem
3078 1617 3202 1672 inde
3243 1616 3525 1687 Colligitur,
3563 1616 3690 1686 quod

2113 1725 2304 1765 omnes
2347 1710 2504 1765 facile
2543 1710 2879 1776 concedunt,
2919 1710 3018 1765 hos
3047 1710 3214 1765 libros
3255 1711 3323 1764 ab
3365 1724 3431 1765 eo
3466 1723 3693 1765 exaratos

410 1800 550 1854 tiens
580 1800 850 1856 Arnobius
871 1841 883 1863 ,
917 1811 1079 1870 atque
1110 1812 1164 1854 ut
1196 1801 1302 1854 veti
1332 1817 1553 1871 compos
1583 1818 1742 1872 quain
1779 1804 2009 1872 primum
2044 1803 2090 1861 B
2116 1806 2257 1860 circa
2299 1807 2406 1861 300
2443 1805 2649 1860 Christi
2689 1821 2918 1859 annum.
2951 1805 3058 1860 Sed
3090 1804 3234 1862 nulla
3263 1803 3441 1858 adhuc
3467 1813 3603 1857 certa
3633 1803 3690 1857 il-

409 1893 592 1958 fieret,
628 1892 865 1946 animum
903 1893 970 1947 ad
1013 1893 1326 1948 scribendos
1373 1893 1470 1948 hos
1513 1895 1679 1949 libros
1725 1895 2004 1964 adjunxit,

409 1985 582 2055 iisque
621 1992 890 2056 tamquam
924 1986 1148 2041 totidem
1178 1987 1298 2040 fidei
1334 2003 1445 2041 sua:
1476 1989 1702 2056 publicis
1730 1989 2008 2044 obsidibus

407 2080 584 2148 datis,
618 2081 682 2134 ad
717 2081 1111 2150 optatissimam
1143 2081 1452 2135 christiana!
1486 2084 1761 2153 religionis
1800 2084 2008 2154 profes-

407 2174 614 2228 sionem
651 2173 862 2242 publice
906 2173 1220 2227 mittendam
1275 2174 1576 2242 admissus,
1611 2177 1779 2230 sacris
1809 2177 2006 2233 nostris

407 2266 683 2336 mysteriis
709 2266 776 2319 ab
803 2264 996 2320 eodem
1026 2265 1284 2336 episcopo
1310 2267 1548 2321 initiatus
1573 2278 1677 2322 est.
1706 2269 1810 2324 Sed
1842 2285 2007 2339 pracs-

409 2368 485 2413 tat
513 2359 896 2430 Hieronymum
929 2360 1105 2414 adhuc
1135 2360 1248 2414 hinc
1278 2371 1587 2416 narrantem
1614 2362 1832 2417 audire:
1862 2383 1880 2414 ι
1907 2363 2006 2418 Art

407 2453 599 2507 nobius
627 2456 828 2519 rhetor,
860 2457 1039 2510 clarus
1071 2458 1122 2511 in
1153 2455 1331 2511 Africa
1375 2458 1626 2522 habetur,
1663 2460 1754 2529 qui
1793 2475 1913 2514 cum
1954 2461 2004 2514 itt

407 2549 624 2603 civitate
653 2549 818 2604 Sicca:
845 2550 910 2604 ad
943 2550 1357 2606 declamandum
1388 2551 1616 2619 juvenes
1648 2551 1915 2615 erndiret,
1952 2561 2008 2606 et

407 2641 582 2698 adhuc
609 2643 862 2698 etlmicus
890 2643 956 2698 ad
984 2643 1362 2699 credulitatem
1392 2644 1621 2699 somniis
1651 2646 2008 2714 compellere-

407 2747 513 2803 tur,
539 2753 714 2809 neque
736 2741 804 2794 ab
827 2738 1099 2810 EpisCOpo
1127 2740 1441 2807 impetraret
1465 2741 1623 2794 fidem
1644 2781 1657 2804 ,
1683 2756 1841 2810 quant
1869 2756 2010 2796 sem.

404 2847 501 2901 per
539 2831 987 2903 impugnaverat,
1030 2834 1372 2888 elucubravit
1413 2834 1675 2888 adversus
1717 2834 2002 2903 pristinam

405 2923 716 2991 religionem
762 2925 1219 2979 luculentissimos
1261 2926 1459 2988 libros,
1504 2935 1558 2980 et
1605 2926 1817 2980 tandem
1861 2926 2007 2981 velut

404 3016 723 3085 quibusdam
754 3017 1029 3072 obsidibus
1062 3019 1272 3088 pietatis
1306 3018 1480 3074 ftedus
1520 3019 1825 3088 impetravit
1855 3017 2006 3089 (llic-

404 3126 630 3180 ronym.,
657 3112 709 3164 in
731 3111 908 3165 chron.
934 3113 1001 3164 ad
1021 3128 1144 3164 ann.
1168 3111 1310 3166 2542
1404 3113 1535 3178 Quae
1565 3129 1691 3166 vero
1722 3122 1904 3181 pestea
1938 3113 2004 3166 ab

2113 1897 2284 1952 lorum
2314 1908 2446 1952 tetas
2474 1899 2542 1952 ibi
2574 1897 2909 1967 designatur.
2940 1896 3169 1964 Quidam
3199 1897 3380 1966 itaque
3409 1895 3693 1951 existimant

2114 1991 2260 2046 illam
2305 2008 2368 2047 ex
2424 1992 2507 2045 his
2533 1991 2865 2062 deprehendi
2899 2006 3056 2061 posse
3085 1991 3258 2060 ipsius
3287 1989 3498 2044 verbis:
3529 2008 3546 2040 ι
3571 1989 3693 2044 Nos-

2115 2097 2192 2141 tra
2233 2085 2450 2155 quidem
2483 2085 2682 2155 scripta
2715 2099 2811 2139 cur
2841 2084 3053 2155 ignibus
3083 2093 3401 2139 meruerunt
3424 2082 3574 2136 dari“!
3599 2081 3695 2136 Cur

2113 2179 2418 2233 immaniter
2443 2177 2818 2232 conventicula
2861 2177 3038 2231 dirui?
3071 2174 3229 2248 (Lib.
3262 2177 3330 2242 4,
3364 2193 3481 2246 pag.
3515 2173 3646 2243 152)
3674 2193 3688 2222 i

2111 2269 2242 2324 Nam
2286 2270 2376 2323 ubi
2412 2270 2680 2324 Eusebius
2719 2269 2788 2324 de
2823 2269 3138 2324 Diocletiani
3170 2278 3362 2323 contra
3395 2267 3696 2322 christianos

2111 2363 2385 2417 sznvientis
2416 2362 2749 2431 temporibus
2777 2362 3048 2431 disputat:
3079 2380 3098 2410 ι
3125 2360 3287 2416 Tunc
3313 2360 3459 2414 mdes
3486 2373 3652 2412 sacras
3675 2377 3689 2408 ι

2112 2455 2278 2526 inquit
2303 2454 2543 2529 (Enseb.,
2571 2455 2662 2509 lib.
2690 2470 2815 2521 vm,
2847 2454 3042 2508 Histor.
3069 2454 3274 2517 cedem,
3302 2470 3418 2522 cap.
3443 2468 3532 2506 VIII
3552 2495 3564 2518 ,
3589 2468 3694 2522 pag.

2108 2549 2216 2603 295
2238 2548 2280 2619 ),
2307 2568 2324 2599 ‹
2349 2548 2464 2602 solo
2491 2547 2720 2614 :ee‘iuari,
2753 2563 2815 2602 ac
2845 2547 3084 2602 funditus
3111 2548 3353 2602 subverti
3375 2588 3387 2606 ,
3420 2561 3594 2612 sacros
3625 2545 3695 2598 di-

2113 2644 2358 2695 vinarmn
2390 2641 2792 2709 Scripturarum
2823 2639 2991 2694 libros
3020 2639 3071 2693 in
3113 2639 3298 2694 medio
3338 2639 3456 2694 foro
3496 2651 3696 2693 concre-

2111 2737 2245 2790 mari
2274 2736 2443 2790 oculis
2476 2735 2678 2789 nostris
2705 2734 2957 2788 vidimus.
2986 2753 3004 2785 ›
3036 2733 3161 2788 Haec
3188 2743 3376 2788 autem
3407 2733 3538 2786 facta
3568 2740 3693 2789 sunt.

2110 2829 2247 2882 sicut
2274 2827 2399 2881 alibi
2440 2827 2846 2890 annotavimus,
2891 2826 3218 2879 Diocletiano
3250 2823 3356 2886 IX,
3390 2822 3692 2878 Maximiano

2109 2922 2201 2976 VII
2221 2963 2236 2988 ,
2271 2930 2363 2975 aut
2393 2932 2449 2974 ut
2477 2921 2716 2975 nonnulli
2747 2930 2971 2975 censent
3006 2919 3344 2974 Diocletiano
3369 2917 3508 2977 VIII.
3534 2926 3586 2971 et
3605 2915 3700 2968 Ma-

2109 3014 2348 3067 ximiano
2378 3012 2445 3066 Vl
2468 3055 2482 3077 ,
2515 3011 2830 3067 consulibus
2851 3054 2864 3077 ,
2898 3014 2999 3064 hoc
3027 3021 3111 3065 est
3131 3052 3144 3074 ,
3176 3026 3327 3065 anno
3355 3008 3548 3065 Christi
3577 3007 3697 3070 505,

2110 3108 2195 3161 vel
2220 3107 2327 3163 512
2354 3105 2606 3178 (Dissert.
2642 3108 2695 3159 in
2727 3105 2851 3160 Luc.
2884 3105 3062 3166 Cecil.,
3094 3121 3210 3174 cup.
3246 3105 3312 3172 8,
3342 3113 3441 3158 art.
3467 3103 3554 3173 5).
3580 3101 3698 3156 Tum

405 3219 471 3257 eo
501 3212 617 3258 acta
650 3205 777 3270 sint,
811 3205 967 3258 nobis
997 3203 1188 3258 invidit
1217 3215 1310 3259 aut
1340 3203 1531 3274 injuria
1562 3215 1886 3275 temporum,
1919 3217 2012 3260 aut
2039 3201 2084 3262 C
2115 3204 2254 3257 enim
2286 3203 2390 3256 lata
2421 3203 2536 3270 lege
2563 3201 2828 3254 sancitum
2860 3202 2987 3262 fuit,
3023 3209 3079 3254 ut
3119 3202 3264 3253 Sacri
3306 3198 3700 3254 Christianorum

404 3297 727 3364 scriptorum
775 3297 1123 3367 negligentia.
1171 3301 1238 3351 At
1281 3307 1428 3353 certe
1467 3298 1591 3368 quia
1634 3308 1741 3352 tam
1790 3299 2000 3353 ardenti

403 3387 583 3442 studio
606 3387 954 3442 christianatn
979 3389 1296 3459 religionem
1329 3389 1670 3459 amplexatus
1691 3399 1795 3453 est,
1821 3390 2003 3444 nullus

407 3480 648 3551 profecto
672 3482 787 3536 dari
817 3482 1029 3537 videtur
1055 3482 1363 3554 ambigendi
1395 3486 1564 3547 locus,
1595 3483 1722 3552 quin
1751 3483 2003 3538 omnibus

403 3576 563 3646 plane
592 3575 916 3632 satisfecerit
942 3578 1054 3631 veri
1087 3577 1268 3648 piique
1296 3578 1577 3631 christiani
1605 3576 1818 3635 officiis.

475 3669 592 3736 Quo
620 3679 797 3724 autem
829 3671 1059 3740 pra'cise
1091 3681 1337 3740 tempore
1367 3670 1466 3725 ltos
1497 3670 1584 3723 ille
1628 3671 1797 3724 libros
1835 3671 2005 3739 scrip-

404 3761 566 3828 serit,
599 3761 651 3816 in
684 3762 1112 3816 controversiam
1144 3763 1701 3834 disceptationemqtte
1729 3764 1796 3817 ab
1821 3763 2002 3818 erudi-

401 3854 629 3909 tissimis
665 3857 840 3910 aetatis
873 3867 1078 3911 nostra:
1108 3857 1474 3925 scriptoribus
1506 3865 1746 3910 vocatur.
1791 3857 2002 3912 Prolata

403 3949 682 4005 enimvero
709 3966 739 4003 a
770 3949 924 4004 nobis
956 3950 1269 4021 Hieronymi
1303 3951 1462 4006 verba
1483 3994 1498 4018 ,
1535 3951 1586 4004 in
1620 3950 1881 4006 chronico
1911 3967 2004 4006 eu-

403 4042 628 4098 sebiauo
669 4044 911 4111 proxime
942 4046 1142 4115 scripta
1175 4055 1302 4101 sunt
1335 4056 1453 4114 post
1489 4055 1668 4101 notata
1707 4048 2001 4102 vicennalia

403 4135 759 4200 Constantini,
785 4137 1118 4194 Nicomedia:
1140 4156 1286 4194 anno
1308 4139 1507 4195 Christi
1533 4183 1546 4205 ,
1578 4141 1654 4195 ttti
1685 4141 1870 4206 aiunt,
1895 4141 2004 4198 526

403 4230 697 4286 celebrata.
724 4229 921 4286 Contra
952 4242 1130 4288 tamen
1159 4233 1297 4288 idolii
1327 4235 1442 4304 ipse
1470 4235 1831 4308 Hieronymus
1859 4237 1998 4300 aliis,

404 4338 524 4388 qua:
564 4335 721 4378 antea
765 4324 1080 4392 retulimus,
1124 4326 1302 4380 verbis
1345 4326 1486 4381 haud
1526 4327 1758 4381 obscure
1797 4327 2002 4396 signifi-

403 4430 530 4469 care
555 4414 766 4471 videtur
791 4417 1012 4472 eosdem
1042 4418 1211 4474 libros
1239 4418 1307 4472 ab
1334 4417 1576 4474 Arnobio
1605 4429 1714 4472 tum
1746 4420 1798 4472 in
1827 4420 1999 4474 lucem

403 4505 614 4572 editos,
648 4523 768 4561 cum
805 4508 1164 4565 Diocletianus
1195 4510 1454 4564 Romanis
1483 4512 1807 4579 imperabat.
1840 4512 1999 4581 Atqui

2108 3295 2356 3361 codices,
2386 3304 2477 3348 aut
2501 3295 2654 3348 sicuti
2682 3295 2732 3347 in
2762 3294 2866 3348 vita
2896 3291 3088 3348 Felicis
3113 3292 3360 3364 episcopi
3389 3287 3698 3345 tubiacensis

2110 3389 2362 3458 legimus,
2415 3389 2526 3442 libri
2577 3387 2776 3456 dei/ivi,
2829 3387 2937 3457 igni
2987 3395 3042 3440 et
3094 3386 3328 3440 flammis
3376 3385 3694 3439 traderentur

2109 3481 2307 3552 (Optat.
2343 3480 2544 3545 Mitem,
2569 3495 2685 3534 nov.
2719 3480 2868 3545 edit.,
2901 3497 3022 3549 pag.
3051 3478 3157 3532 227
3185 3481 3226 3548 ),
3256 3478 3577 3546 illorumquc
3604 3473 3698 3528 Ec.

2107 3576 2284 3631 clesia:
2305 3618 2319 3642 ,
2353 3575 2438 3629 vel
2468 3574 2608 3629 sicut
2636 3583 2824 3629 auctor
2855 3583 3040 3628 noster
3071 3571 3217 3641 loqui
3249 3581 3427 3638 amat,
3477 3583 3696 3624 conven-

2108 3669 2266 3724 ticula
2307 3669 2667 3724 diruerentttr.
2712 3671 2782 3722 At
2819 3683 2882 3722 ex
2927 3667 3043 3731 his,
3077 3682 3198 3735 qua:
3228 3667 3299 3721 ab
3333 3664 3627 3736 Augustino
3652 3670 3698 3714 et

2108 3763 2452 3819 Theodoreto
2481 3764 2898 3825 confirmantur.
2931 3761 3176 3815 nonnulli
3204 3760 3401 3815 confici
3429 3774 3585 3832 posse
3610 3771 3698 3827 pu-

2108 3863 2222 3909 tant
2251 3855 2545 3910 Arnobium
2579 3852 2926 3910 conficiendis
2955 3852 3105 3906 libris
3133 3853 3250 3908 suis
3281 3854 3387 3908 hoc
3415 3852 3532 3922 ipso
3568 3862 3698 3903 anno

2107 3963 2326 4018 operam
2367 3946 2582 4002 dedisse
2624 3946 2923 4016 (Anguat.,
2965 3944 3054 3998 lib.
3097 3960 3206 4011 vn,
3251 3945 3316 3998 de
3353 3943 3508 4014 Bapt.
3546 3951 3696 3995 contr.

2109 4042 2327 4110 Donat.,
2359 4059 2476 4112 cap.
2503 4042 2568 4107 2,
2598 4058 2722 4112 pag.
2748 4041 2888 4104 187;
2919 4049 2963 4093 et
2991 4037 3188 4092 Brevic.
3213 4056 3227 4102 ;
3251 4037 3444 4092 Collat.
3467 4053 3578 4091 cum
3606 4033 3699 4087 Do-

2107 4147 2214 4192 nat.
2237 4179 2253 4205 ,
2285 4155 2404 4209 cap.
2433 4137 2533 4201 15,
2565 4153 2683 4207 pag.
2717 4133 2825 4190 569
2845 4176 2860 4200 ,
2889 4144 2938 4189 et
2977 4133 3084 4189 5T5
3105 4147 3120 4196 ;
3145 4130 3458 4186 Tlteodoret.
3485 4172 3496 4195 ,
3532 4130 3614 4183 lib.
3651 4141 3695 4189 ν,

2108 4232 2248 4287 Hist.
2283 4233 2486 4294 eccles.,
2518 4248 2634 4300 cap.
2667 4230 2759 4293 59,
2791 4245 2910 4300 pag.
2943 4225 3108 4299 248).

2179 4326 2285 4382 Sed
2314 4325 2395 4379 his
2422 4325 2510 4378 alii
2533 4332 2815 4395 opponunt
2847 4322 3045 4377 nullam
3073 4321 3141 4376 de
3170 4323 3292 4392 lege
3325 4330 3519 4377 contra
3545 4315 3697 4373 chris-

2106 4418 2370 4472 tianorum
2409 4415 2781 4470 conventicula
2821 4423 2877 4469 et
2917 4413 3084 4467 libros
3123 4412 3284 4480 data,
3327 4413 3424 4469 sed
3464 4413 3531 4466 dc
3568 4424 3699 4463 com—

2106 4509 2275 4564 bustis
2311 4508 2462 4583 libris
2499 4517 2555 4563 et
2593 4506 2982 4562 conventiculis
3018 4506 3222 4561 eversis
3262 4506 3460 4560 factam
3503 4504 3570 4558 ab
3608 4504 3695 4555 Ar-

404 4600 765 4657 Diocletianns
809 4604 995 4674 viginti
1040 4605 1257 4661 circiter
1297 4619 1502 4669 annos,
1537 4605 1605 4660 ab
1647 4605 1843 4662 Christi
1889 4607 1995 4661 sci-
2026 4604 2079 4663 D
2105 4603 2262 4658 nobio
2303 4602 2655 4658 mentionem.
2700 4602 2828 4657 Esto
2868 4611 3048 4656 tamen
3075 4643 3088 4661 ,
3137 4600 3422 4668 inquiunt,
3473 4598 3538 4652 ad
3587 4610 3692 4651 eam

404 4695 532 4752 licet
559 4711 700 4750 anno
721 4697 860 4762 28b,
893 4697 957 4752 ad
987 4714 1186 4752 annum
1215 4699 1350 4760 ⁸504,
1379 4713 1634 4770 regnasse
1661 4699 1996 4763 perhibetur.

309 4781 316 4788 ⁷
403 4786 594 4843 Nonne
629 4805 758 4860 ergo
790 4787 1151 4860 Hieronymus
1182 4791 1282 4844 hos
1312 4790 1475 4844 libros
1505 4801 1632 4845 ante
1662 4789 1999 4846 Coostantiui

403 4883 704 4937 vicennalia
748 4884 863 4939 sive
891 4900 1093 4938 annum
1122 4885 1228 4939 526
1268 4885 1337 4938 ab
1381 4887 1621 4940 Arnobio
1662 4885 1838 4941 editos
1877 4901 1999 4941 esse

404 4975 698 5030 arbitratus
727 4977 846 5031 est?
872 4975 1039 5032 Nobis
1077 4986 1256 5031 tamen
1287 4977 1501 5032 videtur
1540 4994 1695 5047 posse
1736 4979 1998 5052 Hierony-

404 5082 551 5121 mum
596 5066 697 5120 sibi
741 5067 840 5137 ipsi
888 5067 1044 5123 facile
1085 5069 1382 5124 conciliari.
1429 5069 1560 5124 Nam
1606 5072 1656 5122 in
1689 5071 1996 5126 Eusebiano

403 5158 661 5214 chronico
683 5171 802 5228 post
825 5169 1007 5214 notata
1031 5158 1365 5216 Constantini
1389 5161 1688 5218 vicennalia
1715 5165 1827 5234 ipse
1849 5165 1996 5234 adje-

403 5252 510 5308 cit:
544 5271 561 5303 ι
590 5252 704 5306 Huc
746 5267 916 5323 nsque
960 5253 1236 5307 historiam
1278 5255 1466 5309 scribit
1509 5255 1799 5320 Eusebius,
1839 5257 1996 5310 Pam-

404 5345 534 5416 phili
584 5346 835 5417 martyris
881 5345 1320 5414 contubernalis,
1362 5349 1447 5402 cui
1489 5365 1591 5404 nos
1632 5349 1728 5403 ista
1765 5345 1999 5419 subjeci-

404 5455 546 5493 tnus.
575 5458 594 5491 ι
623 5439 759 5494 Tum
803 5443 1182 5494 Contineuter:
1228 5439 1512 5504 Arnobius,
1560 5441 1761 5511 inquit,
1808 5441 1998 5504 rhetor,

404 5541 511 5586 etc.
555 5530 744 5586 Nonne
780 5543 960 5588 autetn
1001 5532 1106 5587 dici
1152 5543 1328 5602 potest
1360 5535 1472 5589 hzec
1501 5534 1616 5604 ejus
1649 5535 1810 5588 verba
1843 5551 2002 5605 supe-

406 5624 644 5679 rioribus
675 5625 887 5680 Eusebii
917 5623 1158 5695 subjecta
1192 5625 1393 5689 fuisse,
1427 5643 1492 5681 ne
1523 5627 1670 5681 illius
1696 5642 2004 5682 sermonem

407 5717 860 5787 interrumperet,
891 5733 988 5773 nec
1018 5717 1091 5772 ibi
1120 5734 1302 5774 veram
1332 5719 1599 5775 indicasse
1630 5720 1850 5775 Arnobii
1881 5729 2009 5775 aeta-

411 5817 540 5874 tem.
575 5808 632 5864 Si
661 5809 782 5880 quis
809 5825 939 5864 vero
971 5809 1126 5865 nobis
1156 5811 1372 5882 objiciat
1415 5813 1482 5867 ab
1523 5828 1586 5867 co
1627 5812 1730 5879 ibi,
1777 5814 1915 5868 sicut
1955 5821 2009 5870 et

2101 4694 2466 4763 spectaverit,
2495 4709 2674 4748 nonne
2703 4692 2890 4746 similis
2915 4699 3072 4746 antea
3115 4690 3293 4746 fuerat
3334 4689 3530 4745 Justiui
3567 4700 3697 4742 mar-

2105 4787 2238 4860 tyris
2259 4803 2380 4842 cum
2403 4787 2693 4858 gentilibus
2714 4786 2781 4841 de
2803 4799 3081 4840 sacromm
3113 4783 3378 4838 librorum
3407 4791 3698 4836 nostrorum

2103 4880 2498 4952 proscriptione
2519 4878 2914 4949 expostulatio?
2941 4902 2960 4930 ι
2981 4876 3158 4946 Opera
3185 4896 3202 4927 ι
3230 4877 3307 4930 ait
3335 4897 3353 4927 ι
3380 4886 3436 4930 et
3463 4873 3701 4928 instinctu

2099 4975 2363 5030 malorum
2385 4974 2688 5028 daemonum
2715 4971 2904 5026 mortis
2925 4970 3248 5040 supplicium
3268 4970 3533 5024 adversus
3551 4967 3700 5020 libro-

2100 5085 2220 5124 rum
2252 5068 2463 5138 llystasi
2483 5067 2530 5121 is
2554 5078 2644 5120 aut
2669 5064 2888 5137 Sybilla:
2908 5106 2923 5130 ,
2950 5071 3044 5117 aut
3071 5061 3463 5132 prophetarum
3491 5062 3703 5114 lectores

2098 5159 2451 5216 constitutum
2494 5168 2613 5224 est,
2658 5169 2714 5212 ut
2753 5173 2847 5228 per
2891 5157 3139 5210 timorem
3175 5155 3435 5210 homines
3473 5155 3539 5207 ab
3576 5149 3700 5230 illis,

2099 5251 2391 5323 quominus
2424 5249 2629 5320 scripta
2658 5266 2719 5304 ea
2753 5251 2992 5318 legentes
3013 5291 3027 5313 ,
3061 5264 3242 5303 rertun
3283 5248 3547 5302 bonarum
3577 5241 3704 5297 noti-

2102 5348 2233 5401 tiam
2267 5346 2606 5417 percipiant,
2641 5345 2734 5400 sed
2762 5345 2814 5398 in
2843 5344 3105 5399 servitute
3129 5359 3322 5398 eorum
3356 5343 3701 5399 retineantur,

2104 5440 2515 5495 absterreantur
2547 5436 2761 5509 (Justiti.
2798 5437 3043 5506 Murtyr.,
3077 5437 3298 5506 Apolog.
3332 5452 3378 5498 ι,
3409 5452 3529 5506 pag.
3553 5429 3698 5498 82).»

2179 5532 2319 5600 Quid
2352 5548 2501 5596 vero,
2537 5531 2680 5600 quod
2709 5531 2971 5602 Origenes
3005 5530 3285 5597 memoria:
3322 5527 3558 5598 prodidit
3591 5530 3705 5575 ante

2108 5627 2331 5682 Arnobii
2373 5626 2540 5681 nostri
2584 5636 2858 5694 tempora,
2905 5637 3069 5696 atque
3109 5625 3408 5679 Maximino
3434 5637 3578 5677 anno
3601 5616 3698 5671 255

2109 5728 2396 5790 regnante,
2426 5719 2673 5773 incensas
2703 5717 2870 5771 fuisse
2895 5717 3180 5781 ecclesias,
3210 5723 3378 5786 atque
3406 5715 3626 5775 idcirco,
3657 5714 3708 5762 ut

2113 5815 2348 5871 auctoris
2374 5813 2545 5869 nostri
2575 5810 2754 5868 verbis
2783 5820 3020 5877 utamur,
3053 5809 3229 5864 diruta
3265 5808 3437 5864 fuisse
3462 5802 3704 5863 christia-
