3904 6316
217 324 317 380 ’ὃυὸ

1466 323 1531 380 IN
1570 321 1959 390 ARNOBIUM,
2001 321 2154 379 CAP.
2197 325 2262 381 ll.

3405 327 3515 386 394

217 455 401 495 norum
447 439 868 497 conventicula?
917 459 935 492 ι
965 437 1179 497 Scimus
1211 458 1230 494 ›
1282 440 1457 513 inquit
1505 441 1806 512 Origenes,
1836 445 1889 504 Α
1911 436 2096 495 codice
2122 438 2300 508 regio.
2334 453 2363 494 a
2396 450 2506 511 quo
2536 440 2710 510 prima
2741 439 2931 512 pagina
2954 439 3140 497 avulsa
3164 448 3284 510 est,
3317 441 3510 500 titulus

221 554 240 588 ε
267 535 405 605 apud
434 552 533 590 nos
561 545 722 592 terra:
749 546 956 593 motum
985 527 1266 593 factum'iu
1297 536 1432 591 locis
1450 537 1811 607 quibusdam,

214 637 265 682 et
297 628 469 683 factas
498 628 667 685 fuisse
690 629 952 702 quasdam
984 628 1204 695 ruinas;
1235 627 1306 683 ita
1339 628 1507 692 utqui
1533 638 1688 684 erant
1715 629 1816 682 im-

211 723 280 793 pii
307 733 461 778 extra
492 724 654 780 ﬁdem
679 765 693 789 ,
721 740 942 780 causam
975 734 1136 780 teme
1169 731 1348 778 motus
1373 723 1619 779 dicerem
1664 723 1809 777 chri-

210 816 449 884 stianos,
499 826 722 887 propter
763 815 906 888 quod
945 827 1002 872 et
1034 815 1440 886 persecutiones
1483 829 1655 886 passa:
1685 824 1814 870 sunt

210 908 454 965 ecclesia:
500 919 557 966 et
601 911 834 966 insensae
876 920 1003 966 sunt
1030 911 1048 982 (
1071 909 1305 982 0rigen.,
1348 918 1550 964 tractat.
1580 924 1710 977 vut,
1758 909 1813 962 in

209 1001 426 1070 Ratun,
463 1021 587 1075 pag.
615 1004 746 1075 88).
773 1022 793 1056 ι
834 1003 972 1073 Quid
1016 1018 1151 1074 ergo
1196 1013 1343 1058 vetat
1378 1003 1666 1074 quominus
1705 1001 1812 1056 Ar-

211 1098 405 1154 nobius
445 1099 516 1155 de
557 1098 663 1164 his,
701 1115 824 1170 quae
862 1099 1024 1172 longe
1069 1108 1230 1157 antea
1275 1114 1376 1156 nec
1419 1098 1590 1156 semel
1635 1098 1811 1155 conti-

209 1203 397 1267 gerant
428 1195 805 1268 intelligatur?

278 1289 391 1346 Nec
422 1290 651 1345 multum
680 1299 1034 1361 promovent,
1065 1291 1157 1362 qui
1181 1289 1494 1361 opinionem
1522 1289 1669 1344 illam
1700 1297 1815 1343 sta-

211 1382 364 1439 bilire
391 1384 642 1441 nituntur
682 1383 831 1440 hisce
871 1384 1097 1440 Aruobii
1138 1385 1356 1441 verbis:
1398 1401 1418 1435 ι
1444 1381 1643 1438 (Εωιίε
1683 1380 1814 1436 urbs

210 1476 380 1532 Roma
408 1476 568 1547 cujus
591 1491 716 1534 esse
746 1477 802 1533 in
829 1478 1118 1534 annalibus
1142 1477 1433 1533 indicitur?
1453 1476 1644 1531 Annos
1666 1473 1816 1530 ducit

209 1570 601 1643 quinquaginta
629 1580 686 1628 et
710 1571 860 1627 mille
878 1611 894 1637 ,
917 1579 1011 1626 aut
1036 1585 1143 1626 non
1176 1571 1402 1626 multum
1427 1569 1496 1624 ab
1524 1568 1608 1623 his
1635 1567 1814 1623 minus

208 1665 353 1738 (Lib.
379 1683 416 1722 ll
435 1708 451 1734 ,
481 1684 605 1739 pag.
631 1666 752 1737 94).
779 1687 798 1721 ι
823 1667 1063 1722 Primum
1087 1667 1238 1721 enim
1258 1707 1275 1730 ,
1302 1663 1435 1720 nihil
1459 1663 1534 1718 ibi
1564 1662 1657 1718 ille
1680 1662 1814 1718 certi

207 1760 406 1831 fixique
438 1762 696 1833 temporis
738 1761 942 1832 aliquid
973 1760 1180 1816 statuit.
1216 1759 1342 1816 Alte
1369 1756 1568 1828 deinde
1597 1755 1812 1812 silentio

1917 546 2062 585 nunc
2112 532 2424 602 pnefigitur.
2477 531 2584 588 Sed
2635 534 2688 588 in
2738 531 2845 588 fine
2893 534 3017 589 libri
3069 535 3263 603 primi,
3329 537 3515 601 tertii,

1917 623 2122 694 quinti,
2156 633 2211 679 et
2240 625 2455 694 septimi
2487 625 2715 696 legimus
2745 646 2757 679 :
2788 626 3002 681 Arnobii
3039 627 3168 682 liber
3198 627 3428 698 explicit.
3453 629 3512 686 In

1916 718 2091 788 quarti
2123 733 2252 774 vero
2275 719 2380 774 fine
2405 737 2419 774 ε
2447 720 2651 775 Arnouii
2679 723 2898 775 oratoris
2923 721 3013 776 lib.
3044 731 3256 788 quartus
3282 722 3514 790 explicit.

1917 811 1999 868 Ad
2019 813 2239 870 secundi
2259 814 2496 885 denique
2517 816 2722 871 calcem
2750 816 2992 870 :Arnovii
3011 817 3253 872 adversus
3268 815 3518 873 Nationes

1919 905 2047 960 liber
2071 909 2326 963 secundus
2355 909 2581 978 explicit.
2612 907 2668 964 In
2704 910 2878 980 prima
2917 924 3048 966 vero
3073 920 3127 966 et
3155 911 3391 966 secunda
3417 927 3519 967 eo-

1916 1012 2036 1052 rum
2067 1014 2289 1055 romana
2323 999 2593 1067 editione,
2645 1001 2954 1068 basileana,
2984 1003 3373 1072 antuerpiana,
3406 1011 3516 1058 ste-

1918 1090 2230 1157 wechiaua,
2279 1092 2552 1164 parisina,
2603 1093 2918 1149 heraldiana
2974 1094 3382 1150 inscribuntur:
3417 1096 3518 1150 Ar-

1917 1187 2055 1242 nobii
2107 1189 2350 1245 adversus
2397 1201 2568 1261 gentes
2597 1191 2713 1246 libri
2761 1203 2967 1263 septem.
3015 1189 3074 1246 In
3121 1191 3306 1247 ultima
3360 1206 3521 1261 porro

1918 1282 2168 1354 Lugduni
2197 1284 2522 1342 Batavorum
2551 1286 2824 1358 divulgata
2852 1306 2867 1340 :
2902 1287 3113 1341 Arnobii
3141 1286 3255 1356 Afri
3281 1285 3526 1342 adversus

1917 1388 2090 1450 gentes
2121 1379 2241 1434 libri
2277 1391 2486 1452 septem.
2515 1381 2661 1436 Nulli
2689 1390 2868 1438 autem
2899 1380 3210 1436 dubitamus
3235 1382 3366 1452 quin
3401 1382 3520 1437 haec

1920 1474 2107 1529 ultima
2162 1475 2444 1547 inscriptio
2496 1477 2566 1533 ab
2614 1477 2945 1550 Hieronymo
2989 1478 3273 1549 desumpta
3333 1482 3434 1547 sit,
3487 1497 3522 1536 a

1917 1582 2024 1637 quo
2051 1569 2242 1624 eadem
2289 1570 2585 1642 epigraphe
2614 1572 2782 1628 semel
2811 1582 2974 1644 atque
3003 1575 3198 1628 iterum
3227 1573 3522 1631 exhibetur

1918 1658 1938 1732 (
1962 1658 2290 1733 Hieronym,
2311 1663 2375 1717 de
2418 1663 2611 1731 Script.
2654 1665 2833 1720 ecclcs.
2853 1707 2868 1728 ,
2899 1666 2928 1736 §
2958 1665 3050 1731 89;
3082 1678 3130 1721 et
3155 1668 3304 1737 epist.
3329 1666 3422 1734 8-4,
3452 1669 3523 1721 ad

1920 1751 2236 1824 Magnum).
2271 1753 2328 1809 In
2371 1756 2741 1826 manuscripto
2783 1768 2960 1813 tamen
3009 1757 3196 1813 codice
3240 1760 3419 1830 regio,
3469 1769 3526 1815 et

207 1855 558 1926 praetermisit
584 1854 672 1924 qui
700 1855 962 1926 qualesve
994 1853 1194 1908 fuerint
1215 1850 1270 1906 hi
1291 1850 1539 1916 annales,
1561 1864 1626 1905 ac
1647 1863 1810 1918 quam
1843 1850 1890 1910 Β
1915 1847 2088 1903 altero
2142 1849 2296 1919 cujus
2347 1849 2690 1906 Stevvechius
2735 1852 3016 1920 meminit,
3082 1853 3342 1922 scriptum
3399 1865 3517 1909 est:

206 1949 424 2005 illorum
457 1958 707 2006 auctores
731 1959 1028 2022 sequantur
1051 1962 1316 2004 annorum
1345 1946 1416 2002 ab
1442 1945 1575 2002 urbe
1596 1943 1814 2000 condita

206 2042 699 2113 computandorum
737 2045 1026 2100 rationem.

273 2137 344 2194 At
380 2137 811 2205 incompertum,
860 2137 1102 2205 inquies,
1151 2135 1229 2191 illi
1275 2150 1397 2192 esse
1425 2150 1533 2189 non
1563 2141 1808 2206 poterat,

205 2239 308 2297 quo
360 2242 507 2282 anno
551 2227 696 2297 jacta
756 2227 958 2282 fuerint
999 2226 1190 2282 Romae
1223 2227 1596 2282 fundamenta.
1633 2223 1810 2280 Probe

201 2320 471 2390 siquidem
524 2329 748 2376 noverat
801 2336 909 2375 non
959 2321 1116 2390 longe
1166 2331 1456 2390 antequam
1507 2315 1808 2372 scribendis

202 2412 356 2470 libris
404 2413 518 2468 suis
565 2429 784 2468 manum
834 2413 1204 2480 admovisset,
1255 2411 1602 2467 millesimum
1649 2409 1811 2480 regia:

198 2503 346 2560 illius
391 2503 544 2560 urbis
581 2520 780 2560 annum
823 2505 924 2561 sub
972 2505 1203 2574 Philippi
1244 2504 1504 2574 imperio,
1549 2502 1649 2558 hoc
1689 2512 1805 2570 est,

196 2599 436 2665 Christi,
472 2601 546 2654 uti
591 2601 771 2664 aiunt,
802 2601 909 2657 ’ΞΗ
939 2610 1032 2656 aut
1055 2599 1198 2665 248,
1244 2599 1410 2655 fuisse
1450 2597 1804 2654 celebratum.

193 2693 328 2752 Cum
356 2711 490 2766 ergo
518 2695 650 2752 dicit
678 2715 692 2750 :
726 2696 826 2750 Aut
856 2713 957 2750 non
981 2695 1194 2748 multum
1223 2696 1287 2749 ab
1319 2695 1398 2748 Itis
1427 2693 1628 2760 minus,
1664 2690 1805 2746 haud

196 2793 441 2849 obscure
475 2793 744 2863 significat
772 2808 830 2848 se
861 2808 1005 2846 anno
1026 2791 1134 2847 296
1166 2791 1251 2847 vel
1280 2789 1409 2858 297,
1445 2787 1607 2845 hosce
1639 2787 1806 2844 libros

193 2888 471 2958 publicam
509 2886 758 2942 emisisse
794 2887 847 2942 in
881 2886 1076 2941 lucem.

262 2979 471 3035 Contra
503 2989 680 3035 tamen
709 2979 798 3034 alii
834 2979 934 3034 hos
961 2976 1177 3032 nonnisi
1207 2985 1330 3046 post
1361 2973 1803 3032 trecentesimum

190 3070 398 3128 Christi
446 3088 647 3128 annum
696 3073 875 3128 editos
923 3070 1091 3126 fuisse
1141 3070 1267 3126 inde
1315 3069 1610 3140 colligunt,
1659 3065 1803 3137 quod

191 3164 318 3222 alibi
371 3166 443 3220 ab
481 3182 548 3220 eo
586 3165 788 3221 ethnici
843 3165 1108 3220 adversus
1145 3162 1470 3218 christianos
1505 3162 1586 3217 sic
1619 3161 1804 3230 dispu-

1918 1941 2163 1998 adversus
2190 1945 2438 2000 nationes.
2474 1945 2579 2001 Sed
2611 1949 2788 2016 potior
2813 1946 3028 2002 videtur
3056 1947 3250 2014 lectio,
3283 1949 3524 2004 adversus

1921 2044 2125 2104 gentes,
2177 2051 2339 2106 quam
2397 2037 2760 2110 Hieronymus
2808 2040 2862 2094 iu
2909 2039 3072 2110 longe
3123 2041 3524 2112 antiquioribus

1919 2129 2298 2198 manuscriptis
2325 2131 2604 2188 codicibus
2633 2133 2774 2188 haud
2805 2134 2968 2190 dubie
2995 2135 3222 2204 legerat.
3251 2135 3521 2192 Caeterum

1915 2220 2040 2290 quia
2073 2221 2357 2293 utriusque
2399 2223 2774 2295 inscriptionis
2807 2225 2951 2281 idem
2984 2236 3071 2282 est
3099 2241 3325 2295 sensus,
3359 2227 3428 2283 de
3456 2243 3522 2284 ea

1921 2313 2187 2384 longioris
2212 2315 2603 2386 disputationis
2634 2317 2785 2375 filum
2825 2329 3017 2377 texere
3065 2321 3254 2378 inutile
3298 2337 3521 2394 prorsus

1916 2407 2058 2463 foret
2081 2423 2146 2464 ac
2167 2412 2522 2480 superfluum.

1987 2503 2067 2558 Ex
2113 2511 2340 2576 utroque
2381 2515 2561 2563 autem
2613 2507 2707 2563 illo
2756 2509 2916 2565 titulo
2961 2509 3122 2567 facile
3165 2511 3522 2585 intelligimus

1913 2610 2022 2650 non
2049 2596 2194 2651 aliud
2224 2598 2417 2654 horum
2452 2599 2714 2656 librorum
2747 2614 3127 2674 argtnnentnm
3155 2646 3172 2670 ,
3207 2622 3307 2662 nec
3349 2607 3520 2663 alium

1913 2686 1967 2742 in
1999 2687 2064 2742 iis
2093 2690 2502 2746 conscribendis
2521 2681 2750 2748 Arnobii
2779 2709 3003 2765 scopum
3028 2695 3301 2768 finemque
3328 2699 3519 2768 fuisse,

1911 2780 2014 2836 nisi
2043 2792 2101 2837 ut
2127 2794 2181 2838 et
2210 2781 2401 2840 falsam
2429 2786 2714 2856 gentilium
2734 2829 2748 2855 ,
2793 2799 2848 2843 et
2879 2789 3302 2846 christianorum
3331 2807 3516 2848 veram

1911 2889 2031 2930 esse
2072 2876 2393 2946 religionem
2438 2880 2864 2938 demonstraret.
2916 2883 3105 2955 Neque
3159 2886 3225 2940 ad
3277 2887 3328 2942 id
3387 2904 3513 2956 pro-

1909 2966 2148 3024 bandum
2177 2970 2422 3040 pluribus
2447 2987 2585 3042 opus
2613 2984 2699 3028 est
2725 2977 3056 3044 argumentis
3078 3015 3094 3040 ,
3136 2979 3281 3048 quod
3312 2980 3400 3035 vel
3443 2996 3513 3036 ex

1908 3075 1971 3116 ea
2001 3060 2148 3129 sola,
2179 3078 2340 3133 quam
2371 3062 2642 3130 dedimus,
2673 3067 2988 3123 earumdem
3016 3067 3281 3124 librorum
3303 3072 3516 3142 analysi

1908 3153 2158 3211 omnibus
2185 3155 2684 3212 manifestissimum
2713 3172 2837 3215 esse
2865 3159 3048 3215 debet.

189 3268 334 3315 tassc
365 3259 726 3314 inducuntur:
754 3277 772 3308 ‹
800 3260 939 3314 Ante
964 3257 1388 3328 quadringentos
1410 3271 1584 3310 annos
1615 3251 1804 3323 religio
1835 3258 1878 3321 ο
1982 3247 2210 3313 Quidam
2259 3263 2390 3303 vero
2440 3257 2732 3321 utrumque
2775 3266 2884 3306 non
2951 3253 3067 3322 pari
3129 3268 3386 3309 successu
3448 3257 3520 3312 ab

189 3362 374 3407 vestra
405 3367 516 3407 non
547 3351 647 3406 fuit
680 3348 894 3421 (Ibid.).
922 3370 942 3404 ι
968 3349 1102 3404 Nam
1131 3349 1177 3405 si
1208 3359 1332 3405 ante
1365 3346 1802 3404 trecentesimum

190 3441 390 3499 Christi
417 3458 618 3498 annum
648 3442 872 3513 perfecti
903 3442 1127 3498 fuissent
1152 3441 1205 3496 hi
1232 3441 1372 3506 libri,
1398 3441 1451 3496 in
1474 3441 1554 3496 eis
1579 3438 1669 3494 ille
1695 3453 1801 3494 non

189 3549 303 3592 ante
340 3536 776 3609 quadringentos,
819 3534 916 3592 sed
955 3545 1080 3590 ante
1132 3544 1405 3591 trecentos
1441 3547 1614 3588 amms
1651 3530 1798 3586 chri-

189 3631 423 3685 stianam
467 3629 784 3700 religionem
813 3645 921 3684 non
963 3627 1132 3684 fuisse
1160 3625 1514 3698 proculdubio
1549 3623 1796 3680 dixisset.

189 3719 356 3780 Nobis
387 3722 608 3794 quidem
647 3739 753 3778 non
801 3723 931 3778 latet
964 3722 1285 3793 quibusdam
1315 3721 1489 3776 visum
1517 3718 1799 3774 oscitantia

188 3815 395 3873 librarii
421 3833 518 3887 pro
543 3817 817 3884 trecentis,
845 3817 1244 3888 quadringentos
1272 3815 1524 3885 positum.
1547 3811 1655 3869 Sed
1684 3811 1799 3866 haec

186 3910 505 3978 conjectura
532 3909 730 3964 nullius
756 3909 1106 3980 manuscripti
1133 3905 1338 3963 codicis
1357 3949 1372 3972 ,
1403 3917 1490 3962 aut
1521 3902 1800 3976 scriptoris

186 4000 504 4058 testimonio
553 4012 606 4057 et
649 4002 970 4057 auctoritate
999 3999 1370 4057 confirmatur.
1405 3997 1539 4064 Quid
1572 4011 1720 4063 vero,
1753 3995 1798 4052 si

185 4093 391 4150 ethnici
437 4093 728 4149 maluerint
754 4094 1015 4163 majorem
1039 4136 1053 4162 ,
1082 4101 1140 4154 ut
1163 4091 1320 4155 solet,
1348 4105 1506 4162 quam
1535 4089 1796 4144 minorem

185 4189 432 4255 proferre
487 4201 750 4242 annorum
807 4187 1129 4242 numerum?
1179 4183 1314 4239 Tum
1370 4181 1611 4252 profecto
1667 4180 1797 4236 nihil

184 4281 302 4339 inde
333 4281 477 4338 certi
507 4282 757 4337 concludi
786 4281 1005 4352 poterit.

248 4375 550 4430 Vas-iantes
594 4391 754 4445 porro
800 4375 934 4429 istas
978 4371 1047 4430 de
1092 4373 1282 4428 horum
1329 4369 1590 4426 librorum
1636 4376 1796 4424 actate

183 4468 508 4539 opiniones,
553 4483 616 4524 ac
656 4468 852 4539 quibus
889 4468 1158 4524 rationum
1200 4465 1494 4521 momentis
1534 4462 1792 4528 nitantur,

183 4561 579 4619 examinandas
603 4561 699 4617 tibi
728 4564 1110 4634 preposuimus
1131 4604 1145 4628 ,
1175 4571 1233 4616 ut
1257 4558 1307 4616 ei
1337 4576 1456 4630 qua:
1484 4575 1614 4614 vero
1643 4556 1794 4611 vide-

1911 3340 2150 3396 Arnobio
2180 3341 2380 3397 factum
2407 3343 2719 3412 opinantur.
2762 3343 2952 3416 Longe
2980 3346 3125 3400 enim
3156 3347 3394 3412 felicius.
3429 3348 3516 3404 in-

1905 3434 2100 3506 quiunt
2117 3478 2132 3501 ,
2158 3444 2319 3504 atque
2340 3436 2616 3493 efficacius
2638 3439 2872 3494 ethnicae
2896 3439 3179 3510 religionis
3201 3441 3520 3508 falsitatem,

1907 3544 2066 3599 quam
2095 3528 2404 3586 christiana:
2434 3531 2715 3587 veritatem
2759 3533 3017 3589 ostendit.
3079 3533 3250 3605 Cujus
3295 3535 3516 3602 quidem

1906 3623 2048 3679 hanc
2079 3633 2267 3693 putant
2313 3639 2436 3680 esse
2473 3626 2774 3693 rationem,
2811 3628 2934 3697 quia
2965 3627 3241 3694 Arnobio,
3285 3628 3519 3700 aliisque

1905 3717 2198 3789 gentilibus
2217 3760 2233 3783 ,
2261 3718 2329 3774 ad
2345 3718 2703 3774 christianam
2733 3720 2892 3775 fidem
2921 3721 3218 3776 novissime
3243 3721 3514 3788 adductis,

1905 3813 2079 3868 multo
2105 3812 2318 3869 facilius
2363 3813 2466 3869 fuit
2504 3815 2702 3884 impios
2733 3815 3146 3886 absurdosque,
3203 3801 3340 3881 quos
3389 3833 3517 3888 per-

1906 3907 2047 3964 fecte
2091 3919 2393 3972 noverant,
2445 3909 2580 3964 ritus
2623 3919 2680 3964 et
2703 3926 2921 3966 errores
2953 3911 3199 3967 funditus
3225 3922 3510 3981 evertere,

1905 4015 2065 4070 quam
2113 3999 2430 4056 christiana:
2473 4001 2740 4056 doctrina:
2779 4001 2937 4070 cujus
2979 4003 3232 4072 mysteria
3275 4003 3511 4060 nondum

1905 4095 2036 4150 satis
2061 4104 2337 4166 comperta
2365 4094 2668 4161 habebant,
2699 4094 3080 4152 demonstrare
3107 4098 3412 4153 veritatem.

1979 4186 2178 4244 Verum
2233 4187 2359 4258 quid
2418 4187 2704 4258 prohibet,
2753 4188 3040 4259 quominus
3087 4189 3122 4243 ii
3165 4188 3268 4259 ipsi
3315 4191 3512 4260 quibus

1903 4296 2053 4338 sacra
2084 4290 2268 4336 nostra
2298 4282 2556 4352 mysteria
2586 4282 2824 4338 nondum
2853 4291 3092 4338 reserata
3143 4293 3300 4347 sunt,
3341 4300 3510 4355 gene-

1904 4376 2104 4432 ralibus
2141 4376 2511 4447 argumentis,
2555 4391 2651 4432 seu
2694 4376 3148 4447 quemadmodum
3194 4377 3508 4436 scholastici

1903 4470 2217 4541 loquuntur,
2271 4469 2650 4526 credibilitatis
2715 4472 2965 4540 motivis,
3018 4474 3302 4528 veritatem
3357 4474 3508 4529 chri-

1901 4564 2091 4618 stiana:
2130 4563 2407 4634 religionis
2455 4563 2806 4620 invictissime
2851 4565 3134 4621 adstruant
3177 4581 3242 4622 ac
3280 4567 3508 4622 deumn-

185 4655 322 4712 bitur
351 4656 617 4721 similior,
667 4664 815 4710 tuum
865 4653 1110 4725 praebeas
1135 4667 1441 4708 assensum.
1474 4648 1641 4705 Nobis
1672 4662 1798 4704 "ero
1825 4664 1880 4726 1)
1904 4656 2114 4712 strent?
2145 4656 2217 4712 At
2262 4653 2397 4710 infra
2437 4657 2932 4713 demonstrabimus
2982 4658 3126 4712 illam
3169 4659 3237 4715 ab
3279 4668 3506 4716 auctore

189 4747 313 4803 nihil
343 4749 560 4805 certius
590 4759 645 4801 et
672 4747 1010 4818 exploratius
1037 4745 1299 4800 hactenus
1325 4741 1612 4804 succurrit.
1637 4755 1795 4812 quam

188 4841 491 4898 Arnobium
523 4839 704 4895 citatis
744 4839 1028 4909 superius,
1069 4847 1123 4894 et
1171 4835 1293 4891 aliis
1341 4837 1458 4905 ejus
1497 4832 1676 4889 verbis
1728 4832 1806 4888 dc.

190 4936 393 4992 crudeli
437 4933 862 4990 christianorum
893 4931 1182 4986 vexatione
1203 4971 1219 4997 ,
1269 4929 1336 4984 de
1364 4927 1662 4983 combustis
1695 4941 1792 4981 eo-

190 5044 304 5085 rum
334 5029 493 5084 lihris
511 5071 527 5095 ,
560 5038 614 5084 et
644 5029 852 5084 eversis
881 5027 1128 5084 ccclesiis
1149 5024 1472 5080 collineasse
1492 5019 1560 5077 ad
1584 5035 1790 5076 memo-

189 5133 363 5178 ratum
397 5120 723 5177 Diocletiani
753 5118 994 5176 edictum
1016 5162 1031 5184 ,
1074 5135 1137 5174 ac
1170 5116 1396 5188 proinde
1441 5115 1586 5171 illius
1628 5114 1796 5169 libros

192 5215 329 5272 circa
356 5233 560 5272 annum
593 5215 800 5271 Christi
833 5216 939 5270 505
973 5214 1171 5284 publici
1222 5213 1392 5268 factos
1427 5210 1594 5266 fuisse
1630 5207 1794 5281 juris.

191 5307 330 5366 Nihil
366 5320 550 5365 tamen
581 5308 844 5364 audemus
871 5317 1024 5364 certo
1055 5306 1441 5378 pronuntiare,
1471 5304 1634 5375 idque
1661 5302 1797 5358 alio-

191 5417 306 5460 rum
334 5403 546 5474 judicio
573 5403 734 5476 plane
767 5403 1144 5470 relinquimus.

801 5534 1094 5576 ARTICULUS
1130 5533 1187 5573 ll.

198 5631 267 5684 Dc
292 5649 412 5686 vera
430 5636 604 5686 horum
630 5634 867 5685 librorum
888 5631 1222 5695 inscriptione,
1249 5637 1398 5743 atque
1411 5633 1722 5693 argumento,
1742 5635 1793 5676 et

252 5706 417 5743 utrum
438 5698 552 5743 illud
575 5706 716 5743 recte
732 5699 794 5743 ab
807 5695 1022 5743 Aruobio
1035 5701 1288 5743 tractetur.
1336 5708 1364 5740 e
1388 5693 1514 5742 illius
1523 5692 1664 5743 stvlo.
1682 5704 1793 5740 eru-

252 5706 417 5764 utrum
438 5698 552 5748 illud
575 5706 716 5764 recte
732 5699 794 5747 ab
807 5695 1023 5764 Arnobio
1031 5692 1288 5764 tractetur.
1300 5692 1364 5764 de
1375 5692 1514 5764 illius
1522 5692 1664 5764 style,
1682 5704 1793 5740 eru-

252 5761 468 5824 ditione,
494 5775 548 5812 ac
572 5761 725 5813 totius
747 5761 916 5823 Operis
939 5762 989 5809 in
1011 5757 1161 5808 libros
1185 5762 1238 5806 et
1258 5757 1416 5820 capita
1440 5756 1768 5805 distinctione.

246 5881 444 5944 Nullus
488 5887 539 5942 in
587 5886 963 5958 manuscripto
1015 5885 1211 5944 horum
1256 5881 1485 5946 Arnobii
1523 5881 1790 5940 librorum

494 5980 770 6046 ΡΑτιιοι.
809 5981 890 6042 V.

1903 4759 2092 4807 nostro
2148 4750 2412 4806 vindicari
2467 4750 2812 4807 validissimis
2867 4751 3138 4808 rationum
3185 4752 3502 4820 momentis,

1902 4861 2022 4915 quae
2047 4843 2116 4899 ab
2141 4860 2209 4899 eo
2239 4843 2508 4899 ducuntur
2527 4860 2594 4899 ex
2619 4845 2761 4900 veris
2781 4844 2982 4900 Christi
3006 4844 3505 4915 discipulorumque

1901 4937 2020 5008 ejus
2049 4936 2358 5003 miraculis,
2405 4952 2470 4992 es
2501 4935 2804 4991 admirabili
2835 4953 2966 4991 sane
2993 4952 3057 4992 ac
3087 4952 3227 5006 pene
3272 4935 3505 4991 incredi-

1898 5030 1991 5086 bili
2023 5044 2320 5103 martyrum
2367 5030 2838 5086 inuumerahilium
2881 5031 3185 5087 constantia
3211 5071 3226 5096 ,
3255 5042 3414 5100 atque
3434 5044 3503 5082 ex

1899 5125 2184 5182 celerrima
2232 5125 2508 5196 religionis
2556 5125 2898 5192 Christianas,
2952 5143 3074 5197 quae
3116 5127 3206 5181 ditt
3246 5135 3401 5180 antea
3433 5125 3503 5181 ab

1899 5222 2070 5276 sacris
2092 5219 2305 5274 vatibus
2331 5219 2596 5288 promissa
2621 5218 2798 5276 fuerat
2815 5262 2828 5283 .
2854 5236 2951 5292 per
2974 5220 3284 5276 universum
3311 5219 3498 5274 orbem

1899 5324 2164 5370 terrarum
2212 5315 2616 5385 propagatione.
2667 5312 2934 5370 Cancrum
2989 5329 3096 5368 non
3149 5314 3286 5368 adeo
3343 5313 3498 5367 inco-

1897 5385 2043 5478 gnita
2089 5405 2327 5461 Arnobio
2377 5404 2597 5462 fuerunt
2646 5407 2825 5462 omnia
2870 5405 3178 5461 chrisdante
3221 5403 3501 5474 religionis

1900 5499 2190 5572 mysteria,
2220 5498 2346 5568 quin
2376 5507 2554 5565 recte,
2589 5497 2664 5554 uti
2713 5514 2813 5554 suo
2863 5498 2983 5552 loco
3007 5497 3241 5562 dicetur,
3273 5496 3342 5550 de
3374 5509 3499 5548 vera

1902 5595 1994 5650 Dei
2020 5601 2237 5658 natura,
2275 5592 2345 5648 de
2373 5592 2590 5648 Christo
2619 5608 2750 5648 vero
2781 5591 2874 5646 Dei
2913 5590 3055 5654 filio,
3088 5600 3365 5645 servatore
3397 5603 3500 5643 no-

1899 5697 2034 5756 stro,
2069 5675 2300 5757 aliisque
2345 5685 2618 5764 nonnullis
2647 5683 2788 5738 illius
2811 5681 3022 5753 placitis
3063 5690 3119 5736 et
3161 5681 3500 5736 documentis

1898 5781 2281 5854 disputaverit.
2332 5779 2460 5835 Eam
2506 5777 2861 5850 proculdubio
2885 5776 2955 5832 ob
2985 5792 3201 5832 causam
3235 5775 3500 5846 Hierony-

1899 5891 2021 5934 mus
2069 5874 2497 5932 lucufentissimos
2540 5873 2658 5946 ejus
2705 5871 2860 5933 libros
2914 5872 3181 5958 appellat;
3215 5870 3340 5944 quia
3390 5882 3498 5925 non

3028 5965 3105 6032 13
