3904 6316
398 287 511 350 ωκ

1672 279 2129 345 υιεεειιτλτω
2164 274 2449 342 ΡΜἾΙΑ

3574 288 3667 351 396.

402 400 587 465 minus
630 403 939 463 luculenter
987 403 1273 462 veritatem
1343 400 1655 460 christiana
1721 400 1998 479 religionis
2025 411 2081 471 Α
2102 398 2424 459 divisionem
2477 396 2673 457 factum
2735 398 2990 457 vidimus.
3045 399 3398 475 Hieronymus
3436 418 3559 460 vero
3605 408 3668 465 de

404 499 667 563 adstruit,
708 511 871 569 quam
910 496 1151 553 ethnicis.
1186 494 1477 551 falsitatem
1505 492 1738 551 destruit
1764 491 1995 565 (Hiero-

404 616 547 673 nym.
564 639 580 663 ,
607 596 665 650 in
689 596 868 649 chron.
898 592 968 646 ad
987 606 1114 647 ann.
1141 589 1330 665 2542).
1503 661 1521 679 ο

474 694 547 749 At
570 698 777 760 quanto
796 687 967 759 magis
993 684 1094 742 bos
1119 686 1355 743 auctoris
1382 685 1554 742 nostri
1580 683 1750 740 libros
1775 692 1997 753 propter

399 789 840 855 argumentorum
863 778 974 834 vim
1001 788 1057 835 et
1085 777 1297 849 pondus
1337 777 1549 835 extollit
1597 776 1993 849 Hieronymus,

399 888 551 934 tanto
578 877 750 947 magis
778 873 899 945 ejus
926 872 1200 930 scribendi
1235 887 1302 929 ae
1340 870 1596 943 loquendi
1649 870 1868 926 modum
1913 868 1999 926 vi—

396 975 629 1042 tuperat.
648 966 729 1024 Ad
743 966 1026 1022 Paulinum
1045 966 1190 1023 enim
1209 966 1326 1021 huic
1338 964 1552 1035 scripsit
1572 964 1626 1019 in
1644 964 1808 1021 verba
1830 982 1844 1018 :
1865 965 1997 1019 «Ar-

393 1063 589 1121 nobius
604 1059 909 1132 inatqualis,
926 1068 984 1117 et
998 1058 1199 1115 nimius
1214 1067 1298 1114 est
1312 1098 1328 1124 ,
1346 1057 1553 1126 absque
1570 1056 1757 1127 operis
1769 1056 1853 1111 sui
1871 1071 1996 1129 par-

394 1159 586 1215 titione
613 1153 897 1213 confusus.
927 1173 947 1207 ι
978 1152 1172 1228 (Epist.
1200 1151 1293 1219 49,
1318 1170 1373 1224 p.
1400 1149 1552 1224 567).
1581 1149 1691 1208 Sed
1719 1150 1997 1221 displicuit

392 1251 683 1310 recentiori
695 1248 909 1307 cuidam
920 1249 1061 1304 inter
1073 1246 1441 1304 beterodoxos
1453 1245 1707 1314 scriptori
1724 1244 1854 1300 illud
1871 1244 1997 1301 ﬂio-

390 1346 602 1420 ronymi
615 1344 876 1417 judicium
892 1384 909 1409 ,
944 1356 1009 1396 ac
1026 1349 1150 1411 post
1171 1339 1330 1395 allata
1348 1339 1465 1393 bzec
1482 1336 1654 1407 ipsius
1668 1336 1833 1392 verba
1865 1351 1995 1392 con-

389 1440 634 1505 trariam,
654 1436 807 1509 quasi
838 1450 906 1492 ex
931 1432 1166 1503 tripode,
1191 1431 1271 1487 sic
1293 1430 1396 1486 fert
1415 1428 1743 1505 sententiam
1773 1447 1785 1483 :
1816 1448 1836 1483 ι
1863 1428 1995 1485 Mihi

390 1533 627 1589 disertus
654 1537 844 1584 auctor
867 1526 1141 1584 Arnobius
1161 1524 1395 1587 videtur,
1419 1532 1477 1579 et
1492 1522 1586 1593 qui
1611 1530 1995 1593 argumentum

386 1644 544 1685 suum
572 1634 761 1684 contra
786 1623 1019 1698 gentiles
1044 1623 1183 1680 adeo
1209 1631 1461 1678 accurate
1493 1629 1549 1676 et
1578 1620 1843 1676 concinne
1864 1632 1991 1687 per-

388 1721 662 1788 tractarit,
698 1728 760 1775 ut
785 1718 1044 1774 adversus
1077 1718 1211 1772 istos
1234 1716 1463 1771 meliora
1484 1713 1593 1770 dici
1615 1726 1806 1783 posse,
1828 1725 1992 1782 quam

2099 492 2341 553 Arnobio
2367 502 2556 551 nostro
2585 492 2641 549 in
2667 507 2764 550 sua
2807 493 2877 551 ed
2905 493 3155 566 Magnum
3184 496 3407 566 epistola
3432 498 3668 567 scripsit:

2106 608 2125 639 ι
2161 589 2385 660 Septem
2411 588 2582 645 libros
2608 589 2870 648 adversus
2912 602 3135 664 gentes,
3183 593 3507 665 totidemque
3526 595 3673 652 disci-

2102 681 2258 751 pulus
2267 682 2387 753 ejus
2401 681 2715 739 Lactantius
2725 683 2987 742 condidit.
3013 703 3036 740 ι
3060 684 3082 759 (
3096 684 3423 760 Biemann,
3436 689 3575 760 epist.
3589 691 3671 761 85,

2100 774 2421 849 pag-mi

2170 869 2329 927 Nulla
2352 878 2531 927 autem
2555 872 2609 928 in
2638 874 2854 944 capita,
2904 874 3191 946 nullasque
3230 876 3285 932 in
3334 876 3588 934 santiones
3622 876 3675 934 hi

2047 958 2061 972 '
2099 962 2224 1018 libri
2246 962 2524 1020 distributi
2551 980 2807 1037 umquam
2832 966 3077 1025 fuerunt.
3100 971 3169 1023 At
3190 968 3308 1025 hac
3328 969 3539 1041 quidem
3558 985 3677 1026 con-

2094 1055 2291 1124 juncto
2328 1056 2757 1131 continuataque
2804 1075 3063 1119 sermone
3113 1062 3385 1120 scribendi
3435 1065 3568 1120 ratio
3598 1067 3676 1121 vi.

2098 1148 2258 1205 detur
2285 1167 2395 1205 non
2428 1166 2616 1222 parum
2658 1155 2729 1209 ad
2773 1169 2896 1211 eam
2950 1156 3247 1213 contulisse
3289 1158 3676 1228 confusionem,

2099 1256 2260 1312 quam
2308 1244 2467 1313 paulo
2512 1255 2640 1302 ante
2684 1247 3012 1305 notavimus.
3061 1250 3404 1321 Quapropter
3424 1252 3472 1308 si
3497 1253 3608 1323 quis
3630 1253 3679 1309 in

2098 1350 2237 1392 nova
2263 1336 2442 1407 aliqua
2472 1338 2666 1395 horum
2695 1340 2958 1397 librorum
2988 1326 3230 1399 editione
3255 1358 3352 1408 eos
3370 1385 3392 1410 ,
3418 1345 3559 1416 quod
3583 1360 3682 1402 non

2099 1427 2172 1484 ita
2200 1428 2424 1487 difficile
2448 1440 2563 1499 est,
2614 1432 2668 1489 in
2706 1433 2886 1504 capita
2931 1442 3026 1491 aut
3070 1435 3341 1493 sectioues
3378 1437 3679 1506 distribuat,

2098 1521 2145 1577 is
2172 1536 2306 1579 sane
2330 1531 2388 1579 et
2426 1523 2553 1581 huic
2591 1525 2902 1584 confusioni
2942 1528 3272 1597 mcdebitur,
3301 1539 3357 1587 et
3379 1530 3589 1589 taedium
3615 1532 3685 1588 la-

2096 1614 2396 1688 boremque
2425 1618 2644 1677 lectoris
2673 1620 2972 1692 plurimum
2995 1623 3320 1682 sublevabit.

2697 1770 2993 1814 ARTICULUS
3030 1774 3107 1815 Ill.

390 1832 511 1890 qua
533 1817 602 1873 ab
617 1814 853 1886 antiquis
870 1814 951 1871 sic
975 1811 1395 1881 benedisputata
1417 1817 1564 1872 sunt,
1583 1809 1673 1863 vix
1698 1806 1934 1863 videam.
1967 1824 1989 1859 ι
2030 1828 2079 1889 Β

387 1907 702 1983 (Remel,
717 1905 948 1962 Euasit.
964 1905 1212 1974 tbeolog.,
1228 1902 1317 1959 tib.
1334 1919 1372 1967 t,
1385 1918 1501 1972 cap.
1521 1901 1575 1967 1,
1588 1900 1646 1966 5,
1662 1900 1751 1965 ll,
1766 1917 1821 1970 ρ.
1838 1898 1997 1967 131).

385 2004 496 2060 Sed
514 2002 625 2070 die,
642 2015 848 2074 quaeso,
871 1998 1084 2057 erudite
1102 1996 1376 2067 theologe,
1395 1994 1617 2051 ubinam
1632 1992 1997 2064 Hieronymus

379 2097 578 2167 dixerit
604 2104 979 2167 argumentum
1009 2091 1142 2147 illud
1165 2091 1236 2146 ab
1258 2089 1501 2145 Arnobio
1528 2104 1636 2144 non
1656 2095 1913 2143 accurate
1936 2095 1995 2141 et

377 2191 645 2249 concinne
662 2188 1011 2262 pertractari?
1047 2184 1156 2242 Cor
1173 2185 1341 2241 libros
1377 2184 1497 2255 ejus
1532 2182 1991 2238 luculentissimos

377 2284 637 2357 appellat,
658 2284 762 2338 nisi
776 2282 901 2353 quia
919 2295 1018 2337 suo
1032 2278 1369 2336 etabiliendae
1383 2277 1695 2333 christiana:
1704 2276 1989 2346 religionis

375 2378 658 2450 proposito
692 2375 1156 2431 abundantissime
1204 2370 1503 2427 satisfecit?
1548 2368 1820 2439 Numquid
1852 2383 1988 2424 vero

378 2487 580 2544 negaro
604 2482 761 2541 potes
784 2469 939 2524 illurn
956 2468 1011 2523 in
1025 2466 1307 2523 suislibris
1324 2479 1451 2521 esse
1463 2463 1672 2536 absque
1691 2464 1880 2533 operis
1898 2464 1984 2519 sui

375 2568 673 2639 partitione
683 2564 996 2623 confusum?
1017 2564 1206 2620 Nonne
1227 2564 1280 2619 in
1302 2565 1480 2634 primo
1500 2572 1555 2618 et
1571 2560 1819 2617 secundo
1838 2560 1986 2615 libro

370 2662 573 2732 ubique
595 2660 797 2731 passim
815 2658 1025 2714 occurit
1046 2656 1138 2711 illa
1160 2656 1445 2712 confusio?
1471 2653 1729 2710 Futcmur
1749 2653 1978 2724 quidem

369 2755 427 2811 in
476 2754 618 2809 libro
645 2753 812 2809 tertio
837 2759 1157 2822 argumenta
1182 2750 1318 2805 satis
1332 2749 1622 2812 concinne,
1641 2756 1698 2803 et
1716 2756 1980 2803 accurate

369 2846 650 2917 distingui.
684 2843 885 2903 Verum
915 2843 970 2898 in
1019 2842 1089 2897 iis
1132 2840 1388 2910 omnibus
1413 2839 1616 2895 clarior
1641 2839 1827 2911 utique
1854 2851 1979 2909 par-

369 2941 491 2995 titio
528 2937 897 2994 desideratur.
924 2935 1122 2992 Testes
1162 2949 1356 2991 omnes
1405 2934 1657 3005 appello,
1710 2940 1979 3005 quotquot

370 3032 473 3088 hos
520 3032 689 3087 libros
729 3030 1109 3100 perlegerunt,
1160 3043 1225 3083 ac
1269 3028 1373 3083 nisi
1425 3026 1563 3083 bane
1601 3026 1974 3083 confusionem

369 3132 704 3196 agnoscant,
758 3121 884 3178 illos
927 3120 1217 3177 aristarelti
1265 3120 1437 3176 nostri
1487 3121 1669 3191 lynces
1696 3120 1944 3191 perspice

367 3218 546 3273 ciores
571 3215 757 3271 oculos
782 3214 985 3271 habere
1014 3212 1327 3270 fatebimur.

441 3310 607 3367 Nobis
634 3325 801 3381 porro
824 3309 1110 3379 theologus
1149 3325 1181 3361 a
1226 3307 1384 3363 nobis
1424 3306 1673 3363 laudatus
1699 3306 1966 3375 explicet,

369 3406 497 3478 quid
525 3405 703 3460 diserti
732 3404 950 3460 nomine
979 3402 1282 3474 intelligat:
1308 3406 1353 3456 si
1378 3401 1599 3457 doctum
1626 3415 1693 3456 ac
1713 3400 1964 3469 peritum,

368 3499 446 3554 illi
474 3497 773 3555 Aruobium
821 3497 1089 3552 disertum
1136 3511 1263 3552 esse
1306 3496 1456 3550 ultro
1499 3492 1888 3560 concedimus;
1920 3492 1972 3547 si

372 3592 520 3648 clare
545 3607 609 3648 ue
637 3591 803 3663 polito
832 3590 1145 3662 loquentem
1170 3631 1187 3655 ,
1217 3591 1265 3645 si
1292 3589 1497 3645 bonum
1524 3589 1813 3644 latinitatis
1838 3603 1970 3643 auc-

374 3694 577 3750 torem,
610 3698 891 3754 negamus.
927 3682 1059 3738 Nam
1100 3682 1414 3752 scriptionis
1458 3681 1603 3737 ilius
1644 3694 1817 3753 genus
1861 3696 1971 3736 non

375 3777 539 3832 modo
586 3775 884 3847 inmquale,
940 3777 1168 3831 nimium
1224 3783 1283 3830 et
1332 3775 1645 3831 redundans
1696 3784 1814 3842 est,
1868 3774 1971 3845 sed

375 3869 537 3927 etiam
579 3869 842 3925 incultum
865 3909 882 3935 ,
930 3868 1099 3935 rude,
1131 3868 1475 3939 impolitum,
1517 3876 1683 3939 atque
1709 3868 1971 3924 obsoletis

373 3960 783 4032 quampluribuu
808 3960 988 4019 verbis
1016 3961 1209 4017 durum
1231 3970 1285 4016 et
1303 3974 1582 4033 asperum.
1601 3960 1771 4031 Hujus
1790 3971 1970 4017 autem

376 4054 667 4127 incompta
689 4053 1064 4125 inornateque
1112 4054 1366 4112 dictionis
1394 4055 1666 4126 duplicem
1722 4056 1970 4113 nonnulli

373 4145 609 4204 aﬂ'erunt
682 4147 971 4204 rationein.
1021 4147 1233 4214 Primo,
1293 4149 1419 4220 quia
1468 4148 1744 4207 Arnobius
1797 4148 1970 4220 patria

374 4242 504 4299 Afer
526 4259 648 4300 cum
673 4255 852 4311 esset,
884 4244 1182 4302 africanutn
1211 4245 1468 4317 loquendi
1510 4246 1729 4302 modum
1774 4261 1844 4303 eo
1885 4246 1969 4300 τις

372 4335 529 4391 cilius
553 4347 793 4393 sectatus
814 4348 903 4394 est
920 4381 937 4406 ,
980 4354 1092 4409 quo
1125 4341 1287 4399 citius
1324 4340 1494 4396 libros
1520 4355 1650 4405 suos
1672 4342 1969 4411 perﬁcere,

375 4444 579 4501 eosque
607 4430 729 4487 ﬁdei
758 4445 906 4499 sita,
936 4442 995 4488 ut
1029 4431 1142 4502 iam
1189 4433 1523 4500 notavimus,
1571 4434 1792 4490 obsides
1840 4432 1973 4489 dare

374 4523 610 4580 volebat.
641 4524 920 4593 Secundo,
952 4526 1069 4583 haec
1098 4527 1213 4597 ipsa
1237 4541 1334 4582 eos
1377 4527 1611 4583 celerius
1650 4525 1966 4582 absolvendi

370 4617 645 4672 festinatio
690 4618 967 4689 prohibuit
1014 4634 1176 4687 sane,
1224 4621 1513 4691 qttonaiuus

377 4711 660 4782 elegantia:
679 4721 734 4768 et
754 4713 1031 4769 munditiae
1052 4714 1251 4784 ubique
1268 4716 1533 4771 studeret.
1561 4715 1757 4786 Negari
1788 4724 1965 4771 tamen

377 4816 484 4858 non
514 4813 691 4873 potest
720 4804 949 4875 plurima
974 4807 1173 4876 passim
1218 4820 1509 4863 occurrere
1555 4818 1712 4877 apte,
1764 4808 1964 4877 polite,

373 4897 649 4968 eleganter
694 4907 751 4954 et
786 4899 1057 4955 rhetorice
1099 4900 1275 4964 dicta,
1318 4900 1747 4972 acgravissimis
1775 4910 1969 4957 ornatu

373 4992 745 5065 illustrataque
774 4995 953 5050 verbis
978 5003 1034 5050 et
1060 4996 1360 5052 sententiis.

444 5088 723 5145 Summam
748 5104 879 5145 vero
903 5089 1262 5145 eruditionem
1305 5090 1360 5146 in
1399 5090 1480 5146 eis
1518 5093 1719 5162 passim
1766 5092 1969 5164 ubique

374 5183 779 5240 disseminatum
830 5182 1041 5255 magnis
1094 5182 1340 5254 plerique
1398 5183 1633 5241 ederunt
1684 5185 1959 5241 laudibus.

371 5277 476 5349 sed
522 5277 796 5333 fatendum
826 5287 910 5333 est
953 5292 1072 5333 eam
1110 5278 1282 5348 magis
1304 5277 1371 5333 ad
1396 5293 1489 5335 res
1512 5280 1769 5350 profanas
1797 5297 1959 5355 quam

370 5385 585 5437 sacras,
633 5386 855 5441 eo,quo
906 5370 1176 5437 diximus,
1224 5370 1400 5427 modo
1448 5384 1727 5443 spectare,
1768 5376 1845 5429 uti
1886 5391 1956 5431 ex

371 5462 507 5519 infra
533 5463 871 5535 disputandis
892 5464 985 5520 fiet
1008 5457 1259 5521 erunibus
1280 5466 1418 5520 satis
1445 5464 1812 5521 manifestum.

441 5556 634 5610 Totum
675 5566 851 5612 autem
879 5571 1014 5626 opus
1040 5557 1109 5611 ab
1138 5557 1367 5627 ipsemet
1395 5558 1636 5613 Arnobio
1663 5569 1871 5631 septem
1900 5560 1955 5616 in

369 5645 535 5703 libros
558 5649 785 5705 divisum
816 5650 931 5704 fuit.
972 5650 1131 5719 Quod
1171 5649 1387 5720 quidem
1435 5664 1558 5705 cum
1608 5653 1956 5721 manuscripti

367 5743 597 5809 codicis,
646 5753 760 5799 tum
812 5745 1121 5817 Hieronymi
1168 5746 1489 5802 auctoritate
1530 5746 1956 5807 luculentissime

367 5833 642 5908 probatur.
674 5835 796 5892 1am
836 5836 980 5893 enim
1033 5836 1088 5892 in
1142 5847 1330 5895 vetere
1374 5837 1525 5909 regio
1574 5837 1762 5897 codice
1814 5840 1954 5898 hanc

2101 1885 2392 1966 Delli-orum
2407 1889 2661 1966 ﬁbrarum
2698 1895 3009 1966 integritate
3035 1896 3124 1966 pc‘
3145 1904 3318 1966 tentus
3354 1900 3684 1966 corruptione;

2164 1955 2345 2026 utrum,
2374 1959 2427 2024 et
2444 1965 2477 2026 ει
2499 1954 2681 2016 quibus
2706 1954 2842 2019 plura
2865 1958 3113 2026 emollias
3132 1959 3464 2026 delibaverit:
3488 1954 3547 2012 an
3567 1954 3685 2026 quae-'-

2160 2011 2271 2061 dam
2296 2011 2566 2078 Scriptores
2589 2011 2742 2069 same
2766 2020 3049 2071 testimonia
3071 2023 3320 2074 citaverit.

2168 2139 2441 2213 Integrum
2490 2159 2554 2199 ac
2602 2145 2763 2219 plane
2815 2148 3115 2219 perfectum
3161 2151 3268 2209 hoc
3317 2155 3541 2212 Arnobii
3565 2148 3687 2228 opus

2095 2232 2162 2286 ad
2209 2250 2310 2289 nos
2347 2252 2452 2291 non
2498 2242 2765 2309 pervenit.
2797 2244 2845 2298 A
2875 2243 3051 2301 doctis
3095 2247 3364 2317 siquidem
3414 2251 3544 2307 viris
3587 2251 3687 2322 jam

2094 2324 2444 2383 observatum
2473 2341 2558 2386 est
2595 2332 2648 2387 in
2680 2334 2827 2390 illius
2858 2336 2966 2395 fine
2989 2339 3193 2411 aliquid
3225 2341 3558 2410 desiderari,
3603 2353 3688 2401 aut

2091 2417 2510 2490 detruncatttm,
2562 2435 2654 2480 aut
2699 2425 3047 2486 librariorum
3121 2432 3332 2491 incuria
3400 2435 3683 2505 omissum,

2090 2519 2183 2563 aut
2227 2513 2399 2583 quod,
2432 2513 2573 2570 foeda
2620 2517 2864 2587 priorum
2912 2523 3163 2579 codicum
3211 2529 3560 2598 corruptione
3598 2527 3689 2584 de-

2089 2600 2279 2670 letum,
2314 2604 2418 2677 legi
2477 2606 2710 2680 amplius
2764 2626 2871 2669 non
2912 2615 3108 2684 potuit.
3142 2615 3255 2673 Nos
3314 2634 3445 2677 vero
3466 2618 3574 2690 jam
3604 2619 3690 2674 ob-

2086 2696 2422 2752 servavimus
2465 2698 2695 2771 primam
2766 2708 3128 2781 manuscripti
3178 2710 3390 2767 codicis
3435 2713 3562 2787 regii
3606 2728 3688 2784 pa-

2084 2787 2266 2857 ginam
2352 2790 2618 2847 sublatam
2696 2792 2889 2853 fuisse.
2939 2799 2995 2854 1n
3053 2801 3222 2858 totius
3268 2815 3452 2860 autem
3522 2805 3688 2876 operis

2084 2878 2190 2936 fine
2238 2882 2440 2955 aliquid
2496 2886 2749 2943 similiter
2796 2894 3270 2965 praetermissum,
3322 2907 3416 2952 aut
3458 2898 3689 2953 avulsum

2081 2986 2202 3028 esse
2229 2973 2353 3030 inde
2378 2976 2560 3048 colligi
2612 2989 2823 3049 potest,
2876 2984 3024 3055 quod
3071 2986 3143 3042 ibi
3195 2989 3473 3045 Arnobius
3524 2989 3689 3045 varias

2085 3063 2426 3125 ethnicorum
2472 3069 2746 3142 historias,
2778 3090 2913 3145 quas
2943 3076 3334 3138 miraculorum
3360 3083 3545 3153 plenas
3571 3099 3690 3140 ven-

2076 3156 2353 3226 ditabant,
2401 3160 2522 3219 fuse
2560 3164 2872 3241 invicteque
2922 3172 3153 3240 refellit;
3208 3177 3278 3232 ad
3329 3194 3450 3235 eam
3510 3178 3690 3234 nihilo-

2005 3230 2051 3293 C
2083 3247 2306 3341 minus,
2338 3265 2499 3325 quam
2551 3254 2673 3325 ipse
2703 3230 3070 3330 eX.C3Pitolio
3117 3230 3687 3341 ictu—fuiminisnpcr-

2074 3339 2260 3405 culso,
2284 3352 2341 3403 ct
2381 3343 2592 3416 dejecta
2624 3347 2774 3407 Jovis
2807 3359 2984 3409 statua
3015 3355 3118 3411 sibi
3145 3358 3434 3432 objecerat
3458 3339 3684 3432 (libavit,

2074 3448 2196 3506 pag.
2226 3433 2391 3509 245),
2428 3438 2564 3493 nihil
2608 3456 2832 3519 prorsus
2882 3448 3200 3518 respondet.
3256 3453 3518 3525 Quamvis
3556 3453 3689 3511 enim

2075 3538 2177 3579 suo
2224 3526 2292 3583 ad
2346 3528 2584 3603 priorem
2636 3533 2919 3592 historiam
2969 3556 3269 3614 responso,
3328 3548 3465 3605 alias
3514 3561 3688 3607 omnes

2074 3616 2315 3679 funditus
2367 3628 2537 3680 everti
2583 3630 2716 3683 satis
2771 3641 2960 3700 aperte
3009 3635 3314 3709 signiticet;
3368 3640 3492 3714 quia
3524 3651 3690 3698 tamen

2075 3721 2302 3775 steteras
2331 3731 2524 3775 omnes
2550 3736 2580 3775 a
2611 3737 2671 3778 se
2711 3731 3021 3797 propositas
3064 3731 3383 3804 singillatim
3427 3739 3690 3804 confutet,

2079 3807 2170 3861 vix
2202 3807 2296 3862 ulli
2336 3810 2615 3880 probabile
2664 3815 2756 3870 fiet
2801 3816 2944 3875 hanc
2992 3822 3166 3878 solam
3214 3826 3285 3883 ab
3335 3828 3434 3884 illo
3487 3827 3689 3902 penitus

2076 3904 2333 3961 intactam
2377 3921 2535 3977 esse,
2590 3910 2813 3987 ulloque
2860 3919 3295 3986 praetermissam
3349 3922 3554 3997 absque
3580 3937 3684 3980 res-

2076 4009 2267 4064 ponso.

2149 4090 2452 4162 Praeterea,
2511 4095 2603 4152 ille
2636 4107 2760 4168 post
2808 4096 2978 4158 diluta
3010 4117 3067 4160 et
3111 4122 3310 4165 eversa
3342 4109 3686 4168 Ethnicorum

2077 4194 2420 4253 argumenta,
2464 4201 2531 4242 ex
2564 4188 2941 4257 hujuscemodi
2998 4197 3243 4255 historiis
3294 4204 3506 4273 petita,
3559 4201 3688 4257 solet

2076 4275 2311 4346 aliquam
2361 4287 2553 4334 contra
2576 4280 2702 4338 illos
2749 4292 2803 4339 et
2835 4301 2935 4355 pro
2967 4288 3316 4349 Christianis’
3331 4295 3536 4353 elicere
3565 4310 3685 4350 con—

2075 4365 2395 4423 clusionem.
2427 4372 2497 4426 At
2524 4374 2695 4431 sicubi
2730 4393 2967 4449 unquam
2989 4425 3005 4451 ,
3039 4399 3107 4439 eo
3134 4396 3287 4443 certe
3324 4389 3451 4446 loco
3481 4389 3533 4445 id
3576 4386 3684 4444 fieri

2076 4457 2291 4526 debuit,
2343 4462 2432 4518 ubi
2464 4482 2623 4536 quam
2663 4473 2897 4540 gentiles
2949 4476 3347 4536 validissimam
3403 4483 3683 4555 putabant,

2076 4558 2598 4622 argumentationem
2626 4560 2923 4633 diluendo,
2969 4567 3120 4625 libris
3168 4574 3286 4628 suis
3329 4573 3494 4632 finem
3525 4576 3685 4647 impo-

1563 4619 1654 4732 ἷξίθ
1696 4622 1967 4732 Tuon“
1992 4632 2049 4695 Ι)
2070 4645 2198 4700 suit.
2224 4646 2608 4706 Verumtamen
2653 4656 2698 4708 si
2745 4658 2868 4729 quis
2908 4619 2973 4713 id
3016 4661 3118 4732 ipsi
3148 4663 3215 4718 ad
3245 4664 3419 4721 libros
3444 4682 3572 4723 suos
3598 4619 3685 4721 ξι)-

2072 4736 2360 4797 solvendos
2414 4742 2687 4803 festinanti
2738 4748 3014 4807 excidisse
3068 4756 3404 4826 contendat,
3467 4759 3593 4816 huic
3642 4755 3684 4813 si

2070 4829 2210 4886 istud
2238 4841 2384 4889 recte
2414 4836 2751 4907 probaverit,
2784 4856 2894 4896 non
2944 4846 3361 4907 reluctabimur.
3397 4852 3505 4909 Sed
3545 4853 3682 4926 prius

2071 4926 2380 4987 meminisse
2402 4928 2565 4985 debet
2594 4933 2836 4989 Arnobio
2867 4938 2936 4991 ad
2967 4940 3412 5015 conclusionem,
3438 4961 3507 5003 ex
3532 4945 3682 5002 dictis

2072 5018 2186 5073 suis
2215 5019 2285 5075 ibi
2314 5022 2641 5091 eruendam,
2679 5042 2786 5083 non
2828 5029 2999 5087 multa
3031 5034 3284 5105 profecto
3334 5055 3476 5113 opus
3524 5039 3681 5096 fuisse

2068 5125 2220 5167 mora
2247 5122 2300 5167 et
2327 5116 2696 5174 cunctatione.

2137 5200 2378 5276 Longum
2408 5208 2627 5281 insuper
2654 5210 3019 5286 fragmentum
3040 5260 3059 5286 ,
3104 5218 3321 5279 duabus
3350 5234 3409 5281 et
3457 5226 3678 5296 amplius

2064 5297 2275 5367 paginis
2304 5302 2758 5369 comprehensum
2781 5348 2795 5372 ,
2828 5308 3063 5381 legimus
3092 5314 3220 5370 libri
3252 5318 3483 5375 secundi
3512 5319 3674 5389 initio,

2062 5389 2131 5443 ab
2191 5391 2275 5445 his
2321 5393 2505 5448 verbis
2549 5413 2560 5448 :
2616 5396 2686 5452 Et
2736 5416 2838 5455 non
2894 5408 3126 5460 omnium
3180 5409 3427 5467 virtutum
3475 5392 3672 5481 amore,

2062 5486 2318 5581 usquead
2338 5488 2427 5543 illa
2451 5508 2464 5543 :
2496 5491 2830 5562 impendeant
2852 5499 3130 5558 credituris
3157 5502 3271 5577 (lib.
3307 5522 3344 5562 ιι
3363 5549 3378 5572 ,
3409 5524 3535 5581 pag.
3563 5506 3672 5581 45),

2059 5574 2203 5641 quod
2250 5577 2304 5633 in
2351 5585 2727 5655 manuscripto
2763 5589 2959 5646 codice
2988 5600 3047 5646 et
3076 5574 3323 5666 antiquis
3352 5574 3671 5655 editionibus

2061 5670 2451 5763 transpositum
2497 5672 2697 5733 fuerat.
2732 5677 2810 5736 lbi
2843 5696 3083 5759 namque
3116 5702 3180 5743 ea
3211 5689 3398 5746 omnia
3429 5706 3548 5763 qua:
3585 5691 3671 5749 ha-

2062 5757 2277 5830 bentur,
2311 5763 2540 5824 Arnobii
2594 5774 2764 5828 textui
2802 5777 2957 5833 nullo
2989 5780 3155 5849 plane
3182 5783 3352 5840 modo
3375 5757 3662 5843 cohaerent.

2058 5851 2421 5921 Quamobrem
2466 5862 2522 5918 in
2563 5863 2769 5925 ultimis
2816 5868 3158 5932 editionibus
3189 5874 3409 5952 singula
3447 5892 3666 5955 quaeque

2934 6077 3007 6086 ...-
