3904 6316
293 339 394 396 597

1570 336 1636 392 IN
1678 319 2047 394 ausorum.
2089 320 2244 387 CAP.
2285 330 2348 386 ιι.

3489 317 3594 392 398

292 458 412 512 loco
441 471 542 512 suo
561 457 695 514 satis
717 456 965 529 apposite
983 455 1232 512 restituta
1249 456 1522 520 videntur,
1551 455 1634 509 his
1656 452 1898 523 exceptis
1925 457 1978 513 Α
2007 469 2026 501 ι
2065 449 2436 520 Numquamne
2455 447 2590 504 illud
2618 443 2893 519 vulgatum
2943 448 3265 518 perstrinxit
3285 462 3446 506 aures
3473 465 3598 508 ves-

291 551 470 606 verbis
502 569 516 604 :
551 560 608 603 ut
636 566 739 604 non
779 551 834 604 in
877 559 1084 604 cunctos
1112 549 1283 603 lumen
1309 559 1355 602 et
1386 546 1711 620 praetenderit
1737 547 1887 613 vita,

292 657 340 704 et
368 650 657 719 periculum
703 650 1042 724 ignorationis
1083 651 1368 716 amouerit;
1417 665 1536 726 quae
1565 648 1782 720 quidem
1836 646 1894 701 in

290 744 614 814 quibusdam
641 744 974 802 editionibus
999 746 1197 802 omissa
1218 789 1232 812 ,
1264 755 1320 802 et
1345 745 1400 800 in
1430 743 1620 799 ultima
1651 741 1892 798 editione

292 838 420 892 loco
440 836 619 893 adhuc
647 837 826 893 alieno
855 839 1057 894 inserta
1081 853 1242 894 nemo
1267 837 1516 893 fortassis
1553 835 1889 891 diliitebitur.

290 927 485 985 Nonne
513 940 696 986 autem
723 930 776 984 id
823 930 1031 987 indicio
1073 931 1217 986 haud
1260 931 1420 1002 plane
1461 930 1692 986 obscuro
1739 928 1894 983 nobis

289 1032 377 1079 est
405 1024 620 1078 illorum
645 1066 662 1091 ,
689 1024 781 1095 qui
811 1023 1020 1079 ultimis
1047 1028 1243 1080 borum
1275 1024 1537 1080 librorum
1567 1022 1895 1079 editionibus

291 1115 665 1185 praefuerunt,
701 1117 919 1187 pr0pria
964 1116 1289 1172 auctoritate
1336 1117 1526 1171 factam
1553 1115 1722 1171 fuisse
1749 1129 1892 1185 pra:-

293 1219 568 1279 posteram
597 1210 744 1265 illius
769 1209 1057 1282 fragmenti
1086 1212 1503 1267 restitutionem.

365 1302 530 1358 Aliud
559 1317 722 1374 porro
752 1312 880 1358 ante
919 1303 1088 1358 tinem
1137 1301 1262 1357 libri
1309 1303 1525 1374 septimi
1553 1311 1897 1372 segmentum

289 1397 360 1454 ab
389 1398 474 1452 his
502 1398 683 1454 verbis
708 1415 723 1454 :
748 1397 873 1452 Non
898 1399 1033 1454 imus
1059 1399 1303 1468 inﬁcias,
1355 1412 1528 1469 usque
1559 1397 1626 1453 ad
1669 1398 1760 1452 illa
1804 1398 1896 1450 in-

289 1491 502 1547 clusive
533 1508 549 1543 :
583 1489 712 1546 Post
738 1492 1006 1559 advectos,
1041 1500 1172 1557 etc.,
1219 1492 1274 1546 in
1303 1492 1674 1561 manuscripto
1709 1488 1897 1546 codice

290 1584 447 1654 regio
469 1594 527 1640 et
550 1585 943 1655 antiquissimis
971 1585 1304 1642 editionibus
1332 1585 1640 1652 exhibetur,
1685 1586 1743 1639 in
1790 1598 1897 1655 quo

293 1677 489 1748 plura,
544 1693 663 1749 quae
714 1679 864 1750 prius
911 1677 1170 1750 dispersis
1216 1680 1269 1733 in
1295 1678 1430 1735 locis
1453 1677 1596 1734 dicta
1638 1677 1894 1744 fuerant,

292 1773 524 1829 totidem
569 1773 752 1829 verbis
805 1775 1000 1829 iterum
1047 1773 1318 1844 descripta
1353 1782 1497 1828 sunt.
1529 1773 1894 1844 QuaprOpter.

1999 553 2114 599 tras
2171 563 2184 598 :
2241 543 2573 613 Sapientiam
2641 543 2877 599 hominis
2933 543 3215 598 stultitiam
3269 558 3391 600 esse
3443 546 3596 612 apud

1996 637 2164 691 Deum
2197 655 2216 688 ›
2253 635 2493 707 (Arnob.,
2523 635 2614 689 lib.
2639 651 2708 702 ιι,
2757 651 2878 706 pag.
2910 634 3064 706 46.)?
3109 635 3399 706 Sumptuum
3443 636 3596 692 enim

1995 730 2264 801 aliquibus
2295 729 2433 785 haud
2466 729 2740 785 immerito
2789 729 3087 794 videbitur,
3131 745 3199 786 ex
3229 731 3316 787 bis
3341 729 3492 786 Pauli
3517 731 3592 790 ad

1996 823 2305 879 Corinthios
2338 824 2551 880 verbis:
2588 824 2860 895 Sapientia
2882 825 3036 896 hujus
3064 826 3242 880 mundi
3273 827 3492 880 stultitia
3513 834 3595 882 est

1997 919 2138 989 apud
2184 917 2351 972 Deum
2381 918 2437 988 (Ι
2475 919 2544 972 ad
2579 915 2844 982 Corinth,
2875 933 2914 980 ι,
2937 919 3052 989 t9).
3079 918 3380 989 Utcumque
3413 929 3598 976 autem

1997 1025 2085 1066 res
2109 1025 2170 1064 se
2195 1010 2427 1074 habent,
2461 1009 2554 1065 vix
2585 1010 2756 1065 ullum
2801 1009 2948 1064 aliud
2977 1010 3032 1064 in
3061 1012 3318 1066 omnibus
3364 1011 3597 1067 Arnobii

1999 1103 2152 1160 libris
2180 1103 2548 1159 testimonium
2577 1103 2845 1171 invenies,
2875 1116 2946 1160 ex
2975 1119 3130 1160 sacra
3159 1106 3435 1175 Scriptura
3463 1105 3599 1161 toti-

1998 1196 2120 1252 dem
2150 1196 2321 1266 ipsius
2341 1196 2545 1262 verbis,
2577 1196 2664 1251 vel
2693 1197 2932 1252 auctoris
2959 1197 3180 1253 muriae
3207 1199 3457 1254 citatum.
3485 1197 3596 1256 Νο-

2000 1289 2100 1344 luit
2126 1290 2325 1360 itaque,
2351 1299 2538 1360 aperta
2556 1289 2802 1359 ejusdem
2830 1304 3002 1346 sacrae
3023 1291 3323 1362 Scriptura:
3351 1293 3596 1349 auctori-

2001 1392 2132 1451 tate,
2184 1385 2445 1443 adversus
2474 1387 2720 1445 ethnicos
2774 1389 3068 1455 dimicare,
3123 1393 3375 1462 quamvis
3411 1392 3508 1447 alii
3541 1394 3603 1449 in

2001 1477 2189 1535 iisdem
2238 1481 2498 1538 adversus
2543 1483 2673 1539 illos
2716 1483 3175 1554 disputationibus
3240 1485 3470 1543 feliciter
3516 1487 3607 1543 usi

2001 1572 2128 1627 sint.
2163 1573 2327 1630 Suam
2356 1578 2556 1649 quippe
2603 1577 2866 1634 adversus
2912 1578 3161 1636 homines
3209 1580 3363 1635 illam
3409 1595 3603 1652 asper-

2001 1676 2217 1736 nantes,
2247 1683 2468 1739 operam
2501 1671 2728 1741 perdere
2755 1672 2899 1728 haud
2928 1673 3091 1730 dubie
3111 1675 3422 1731 verebatur.

2069 1758 2436 1828 Quamobrem
2486 1764 2746 1836 pleraque
2789 1766 2970 1820 omnia
3019 1765 3220 1822 Christi
3253 1767 3514 1824 miraeula
3546 1771 3606 1826 in

292 1865 640 1922 Stewec‘bius
659 1865 714 1920 in
740 1881 836 1922 sua
867 1865 1058 1921 horum
1088 1866 1312 1922 Arnobii
1342 1865 1604 1921 librorum
1630 1865 1892 1932 editione,
1926 1860 1976 1921 B
2001 1853 2125 1907 "OVi
2178 1853 2510 1911 Τθειωηθηῑί
2561 1857 2715 1912 "bris
2759 1857 3034 1930 descripta
3057 1903 3072 1926 υ
3120 1874 3229 1915 ηοη
3261 1868 3370 1915 iam
3398 1877 3466 1916 ex
3496 1862 3606 1918 “iis

291 1977 356 2016 ea
408 1960 590 2016 omnia
640 1961 707 2015 ad
762 1962 943 2032 operis
989 1961 1196 2017 calcem
1247 1957 1552 2030 rejecit.'ln
1605 1958 1896 2030 postremis

291 2070 428 2111 vero
472 2054 804 2112 editionibus
864 2056 1081 2126 penitus
1148 2055 1352 2110 omissa
1421 2064 1569 2109 sunt.
1621 2053 1730 2108 Sed
1776 2052 1896 2107 haec

291 2148 522 2203 amissio
552 2147 756 2214 notari,
813 2157 905 2203 aut
938 2147 1092 2202 illius
1131 2146 1309 2217 aliqua
1355 2146 1545 2202 saltem
1573 2145 1714 2200 ratio
1742 2143 1896 2200 reddi

290 2244 544 2300 debebat.

363 2337 588 2407 Qumret
608 2337 839 2393 fortasse
864 2337 1060 2408 aliquis
1080 2351 1176 2392 cur
1202 2334 1454 2391 librarius
1477 2343 1582 2390 tam
1605 2333 1895 2389 absurdum

289 2431 658 2502 fragmentum
687 2432 743 2486 in
775 2431 998 2486 Arnobii
1034 2440 1239 2485 textum
1281 2428 1561 2485 intrudere
1591 2441 1756 2481 ausus
1802 2427 1895 2481 sit.

291 2524 402 2579 Sed
435 2521 814 2594 hujuscemodi
851 2523 1174 2578 temeritatis
1220 2536 1440 2577 causam
1487 2519 1730 2591 proferre
1756 2518 1899 2574 difﬁ-

288 2616 558 2673 cillimum
599 2626 702 2674 est.
735 2617 927 2674 Nonne
957 2628 1141 2674 tamen
1167 2615 1314 2673 haud
1339 2617 1524 2688 inepte
1552 2617 1655 2671 dici
1701 2615 1900 2686 poterit

288 2709 584 2780 quamdam
609 2709 662 2764 in
695 2711 862 2781 priori
883 2711 1183 2766 arnobiano
1211 2709 1426 2776 codice,
1459 2725 1526 2765 ex
1553 2724 1661 2779 quo
1691 2709 1898 2779 primus

289 2804 548 2860 librarius
595 2819 752 2860 suum
804 2807 1180 2876 transcripsit,
1233 2804 1411 2862 fuisse
1459 2804 1750 2872 lacunam,
1805 2813 1900 2858 aut

287 2899 457 2956 verba
487 2908 758 2956 vetustate
779 2942 795 2966 ,
846 2911 941 2956 aut
985 2901 1094 2956 alio
1133 2900 1325 2972 aliquo
1355 2915 1487 2956 casu
1526 2900 1742 2967 deleta,
1775 2914 1897 2971 quae

287 2989 388 3046 ille
434 3006 651 3064 quoquo
699 2991 914 3048 tandem
969 2991 1134 3048 modo
1179 2993 1434 3065 supplere
1481 2992 1682 3060 voluit,
1715 3002 1772 3047 ut
1801 3007 1896 3048 co-

287 3081 471 3138 dicem
494 3099 650 3139 suum
674 3085 881 3155 majore
911 3086 1176 3142 venderet
1197 3087 1374 3156 pretio
1395 3129 1410 3154 ,
1441 3096 1498 3142 et
1525 3085 1778 3141 omnibus
1810 3086 1896 3140 in-

289 3186 507 3249 tegrum
545 3194 668 3235 esse
709 3179 1106 3250 persuaderet?
1143 3177 1222 3236 Ut
1266 3188 1325 3234 ut
1353 3178 1457 3246 sit,
1483 3177 1606 3235 haec
1629 3193 1740 3234 non
1773 3192 1897 3235 esse

287 3270 518 3326 Arnobii
545 3269 824 3328 monuisse
849 3271 1103 3328 sufficiat.

367 3363 518 3419 Pluri
527 3379 612 3419 ma
629 3373 815 3419 autem
839 3364 892 3419 in
913 3365 1106 3420 eodem
1129 3364 1354 3420 Ληισῇῖὶ
1375 3375 1528 3421 textu
1551 3365 1667 3422 loca
1687 3363 1894 3434 passim

287 3465 590 3514 occurrunt
609 3497 626 3523 ,
663 3472 692 3509 a
720 3457 948 3512 librario
975 3457 1245 3513 oscitante
1273 3467 1327 3513 et
1351 3459 1544 3529 ignaro
1579 3456 1728 3514 {atde
1761 3472 1894 3512 corr-

286 3560 475 3622 rupta.
495 3549 610 3606 Sed
639 3564 702 3604 ea
728 3550 1038 3620 singulatim
1057 3565 1350 3606 recensere
1373 3561 1489 3606 tam
1515 3551 1674 3607 nobis
1703 3550 1891 3618 facile,

281 3639 457 3717 Quam
487 3643 608 3698 aliis
637 3643 932 3698 molestum
973 3643 1114 3698 haud
1141 3644 1302 3699 dubie
1331 3643 1490 3700 foret.
1520 3645 1566 3699 A
1589 3654 1705 3698 tam
1729 3645 1891 3714 longa

282 3742 476 3811 itaque
505 3738 718 3793 illorum
747 3739 1160 3796 enumeratione
1197 3755 1340 3795 nunc
1382 3755 1449 3796 eo
1478 3739 1752 3796 lubentius
1787 3738 1892 3794 ab-

282 3832 560 3888 stinemus
583 3871 599 3898 ,
635 3843 751 3901 quo
797 3829 1030 3886 inferius
1073 3833 1346 3903 praecipua
1373 3842 1552 3888 errata
1583 3831 1892 3904 corrigendi

283 3933 348 3981 et
401 3921 732 3980 emendandi
781 3925 1139 3995 opportunior
1178 3925 1478 3982 identidem
1530 3925 1746 3982 dabitur
1793 3943 1890 3984 oc-

280 4017 461 4073 casio.

352 4107 667 4166 Observare
691 4107 910 4164 interim
926 4109 1078 4180 juvat
1103 4124 1434 4182 nec‘paucos
1453 4154 1470 4180 ,
1499 4127 1601 4168 nec
1628 4112 1892 4184 ignobiles

281 4202 342 4260 in
369 4201 457 4256 his
478 4201 628 4256 libris
655 4202 725 4257 ab
749 4203 990 4259 Αωοῦἱο
1020 4215 1273 4260 auctores
1293 4205 1470 4260 citari.
1500 4207 1570 4261 At
1595 4222 1661 4262 ex
1682 4205 1894 4262 duobus

281 4294 556 4366 imprimis
575 4336 590 4362 ,
612 4294 886 4352 Cicerone
914 4306 969 4352 et
989 4297 1276 4353 Clemente
1299 4297 1670 4353 Alexandrino
1694 4341 1710 4366 ,
1754 4313 1893 4368 quo-

281 4402 409 4444 rum
443 4388 673 4458 primum
720 4389 918 4445 alicubi
965 4404 1227 4460 expresso
1245 4433 1261 4457 ,
1313 4390 1548 4446 alterum
1597 4406 1892 4462 suppresso

281 4483 513 4540 noriiine
527 4483 718 4540 laudat
737 4527 752 4552 ,
794 4485 1024 4555 plurima
1051 4485 1330 4541 delibavit.
1349 4485 1531 4555 Quam
1559 4488 1728 4542 multa
1763 4501 1894 4542 vero

283 4579 655 4637 exGieerone
675 4570 1048 4652 decerpserit,
1091 4582 1270 4638 disces
1322 4582 1416 4639 his
1463 4583 1782 4655 Hieronymi
1823 4584 1892 4639 ad

2003 1946 2523 2021 deprompta,quam
2544 1966 2611 2006 ex
2635 1960 2806 2015 certa,
2825 1953 3099 2008 constanti
3128 1969 3192 2010 ac
3219 1955 3428 2025 publica
3461 1956 3608 2012 fama

2001 2052 2054 2098 et
2084 2045 2326 2100 omnium
2358 2045 2704 2102 confessione
2732 2047 2958 2117 probata
2983 2049 3252 2119 proponit.
3282 2052 3354 2105 At
3379 2050 3601 2118 alicubi,

2002 2143 2060 2190 ut
2083 2135 2139 2191 id
2159 2137 2342 2193 obiter
2365 2138 2739 2206 observemus,
2768 2139 2836 2196 de
2859 2140 3089 2211 panibus
3117 2158 3148 2198 a
3175 2141 3397 2199 Christo
3424 2145 3606 2200 multi-

2003 2231 2216 2299 plicatis
2237 2233 2317 2288 sic
2341 2233 2628 2303 'loquitu-r:
2655 2253 2673 2286 ι
2699 2234 3054 2306 Sequentium
3077 2251 3138 2292 se
3153 2237 3319 2292 mil-lia
3341 2239 3601 2311 quinque,

2002 2323 2242 2394 quinque
2272 2328 2535 2382 saturavit
2563 2327 2812 2398 panibus,
2850 2345 2912 2386 ac
2944 2346 3012 2386 ne
3043 2345 3167 2387 esse
3197 2333 3483 2404 prarstigiat
3513 2334 3604 2388 in-

2001 2415 2241 2472 credulis
2276 2417 2386 2474 illis
2416 2419 2736 2476 viderentur
2759 2431 2816 2478 et
2835 2422 2987 2478 duris
3007 2465 3022 2491 ,
3048 2424 3131 2478 bis
3157 2438 3414 2481 senarum
3443 2442 3601 2498 spor-

2001 2517 2176 2567 tarum
2208 2513 2362 2570 sinus
2409 2515 2760 2586 reliquiarum
2813 2517 3172 2587 fragminibus
3227 2521 3538 2592 aggerebat.
3577 2547 3600 2574 ρ

2001 2603 2142 2677 (Lib.
2175 2622 2212 2671 ι,
2247 2624 2368 2680 pag.
2401 2608 2522 2680 26).
2555 2608 2624 2666 At
2656 2610 2711 2666 in
2745 2610 2984 2667 Matthxi
3017 2612 3292 2686 Marcique
3310 2613 3606 2689 Evangelia

2001 2697 2230 2767 legimus
2261 2718 2275 2754 :
2307 2701 2518 2772 Septem
2558 2721 2813 2774 panes....
2839 2715 2886 2759 et
2923 2708 3061 2777 quod
3086 2709 3342 2780 superfuit
3369 2710 3432 2765 de
3457 2711 3606 2782 frag-

2002 2791 2186 2847 mentis
2227 2794 2454 2848 tulerunt
2498 2806 2692 2868 septem
2731 2808 2934 2866 sportas
2987 2800 3186 2869 plenas.
3210 2799 3364 2871 Apud
3398 2802 3603 2858 Lucam

2003 2901 2171 2941 vero:
2199 2888 2435 2958 Acceptis
2457 2890 2679 2960 quinque
2707 2893 2923 2960 panibus
2941 2931 2955 2945 .
2979 2932 2993 2947 .
3017 2935 3029 2947 .
3053 2936 3067 2949 .
3120 2903 3169 2949 et
3217 2894 3476 2950 sublatum
3525 2905 3606 2952 cst

2005 2979 2425 3051 quod'superfuit
2447 2967 2556 3036 illis
2590 2984 2801 3054 copit-ini
2830 2985 3120 3039 duodecim.
3177 2985 3421 3059 Denique
3460 2988 3606 3060 apud

2003 3071 2267 3128 Joannem
2295 3092 2307 3128 :
2340 3073 2667 3146 Collegerunt
2689 3092 2810 3148 ergo
2830 3119 2846 3144 ,
2895 3090 2942 3133 ct
2965 3079 3307 3150 impleuerunt
3333 3080 3604 3136 duodecim

2003 3166 2251 3238 cophinos
2277 3169 2685 3239 fragmentorum
2707 3187 2774 3226 ea:
2793 3171 3016 3242 quinque
3041 3173 3257 3241 panibus
3283 3173 3602 3229 hordeaceis.

1921 3264 1972 3328 Ο
1993 3259 2216 3330 (Matth.
2245 3277 2338 3328 xv,
2365 3261 2435 3317 54
2459 3269 2521 3318 et
2549 3277 2698 3332 seq.;
2731 3261 2925 3332 nam,
2956 3279 3068 3328 vui,
3089 3264 3132 3320 ὕ
3151 3273 3414 3338 etseqq.;
3445 3265 3605 3334 Lua,

2000 3369 2081 3422 Ix,
2111 3355 2212 3419 l7;
2244 3353 2404 3411 Joan.
2427 3399 2441 3422 ,
2469 3372 2522 3410 vi
2551 3397 2567 3422 ,
2597 3357 2716 3427 15).
2747 3357 2909 3427 Atqui
2939 3367 3147 3427 septem
3179 3368 3402 3428 spartae,
3427 3369 3486 3416 ut
3512 3361 3622 3428 ali;

1998 3446 2090 3517 qui
2120 3459 2472 3516 annotarunt,
2505 3449 2648 3519 plus,
2682 3465 2844 3520 quam
2883 3449 3170 3506 duodecim
3213 3451 3480 3522 cophinos
3507 3468 3604 3508 ca-

1999 3539 2236 3608 piebant.
2273 3540 2409 3597 Vide
2433 3557 2566 3614 ergo
2597 3553 2777 3598 utrum
2808 3545 3083 3600 Arnobius
3107 3587 3122 3611 ,
3161 3560 3282 3601 eum
3317 3547 3431 3603 haec
3459 3548 3598 3604 scri-

1998 3630 2174 3698 beret,
2201 3635 2481 3687 memoria:
2514 3633 2667 3704 lapsu
2684 3676 2700 3701 ,
2719 3647 2931 3691 nomen
2955 3645 3254 3708 opertarum
3275 3652 3384 3710 pro
3407 3638 3602 3711 cephi-

2034 3739 2189 3781 orum
2220 3725 2294 3782 ibi
2323 3727 2584 3797 posuerit.

2611 3862 2904 3903 ARTICULUS
2927 3863 3001 3902 IV.

2182 3982 2261 4041 De
2282 3985 2572 4050 quibusdam
2585 3988 2845 4044 erroribus
2873 3987 3095 4048 Armonio
3128 3992 3404 4058 adscriptis.

2083 4109 2298 4168 Nemini
2347 4124 2493 4170 certe
2537 4117 2730 4173 mirum
2781 4117 2953 4174 videri
3003 4119 3227 4176 deberet
3275 4122 3599 4193 Arnobium,

1995 4204 2234 4261 nondum
2265 4207 2500 4275 perfecta
2526 4208 2731 4265 divinae
2757 4210 3055 4282 Scriptura:
3092 4227 3484 4288 sacrorumque
3511 4233 3600 4274 re-

1996 4297 2210 4368 ligionis
2233 4310 2434 4356 nostra:
2471 4304 2851 4374 mysteriorum
2885 4305 3073 4359 notitia
3105 4305 3454 4364 informatum
3477 4352 3493 4378 ,
3536 4311 3594 4366 in

1996 4391 2279 4463 quosdam,
2310 4410 2431 4450 cum
2463 4395 2564 4452 hos
2589 4397 2756 4453 libros
2785 4400 3172 4468 componebat,
3197 4401 3490 4474 impegisse
3515 4420 3601 4461 er-

1997 4501 2180 4542 rorum
2202 4489 2471 4558 scopulos.
2490 4487 2684 4546 Utrum
2703 4500 2879 4548 autem
2895 4493 3019 4563 jure
3040 4494 3125 4550 vel
3151 4496 3346 4566 injuria
3375 4497 3603 4557 illorum

1995 4590 2300 4645 accusetur,
2332 4583 2749 4652 cxpendendum
2780 4594 2885 4640 est.
2919 4585 3136 4642 Primus
3179 4589 3360 4660 itaque
3387 4589 3440 4644 in
3475 4606 3594 4646 me-

285 4669 542 4742 Magnum
571 4671 751 4728 verbis
783 4691 797 4726 :
825 4674 973 4738 Quos
992 4715 1008 4740 ,
1044 4675 1271 4732 Aruobii
1299 4675 1494 4741 libros,
1529 4676 1574 4730 si
1615 4677 1782 4748 legere
1803 4693 1892 4731 uo-
1917 4673 2142 4740 iulium
2169 4673 2398 4743 prodeat
2427 4674 2915 4749 Hieronymus,qui
2940 4678 3007 4734 ad
3021 4677 3462 4752 'Tranquillinum
3483 4681 3602 4739 haec

289 4765 490 4832 lueris,
545 4765 873 4838 dialogorum
932 4765 1229 4834 Ciceronis,
1285 4769 1540 4824 videlicet
1591 4769 1666 4825 de
1693 4769 1896 4826 Natura

285 4857 518 4914 deorum
545 4860 602 4914 in
623 4863 698 4916 eis
722 4862 968 4936 ἐπετόμην
1013 4865 1238 4933 reperies
1289 4862 1633 4936 (Hicrsnym.
1657 4907 1672 4926 ,
1736 4867 1890 4935 epist.

289 4967 524 5018 uuln,
571 4955 642 5008 ad
682 4954 860 5026 Magn.
884 4999 898 5023 ,
941 4973 1067 5027 pag.
1099 4955 1250 5030 656).
1276 4955 1414 5024 Quae
1456 4968 1638 5012 autem
1669 4973 1734 5014 ex
1763 4957 1896 5013 Cle-

290 5058 482 5104 mente
523 5049 892 5105 Alexandrino
934 5062 1123 5106 auctor
1153 5063 1340 5108 noster
1371 5052 1585 5119 hausit,
1619 5069 1681 5109 ea
1716 5069 1782 5108 ex
1814 5054 1896 5123 ip-

291 5141 412 5196 sius
452 5140 517 5196 ad
547 5140 767 5197 Graecos
808 5142 1178 5200 admonitione
1209 5154 1482 5201 mutuatus
1527 5153 1629 5201 est.
1677 5146 1898 5216 Singula

291 5248 492 5305 porro,
519 5249 646 5306 qua:
669 5252 736 5292 ex
767 5245 1001 5308 utroque
1021 5236 1286 5308 scriptore
1315 5253 1443 5294 suos
1473 5237 1526 5294 in
1554 5239 1724 5294 libros
1753 5246 1902 5294 tran-

292 5329 479 5394 stulit,
521 5343 652 5384 cum
694 5329 835 5385 inira
880 5345 909 5384 a
961 5331 1116 5388 nobis
1163 5330 1486 5402 exponenda
1533 5334 1672 5398 sint,
1719 5332 1802 5386 Itis
1829 5346 1900 5387 ne

291 5421 489 5478 eadem
505 5430 828 5492 repetamus
847 5463 863 5490 ,
887 5437 1035 5479 nunc
1055 5423 1409 5480 recensendis
1433 5423 1898 5495 supersedendum

291 5516 574 5573 duximus.

371 5610 525 5667 Nulla
550 5618 728 5666 autem
749 5611 842 5667 ihis
883 5612 936 5666 in
964 5612 1116 5669 libris
1137 5627 1397 5684 expressa
1415 5655 1430 5678 ,
1460 5623 1552 5668 aut
1579 5612 1745 5666 citate
1773 5624 1906 5665 auc-

295 5702 436 5760 toris
448 5703 1014 5768 nomine,testimonia
1035 5721 1206 5762 sacrae
1227 5703 1519 5778 Scriptura:
1535 5703 1782 5775 protulit,
1799 5701 1903 5758 nisi

293 5797 434 5854 illud
459 5795 609 5868 quod
637 5811 744 5854 non
771 5805 882 5853 tam
910 5813 977 5854 ex
1005 5813 1163 5856 sacro
1192 5801 1375 5872 aliquo
1399 5800 1665 5870 scriptore
1686 5839 1701 5866 ,
1739 5810 1904 5868 quam

296 5905 369 5947 ex
417 5890 656 5962 quodam
701 5891 910 5961 vulgari
959 5907 1213 5952 sermone
1243 5894 1545 5966 profectum
1585 5889 1900 5964 signiticet:

1998 4768 2213 4838 scripsit
2237 4768 2291 4822 in
2323 4768 2484 4824 verba
2510 4785 2526 4825 :
2563 4790 2583 4823 ι
2617 4769 2731 4843 Ego
2758 4771 3049 4844 Origenem
3082 4787 3302 4847 propter
3331 4777 3598 4834 eruditio-

2001 4876 2123 4915 nem
2155 4861 2232 4916 sic
2261 4861 2529 4916 interdum
2562 4862 2844 4934 legendum
2875 4865 3130 4935 arbitror,
3162 4870 3436 4939 quomodo
3457 4868 3600 4926 Ter—

2001 4954 2316 5022 tullianum,
2360 4954 2663 5023 Novatum,
2713 4958 3045 5027 Arnobium,
3093 4961 3496 5034 Apollinarem,
3549 4974 3608 5020 et

2001 5048 2286 5102 nonnullos
2327 5047 2725 5104 ecclesiasticos
2762 5050 3099 5121 scriptores;
3153 5063 3208 5108 ut
3237 5056 3373 5110 bona
3406 5069 3598 5110 corum

2002 5142 2292 5213 seligamus
2315 5186 2329 5210 ,
2362 5143 2704 5214 vitemusque
2731 5146 3004 5201 contraria
3031 5188 3046 5215 ,
3089 5146 3246 5217 juxta
3277 5149 3596 5219 Apostolum

2004 5237 2270 5292 dicentem
2297 5254 2310 5290 :
2343 5238 2533 5292 Omnia
2564 5238 2814 5310 probate,
2855 5241 2998 5312 quod
3021 5239 3230 5298 bonum
3258 5250 3343 5298 est
3363 5251 3540 5300 tenete
3573 5264 3595 5296 ι

2005 5328 2364 5402 (Hieronym.,
2398 5332 2545 5403 epist.
2581 5331 2686 5400 56,
2718 5334 2787 5387 ad
2811 5332 3103 5405 Tranquill.
3128 5378 3143 5404 ,
3179 5352 3300 5410 pag.
3335 5337 3486 5409 589).
3521 5337 3604 5394 Ita

2004 5439 2135 5480 sane
2162 5424 2393 5480 eximius
2420 5425 2508 5480 ille
2533 5425 2617 5480 vir
2643 5425 2890 5497 quaedam
2915 5428 2967 5482 in
2988 5429 3212 5484 Arnobii
3240 5431 3438 5495 nostri,
3462 5430 3606 5486 sicut

2009 5527 2065 5571 et
2091 5517 2318 5571 aliorum
2348 5517 2704 5588 quorumdam
2746 5520 2898 5576 libris
2931 5520 3174 5578 cavenda
3206 5536 3328 5579 esse
3353 5537 3453 5579 nos
3481 5539 3602 5580 mo-

2009 5607 2163 5664 deste
2191 5608 2493 5666 admonuit.

2073 5701 2281 5760 Verum
2327 5703 2666 5761 recentiores
2697 5705 2927 5776 quidam
2949 5721 3068 5764 non
3095 5718 3208 5764 tam
3234 5710 3378 5781 inqui
3397 5751 3412 5778 ,
3439 5720 3606 5783 atque

2008 5794 2388 5868 Hieronymus,
2419 5797 2473 5851 in
2502 5798 2754 5866 antiquos
2795 5807 3014 5856 nostros
3067 5801 3365 5873 scriptores
3411 5801 3604 5872 animi,

2007 5887 2264 5946 audacter
2301 5887 2581 5948 afﬁrmant
2605 5887 2906 5952 Inachium
2925 5911 3038 5957 non
3053 5895 3567 5971 inqualescumque
3586 5940 3603 5969 ,
