3904 6316
409 298 518 360 399

1635 285 2088 347 DlSSEIlTATlO
2128 280 2406 341 ΡΜζνιΑ
3580 280 3670 337 400

401 417 502 474 sed
535 416 776 472 omnium
807 411 1157 485 gravissimos
1206 406 1465 466 incidisse
1509 421 1747 464 errores.
1779 407 1860 461 Ab
1895 405 2002 461 lle-
2035 404 2089 463 A
2113 377 2430 473 nuscriptus
2465 397 2668 465 codex,
2715 398 2766 453 in
2816 396 3234 467 locupletissima
3269 395 3671 455 christianissimi

404 511 563 568 raldo
594 507 857 578 siquident
891 502 1248 561 intolerabilis
1280 502 1442 572 plane
1484 501 1806 570 ignorantia:
1831 509 1884 554 et
1916 515 2008 555 er-

402 605 551 661 roris
593 603 794 658 idcirco
831 599 1248 664 condemnatur,
1285 597 1430 670 quod
1462 595 1727 651 adversus
1769 594 2003 665 gentiles

399 695 751 767 disputando,
772 693 1007 748 fateatur
1034 707 1096 748 se
1123 691 1338 746 nescire
1369 690 1458 759 qui
1489 690 1599 743 veri
1631 688 1740 745 sint
1764 688 1856 741 dii.
1881 686 2005 740 Ηωο

399 802 586 847 autem
634 798 762 844 sunt
803 784 1027 842 Aruobii
1057 785 1123 839 ad
1153 785 1403 840 ethnicos
1424 783 1588 839 verba
1621 799 1635 835 :
1677 801 1695 834 ι
1727 781 1828 850 Qui
1857 789 2002 847 sunt,

400 883 646 955 inquitis,
677 883 751 938 dii
776 881 930 938 veri?
970 880 1039 937 Ut
1065 878 1340 935 communi
1380 878 1532 933 vobis
1558 887 1614 930 et
1637 875 1868 945 simplici
1893 889 2007 929 res-

399 979 741 1052 pondeamus
770 976 934 1032 verbo
965 992 978 1029 :
1030 973 1149 1028 Non
1197 973 1397 1028 scimus
1435 990 1452 1023 ι
1489 969 1750 1041 (Arnob.,
1786 968 1874 1022 lib.
1908 982 2000 1032 vn,

399 1092 524 1146 pag.
553 1073 710 1144 2H).
743 1073 914 1138 Quem
954 1071 1008 1124 in
1046 1069 1222 1122 locum
1272 1065 1572 1122 Heraldus:
1615 1084 1632 1115 ι
1672 1063 2000 1124 Enimvero,

396 1166 494 1231 ait,
519 1166 640 1220 ι)ωο
666 1163 935 1236 ignoratio
958 1160 1258 1216 tolerabilis
1290 1175 1397 1214 non
1426 1167 1528 1222 est,
1557 1167 1722 1228 atque
1747 1154 1869 1209 hinc
1893 1170 2004 1224 ap-

393 1269 553 1331 paret
569 1260 890 1322 Arnobium,
918 1273 1039 1312 cum
1064 1256 1164 1310 hos
1186 1255 1356 1309 libros
1377 1252 1661 1316 scriberet,
1691 1251 1742 1304 in
1763 1249 1888 1304 ﬁdei
1916 1248 2001 1302 vel

395 1353 687 1424 praecipuis
716 1351 986 1422 capitibus
1014 1348 1183 1404 fuisse
1208 1346 1539 1418 hospitem.)
1573 1344 1722 1398 Itane
1750 1357 1884 1397 vero
1903 1342 2002 1394 Ar-

395 1446 594 1500 nobius
645 1461 754 1500 non
807 1451 1015 1498 tantum
1059 1441 1112 1495 in
1140 1455 1250 1495 uno
1277 1455 1343 1494 ex
1378 1435 1663 1508 praecipuis
1721 1431 2002 1502 religionis

392 1537 696 1607 capitibus,
740 1536 836 1591 sed
883 1535 1129 1590 omnium
1178 1533 1350 1604 primo
1376 1547 1440 1586 ac
1471 1528 1844 1592 fundamento,
1876 1540 2001 1579 cum

393 1628 563 1686 hosce
597 1631 763 1684 libros
787 1629 1100 1694 conﬁceret,
1129 1641 1315 1682 errare
1348 1623 1558 1694 potuit?
1591 1620 1752 1689 Quid,
1798 1634 1895 1674 oro
1927 1629 1998 1682 te,

393 1731 513 1779 toto
540 1723 644 1778 hoc
670 1724 721 1778 in
753 1738 922 1790 Opere
950 1719 1092 1776 aliud
1117 1719 1246 1790 agit.
1285 1718 1388 1772 nisi
1421 1727 1480 1770 ut
1507 1716 1675 1770 falsos
1704 1729 1826 1768 esse
1867 1729 2001 1783 gen-

2112 499 2254 567 regis
2300 495 2468 552 nostri
2523 492 2851 549 bibliotheca
2896 503 3232 560 asservatus,
3276 493 3448 564 ibique
3473 511 3674 550 numero

2111 591 2237 646 olim
2273 591 2430 654 15.“,
2467 603 2608 643 nunc
2638 586 2802 652 3975,
2836 597 3075 643 notatus.
3108 585 3165 640 ln
3189 601 3254 639 eo
3280 598 3451 640 autem
3482 597 3670 656 septem

2111 684 2336 740 Arnobii
2367 683 2521 738 libris
2541 681 2831 752 adjunctus
2860 691 2944 736 est
2973 680 3189 734 Μιηιιρίἰ
3213 679 3403 734 Felicis
3423 680 3670 748 Octavius,

2112 789 2386 848 tamquam
2416 789 2639 856 octavus
2689 776 2912 832 Arnobii
2945 775 3104 830 liber.
3135 775 3246 842 Qua
3274 774 3340 830 de
3361 791 3417 829 re
3446 785 3594 844 atque
3615 773 3675 829 de

2111 874 2334 944 hujusce
2361 872 2713 943 manuscripli
2740 871 2945 926 codicis
2970 871 3289 940 antiquitate
3319 870 3446 925 satis
3466 872 3514 924 in
3534 885 3673 941 supe-

2109 969 2242 1023 riori
2289 968 2673 1024 dissertatione
2723 964 3383 1039 disputavimus(Dissert.
3413 965 3464 1020 in
3493 964 3673 1021 Minue.

2114 1062 2319 1132 Oetam,
2348 1081 2464 1136 cap.
2499 1063 2677 1129 2,arl.
2707 1061 2790 1134 2).
2838 1062 3190 1118 Observatum
3243 1069 3415 1116 autem
3467 1076 3495 1114 a
3539 1060 3673 1116 nobis

2115 1156 2315 1212 ibidem
2351 1159 2448 1212 luit
2489 1159 2716 1228 plurima
2749 1157 2800 1212 in
2833 1159 2936 1212 hoc
2970 1156 3158 1212 codice
3191 1153 3386 1226 passim
3412 1169 3676 1210 occurrere

2107 1248 2312 1305 librarii
2360 1250 2526 1305 latine
2580 1265 2803 1320 prorsus
2843 1249 3134 1304 nescientis
3163 1259 3364 1303 errata.
3396 1247 3497 1304 Sed
3528 1248 3575 1302 in
3605 1247 3676 1302 his

2107 1342 2334 1398 Arnobii
2367 1342 2522 1398 libris
2551 1343 2708 1414 longe
2733 1343 3097 1413 frequentiora
3119 1349 3266 1409 sunt,
3280 1357 3342 1396 ac
3364 1340 3676 1410 potissimum

2108 1437 2160 1491 in
2187 1437 2419 1509 propriis
2439 1447 2531 1492 aut
2558 1439 2736 1494 minus
2760 1438 2972 1494 usitatis
2999 1436 3309 1493 nominibus
3333 1435 3678 1492 describendis

2106 1530 2356 1588 indoctus
2387 1532 2475 1586 ille
2501 1532 2674 1587 scriba
2705 1533 2904 1602 saepius
2931 1532 3278 1602 crassiusque
3304 1529 3520 1586 erravit.
3566 1528 3676 1582 inu-

2106 1624 2213 1678 tilis
2241 1637 2423 1680 autem
2450 1641 2631 1695 operte
2672 1625 2814 1680 foret
2843 1625 3214 1695 longissimam
3270 1638 3508 1678 errorum
3550 1621 3678 1675 illius

2105 1719 2301 1772 seriem
2337 1717 2420 1772 hic
2448 1727 2714 1774 retexere.
2748 1718 2912 1772 Multa
2949 1717 3092 1773 enim
3125 1716 3212 1771 illa
3241 1726 3417 1772 errata
3444 1716 3492 1768 in
3525 1713 3678 1768 vario-

388 1816 566 1872 Iilium
591 1815 817 1881 dt'OS.el
844 1831 1007 1868 unum
1035 1814 1343 1877 dumtaxal,
1367 1826 1526 1881 quem
1557 1807 1865 1870 ClII‘iSlialli.
1894 1805 1998 1860 illis
2031 1825 2078 1884 Β
2107 1825 2222 1863 rum
2249 1811 2412 1878 notis,
2439 1822 2488 1866 et
2521 1812 2693 1866 multo
2719 1811 2870 1880 plura
2895 1811 2948 1865 in
2977 1811 3248 1864 variarum
3278 1807 3558 1863 lectionum
3580 1805 3678 1860 col-

391 1909 648 1966 omnibus
702 1907 1092 1964 commentitiis
1145 1907 1362 1977 penitus
1407 1903 1649 1971 rejectis,
1675 1899 1995 1964 adorabant,

392 2002 568 2058 Deum
602 2001 979 2058 demonstret?
1011 1999 1202 2054 Nonne
1227 1997 1352 2053 inde
1379 1994 1785 2051 evidentissime
1813 2000 1998 2046 osten-

388 2094 473 2152 dit
491 2095 832 2150 ChriStianos
851 2095 1007 2164 plane
1037 2091 1308 2146 iuuuerito
1340 2088 1481 2144 hanc
1509 2089 1579 2143 ob
1610 2102 1724 2142 rem
1758 2086 1825 2139 ab
1859 2083 1996 2138 Eth-

387 2189 531 2244 nicis
549 2189 752 2254 vexari,
767 2199 824 2245 et
841 2188 988 2244 omni
1009 2185 1396 2258 suppliciorum
1416 2183 1579 2238 etiam
1598 2181 1997 2238 dirissimorum

391 2297 597 2355 genere
621 2281 802 2336 aflici?

467 2373 676 2431 Deinde
704 2389 836 2431 vero
861 2390 984 2430 cum
1015 2372 1250 2430 ethnicis
1277 2369 1740 2442 interrogantibus
1769 2367 1860 2438 qui
1891 2369 2002 2422 sint

393 2471 512 2528 veri
562 2471 634 2525 dii
663 2511 678 2536 ,
722 2469 998 2524 Arnobius
1048 2466 1344 2539 respondet
1374 2481 1434 2521 se
1463 2463 1695 2529 nescire,
1729 2463 1997 2518 rationem

390 2565 654 2619 continuo
679 2563 876 2629 reddit,
907 2563 1032 2632 quia
1058 2561 1178 2616 illos
1201 2574 1491 2630 numquam
1522 2559 1749 2612 viderat.
1776 2556 1854 2610 Ex
1881 2554 2000 2608 eth-

392 2659 533 2715 nicis
562 2668 742 2713 autem
775 2673 837 2714 se
863 2657 1137 2712 audivisse
1189 2655 1388 2710 fatetur
1417 2669 1513 2710 eos
1539 2667 1660 2708 esse
1685 2665 1845 2721 quam
1881 2648 2001 2718 plu-

390 2753 562 2807 rimos
584 2768 599 2808 :
624 2752 714 2822 qui
747 2751 1002 2822 quidem,
1033 2751 1078 2804 si
1108 2749 1342 2818 uSpiam,
1376 2756 1436 2802 ut
1464 2745 1667 2803 ethnici
1695 2743 1998 2815 opinaban-

390 2857 500 2910 tur,
549 2848 814 2912 existant;
865 2847 950 2901 vel
991 2845 1038 2900 si
1080 2845 1191 2900 veri
1220 2845 1362 2907 sint,
1417 2853 1477 2899 ut
1518 2841 1823 2908 Terentius,
1858 2839 2001 2894 haud

388 2939 558 2995 dubie
588 2939 780 3004 Varro,
809 2938 993 3003 credit,
1022 2938 1223 2994 debent
1270 2937 1514 3008 profecto
1549 2936 1685 2991 tales
1713 2948 1836 2991 esse
1865 2949 2001 3003 qua—

390 3033 476 3088 les
515 3033 888 3099 nominantur,
925 3031 1183 3102 ingeniti,
1218 3031 1406 3086 aeterni
1428 3070 1443 3095 ,
1478 3028 1614 3084 nihil
1649 3038 1880 3084 terrena:
1907 3041 2001 3080 vo—

391 3124 619 3196 luptatis
669 3135 990 3197 appetentes
1015 3168 1030 3192 ,
1058 3141 1123 3180 ac
1144 3125 1320 3196 qualis
1347 3133 1430 3178 est
1463 3123 1605 3177 Deus
1627 3121 1998 3190 omnipotens.

2101 1902 2362 1959 lcctaneis
2386 1945 2400 1969 ,
2447 1904 2499 1958 in
2534 1904 2720 1959 ultima
2751 1903 2944 1958 borum
2978 1903 3240 1958 librorum
3267 1901 3502 1956 editione
3525 1897 3678 1970 publi-

2102 1996 2278 2064 catis,
2333 2006 2608 2052 notantur.
2655 1996 2775 2051 Alia
2825 2006 3001 2052 tamen
3045 1997 3117 2051 ibi
3155 1994 3513 2066 przetermissa
3542 1992 3680 2048 nobis

2101 2091 2322 2147 eosdem
2347 2091 2514 2147 libros
2545 2091 2738 2161 majori
2779 2108 2908 2146 cura
2948 2091 3254 2161 legentibus
3304 2095 3678 2174 occurreruqt,

2100 2200 2222 2256 quae
2253 2194 2459 2255 postea,
2487 2185 2575 2239 ubi
2606 2200 2665 2240 se
2689 2185 2905 2240 occasio
2931 2184 3102 2248 dabit,
3128 2182 3503 2238 indicabimus.

2173 2278 2380 2334 Praeter
2410 2277 2554 2333 hunc
2581 2278 3008 2349 manuscriptum
3053 2275 3300 2332 codicem
3328 2283 3551 2331 testatur
3577 2273 3680 2329 Ste-

2103 2372 2348 2427 wechius
2377 2372 2541 2426 alium
2577 2382 2831 2426 vetustum
2852 2412 2869 2439 ,
2901 2382 2950 2425 et
2976 2379 3108 2425 notae
3136 2371 3376 2437 perboute
3404 2364 3679 2440 (Slcweclt.,

2102 2469 2252 2540 epist.
2287 2467 2354 2521 ad
2380 2466 2570 2539 Lect.),
2604 2467 2873 2538 quondam
2904 2467 2958 2521 in
2983 2465 3160 2522 Flacci
3208 2464 3432 2538 Illyrici,
3461 2478 3523 2518 ac
3549 2461 3683 2516 dein-

2103 2577 2234 2632 ceps
2265 2560 2484 2617 lleurici
2509 2561 2702 2616 Petraei
2728 2569 2995 2631 potestate
3023 2560 3212 2624 fuisse,
3237 2575 3299 2613 ex
3321 2557 3470 2628 cujus
3491 2555 3684 2608 varian-

2105 2657 2246 2711 tibus
2295 2655 2656 2718 lectionibus,
2689 2671 2720 2709 a
2746 2654 3038 2710 Francisco
3068 2652 3246 2707 Modio
3275 2651 3531 2722 Brugensi
3552 2645 3682 2704 J.-C.

2104 2749 2349 2804 collectis
2375 2757 2430 2803 et
2455 2748 2521 2803 ad
2556 2763 2615 2803 se
2642 2747 2844 2810 missis,
2879 2746 3106 2801 Arnobii
3137 2756 3346 2802 textum
3377 2742 3592 2798 inlinitis
3616 2741 3685 2796 lo-

2105 2842 2185 2898 cis
2213 2858 2273 2898 se
2301 2843 2609 2897 correxisse
2630 2883 2645 2907 ,
2694 2840 2987 2911 magnique
3024 2840 3289 2895 momenti
3326 2842 3542 2894 lacunas
3575 2851 3688 2904 sup-

2107 2935 2341 3007 plevisse
2372 2936 2716 2990 testiﬁcatur.
2745 2938 2813 2989 At
2835 2934 2904 2990 de
2935 2933 3096 3003 hujus
3118 2933 3244 2988 libri
3269 2975 3284 2999 ,
3331 2949 3488 3003 quem
3520 2929 3688 2984 videre

2107 3032 2263 3087 nobis
2291 3048 2400 3086 non
2434 3031 2608 3098 licuit,
2643 3030 2966 3099 antiquitate
2997 3038 3053 3086 et
3078 3028 3352 3100 elegantia
3398 3026 3530 3082 nihil
3557 3033 3690 3081 certe

2106 3135 2350 3182 statuere
2397 3140 2706 3197 possumus.
2738 3123 2900 3181 Facta
2933 3134 3110 3180 tamen
3155 3121 3550 3180 Stewechiana:
3575 3119 3691 3175 alia-

389 3239 554 3294 quem
583 3223 860 3280 christiani
887 3237 1077 3278 omnes
1107 3221 1285 3276 sciunt
1310 3229 1473 3288 atque
1505 3218 1813 3287 intelligunt
1859 3213 2002 3282 Quid
2031 3227 2076 3288 ρ
2109 3238 2337 3294 rumque
2370 3222 2532 3292 hujus
2553 3223 2736 3292 operis
2757 3221 3058 3276 editionum
3089 3219 3385 3275 collatione
3410 3215 3692 3288 deprehen-

392 3332 528 3388 ergo
576 3316 693 3372 lucc
736 3317 1005 3371 adversus
1052 3314 1303 3371 ethnicos
1344 3311 1662 3382 disputatio,
1701 3324 1763 3363 ac
1795 3318 2002 3363 naturae

400 3409 601 3466 divina:
629 3409 923 3481 explicatio
952 3408 1116 3464 habet
1156 3405 1496 3462 intolerabile
1519 3444 1534 3469 ,
1567 3413 1660 3457 aut
1687 3399 1919 3456 hominis
1947 3401 2000 3454 in

392 3506 685 3577 pracipuis
731 3505 856 3561 fidei
903 3504 1172 3575 capitibus
1215 3502 1440 3556 omnino
1490 3497 1758 3570 hospitis?
1811 3495 2004 3550 Nonne

393 3615 525 3656 vera
565 3608 649 3655 est
698 3599 788 3654 illa
823 3598 917 3654 Dei
963 3594 1356 3667 omnipotentis
1402 3593 1553 3654 idea,
1584 3589 1876 3660 explicatio
1901 3629 1917 3654 ,
1949 3597 2007 3644 et

392 3691 737 3762 descriptio?
779 3689 950 3747 Porro
976 3699 1159 3746 autem
1189 3702 1376 3743 sanam
1408 3701 1532 3741 esse
1561 3685 1802 3739 auctoris
1833 3679 2005 3760 nostri

393 3787 466 3844 de
496 3787 609 3843 Deo
641 3785 934 3857 divinaque
980 3793 1173 3840 natura
1205 3780 1518 3852 opinionem
1550 3777 1685 3833 inira
1717 3774 2002 3832 evidenter

394 3879 772 3937 ostendemus.

470 3975 560 4037 At,
612 3972 847 4043 inquies,
901 3971 1035 4027 dicit
1079 3985 1139 4026 se
1180 3984 1286 4025 non
1332 3969 1476 4025 scire
1502 3967 1595 4038 qui
1626 3964 1738 4022 sint
1762 3962 1876 4019 veri
1907 3960 2002 4024 dii,

395 4069 527 4142 quid
562 4068 661 4124 hac
693 4067 857 4141 igitur
887 4065 1190 4135 ignorantia
1237 4065 1417 4119 minus
1464 4060 1845 4118 tolerandum?
1899 4054 2007 4114 Sed

395 4161 519 4234 quis
544 4177 651 4216 non
677 4160 877 4227 videat,
894 4157 1054 4223 hanc,
1081 4167 1139 4213 ut
1164 4157 1337 4220 aiunt,
1359 4171 1481 4213 esse
1497 4157 1732 4211 oratoris
1756 4151 2002 4222 ﬁguram,

395 4255 544 4326 quia,
580 4255 862 4310 rhetorum
881 4269 1054 4320 more,
1078 4269 1144 4309 ex
1167 4252 1398 4322 ipsamet
1419 4249 1852 4306 adversariorum
1876 4260 2009 4301 con-

396 4350 638 4405 fessione
688 4349 852 4406 falsos
908 4348 1194 4419 nullosque
1224 4364 1349 4404 esse
1376 4345 1658 4418 gentilium
1686 4343 1820 4398 deos
1845 4357 2006 4396 coar-

396 4442 536 4511 guit,
560 4457 622 4495 ac
643 4442 874 4512 proinde
901 4440 1103 4496 nemini
1136 4455 1237 4496 nec
1264 4439 1364 4494 sibi
1392 4437 1687 4508 cognitam,
1712 4450 1832 4506 qua:
1862 4432 2007 4487 nulla

398 4547 526 4588 esse
549 4542 782 4604 poterat,
811 4533 1028 4588 illorum
1056 4531 1419 4587 divinitatem.

2107 3315 2287 3370 dimus
2340 3314 2487 3370 hunc
2542 3315 2822 3377 codicem,
2865 3313 3012 3380 alio,
3063 3328 3170 3384 quo
3207 3314 3289 3368 usi
3319 3325 3504 3367 sumus
3523 3308 3694 3366 codice

2108 3410 2281 3481 regio,
2317 3425 2425 3466 non
2451 3425 2576 3466 esse
2603 3409 2774 3465 multo
2802 3408 3192 3464 correctiorem
3215 3449 3232 3476 ,
3266 3407 3566 3477 iisdemque
3595 3403 3695 3458 lere

2108 3519 2328 3572 semper
2377 3512 2595 3559 scatere
2644 3501 2893 3569 mendis,
2943 3499 3136 3556 foedari
3194 3494 3693 3571 transpositionihus

2109 3607 2166 3653 et
2192 3595 2596 3663 additionibus,
2637 3612 2702 3652 ac
2737 3596 2975 3652 hiatibus
3014 3611 3273 3652 mancum
3319 3609 3440 3650 esse
3479 3599 3533 3648 et
3568 3587 3720 3664 hiul'

2110 3705 2255 3746 cum.

2183 3784 2260 3838 Es
2309 3785 2490 3855 priore
2525 3791 2706 3839 autem
2743 3783 3118 3852 manuscripto
3143 3782 3337 3839 codice
3365 3780 3513 3852 regio
3542 3775 3694 3849 prima

2112 3877 2308 3933 horum
2360 3877 2589 3932 Arnobii
2641 3876 2903 3932 librorum
2944 3875 3112 3931 editio
3157 3874 3348 3930 Romae
3374 3887 3516 3929 anno
3541 3867 3694 3931 1&2,

2113 3974 2260 4028 curis
2303 3971 2485 4026 Fausti
2536 3969 2715 4027 Sabaei
2759 3969 2997 4024 Brixiani
3029 3969 3295 4024 adornata
3324 3976 3429 4028 est,
3461 3977 3614 4036 atque
3639 3973 3696 4016 ex

2112 4081 2174 4121 ea
2208 4063 2323 4120 fere
2345 4077 2536 4119 omnes
2559 4071 2745 4132 postea
2775 4060 3114 4133 prodierunt.
3135 4060 3388 4118 Secunda
3413 4073 3540 4115 vero
3566 4052 3698 4110 Basi-

2113 4159 2213 4214 leae
2245 4161 2386 4229 apud
2417 4160 2772 4227 Frobenium,
2799 4174 2943 4214 anno
2971 4158 3131 4226 1546,
3153 4173 3385 4213 excussa
3417 4156 3513 4212 fuit
3537 4148 3695 4208 studio

2112 4250 2441 4321 Sigismundi
2486 4251 2700 4308 Gelenii
2731 4295 2746 4320 ,
2795 4251 2887 4322 qui
2921 4251 3101 4321 plures
3132 4250 3435 4314 suuerioris
3461 4243 3694 4304 editionis

2114 4360 2331 4400 errores
2361 4345 2430 4401 ab
2459 4345 2525 4400 iis
2545 4387 2562 4414 ,
2617 4345 2708 4416 qui
2741 4346 2794 4400 in
2830 4345 3074 4416 legendis
3121 4345 3318 4416 priscis
3351 4336 3694 4399 caracteribus

2113 4440 2396 4495 exercitati
2438 4456 2548 4494 non
2582 4450 2775 4507 erant,
2809 4441 2863 4495 in
2895 4440 3120 4495 Aruobii
3159 4451 3366 4496 textura
3389 4438 3623 4493 intrusos
3645 4444 3695 4485 se

2113 4535 2420 4591 correxisse
2470 4536 2723 4590 afﬁrmat.
2767 4536 2904 4591 cum
2947 4551 3078 4592 vero
3107 4536 3200 4591 ille
3234 4545 3412 4592 taceat
3437 4543 3609 4590 utrum
3636 4540 3694 4580 ex

477 4626 584 4682 Alii
611 4625 854 4697 profecto
887 4626 1102 4697 plurimi
1134 4635 1263 4681 sunt
1289 4640 1505 4680 errores
1531 4623 1600 4679 de
1620 4620 1817 4693 quibus
1837 4620 2002 4676 Arno

2115 4627 2489 4696 manuscripto
2554 4629 2746 4684 codice
2793 4629 2977 4701 aliquo
3035 4640 3239 4685 textum
3299 4623 3690 4686 emendaverit,

399 4718 528 4776 bius
560 4720 881 4789 postulatur,
923 4719 1178 4773 nimirum
1207 4719 1278 4774 de
1305 4732 1517 4773 summo
1548 4716 1656 4770 Deo
1681 4755 1697 4781 ,
1749 4714 1816 4768 de
1866 4711 2010 4766 illius

399 4815 510 4881 ira,
540 4813 610 4870 de
637 4814 815 4868 anima
860 4811 1119 4879 hominis,
1148 4812 1216 4867 dc
1248 4821 1490 4882 peccato,
1521 4809 1590 4864 de
1615 4807 1795 4864 carnis
1823 4821 2005 4861 resur-

398 4907 669 4974 rectione,
698 4905 766 4962 de
790 4907 964 4978 poenis
987 4908 1296 4977 impiorum,
1326 4904 1395 4960 de
1417 4905 1754 4975 publicarum
1778 4901 2006 4958 calami—

404 5011 578 5059 tatum
609 5017 792 5068 causa,
815 5001 1045 5071 aliisque
1076 5001 1352 5071 religionis
1376 4999 1685 5055 chriStiante
1707 4997 2005 5053 documen-

405 5099 499 5154 tis.
532 5098 640 5154 Sed
669 5107 846 5152 utrum
868 5095 991 5165 jure
1033 5095 1114 5149 vel
1156 5093 1350 5148 merito
1378 5093 1458 5146 vel
1492 5092 1763 5147 immerito
1811 5089 2004 5146 horum

405 5192 650 5246 omnium
703 5203 950 5244 errorum
998 5195 1276 5257 arguatur,
1303 5199 1401 5239 nos
1424 5183 1562 5238 infra
1589 5184 2004 5239 solitocandore

404 5279 865 5344 examinabimus,
910 5278 1000 5334 ubi
1043 5278 1111 5334 de
1162 5277 1350 5333 iisdem
1396 5275 1500 5330 illis
1528 5291 1698 5331 sacra:
1728 5273 2003 5345 religionis

403 5385 608 5431 nostra:
633 5372 976 5446 dogmatibus
1001 5382 1058 5428 et
1085 5371 1420 5445 argumentis
1468 5370 1775 5441 disputandi
1827 5368 2003 5439 aptior

403 5467 560 5525 locus
581 5467 736 5524 nobis
762 5482 885 5525 sese
913 5465 1123 5522 oll‘eret.

1013 5575 1308 5617 ARTICULUS
1339 5577 1388 5612 ν.

406 5675 485 5729 De
513 5681 658 5730 variis
701 5681 875 5733 horum
897 5680 1408 5796 libromlniiogpbd‘ilglbus
1439 5685 1781 5749 manuscriptis
1813 5691 1867 5736 et
1890 5678 2000 5736 edi«

401 5843 628 5928 LUnus
656 5858 860 5913 tantum
886 5851 1042 5918 nobis
1067 5859 1319 5923 superest
1345 5851 1541 5914 horum
1590 5854 1850 5918 librorum
1877 5873 2002 5916 mas

2113 4739 2294 4779 nonne
2345 4722 2470 4777 inde
2517 4721 2698 4793 colligi
2745 4733 2921 4792 potest
2955 4722 3100 4778 hunc
3131 4724 3308 4793 ipsum
3336 4722 3450 4778 suis
3478 4726 3691 4774 tantum-

2113 4816 2276 4873 modo
2305 4815 2638 4886 coujccturis
2663 4823 2902 4870 tentasse
2927 4815 3193 4869 medicam
3226 4817 3293 4872 iis
3321 4813 3574 4869 adhibere
3596 4819 3692 4862 ma-

2113 4909 2284 4966 num?
2315 4909 2526 4964 Rursus
2554 4923 2685 4962 vero
2717 4906 2769 4960 hi
2800 4907 3021 4962 Arnobii
3051 4907 3173 4963 libri
3204 4925 3270 4963 ex
3295 4909 3486 4964 iisdem
3511 4903 3691 4960 Frobe-

2112 5005 2288 5060 niauis
2331 5003 2472 5076 typis
2523 5017 2668 5056 anno
2719 5001 2893 5068 1560,
2942 5001 2994 5056 in
3026 5003 3216 5058 eadem
3247 5004 3415 5072 urbe,
3443 5017 3506 5057 ac
3528 5007 3690 5072 postea

2111 5097 2334 5152 Parisiis
2356 5110 2502 5151 anno
2536 5095 2696 5160 1570,
2731 5095 2782 5148 iu
2808 5095 3001 5168 vulgus
3020 5097 3298 5152 exierunt.

2185 5188 2506 5246 Theodorus
2533 5187 2766 5245 subinde
2797 5190 3060 5246 Canterus
3103 5206 3299 5248 novam
3352 5192 3589 5253 illorum,
3633 5181 3690 5238 ad

2112 5283 2463 5353 manuscripti
2512 5282 2680 5350 regii,
2728 5292 2784 5337 ut
2826 5283 2917 5338 ille
2962 5283 3063 5350 ait,
3096 5284 3257 5340 [idem
3286 5327 3300 5352 ,
3335 5295 3389 5340 et
3416 5277 3689 5340 Clementis

2112 5376 2474 5433 Alexandrini
2503 5376 2707 5432 auxilio
2724 5378 3071 5446 castigatam,
3090 5377 3386 5434 editionem
3403 5371 3690 5440 Antuerpize

2114 5472 2256 5543 apud
2304 5471 2637 5539 Plautinum,
2675 5487 2819 5526 anno
2863 5471 3024 5537 1582,
3066 5487 3323 5528 excusam
3355 5468 3547 5542 publici
3567 5462 3688 5538 juris

2113 5567 2264 5624 fecit.
2299 5565 2525 5622 Fatetur
2551 5577 2730 5621 autem
2763 5581 2824 5620 se
2862 5565 3184 5636 aliquando,
3225 5565 3315 5621 ubi
3347 5563 3561 5620 meliora
3596 5569 3688 5612 non

2112 5665 2510 5736 suppetebant,
2563 5662 2742 5736 varias
2790 5660 3032 5723 Gelenii,
3072 5677 3234 5733 quem
3259 5654 3582 5730 conjecturis
3616 5660 3688 5705 ta-

2112 5735 2240 5816 men
2291 5757 2516 5815 nimium
2546 5735 2839 5813 indulsisse
2884 5755 3090 5826 arguit,
3145 5763 3392 5813 secutum
3435 5751 3594 5807 fuisse
3616 5742 3684 5799 le-

2077 5868 2110 5914 c
2143 5854 2337 5917 tiones.
