3904 6316
402 333 490 390 401
1650 332 1717 388 ΙΝ
1758 333 1945 391 ΑΒΝΟ

2061 335 2109 391 Μ
2135 379 2150 404 ,
2191 334 2344 393 CAP.
2385 342 2447 397 ll.
3581 346 3716 405 '402

465 447 670 506 Dehinc
714 449 1129 522 quadragesimo
1159 459 1281 521 post
1307 449 1637 521 divulgatam
1666 449 1852 505 Roma:
1882 452 1994 523 pri-
2024 465 2078 526 Α
2101 454 2426 524 summulas,
2469 457 2664 529 quibus
2695 458 3020 530 explanatur
3046 457 3314 518 obscurus
3341 460 3568 520 Arnobii
3594 473 3710 520 tex-

400 558 532 599 mam
585 545 778 599 horum
804 545 1067 601 librorum
1097 546 1413 612 editionem,
1450 561 1594 600 anno
1614 543 1814 600 Christi
1843 546 2002 601 ttimi-
2106 555 2211 614 tus,
2245 564 2570 618 erroresque
2594 551 2710 621 ejus
2741 561 3016 609 notantur.

397 653 512 692 rum
543 637 702 704 1585,
739 637 956 694 Fulvius
992 639 1221 696 Ursinus
1245 640 1405 693 aliam
1439 639 1490 693 in
1519 637 1710 694 eadem
1740 639 1872 694 urbe
1900 654 1997 694 cu-
2175 640 2430 697 Desiderii
2461 642 2676 698 Heraldi
2715 661 2878 716 opera
2910 655 2964 700 et
2993 647 3174 703 studio
3224 663 3363 704 nova
3408 650 3599 706 horum
3627 652 3704 710 li-

395 731 532 784 tavit
583 731 635 784 in
684 731 860 786 lucem
917 731 1167 801 proferri.
1214 731 1398 786 Palant
1450 741 1630 786 autem
1667 731 1908 786 declarat
1937 746 1998 788 se
2100 733 2318 789 brorum
2347 735 2513 790 editio
2541 736 2780 802 Parisiis,
2811 755 2954 794 anno
2999 740 3160 807 1605,
3183 741 3249 797 ad
3279 744 3600 813 Romanam,
3628 749 3709 804 uti

393 821 612 877 Joannis
646 824 900 894 Baptistae
932 824 1196 896 sighicelli
1221 868 1235 889 ,
1290 833 1346 879 et
1384 824 1530 879 Petri
1559 823 1841 879 Cbiaconii
1881 826 1996 879 his-
2099 827 2188 882 ille
2214 828 2469 896 loquitur,
2501 834 2785 902 castigata,
2811 842 2865 887 et
2890 832 3210 902 quibusdam
3243 837 3376 891 locis
3399 853 3467 892 ex
3495 855 3696 894 manu-

393 920 513 988 pani
563 919 1040 975 emendationibns
1084 919 1347 990 adjutum,
1383 920 1436 974 in
1470 935 1532 974 ea
1565 919 1824 989 plurimas
1853 918 1990 975 Ger—
2097 920 2300 990 scripto
2340 919 2492 992 regio
2518 932 2674 976 aucta
2726 932 2780 978 et
2808 925 3091 981 emendata
3143 927 3412 1000 divulgata
3440 942 3544 987 est.
3581 934 3695 990 Sed

392 1025 722 1076 manorum,
784 1011 874 1081 qui
926 1011 1150 1066 Arnobii
1206 1021 1409 1066 textum
1459 1009 1688 1065 inﬁnitis
1718 1011 1852 1064 locis
1893 1025 1992 1082 pro
2095 1012 2184 1067 ille
2211 1013 2380 1084 majus
2433 1016 2483 1069 in
2532 1017 2674 1070 notis
2703 1017 3026 1082 scribendis,
3057 1036 3215 1090 quam
3265 1025 3316 1078 in
3349 1026 3696 1084 emendando

388 1101 538 1157 libitu
581 1113 636 1159 et
694 1103 918 1159 arbitrio
975 1113 1354 1173 corruperant,
1386 1103 1802 1173 depravationes
1829 1113 1989 1173 atque
2092 1107 2312 1163 Arnobii
2347 1119 2514 1172 textu,
2551 1111 2728 1179 posuit
2751 1110 3010 1168 studium.
3032 1113 3142 1169 Nos
3169 1129 3346 1173 autem
3370 1133 3690 1178 commone-

387 1197 794 1253 immntationes
849 1199 1176 1254 correxisse.
1229 1196 1370 1252 Nihil
1422 1206 1603 1252 tamen
1651 1197 1702 1251 in
1751 1197 1987 1252 auctoris
2090 1198 2218 1254 facit
2248 1215 2308 1256 se
2355 1201 2420 1256 ad
2470 1202 2522 1256 id
2583 1203 2871 1272 impulsum
2923 1203 3110 1272 fuisse,
3167 1209 3290 1279 quia
3344 1211 3557 1280 plurimi
3589 1227 3692 1268 suo

384 1300 588 1344 textum
631 1306 692 1346 se
739 1291 1012 1361 recepisse
1068 1300 1317 1358 testatur,
1351 1289 1452 1344 nisi
1483 1288 1624 1359 quod
1656 1289 1987 1345 ntanifestis-
2091 1301 2336 1362 tempore
2387 1295 2760 1351 instaurandis
2802 1299 3210 1355 humanioribus
3255 1300 3448 1355 litteris
3474 1319 3540 1358 eo
3567 1305 3691 1358 fcli-

380 1387 514 1442 sime
561 1397 724 1458 atque
757 1389 862 1442 ulla
891 1391 1095 1456 absque
1125 1388 1495 1444 controversia
1529 1402 1717 1442 verum
1745 1397 1883 1448 erat.
1920 1404 1983 1444 ac
2087 1383 2314 1450 ciorem,
2344 1400 2452 1456 quo
2506 1387 2787 1458 majorem,
2821 1388 2992 1444 sacris
3023 1406 3155 1445 vero
3203 1400 3259 1446 et
3307 1392 3694 1451 ecclesiasticis

378 1481 674 1534 multorum
706 1482 1120 1552 comprobatum
1173 1480 1398 1552 judicio.
1458 1480 1591 1548 Qum
1621 1497 1751 1535 vero
1777 1497 1882 1536 non
1909 1483 1980 1536 ita
2084 1477 2420 1534 illustrandis
2463 1492 2553 1535 aut
2586 1483 2892 1547 minimum,
2923 1493 3014 1538 aut
3046 1485 3251 1540 nullum
3294 1485 3532 1542 laborem
3580 1489 3686 1543 itn-

374 1585 520 1631 certa
554 1577 902 1641 videbantur,
934 1595 995 1633 ea
1028 1578 1297 1649 adjunctis
1325 1578 1391 1632 ad
1422 1578 1763 1648 conjecturas
1790 1578 1980 1633 conﬁr-
2082 1573 2405 1643 penderant.
2435 1575 2762 1631 Persuasum
2812 1579 2994 1648 itaque
3026 1580 3215 1634 habuit
3265 1580 3422 1650 longe
3451 1582 3687 1637 utilioris

373 1669 599 1726 mandas
631 1670 889 1726 brevibus
917 1670 1240 1742 quibusdam
1268 1669 1870 1736 animadversionibus,
1922 1669 1976 1724 in
2082 1678 2206 1720 esse
2235 1680 2415 1736 operte
2457 1667 2523 1722 ad
2557 1667 2766 1723 edenda
2795 1679 2850 1724 et
2896 1671 3235 1740 explananda
3283 1681 3528 1728 veterum
3579 1674 3686 1729 Ec-

369 1779 461 1818 om
494 1775 714 1820 ηοωςεε
743 1766 1080 1839 paginarum,
2079 1755 2260 1810 clesite
2301 1757 2520 1812 Patrum
2559 1761 2761 1830 scripta
2790 1773 3111 1816 convertere
3145 1764 3406 1819 animum.
3438 1765 3680 1820 Primum

436 1857 583 1911 Duas
637 1857 944 1915 Gebhartus
995 1859 1434 1914 Elmenhorstius
1483 1859 1644 1929 hujus
1673 1858 1947 1915 Arnobian

2077 1847 2261 1918 itaque
2290 1849 2358 1904 de
2402 1850 2740 1921 publicandis
2772 1863 2827 1908 et
2875 1854 3229 1909 emendandis
3270 1856 3588 1912 Tertulliani
3615 1860 3681 1913 li-

367 1951 548 2020 Operis
595 1949 882 2015 editiones,
919 1966 1080 2006 unam
1106 1950 1430 2013 Hannovizc.
1465 1966 1607 2006 anno
1629 1952 1792 2016 1605,
1823 1951 1968 2008 alte-

367 2056 478 2095 ram
508 2041 700 2111 majori
729 2042 1043 2097 charactere
1061 2042 1431 2109 etvolumine,
1462 2042 1756 2111 Hamhnrgi
1777 2085 1792 2107 ,
1823 2056 1967 2096 anno

365 2125 504 2188 1610
524 2175 538 2198 ,
593 2132 906 2204 divulgavit.
956 2134 1069 2188 Nos
1097 2144 1277 2189 autem
1308 2136 1544 2190 monitos
1574 2135 1626 2189 in
1658 2136 1821 2204 priori
1852 2133 1966 2190 edi-

365 2228 511 2282 tione
536 2225 662 2281 facit
691 2225 888 2299 (Epist.
907 2229 974 2280 ad
991 2226 1218 2298 Lector.)
1236 2244 1315 2293 se,
1334 2227 1512 2283 adhuc
1533 2227 1962 2293 adolescentem,

361 2320 445 2376 bis
473 2321 702 2377 edendis
736 2322 887 2377 libris
919 2322 1250 2393 impendisse
1275 2339 1520 2393 operam,
1552 2339 1616 2377 ac
1644 2337 1745 2376 suo
1775 2338 1964 2376 exem-

357 2415 493 2486 plari
519 2431 642 2470 cum
673 2414 844 2470 Fulvii
875 2414 1058 2471 Ursini
1094 2415 1334 2471 editione
1389 2416 1680 2486 diligenter
1725 2415 1957 2481 collato,

356 2524 450 2563 eos
474 2507 782 2564 reddidisse
807 2508 1134 2564 ornatiores.
1155 2508 1309 2578 Quod
1337 2518 1516 2563 autem
1541 2509 1769 2579 qualeve
1797 2506 1964 2562 fuerit

352 2604 485 2658 illud
515 2604 814 2674 exemplar,
852 2605 1066 2674 penitus
1093 2604 1234 2658 silet.
1254 2604 1318 2658 At
1349 2605 1402 2657 in
1435 2604 1639 2675 praevio
1663 2602 1730 2655 ad
1758 2617 1958 2657 secun-

349 2699 473 2754 dam
523 2699 821 2755 editionem
859 2700 1067 2754 monito
1092 2700 1335 2754 declarat
1366 2715 1423 2753 se
1451 2700 1503 2754 in
1531 2716 1592 2754 ea
1623 2697 1957 2753 recensenda

346 2809 508 2848 usum
539 2793 710 2848 fuisse
734 2801 946 2849 vetusto
974 2794 1165 2849 codice
1189 2793 1466 2848 Francisci
1492 2791 1668 2845 Saba-i
1699 2791 1954 2853 Brixiani,

343 2904 495 2944 anno
541 2889 718 2954 1552,
761 2891 1002 2944 romanis
1043 2891 1184 2959 typis
1228 2887 1394 2942 edito.
1440 2885 1541 2941 Ubi
1565 2900 1695 2939 vero
1719 2885 1805 2940 hic
1832 2899 1956 2939 cor-

343 2995 543 3054 ruptus
569 2992 710 3048 erat,
739 2982 804 3036 ad
832 2993 1118 3053 excerptas
1147 2997 1278 3036 mss.
1313 2990 1366 3036 et
1385 2981 1670 3035 doctorum
1694 2979 1952 3034 emenda-

341 3079 524 3131 tiones
555 3092 617 3131 se
646 3075 954 3146 confugisse
979 3118 992 3141 ,
1052 3085 1213 3146 atque
1262 3073 1347 3127 his
1387 3072 1728 3126 adminiculis
1785 3071 1953 3126 libros

340 3169 572 3225 Arnobii
603 3169 903 3222 innumeris
931 3168 1096 3222 uteris
1127 3180 1384 3239 purgasse
1415 3175 1723 3229 asseverat;
1765 3164 1836 3218 ita
1867 3173 1950 3218 ta-

2073 1942 2186 1998 bris
2214 1945 2494 2015 cogitavit.
2525 1945 2630 2002 Sed
2680 1946 2884 2002 laboris
2933 1948 3300 2018 magnitudine
3353 1950 3674 2020 deterritus,

2072 2036 2262 2091 maluit
2286 2037 2344 2091 itt
2369 2039 2683 2094 arnobianis
2707 2044 2884 2096 facere
2916 2043 3216 2112 periculum
3255 2062 3301 2096 ει
3333 2045 3508 2116 Atque
3532 2062 3676 2111 rem,

2073 2129 2266 2199 inquit,
2300 2131 2372 2185 ita
2397 2146 2517 2186 sum
2549 2132 2773 2188 adorsus
2796 2145 2876 2200 ut,
2910 2145 3168 2190 currente
3195 2151 3404 2201 mense,
3429 2137 3497 2191 ab
3516 2138 3672 2192 iusti-

2071 2230 2186 2275 tuto
2215 2237 2381 2292 opere
2412 2225 2672 2291 secundo,
2706 2226 2770 2279 ad
2804 2226 2925 2281 libri
2976 2227 3182 2282 calcem
3235 2229 3555 2299 perductum
3583 2245 3674 2286 me

2067 2319 2333 2371 senserim
2365 2337 2384 2370 ι
2420 2317 2589 2391 (epist.
2615 2319 2891 2392 dedicat.).

2139 2408 2334 2465 Postea
2361 2426 2506 2466 anno
2537 2412 2700 2478 1651,
2736 2413 2787 2466 hi
2819 2423 3028 2482 septem
3069 2417 3306 2471 auctoris
3344 2419 3514 2472 nostri
3540 2417 3648 2472 libr

2066 2500 2316 2572 Lugduni
2349 2502 2702 2570 Batavorum,
2725 2521 2847 2560 cum
2875 2508 3185 2574 recensione,
3216 2510 3292 2563 uti
3325 2509 3377 2563 in
3405 2509 3563 2564 titulo
3582 2511 3666 2566 in-

2066 2596 2341 2664 scribitur,
2385 2597 2495 2652 Viri
2522 2600 2866 2667 celeberrimi,
2899 2612 2946 2655 et
2994 2602 3206 2673 integris
3248 2605 3474 2657 omnium
3532 2620 3674 2658 com-

2063 2695 2330 2747 mentariis
2381 2695 2638 2764 publicati
2693 2697 2926 2751 fuerunt.
2960 2698 3064 2752 Sed
3121 2698 3332 2753 tametsi
3374 2701 3667 2754 reticeatur

2062 2785 2222 2855 hujus
2248 2787 2348 2840 viri
2379 2804 2598 2852 nomen,
2646 2788 2883 2855 Thysius
2913 2790 3268 2844 nihilominus
3297 2790 3436 2844 hanc
3461 2790 3663 2845 editio-

2061 2896 2182 2934 nem
2217 2896 2283 2936 ex
2317 2891 2469 2951 parte
2505 2898 2834 2954 procurasse
2878 2884 3098 2938 dicitur.
3127 2883 3180 2937 In
3211 2900 3273 2938 ea
3305 2900 3466 2954 porro
3489 2900 3665 2955 quan-

2061 2974 2262 3027 tumvis
2291 2975 2534 3028 omnium
2563 2976 2969 3030 accuratissima
2999 2975 3328 3044 venditetttr,
3353 2979 3535 3046 plures
3561 2978 3662 3033 de-

2059 3067 2452 3136 prehendimus
2500 3085 2608 3123 non
2642 3070 2816 3123 solum
2851 3071 3311 3142 typographorum
3337 3071 3539 3142 lapsus,
3563 3072 3662 3126 sed

2056 3159 2300 3231 qua-dam
2329 3163 2492 3216 etiam
2530 3163 2695 3217 verba
2728 3165 2966 3229 ptenitus
2994 3167 3216 3219 omissa.

337 3280 470 3318 men
496 3274 553 3318 nt
577 3278 704 3317 raro
732 3263 878 3316 illius
923 3261 1088 3316 textui
1145 3259 1347 3330 aliquid
1403 3257 1716 3313 inseruerit.
1749 3258 1949 3325 Aperte
1979 3275 2022 3338 ρ
2129 3252 2331 3308 Ultima
2362 3254 2574 3309 illorum
2605 3256 2772 3310 editio
2803 3273 2829 3308 a
2863 3257 3074 3312 Priorio
3099 3257 3357 3330 Cypriani
3377 3257 3658 3330 operibus,

337 3357 704 3412 nihilominus
734 3355 972 3410 declarat
1014 3354 1241 3424 plurima
1285 3352 1461 3406 adhuc
1500 3365 1787 3422 superesse
1814 3348 1948 3403 falsa

340 3461 395 3502 et
422 3458 676 3520 corrupta
709 3449 847 3514 loca,
877 3465 995 3518 qure
1022 3447 1263 3518 quidem,
1290 3461 1410 3500 cum
1438 3446 1554 3500 sine
1583 3444 1824 3499 melioris
1851 3457 1947 3498 co-

344 3542 484 3596 dicis
509 3558 612 3613 ope
641 3543 865 3613 intelligi
900 3550 1190 3612 nequeant.
1213 3557 1273 3594 ea
1304 3541 1504 3594 intacta
1532 3550 1584 3593 et
1615 3537 1947 3593 felicioribus

347 3637 576 3708 ingeniis
602 3636 927 3708 corrigenda
959 3636 1196 3706 reliquit.
1223 3634 1330 3691 Sed
1361 3634 1451 3689 ille
1477 3633 1631 3688 nobis
1664 3649 1768 3686 non
1802 3631 1947 3686 indi-

348 3744 436 3786 Cat
461 3735 544 3802 qui
578 3732 779 3787 fuerint
810 3732 1029 3787 codices
1071 3731 1179 3795 illi,
1207 3746 1269 3785 ex
1301 3729 1495 3800 quibus
1524 3738 1795 3797 excerpta:
1821 3737 1946 3781 sunt

352 3827 512 3881 varire
539 3827 644 3880 illa:
674 3825 960 3881 lectiones.
994 3826 1060 3880 At
1087 3842 1216 3878 mss.
1243 3834 1298 3879 et
1319 3823 1602 3878 doctorum
1638 3821 1944 3877 nominibus

354 3922 479 3976 nihil
503 3923 646 3977 aliud
685 3933 880 3992 praster
913 3922 1073 3990 regim
1103 3919 1446 3974 bibliotheca:
1473 3917 1739 3983 codicem,
1770 3927 1823 3970 et
1849 3934 1941 3971 su-

355 4017 648 4082 perioribus
692 4015 1020 4069 editionihus
1067 4013 1385 4083 prwfectos,
1420 4019 1580 4081 atque
1606 4011 1944 4065 observatio-

358 4126 475 4164 ntttu
522 4111 877 4183 qttornmdatn
929 4119 1179 4164 auctores
1226 4106 1558 4180 signiﬁcasse
1589 4104 1942 4178 proculdubio

357 4203 574 4260 videtur.

425 4302 586 4356 Aliam
633 4301 945 4357 corumdem
996 4301 1257 4357 librorum
1283 4299 1601 4362 editionem,
1628 4297 1940 4368 Anttterpize

358 4409 486 4448 anno
515 4396 651 4451 160i
696 4396 1037 4466 publicatam,
1073 4395 1428 4450 Godeschalci
1452 4392 1742 4449 Stewechii
1772 4392 1940 4447 labori

359 4487 604 4544 debemus
627 4486 721 4558 (In
753 4488 898 4558 epist.
930 4489 1154 4543 dedicat.
1180 4488 1418 4559 Angusta
1436 4485 1782 4553 Trevirorum,
1805 4501 1940 4538 anno

363 4581 529 4652 1387).
581 4582 732 4637 llanc
779 4582 871 4635 ille
917 4583 1084 4637 variis
1127 4581 1451 4636 lectionibus
1483 4580 1686 4636 veteris
1722 4596 1942 4635 manus-

2053 3361 2198 3400 anno
2229 3347 2366 3402 1666
2395 3348 2605 3416 adjecta
2638 3359 2742 3404 est.
2775 3348 2976 3405 Verum
3005 3366 3127 3405 cum
3161 3351 3276 3407 bare
3305 3353 3444 3407 sicut
3483 3361 3539 3408 et
3567 3368 3661 3408 su-

2055 3437 2236 3507 perior
2257 3439 2325 3494 ad
2355 3441 2606 3511 antiquas
2632 3442 2918 3496 dumtaxat
2941 3443 3210 3499 editiones
3233 3443 3512 3499 adornata.-
3525 3445 3657 3510 sint,

2052 3534 2245 3589 iisdem
2302 3535 2660 3604 proculdubio
2717 3537 2946 3608 aliisque
2997 3540 3153 3593 novis
3198 3540 3655 3609 typographorum

2052 3626 2262 3680 mendis
2291 3629 2542 3697 vitiisque
2569 3628 2973 3700 adsperguntur
3000 3645 3063 3684 ac
3085 3631 3527 3701 coinquinantur.

2121 3720 2385 3786 Quamvis
2429 3737 2560 3787 ergo
2609 3723 2804 3793 singuli
2832 3725 3034 3795 quique
3061 3725 3375 3788 editionem,
3402 3729 3487 3782 cui
3517 3744 3657 3800 pra:-

2050 3815 2174 3870 fecti
2205 3817 2373 3881 fuere,
2407 3817 2698 3888 plurimum
2741 3819 3026 3886 extollant,
3050 3828 3214 3890 atque
3247 3820 3482 3876 inﬁnitas
3514 3822 3654 3876 alio-

2048 3925 2166 3963 rum
2223 3908 2462 3964 maculas
2513 3909 2714 3965 eluisse
2744 3911 3002 3967 audaCter
3029 3911 3390 3976 adseverent,
3439 3923 3656 3968 constat

2049 4002 2400 4056 nihilominus
2432 4002 2638 4056 nullam
2695 4002 2763 4057 ad
2814 4018 2912 4058 nos
2947 4006 3256 4074 pervenisse
3286 4006 3443 4074 plane
3468 4005 3652 4076 perfe-

2047 4107 2214 4162 ctam,
2249 4107 2303 4150 et
2352 4097 2605 4152 omnibus
2655 4099 2899 4154 numeris
2930 4099 3254 4154 absolutam.
3285 4099 3431 4154 Talis
3463 4111 3648 4155 autem

2048 4189 2340 4260 numquam
2399 4189 2589 4244 conﬁci
2636 4193 2854 4261 poterit.
2905 4194 3005 4246 nisi
3059 4203 3259 4262 praeter
3290 4203 3652 4249 memoratum

2045 4299 2075 4339 a
2106 4284 2263 4338 nobis
2296 4283 2436 4354 regis
2465 4285 2636 4338 nostri
2664 4284 3119 4347 cltristianissitni.
3153 4302 3216 4341 ac
3244 4287 3386 4342 forte
3415 4287 3651 4342 alterum

2045 4378 2474 4447 manuscriptutn
2514 4377 2759 4434 codicem
2785 4423 2801 4447 ,
2853 4380 2947 4435 alii
2987 4395 3018 4434 a
3052 4382 3285 4436 librariis
3342 4385 3651 4439 accuratius

2045 4479 2233 4548 setipli
2288 4481 2652 4550 reperiantur.
2681 4481 2737 4538 Si
2776 4483 2866 4554 qui
2916 4498 3046 4538 vero
3074 4498 3141 4538 ex
3196 4483 3650 4539 bibliothecarum

2046 4572 2236 4628 forulis
2289 4576 2486 4631 alicubi
2536 4579 2653 4632 erui
2711 4579 2938 4648 possint,
2976 4593 3098 4632 cum
3135 4579 3293 4633 editis
3345 4579 3648 4652 diligentis-

360 4675 539 4744 cripti,
596 4675 754 4729 sicuti
807 4674 1257 4741 observavimus,
1291 4691 1320 4730 a
1350 4674 1530 4729 Modio
1574 4675 1782 4740 missis,
1832 4691 1938 4731 non

2060 4667 2182 4722 sitne
2229 4671 2588 4739 componendi
2639 4682 2804 4737 sunt;
2836 4682 2999 4742 atque
3051 4681 3110 4725 ut
3166 4673 3388 4727 tollatur
3441 4681 3646 4741 textus,

361 4773 550 4820 tantum
602 4767 904 4822 auctiorem
959 4769 1144 4822 multis
1191 4770 1241 4822 itt
1288 4768 1455 4835 locis,
1493 4769 1589 4823 sed
1636 4770 1939 4826 emendatis

356 4861 502 4914 etiam
555 4862 855 4917 innumeris
902 4862 1181 4916 erroribus
1233 4862 1512 4918 meliorem
1545 4878 1605 4917 se
1637 4862 1832 4919 fecisse
1863 4864 1941 4918 af-

355 4956 543 5013 ﬁrmat.
581 4957 836 5011 Diversas
858 4967 1039 5012 autem
1067 4958 1180 5012 sive
1203 4957 1326 5011 libri
1356 4973 1517 5011 manu
1545 4957 1779 5023 exarati,
1827 4959 1941 5014 sive

347 5049 562 5103 aliarum
615 5049 914 5103 editionum
973 5051 1232 5104 lectiones
1302 5049 1621 5120 paginarum
1693 5051 1943 5121 ascripsit

345 5143 568 5212 margini
601 5162 614 5197 :
668 5152 830 5214 atque
877 5142 1016 5198 idem
1049 5186 1064 5209 ,
1122 5144 1575 5214 quemadmodum
1611 5145 1701 5201 ille
1733 5158 1936 5216 monet,

342 5238 583 5290 facturus
612 5246 730 5291 erat
755 5237 804 5290 in
832 5237 917 5298 iis,
965 5253 1084 5308 quae
1119 5235 1302 5292 Ursini
1324 5239 1487 5293 editio
1521 5239 1660 5295 bene
1692 5243 1940 5297 restituta

344 5345 451 5400 pra:
478 5345 535 5383 se
565 5330 690 5394 fert,
716 5330 761 5383 si
781 5340 978 5383 tantum
1011 5333 1181 5384 aliena
1201 5348 1234 5384 a
1261 5333 1366 5385 suis
1396 5331 1486 5386 ille
1510 5335 1817 5400 secrevisset,
1852 5352 1937 5388 ne.

341 5439 434 5494 que
481 5421 656 5474 omnia
687 5463 702 5488 ,
760 5433 815 5475 ut
869 5440 961 5476 sua
983 5465 998 5488 ,
1033 5439 1136 5477 uno
1168 5425 1444 5494 eodemque
1459 5425 1583 5494 jure
1617 5438 1938 5498 usurpasset.

344 5521 499 5572 Anno
527 5527 710 5572 autem
746 5517 908 5582 1654,
942 5517 1190 5572 Leander
1217 5519 1284 5574 de
1312 5519 1514 5574 Sancto
1529 5519 1756 5573 Martino
1785 5520 1942 5576 Ordi-

346 5611 458 5675 nis,
492 5613 665 5665 sancti
720 5611 994 5666 Benedicti
1029 5613 1328 5669 monachus
1354 5655 1369 5678 ,
1412 5623 1468 5668 et
1504 5617 1940 5684 congregationis

343 5707 633 5775 angliCana:
665 5705 908 5774 ejusdem
941 5707 1144 5760 ordinis
1162 5723 1363 5778 praeses
1381 5707 1673 5779 generalis,
1695 5709 1940 5764 eamdem

346 5798 632 5856 Stewechii
664 5799 960 5856 editionem
980 5801 1134 5856 novis
1155 5801 1293 5875 typis
1309 5803 1470 5856 Dttaci
1497 5801 1680 5856 recudi
1703 5803 1939 5858 curavit.

346 5893 442 5944 Sed
466 5893 513 5944 ei
548 5891 678 5944 nihil
711 5893 900 5961 adjecit
935 5894 1097 5946 aliud.
1130 5910 1288 5961 quant
1318 5895 1591 5964 paratitla,
1629 5910 1726 5950 seu
1747 5895 1940 5950 breves

2044 4761 2222 4832 quoad
2289 4763 2402 4816 ﬁeri
2437 4763 2656 4832 poterit,
2693 4763 2966 4831 confusio,
2999 4765 3050 4817 in
3084 4765 3258 4836 capita
3292 4775 3349 4820 et
3377 4765 3651 4822 sectiones

2046 4856 2322 4923 distingui,
2345 4858 2601 4929 claraque
2627 4858 2865 4930 capitum
2899 4867 2954 4914 et
2993 4859 3296 4916 sectionum
3325 4869 3647 4933 argumenta

2046 4947 2277 5024 proferri
2308 4952 2530 5009 debent.

2626 5087 2922 5131 ARTICULUS
2961 5089 3036 5130 γι.

2139 5202 2216 5254 De
2239 5205 2481 5255 variorum
2506 5208 2558 5256 in
2581 5209 2671 5258 hos
2693 5207 2846 5258 libros
2867 5211 2994 5260 notis
3017 5217 3070 5260 et
3091 5207 3540 5260 observationibus.

2117 5335 2310 5390 Plures
2349 5336 2661 5392 arnobianis
2704 5337 2858 5392 libris
2884 5337 3113 5393 edendis
3141 5335 3439 5408 prazpositi,
3482 5342 3648 5405 atque

2045 5428 2136 5484 alii
2187 5431 2346 5484 etiam
2381 5431 2481 5486 viri
2529 5431 2672 5487 docti
2729 5441 2888 5486 notas
2917 5432 2970 5486 in
2998 5446 3093 5486 eos
3137 5440 3191 5486 et
3239 5427 3648 5485 observationes

2045 5523 2352 5579 ediderunt.
2387 5524 2627 5580 Primum
2669 5525 2815 5581 enim
2847 5525 3071 5579 Latinus
3095 5524 3337 5579 Latinius
3360 5537 3560 5595 paucas
3590 5523 3649 5579 in

2047 5617 2169 5671 illos
2195 5633 2318 5671 cum
2349 5618 2522 5672 varias
2545 5619 2804 5673 lectiones
2835 5627 2945 5672 tum
2975 5616 3384 5672 observationes
3409 5627 3462 5671 et
3490 5625 3647 5671 notas

2047 5709 2264 5779 reliquit
2323 5708 2520 5782 (Latin.
2568 5711 2799 5764 bibltotlt.
2856 5725 2988 5763 διιεῖ.
3047 5718 3095 5762 et
3146 5712 3379 5780 prafan.,
3437 5708 3642 5778 p.98).

2046 5801 2152 5857 Sed
2187 5802 2316 5856 nihil
2349 5803 2493 5858 aliud
2521 5803 2672 5858 nobis
2694 5801 2912 5856 exhibet
2950 5817 3110 5873 quam
3143 5819 3268 5858 suas
3295 5802 3641 5873 aliorumque

2043 5895 2402 5964 quorumdam
2432 5896 2792 5965 conjecturas.
2824 5895 3088 5955 Meursius
3119 5896 3317 5955 deinde
3345 5911 3488 5954 anno
3507 5905 3648 5953 teta-
