3904 6326
410 299 520 356 iis
1658 281 2111 343 DISSEBTATIO
2148 282 2428 343 PREVIA
3586 300 3677 358 ω

406 414 484 470 tis
514 426 629 468 suae
679 409 897 465 decimo
942 418 1110 470 nono,
1137 403 1338 460 Christi
1364 410 1547 459 autem
1573 400 1737 466 1598,
1771 399 2019 455 Criticum
2045 405 2101 467 Α
2123 408 2279 459 extra
2311 400 2509 467 aleam,
2540 411 2597 457 et
2624 399 2862 458 auctoris
2889 401 3245 472 propositum,
3269 418 3369 463 nec
3393 421 3555 478 pauca
3572 418 3678 485 qui-

406 507 784 569 arnobianum,
834 499 1085 567 Lugduni
1112 498 1442 554 Batavorum
1487 496 1630 569 typis
1671 495 2015 552 elzevirianis
2120 495 2247 552 dem
2277 511 2398 568 qua:
2417 494 2485 552 ad
2514 494 2921 566 grammaticam
2953 504 3160 551 tantum
3186 498 3475 571 pertinent,
3499 516 3551 560 et
3573 510 3678 578 qui-

409 603 745 671 impressum
770 592 960 650 edidit.
991 590 1101 646 Nos
1143 598 1327 646 autem
1357 589 1593 644 monitos
1619 586 1749 644 facit
1775 602 1837 643 se
1872 584 2017 642 Cran—
2121 588 2224 645 bus
2248 590 2443 645 similia
2486 589 2801 645 arnobianis
2825 588 2989 645 verba
3020 590 3347 663 quandoque
3367 594 3679 657 exhibentur.

411 704 561 763 'ero,
590 690 682 763 qui
736 686 928 745 eadem
987 678 1387 750 meditabatur;
1424 680 1527 736 nisi
1553 681 1671 752 ejus
1723 678 2015 752 permissu,
2105 681 2335 738 lErroris
2362 680 2579 753 quoque
2604 690 2886 737 auctorem
2915 692 3158 736 nostrum
3202 698 3587 759 nonnumquam
3608 706 3683 748 ar-

411 785 616 858 praeire
647 780 910 846 noluisse,
943 792 1012 833 ne
1041 776 1234 833 falcem
1259 789 1414 831 suam
1436 775 1490 851 in
1517 774 1747 830 alienam
1776 788 2012 829 messem
2126 790 2291 847 guere
2318 790 2428 830 non
2456 787 2697 842 veretur,
2727 790 2797 830 an
2839 775 3037 830 merito
3056 774 3142 829 vel
3173 774 3389 846 iniuria,
3418 792 3589 850 postea
3614 787 3685 840 vi-

416 875 676 948 injecisse
719 880 1056 943 argueretur.
1110 867 1193 923 Eo
1243 882 1406 939 porro
1432 864 1488 923 in
1528 881 1697 939 opere
1750 881 1861 922 non
1912 868 2022 922 alio
2124 867 2391 925 debimus.
2435 868 2718 924 Postremo
2762 869 2995 940 ingenue
3043 868 3332 924 conﬁtetur
3376 871 3592 941 plurima
3635 891 3688 933 se

414 970 532 1027 fere
558 964 891 1031 collineavit,
932 977 1093 1035 quam
1138 971 1196 1017 ut
1247 960 1534 1016 arnobiani
1581 971 1764 1017 textus
1804 976 2021 1017 errores
2126 952 2576 1029 praetermisisse;
2630 976 2751 1032 quae
2807 959 2977 1027 falsa,-
3030 969 3285 1030 corrupta
3353 971 3408 1017 et
3481 964 3686 1023 obscura

419 1062 628 1132 absque
668 1058 780 1114 ullo
806 1055 998 1113 codice
1026 1053 1255 1122 inedito,
1283 1053 1381 1109 sed
1411 1053 1629 1126 proprio
1655 1062 1848 1120 marte,
1872 1055 2023 1126 juve-
2126 1065 2273 1112 sunt.
2590 1114 2591 1117 η

415 1152 624 1224 nitique
653 1150 872 1223 ingenio
926 1146 1266 1203 emendaret.
1304 1145 1532 1227 Fatetur
1562 1157 1741 1202 tamen
1769 1162 1801 1203 a
1827 1162 1889 1202 se
1915 1149 2016 1203 im-
2198 1148 2436 1222 Longior
2478 1164 2608 1206 vero
2665 1158 2749 1205 est
2796 1148 2853 1204 in
2893 1148 3010 1204 suis
3055 1146 3603 1205 animadversionibus
3645 1161 3693 1208 et

418 1256 645 1321 petrare
688 1258 797 1300 non
832 1240 1120 1314 potuisse,
1160 1239 1289 1310 quin
1338 1238 1511 1295 labori
1543 1239 1805 1307 intentus,
1852 1255 2026 1312 eoque
2129 1245 2271 1301 notis
2305 1244 2590 1311 lleraldus,
2623 1243 2718 1300 sed
2770 1242 3111 1313 frequentius
3161 1257 3325 1313 quam
3372 1241 3693 1299 Elmenhors-

419 1338 700 1403 iutitatus,
740 1332 1037 1406 aliquando
1076 1341 1230 1388 extra
1278 1331 1587 1402 propositos
1612 1336 1932 1389 ex'curreret

2153 1343 2258 1410 ius,
2280 1342 2353 1398 ab
2378 1342 2617 1397 auctoris
2667 1339 2943 1412 prOposito
2984 1338 3302 1411 digreditur.
3355 1336 3412 1393 ln
3464 1338 3541 1393 his
3568 1340 3692 1395 enim

418 1433 609 1490 mites.
634 1430 805 1499 Quam
835 1426 984 1483 felici
1012 1435 1197 1482 autem
1225 1439 1480 1482 successu
1500 1422 1554 1481 id
1573 1428 1769 1498 egerit,
1798 1427 2028 1498 probant
2140 1437 2265 1492 data
2296 1436 2447 1491 citati
2475 1451 2506 1490 τι
2537 1450 2597 1491 se
2635 1434 2862 1505 alicujus
2904 1431 3184 1503 scriptoris
3231 1432 3543 1498 occasione"
3577 1432 3695 1487 ultra

422 1537 578 1582 οθΐιθ
606 1530 688 1578 ῑοι
707 1518 908 1578 erum“
936 1518 1256 1589 scriptores.
1287 1519 1377 1587 (Ιιιί
1407 1529 1597 1589 Ροεῑῑιεει
1624 1521 2027 1592 ωῧηυεετίριο·
2132 1530 2332 1587 laudati
2361 1538 2540 1586 textus
2582 1528 3019 1584 emendationem
3046 1525 3134 1581 vel
3176 1525 3580 1596 explicationem
3623 1526 3695 1580 ni-

419 1633 547 1676 rum
576 1612 782 1673 auxilio
834 1612 1122 1668 innumera
1159 1620 1340 1666 textus
1367 1612 1609 1668 auctoris
1632 1614 1807 1669 DOSlI'i
1834 1616 2028 1671 menda
2131 1623 2303 1678 mium
2345 1622 2601 1688 excurrit,
2637 1620 2899 1692 pluraque
2943 1618 3189 1690 congerit,
3217 1617 3286 1672 ad
3315 1616 3461 1674 clara
3500 1618 3697 1673 Amobii

426 1721 487 1769 ει
545 1708 772 1767 “linem
828 1720 1025 1763 ⁵³1³³³⁸⁸
1088 1704 1270 1761 οοηδιί
1297 1746 1314 1772 ο
1384 1704 1536 1761 illum
1590 1705 1770 1763 adhuc
1830 1708 2030 1764 εποΐὶ·
2134 1718 2298 1774 verba
2326 1716 2590 1771 inutiliter
2619 1713 2961 1784 explicanda.
2992 1711 3178 1783 Neque
3205 1721 3384 1769 tamen
3412 1711 3699 1782 negabimus

422 1804 529 1863 bus
593 1800 1004 1874 quamplurimis
1073 1796 1437 1855 deformatum
1488 1798 1799 1869 relinquere
1853 1802 2028 1858 coacti
2060 1816 2109 1876 B
2134 1812 2188 1867 in
2214 1811 2322 1868 illis
2340 1825 2491 1882 sape
2513 1812 2631 1880 ejus
2668 1808 3027 1875 eruditionem
3051 1823 3118 1863 eo
3141 1806 3313 1878 magis
3338 1807 3586 1869 emicare,
3609 1820 3700 1876 quo

422 1906 574 1954 ευηι-
2133 1904 2393 1971 breviori,
2425 1902 2582 1960 sicuti
2609 1902 2868 1969 diximus,
2912 1901 3174 1973 temporis
3219 1899 3503 1956 intervallo
3553 1905 3700 1954 totum

495 1987 834 2063 Quapropter
879 1987 926 2042 is
954 1985 1287 2069 arnobiauus
1326 1984 1572 2052 criticus,
1600 2000 1632 2040 a
1659 1984 1894 2063 Meursio
1911 1987 2025 2045 elue
2135 2010 2274 2067 opus
2302 2010 2362 2052 se
2391 1996 2689 2069 perfecisse
2714 1994 2979 2052 adseruit.

421 2080 722 2146 cubratus,
765 2077 1118 2161 Theodorum
1164 2066 1461 2134 Canterum
1506 2093 1615 2134 non
1659 2079 1963 2136 deterruit,

2176 2066 2355 2145 iDuos
2381 2066 2715 2161 liulengerus
2761 2091 2814 2144 in
2844 2088 3143 2145 Arnobium
3200 2089 3519 2160 Eclogarum
3558 2085 3703 2140 libros

422 2173 651 2239 edendis
680 2172 738 2228 in
769 2171 997 2229 Aruobti
1046 2170 1218 2227 libros
1269 2170 1415 2227 notis
1444 2182 1501 2227 et
1533 2171 2027 2240 observationibus.
2136 2186 2369 2251 Tolosae,
2399 2199 2544 2241 anno
2575 2183 2741 2250 ista,
2774 2183 2961 2239 edidit.
2991 2181 3047 2236 In
3080 2182 3254 2253 primo
3293 2181 3454 2237 variis
3485 2188 3587 2234 tam
3630 2191 3703 2232 sa-

425 2285 563 2342 quas
582 2278 764 2334 antea,
790 2266 868 2323 uti
884 2266 1140 2332 diximus,
1162 2265 1441 2338 divulgare
1465 2263 1808 2322 decreverat.
1832 2266 2031 2324 Emen—
2136 2291 2376 2343 crurum,
2407 2291 2566 2347 quam
2600 2276 3004 2346 prephanorum
3056 2275 3382 2344 scriptorum
3409 2268 3704 2327 testimoniis

426 2363 544 2441 dati
580 2371 764 2417 autem
811 2376 842 2413 a
879 2374 961 2428 se,
1009 2368 1105 2414 aut
1149 2358 1476 2414 emendandi
1518 2368 1722 2422 textus.
1751 2362 1968 2418 arnobia

2162 2367 2393 2438 lumdam
2423 2367 2628 2423 stabilit
2655 2382 2721 2423 ac
2747 2366 3054 2433 conﬁrmat,
3081 2381 3205 2437 qua:
3235 2366 3290 2420 in
3319 2362 3537 2420 Arnohii
3577 2361 3704 2417 libris

426 2455 700 2513 rationem
741 2453 796 2509 in
829 2452 910 2508 eis
937 2451 1135 2518 reddit,
1169 2466 1233 2507 ac
1256 2453 1428 2507 multa
1453 2451 1678 2520 indicat,
1707 2470 1827 2525 qum
1853 2455 2031 2510 Arno-
2141 2460 2342 2530 scripta
2373 2459 2603 2531 legimus
2643 2459 2710 2515 de
2746 2459 2880 2524 Deo,
2909 2458 3031 2529 ejus
3072 2458 3365 2523 attributis,
3392 2463 3446 2511 et
3482 2454 3705 2510 humana:

428 2548 554 2606 bius
602 2563 671 2604 ex
713 2545 1002 2603 Clemente
1031 2544 1402 2601 Alexandrino
1448 2546 1789 2617 potissimum
1816 2546 2033 2604 desum-
2137 2553 2334 2608 anima:
2362 2551 2683 2623 incorporea
2712 2551 3114 2622 immortalique
3150 2561 3364 2605 natura.
3393 2546 3499 2605 Sed
3535 2558 3707 2615 magno

428 2642 560 2718 psit.
609 2640 790 2697 Pauca
833 2649 1016 2695 autem
1068 2636 1343 2708 explicat,
1401 2647 1633 2709 utroque
1682 2638 1884 2696 fatetur
1928 2642 2033 2696 alia
2138 2644 2354 2723 silentio
2386 2644 2539 2715 plura
2565 2644 2669 2699 alia
2716 2644 2977 2715 praeteriit
3033 2659 3160 2721 quae
3188 2643 3273 2699 vel
3300 2639 3460 2715 paulo
3486 2638 3705 2702 liberius,

432 2737 597 2809 longe
627 2735 864 2807 plurima
892 2746 1212 2804 superesse,
1256 2746 1379 2802 quae
1425 2730 1730 2802 copiosiore
1770 2734 2035 2805 interpre-
2138 2738 2226 2793 vel
2274 2738 2562 2795 obscurius
2612 2736 2682 2793 ab
2732 2737 2824 2792 illo
2872 2737 3013 2793 dicta
3066 2736 3236 2795 fuisse
3290 2734 3445 2793 multi
3492 2745 3705 2803 conque-

430 2829 639 2887 tatione
680 2826 1014 2899 indigebant.
1058 2824 1231 2893 Quam
1261 2825 1332 2880 ob
1376 2838 1598 2881 causam
1638 2825 2034 2898 amplissimum
2138 2838 2360 2886 runtur.
2412 2840 2415 2849 ί

431 2926 494 2982 in
520 2922 624 2988 bos
653 2922 880 2980 Arnobii
904 2922 1075 2978 libros
1092 2920 1546 2975 commentarium
1572 2910 1724 2975 brevi
1761 2936 1823 2975 se
1854 2920 2034 2977 editu-
2214 2920 2465 2978 Secundo
2494 2921 2828 2992 Bulengerus
2858 2936 2958 2977 suo
2985 2921 3038 2976 in
3094 2921 3236 2978 libro
3265 2909 3380 2977 haec
3408 2920 3535 2974 citat
3558 2916 3708 2972 Arno-

428 3034 554 3075 rutn
581 3018 853 3093 pollicitus
885 3025 989 3072 est.
1018 3013 1126 3071 Sed
1172 3021 1349 3068 utrum
1391 3012 1554 3067 ﬁdem
1585 3012 1915 3079 liberaverit,
1943 3023 2036 3070 aut
2139 3014 2214 3070 bii
2255 3016 2457 3070 verba:
2496 3033 2516 3067 ι
2557 3014 2763 3069 Ridetis
2815 3016 3152 3085 temporibus
3192 3012 3386 3084 priscis
3414 2994 3598 3066 Persas
3619 3005 3706 3061 llu-

434 3128 534 3169 cur
587 3104 870 3182 promissis
914 3104 1023 3164 non
1068 3106 1306 3171 steterit,
1338 3106 1493 3163 nobis
1539 3106 1802 3163 hactenus
1830 3107 2035 3164 incom-
2139 3108 2284 3163 vium
2312 3107 2571 3175 coluisse,
2602 3107 2916 3163 memoralia
2950 3117 3007 3162 ut
3054 3104 3295 3162 indicant
3341 3104 3568 3174 scripta;
3596 3107 3708 3152 ut.

432 3213 672 3278 perium.

2163 3217 2247 3272 [ue
2296 3202 2461 3256 etiam
2511 3201 2641 3257 illa:
2673 3219 2692 3253 ι
2725 3200 2795 3256 Et
2842 3200 2982 3256 inter
3022 3201 3278 3278 Assyrios
3305 3209 3361 3257 et
3401 3194 3705 3254 Bactrianos,

510 3295 743 3368 Scripsit
772 3290 937 3351 etiam
980 3290 1322 3351 Stewechius
1350 3291 1579 3363 duplicis
1606 3292 1820 3363 generis
1852 3292 1906 3346 in
1932 3308 2029 3348 au-
2139 3294 2280 3350 Nino
2303 3294 2538 3365 quodam
2578 3294 2974 3364 Zoroastreque
3006 3276 3352 3358 ductoribus,
3381 3307 3484 3346 non
3530 3296 3709 3343 tantum

439 3392 613 3450 cteris
636 3387 813 3445 nostri
841 3388 1010 3443 libros
1039 3384 1559 3450 animadversiones,
1587 3399 1817 3454 quarum
1850 3385 2037 3454 prima:
2139 3390 2286 3446 rei-ro
2314 3390 2684 3457 άίιηίοω-θιυτ,
2713 3399 2769 3445 οι
2815 3389 3041 3456 viribus,
3064 3404 3254 3444 verum
3301 3389 3463 3444 etiam
3518 3380 3712 3452 magicis

437 3487 508 3541 ab
525 3500 592 3542 eo
613 3481 843 3554 syllabus
884 3480 1185 3559 electorum,
1209 3477 1464 3533 secunda:
1489 3476 1648 3531 electa
1671 3477 1979 3547 appellantu

2164 3493 2201 3540 ξι
2243 3483 2619 3540 Chaldaeorum
2643 3500 2708 3539 ex
2760 3484 3057 3540 reconditis
3098 3482 3401 3554 disciplinis
3437 3501 3457 3534 ι
3487 3473 3706 3553 (Αγηοὺη

436 3577 496 3638 1n
527 3574 918 3650 posterioribus
934 3574 1089 3643 plura
1109 3570 1335 3630 Arnobii
1363 3570 1524 3626 verba
1542 3579 1599 3626 et
1624 3572 1922 3625 sententias
1949 3573 2037 3627 vel
2142 3578 2233 3634 lib.
2268 3593 2341 3642 vn,
2375 3595 2428 3645 ν.
2481 3576 2626 3642 196ς
2659 3588 2713 3631 et
2757 3575 2848 3630 lib.
2900 3592 2938 3644 t,
2962 3593 3016 3645 ρ.
3069 3575 3146 3645 5).
3186 3574 3439 3649 Hisgvero
3464 3572 3713 3627 dumtaxat

438 3689 510 3729 ex
536 3670 753 3742 ingenio
780 3678 837 3724 8|-
862 3666 1252 3730 llleﬂlbl'alleisi
1292 3664 1367 3720 “li
1410 3664 1506 3729 υἱι,
1538 3660 1818 3718 ϐοάλοὶὺιιε
1852 3679 2038 3719 θιιιϐιι·
2142 3670 2366 3726 Arnobii
2392 3670 2594 3737 verbis,
2622 3680 2895 3739 tamquam
2917 3644 3076 3734 huius
3102 3644 3329 3723 secundi
3358 3663 3479 3720 libri
3511 3660 3585 3715 sui
3613 3659 3711 3712 the-

437 3765 570 3820 dare
595 3773 650 3818 et
676 3762 972 3826 illustrare,
996 3763 1081 3813 vel
1100 3744 1328 3812 aliorum
1360 3754 1687 3827 scriptorum
1718 3757 2039 3812 auctoritate
2147 3774 2290 3819 male
2317 3774 2372 3819 et
2399 3774 2720 3833 argumento
2744 3761 3055 3833 propositis,
3085 3760 3255 3816 multa
3284 3760 3516 3829 undique
3534 3749 3711 3820 colligit

340 3871 350 3885 ο
435 3856 765 3919 conﬁrmare
796 3868 894 3924 pro
924 3850 1064 3906 virili
1113 3859 1266 3921 parte
1312 3863 1410 3903 sua
1441 3847 1755 3907 connititur.
1786 3847 1877 3931 Syl

2162 3867 2198 3913 :t
2251 3857 2557 3913 accumulat
2597 3856 2664 3911 de
2714 3855 2918 3923 Persis,
2961 3854 3150 3919 Medis,
3209 3853 3444 3917 Parthis,
3473 3843 3704 3918 Assyriis.

436 3964 573 4007 vero
602 3948 903 4004 electorum
952 3953 1037 4000 est
1086 3942 1250 3998 totius
1304 3943 1507 4013 operis,
1541 3952 1601 3996 ut
1649 3930 1765 3997 haec
1816 3930 1924 3996 fert
1956 3942 2039 3998 in-
2141 3948 2479 4022 Babyloniis,
2520 3948 2712 4020 Magis,
2767 3947 3059 4013 Chaldaeis,
3108 3947 3429 4018 illorumque
3475 3940 3707 4001 moribus,

434 4040 688 4114 scriptio,
719 4038 1127 4111 compendium,
1158 4037 1302 4121 quod
1353 4035 1485 4091 nihil
1518 4049 1699 4091 tamen
1740 4035 1907 4104 aliud,
1935 4037 2037 4092 nisi
2142 4045 2249 4100 diis
2279 4053 2334 4100 et
2373 4044 2562 4107 sacris,
2594 4059 2716 4115 quae
2751 4058 2780 4095 a
2810 4041 3053 4097 Barnaba
3087 4041 3365 4097 Brissonio
3416 4041 3468 4093 in
3518 4049 3610 4090 suo
3654 4029 3711 4084 de

437 4133 797 4215 (ἰυοωιυάίιιη
827 4131 1120 4189 verborum
1146 4129 1589 4199 θκυιίείιὶίυυθιη,
1616 4136 1670 4184 et
1694 4128 1954 4185 nonnulla
1980 4130 2037 4186 in
2142 4137 2372 4206 imperio
2399 4136 2689 4191 Persarum
2716 4134 2856 4189 libro
2880 4138 3082 4188 omissa
3105 4130 3346 4189 fuerunt.
3364 4126 3469 4189 Sed
3489 4128 3601 4200 quis
3620 4137 3709 4180 non

437 4228 525 4285 his
552 4212 781 4285 Αωοωὶ
809 4226 964 4282 libris
990 4232 1178 4279 notato
1206 4222 1367 4293 digna
1398 4212 1643 4280 exhibet.
2149 4228 2300 4284 videt
2325 4229 2443 4284 bmc
2469 4229 2652 4284 omnia
2681 4243 2787 4281 non
2817 4227 2990 4297 magis
3020 4227 3316 4283 Arnobium
3350 4235 3584 4281 nostrum
3605 4231 3710 4288 spe-

454 4396 459 4401 ν
511 4320 978 4392 Quemadmodum
1010 4333 1145 4374 vero
1174 4314 1616 4372 Elmenhorstius
1655 4313 1789 4370 duas
1839 4315 2040 4387 publici
2144 4331 2315 4387 ctare,
2362 4319 2523 4391 quam
2570 4316 2908 4376 Clementem
2957 4316 3428 4385 Alexandrinum,
3474 4325 3527 4370 et
3569 4310 3708 4366 alium

441 4418 581 4492 juris
637 4417 765 4472 fecit
816 4412 1132 4471 earumdem
1174 4410 1404 4467 Arnobii
1458 4408 1720 4465 librorum
1751 4409 2037 4479 editiones,
2144 4408 2441 4492 quemlibet
2467 4414 2830 4484 scriptorem,
2858 4412 2948 4482 qui
2971 4411 3373 4483 eadem,atque
3392 4407 3546 4465 etiam
3574 4405 3709 4470 longe

440 4516 519 4572 ita
546 4509 970 4581 uniuscujusque
1019 4504 1183 4562 vat-iis
1213 4500 1356 4560 nolis
1387 4496 1725 4559 illustrandae
1753 4520 1893 4560 onus
1916 4518 2036 4560 sus-
2145 4506 2298 4579 plura
2326 4478 2618 4561 deiisdem
2651 4502 2870 4576 populis
2900 4505 3177 4569 memoria:
3206 4495 3588 4574 prodiderunt?
3613 4492 3709 4549 Huc

443 4600 610 4678 cepit.
636 4592 695 4660 lu
724 4602 894 4675 ptima
922 4613 1104 4656 autem
1135 4592 1374 4655 editione
1429 4592 1763 4653 brevissimis
1811 4606 2039 4653 annota-
2062 4612 2118 4675 Ι)
2143 4594 2373 4665 accedit,
2404 4592 2551 4669 quod
2602 4614 2665 4653 ea
2711 4597 2895 4658 omnia
2946 4614 3067 4667 qua:
3097 4594 3242 4652 idem
3274 4595 3598 4664 Bulengerus
3617 4600 3708 4641 non

440 4698 683 4760 tionibus
714 4692 891 4752 varias
923 4703 1101 4750 textus
1147 4682 1373 4747 Arnobii
1412 4688 1675 4744 lectiones
1704 4687 1924 4755 indicat,
1948 4704 1979 4743 a

2166 4690 2263 4750 sine
2297 4693 2482 4748 labore
2507 4703 2562 4748 et
2590 4686 2790 4763 vigiliis
2821 4707 2881 4747 se
2907 4691 3230 4762 compilasse
3258 4686 3409 4756 dicit,
3442 4679 3569 4740 nihil
3611 4679 3708 4733 fere

439 4794 561 4866 eius
601 4790 746 4847 dicta
794 4787 972 4844 citatis
1018 4784 1161 4855 saepe
1208 4778 1436 4838 aliorum
1472 4793 1750 4837 auctorum
1779 4778 1952 4845 libris,
1988 4782 2042 4837 et
2145 4784 2211 4841 ad
2251 4782 2463 4839 illorum
2493 4782 2794 4838 aliorumve
2843 4780 3071 4837 Arnobii
3102 4781 3396 4839 verborum
3426 4772 3709 4833 conducunt

438 4902 569 4945 raro
592 4881 776 4941 verbis
806 4868 1162 4937 corroborare
1207 4875 1448 4931 molitur.
1496 4875 1839 4945 Quapropter
1868 4873 1921 4929 iu
1953 4890 2039 4930 se-
2145 4876 2240 4934 aut
2261 4876 2702 4947 explicationem,
2727 4872 2821 4929 aut
2842 4873 3275 4944 intelligentiam.

436 4980 618 5039 cunda
644 4976 884 5034 editione
925 4972 1080 5038 alias,
1112 4970 1197 5025 his
1227 4970 1497 5041 plerisque
1523 4966 1779 5023 omnibus
1806 4956 2035 5036 relictis,
2216 4964 2386 5027 Porro
2414 4968 2592 5025 autem’
2644 4966 2710 5024 ex
2759 4968 2843 5022 his
2886 4984 3007 5037 qua)
3055 4984 3085 5021 ιι
3138 4962 3295 5023 nobis
3323 4965 3457 5022 citi-gi
3485 4966 3560 5017 tot
3586 4955 3708 5011 viroo

443 5069 764 5143 divulgavit.
793 5067 1079 5123 Lectorem
1100 5076 1231 5117 vero
1247 5062 1402 5116 silillri
1434 5061 1688 5116 admonet
1714 5074 1775 5115 se
1802 5061 1857 5114 in
1881 5075 1984 5115 nov

2165 5078 2284 5133 'utn,
2314 5062 2544 5138 qucruiii
2574 5062 2788 5117 labores
2817 5071 2873 5118 et
2919 5060 3283 5117 eruditionem
3330 5054 3617 5114 laudamus,
3643 5044 3707 5099 vi‘

437 5170 546 5227 illis
576 5159 1054 5222 obstat-rationibus
1104 5156 1156 5212 id
1200 5154 1539 5227 potissimum
1579 5153 1779 5226 egisse,
1806 5163 1864 5208 ut
1911 5166 1979 5208 se]

2165 5154 2534 5231 hperatioiieni
2567 5154 2855 5211 observata
2897 5165 3056 5221 sunt,
3104 5171 3263 5209 nemo
3294 5168 3443 5216 sane,
3472 5147 3543 5204 uti
3572 5148 3704 5215 pitta-

440 5278 563 5320 sum
586 5256 851 5322 aUClOI'iS.
879 5251 972 5308 ubi
1000 5249 1284 5306 Obscurim‘
1304 5257 1410 5314 εει»
1440 5256 1549 5301 iam
1589 5247 1847 5314 ιη’θνίιθΐ,
1872 5261 2036 5317 quam
2142 5269 2288 5319 mus,
2319 5232 2638 5307 dil‘litchitur
2679 5248 2832 5320 plura
2861 5244 2915 5303 in
2962 5234 3191 5304 Arnobii
3221 5246 3375 5304 libris
3415 5243 3628 5299 obscura
3654 5245 3707 5287 ac

438 5352 629 5430 aperte
671 5350 970 5422 explicaret
1011 5355 1067 5401 et
1114 5336 1565 5414 interpretaretur
1611 5338 1703 5414 (In
1749 5343 1942 5396 monito
1968 5343 2037 5396 ad
2142 5330 2468 5405 difﬁcillima
2506 5340 2573 5430 de
2600 5343 2765 5398 variis
2794 5341 2958 5397 rebus
3010 5332 3329 5412 prepltanis,
3361 5352 3425 5394 ac
3469 5330 3705 5430 praecipue

440 5418 695 5519 factum).
727 5418 836 5501 Sed
889 5435 1133 5512 quamvis
1170 5434 1421 5492 brevitati
1474 5444 1534 5489 se
1575 5433 1845 5490 studuisse
1876 5436 2038 5505 proll-
2142 5438 2436 5500 christiana
2486 5418 2808 5519 religione,
2865 5435 3147 5507 sacrisqtle
3205 5436 3350 5490 illitis
3398 5420 3705 5499 dogmatibus

440 5514 665 5613 teatur,
727 5542 942 5593 bouslat
995 5532 1176 5588 lameli
1225 5530 1278 5584 ίιι
1328 5522 1881 5583 Μὶίῐηδάνετείοηίῦυε
1933 5525 2040 5583 illis
2142 5536 2262 5594 loca
2292 5533 2540 5606 reperiri,
2578 5550 2699 5603 quae
2731 5514 2799 5586 ab
2828 5531 3082 5586 omnibus
3123 5515 3706 5601 praetermissaJnajOFC

443 5624 619 5693 inulta
647 5628 878 5687 inveniri
923 5622 1326 5697 supervacanea
1374 5628 1537 5691 atque
1585 5614 1815 5685 iltutllia,
1847 5617 2041 5689 quibus
2145 5642 2353 5698 tamen,
2382 5624 2539 5700 quam
2591 5630 2788 5682 cum“
2844 5625 3024 5679 omnia
3080 5623 3427 5695 expositione
3471 5612 3703 5682 indigem.

444 5721 540 5787 res
570 5723 888 5783 clariSsimze
919 5728 982 5776 ac
1012 5714 1462 5786 notissimae,ulla
1487 5713 1693 5784 absque
1724 5713 2042 5770 necessitate
2142 5720 2226 5780 Ad
2258 5738 2320 5778 ea
2346 5718 2514 5793 igitur
2541 5704 2863 5789 explicanda
2894 5724 2950 5772 ει
2993 5710 3385 5777 conﬁrmanda,
3409 5714 3496 5764 aut
3534 5704 3709 5793 impio—

451 5825 795 5893 exponuntur
822 5810 1350 5883 conlirmanturque.
1400 5807 1562 5866 Plura
1589 5802 1753 5866 etiam
1802 5804 2044 5878 reperies
2150 5815 2330 5874 nanda
2368 5781 2431 5873 ξι
2458 5781 2760 5884 reﬁcienda
2803 5809 2970 5878 totius
2999 5806 3198 5877 neStrl,
3228 5804 3603 5878 qualecumque
3635 5781 3710 5854 sil,

3764 5600 3771 5677 ι
