3904 6326
317 299 426 358 495

1564 297 1632 354 av
1673 291 2053 372 animum,
2095 299 2247 358 car.
2288 299 2381 358 ut.

3522 299 3628 356 406

319 416 522 488 ingenii
560 415 787 488 viribus,
816 429 882 474 ac
926 417 1088 474 solito
1129 429 1282 474 more
1331 425 1523 475 nostro
1572 428 1627 474 et
1679 419 1922 478 candore
1952 432 2004 492 Α
2027 433 2133 496 que
2161 427 2425 490 nitantur,
2449 435 2504 482 et
2527 426 2595 482 ad
2628 426 2790 484 fidem
2828 426 2975 483 illius
3005 425 3370 498 abrogandam
3394 433 3622 481 conten-

318 511 707 568 coanitendum
737 521 842 569 est.

899 690 903 696 -
952 651 1184 712 CAPUT
1226 655 1312 712 Ill.

319 785 490 842 Nam
515 787 572 842 in
609 787 826 843 Arnobii
856 787 1012 842 tibros
1033 790 1432 856 observatione,
1460 805 1522 846 ae
1551 793 1778 862 primum
1803 809 1925 849 exa-

395 882 625 936 minator
653 882 834 952 quibus
862 883 1177 950 argumentis
1205 881 1461 939 Arnobius
1490 886 1757 941 ueritatem
1785 887 1924 942 chri-

394 974 578 1028 stiana
604 975 872 1046 religionis
897 975 1233 1029 demonstrat.

959 1150 1247 1192 ARTICULUS
1287 1153 1325 1192 Ι.

312 1269 1154 1346 QuomodoArnobiuschristianm
1179 1275 1439 1346 religionis
1464 1280 1725 1346 veritatem
1746 1313 1760 1340 ,
1785 1281 1924 1346 prius

377 1333 669 1404 E-P!Ul'_lb_l‘ls
694 1344 951 1404 assertam
981 1373 994 1397 ,
1039 1351 1133 1404 nec
1169 1333 1361 1404 vindice
1382 1340 1709 1404 _indigeutem
1729 1333 1924 1404 {v'ariis

378 1395 561 1447 Christi
585 1395 1033 1464 discipulorumqne
1060 1400 1169 1464 ejus
1193 1402 1440 1452 miraculis
1464 1395 1699 1455 vindicet.

393 1568 705 1639 Praecipuus
735 1569 960 1627 Arnobii
1005 1573 1057 1627 in
1091 1573 1394 1630 scribendis
1423 1574 1526 1644 his,
1555 1579 1629 1632 ttti
1661 1577 1918 1652 vidimus,

318 1661 479 1718 libris
529 1678 723 1734 scopas
755 1665 983 1736 finisque
1012 1665 1126 1731 fuit,
1163 1677 1221 1721 ut
1273 1667 1584 1724 Christianae
1642 1672 1923 1742 religionis

314 1754 610 1810 veritatem
641 1757 805 1810 variis
840 1761 1172 1828 argumentis
1205 1768 1312 1814 tant
1367 1761 1728 1833 evidentibus,
1761 1780 1922 1834 quam

311 1849 482 1903 certis
515 1857 570 1903 et
617 1849 1005 1906 invictissintis.
1045 1850 1462 1907 demonstraret.
1492 1851 1750 1921 Quamvis
1773 1856 1921 1911 enim

321 1940 668 1995 sanctissima
711 1941 852 1996 illius
899 1943 1153 2015 mysteria
1185 1953 1239 1998 et
1271 1944 1593 1999 documenta
1621 1948 1729 2001 sint
1772 1947 1922 2004 altis-

313 2035 480 2102 sima,
513 2051 838 2106 omnemque
871 2037 1120 2092 htunantc
1145 2037 1351 2092 tuentis
1378 2049 1595 2107 captum
1618 2049 1914 2112 superent,

320 2125 457 2181 nulli
484 2136 662 2181 tamen
701 2141 848 2182 same
898 2131 1096 2184 mentis
1145 2130 1350 2183 homini
1408 2131 1631 2185 dubiant
1674 2148 1795 2188 esse
1828 2149 1922 2203 po-

314 2229 428 2275 test
480 2222 607 2292 quin
640 2221 870 2292 plurima
914 2222 1072 2276 nobis
1094 2231 1384 2293 suppetant
1413 2223 1714 2279 certissima
1755 2227 1922 2281 ratio-

315 2328 451 2367 num
500 2323 798 2381 momenta,
832 2315 1121 2385 pluresque
1167 2328 1364 2384 pra-Sto
1410 2317 1538 2383 sint,
1566 2331 1698 2388 quas
1747 2315 1921 2388 philo-

314 2405 474 2477 sophi
506 2407 782 2478 appellare
822 2409 999 2464 solent
1059 2405 1578 2479 demonstrationes,
1627 2413 1820 2484 quibus
1851 2413 1920 2468 il-

320 2501 433 2554 lius
475 2501 718 2566 veritas,
770 2513 932 2572 atque
989 2503 1124 2557 adeo
1185 2505 1526 2574 supersitiosi
1578 2505 1922 2562 ethnicorum

318 2595 503 2650 cultus
530 2595 740 2651 falsitas
769 2595 1213 2653 manifestissime
1242 2600 1650 2669 comprobelur.
1682 2597 1785 2655 Eas
1820 2617 1918 2654 au-

316 2697 432 2744 tem
473 2688 732 2762 Tlteologi
780 2691 1050 2746 scolastici
1103 2693 1294 2746 motiva
1342 2693 1699 2749 credibilitatis
1726 2710 1921 2752 vocare

315 2779 647 2846 maluerunt,
676 2797 796 2851 qurc
821 2781 1037 2852 quidem
1063 2787 1232 2853 prima
1261 2791 1386 2837 sunt
1413 2782 1690 2855 religionis
1720 2795 1921 2841 nostra:

311 2864 666 2920 fundamenta
708 2878 762 2921 et
791 2866 951 2921 bases
974 2908 989 2931 ,
1020 2867 1216 2937 quibus
1246 2869 1454 2938 positis,
1485 2869 1549 2923 ad
1596 2873 1774 2925 omnia
1802 2870 1921 2942 ejus

314 2959 578 3029 mysteria
608 3003 621 3026 ,
669 2962 1070 3031 quantumlibet
1118 2962 1347 3017 obscura
1378 3004 1392 3027 ,
1441 2963 1752 3020 ﬁrmissime
1801 2979 1921 3022 cre-

312 3047 495 3104 denda
527 3053 834 3107 necessario
861 3052 1190 3122 impellimur
1221 3067 1284 3109 ac
1311 3056 1576 3124 cogimur.

387 3140 467 3195 Ex
517 3141 597 3196 eis
644 3158 776 3197 vero
815 3143 1060 3214 quaedam
1111 3144 1306 3215 sclegit
1343 3145 1624 3215 Arnobius
1655 3189 1670 3215 ,
1719 3147 1915 3220 illaque

2031 519 2196 573 tionis
2223 521 2389 574 unita:
2419 521 2764 576 animositate
2816 520 3148 590 conspirant.
3189 535 3208 572 ι
3243 517 3624 576 Defensionem

2031 612 2214 682 itaque
2269 611 2412 666 illlus
2461 626 2520 666 se
2567 614 2874 683 suscepisse
2900 611 3050 680 dicit,
3078 627 3189 668 non
3231 610 3358 668 ideo
3381 609 3624 683 quide,

2030 704 2172 775 quod
2202 705 2316 773 ipsa
2358 704 2659 773 patrocinio
2713 705 2892 760 alieno
2937 715 3114 775 egeat,
3145 703 3243 758 sed
3290 717 3360 758 ne
3397 702 3490 757 illa
3520 702 3624 757 im-
3691 747 3698 753 .

2028 798 2214 868 probis
2235 797 2738 864 calumniatoribus,
2769 797 3199 867 capitalibusque
3218 795 3337 866 ejus
3367 794 3621 862 inimicis,

2029 890 2318 960 aliquando
2367 892 2602 947 cessisse
2645 891 2943 947 videretur.
2969 891 3340 947 Esaminanda
3386 891 3625 962 itaquea

2031 984 2191 1039 nobis
2213 993 2342 1039 sunt
2369 984 2457 1039 illa
2483 993 2818 1052 argumenta,
2849 985 3045 1054 quibus
3067 983 3182 1040 hmo
3210 984 3301 1039 ille
3328 985 3526 1040 asserit
3567 999 3632 1040 ac

2031 1077 2392 1133 demonstrat.

2108 1171 2350 1226 Primum
2381 1181 2559 1227 autem
2590 1172 2659 1227 ab
2695 1187 2762 1228 eo
2784 1173 3087 1228 desumitur
3115 1185 3183 1226 ex
3207 1170 3436 1236 Christi,
3463 1172 3630 1228 disci-

2030 1265 2395 1335 pulormnqne
2422 1265 2538 1336 ejus
2587 1265 2886 1333 miraculis,
2915 1277 3037 1336 qua)
3068 1265 3309 1337 profecto
3341 1280 3450 1319 non
3477 1264 3627 1332 ficta,

2030 1362 2126 1416 sed
2172 1373 2298 1416 vera
2330 1381 2343 1426 ;
2377 1375 2484 1416 non
2523 1363 2686 1427 clam,
2721 1362 2816 1416 sed
2873 1371 3095 1432 aperte;
3127 1375 3234 1418 non
3265 1376 3374 1416 uno
3399 1359 3626 1416 eodem-

2031 1469 2136 1525 que
2165 1467 2380 1525 semper
2404 1455 2584 1521 modo,
2614 1455 2710 1510 sed
2753 1456 3053 1510 innumeris
3087 1469 3224 1525 pene
3269 1453 3444 1508 modis
3473 1469 3488 1518 ;
3513 1467 3624 1507 non

2029 1561 2140 1602 uno
2187 1549 2242 1603 in
2303 1548 2576 1616 loco,sed
2625 1549 2677 1602 in
2705 1549 2957 1604 omnibus
2995 1547 3178 1602 mundi
3221 1546 3464 1614 partibus
3489 1545 3633 1600 edita

2030 1640 2266 1696 fuerant.
2301 1642 2405 1696 Tot
2433 1641 2714 1696 enimvero
2731 1650 2988 1711 tantaque
3017 1638 3278 1694 miracula
3305 1639 3424 1693 sine
3448 1645 3629 1692 extra-

2029 1748 2134 1790 neo
2152 1735 2502 1800 adminiculo,
2534 1745 2627 1790 aut
2660 1735 2806 1790 illius
2837 1732 3203 1805 superstitiosi
3231 1731 3410 1789 cultus
3438 1729 3631 1785 obser-

1955 1837 2005 1901 Β
2031 1828 2267 1894 vatione,
2305 1829 2480 1899 palam
2518 1839 2574 1884 et
2617 1838 2744 1883 ante
2790 1829 3032 1882 omnium
3061 1826 3250 1882 oculos
3273 1823 3484 1889 effecta,
3516 1823 3632 1877 veri

2031 1929 2241 1976 tantum
2275 1921 2389 1988 Dei,
2422 1922 2511 1992 qui
2547 1936 2645 1976 nec
2673 1920 2786 1975 falli
2830 1935 2930 1976 nec
2955 1920 3146 1975 fallere
3174 1927 3374 1989 potest,
3402 1916 3627 1982 virtute,

2033 2031 2144 2070 non
2181 2030 2313 2070 sane
2358 2015 2424 2068 ad
2467 2013 2756 2070 falsitatem
2795 2014 3052 2084 aliquam,
3083 2013 3179 2068 sed
3229 2011 3297 2066 ad
3344 2010 3630 2066 veritatem

2031 2106 2442 2174 adstruendam,
2474 2107 2592 2162 ﬁeri
2630 2119 2876 2178 possunt.
2923 2108 3088 2177 Atqui
3116 2117 3323 2162 certum
3350 2113 3434 2161 est
3469 2104 3558 2159 illa
3597 2119 3630 2157 a

2030 2200 2250 2256 Christo
2298 2201 2527 2272 ejusque
2562 2201 2781 2256 nomine
2820 2202 2958 2257 facta
2989 2201 3180 2269 fuisse,
3218 2209 3276 2255 ut
3311 2199 3632 2270 comproba-

2028 2301 2116 2347 ret
2161 2293 2399 2348 fuudata:
2424 2308 2456 2347 a
2486 2307 2546 2349 se
2574 2294 2854 2365 religionis
2883 2295 3194 2360 veritatem,
3225 2292 3468 2364 aliasque
3507 2307 3626 2348 om-

2030 2399 2128 2440 nes
2155 2385 2320 2442 falsas
2373 2387 2630 2442 radicitus
2654 2389 2998 2457 exstirparet.
3042 2386 3228 2458 itaque
3276 2385 3428 2442 hisce
3459 2387 3626 2442 mira-

2029 2478 2169 2534 culis
2191 2479 2441 2549 quilibet,
2482 2480 2646 2535 stulta
2673 2480 3042 2536 obstinatione
3070 2496 3177 2536 non
3205 2480 3422 2551 penitus
3450 2479 3628 2536 obeat-

2028 2569 2159 2632 cati,
2193 2573 2476 2626 veritatem
2517 2571 2832 2627 christiana:
2882 2572 3162 2644 religionis
3211 2587 3508 2643 agnoscere
3536 2587 3630 2627 vo-

2028 2662 2207 2718 lentes
2230 2665 2478 2720 nolentes
2497 2676 2787 2736 coguntur.

2103 2754 2331 2810 Arnobii
2363 2765 2544 2811 autem
2575 2758 2745 2826 ipsius
2772 2759 2911 2814 hanc
2937 2773 3060 2815 esse
3080 2759 3629 2830 argumentationem,

2027 2847 2076 2900 si
2111 2847 2351 2915 dubites,
2381 2857 2454 2902 ex
2495 2841 2669 2919 ipsius
2710 2850 2893 2906 verbis
2936 2852 3122 2921 accipe
3153 2869 3167 2905 :
3205 2869 3224 2902 ι
3260 2851 3414 2906 Nulla
3457 2851 3630 2921 major

2026 2949 2113 2995 est
2153 2942 2548 3012 comprobatio,
2579 2955 2743 3013 quam
2782 2951 3060 3013 gestarum
3116 2944 3186 2998 ab
3231 2960 3320 3012 eo,
3358 2965 3378 2997 ι
3408 2942 3627 2999 Christo

2028 3037 2259 3102 scilicet,
2288 3056 2306 3088 ι
2345 3038 2478 3094 fides
2499 3053 2706 3105 rerum,
2725 3053 2887 3108 quam
2919 3041 3174 3095 virtutum
3207 3039 3438 3107 novitas,
3464 3054 3625 3110 quam

2027 3130 2208 3184 omnia
2235 3131 2378 3186 victa
2425 3131 2664 3198 decreta,
2697 3131 3070 3204 dissolutoque
3121 3133 3330 3201 fatalia,
3359 3149 3480 3204 qua:
3531 3149 3626 3204 po-

317 3233 480 3287 duxit
517 3249 583 3288 ex
609 3234 809 3289 Christi
849 3235 1350 3306 discipulorumqne
1372 3238 1488 3308 ejus
1517 3240 1812 3305 miraculis,
1850 3257 1914 3297 cx

2030 3224 2137 3294 puli
2183 3233 2482 3295 gentesque
2510 3241 2610 3280 suo
2653 3227 2770 3296 geri
2819 3226 2921 3282 sub
2963 3226 3186 3292 lumine,
3231 3227 3382 3281 nullo
3407 3226 3621 3282 dissen-

313 3325 711 3382 crudelissimis
737 3335 1034 3400 martyrum
1067 3331 1368 3402 suppliciis,
1400 3331 1465 3386 ad
1510 3333 1914 3390 acerbissimam

315 3434 488 3489 usque
536 3432 764 3475 mortent
817 3424 1256 3478 constantissimo
1315 3424 1599 3490 toleratis,
1655 3435 1820 3498 atque
1849 3441 1914 3484 ex

307 3510 625 3566 christiana:
655 3511 918 3568 doctrina:
958 3530 1057 3584 per
1087 3517 1400 3570 universum
1431 3525 1697 3572 terrarum
1728 3518 1916 3574 orbem

308 3603 597 3658 celerrima
637 3607 1046 3675 pr0pagatione.
1081 3611 1150 3660 At
1194 3607 1332 3673 haec,
1361 3608 1554 3677 quibus
1603 3615 1784 3663 tamen
1813 3610 1914 3666 alia

309 3697 613 3768 adjnngere
661 3707 896 3768 poterat,
948 3700 1013 3754 ad
1059 3701 1333 3772 religionis
1385 3713 1584 3758 nostrm
1627 3707 1913 3761 veritatem

311 3792 757 3850 manifestissime
802 3796 1284 3852 demonstrandam
1332 3797 1464 3853 satis
1494 3809 1763 3870 superque
1811 3800 1912 3856 sibi

308 3886 566 3942 sufficere
591 3887 732 3942 haud
758 3888 1030 3943 immerito
1058 3889 1353 3944 arbitratus
1375 3899 1481 3944 est.

383 3981 628 4036 Primum
679 3991 859 4036 autem
905 3991 1092 4052 aperte
1123 3983 1381 4049 declarat,
1419 3998 1477 4037 se
1522 3984 1587 4038 ad
1616 3999 1677 4039 ea
1709 3993 1914 4042 retrac-

311 4074 481 4132 tanda
502 4091 608 4130 non
640 4075 763 4131 ideo
792 4083 1029 4130 mentem
1059 4075 1353 4145 appulisse,
1390 4075 1532 4146 quod
1561 4077 1910 4132 Christianam

307 4169 634 4239 religionem
685 4165 786 4223 hac
831 4184 924 4224 sua
979 4183 1141 4238 opera
1176 4180 1268 4223 aut
1297 4168 1618 4224 defensione
1670 4169 1912 4240 indigere

306 4261 609 4319 crediderit
636 4263 880 4335 (Arnob.,
909 4262 997 4316 lib.
1025 4279 1098 4325 nt.
1136 4262 1360 4334 p.100).
1392 4263 1716 4318 Persuasum
1749 4266 1912 4336 siqui-

307 4357 436 4412 dem
470 4356 700 4410 habeliat
732 4355 836 4410 hoc
882 4369 1256 4426 argumentum
1289 4356 1356 4410 ab
1399 4359 1612 4413 eximiis
1639 4361 1910 4415 excellen-

305 4447 563 4518 tibusquc
606 4448 756 4513 viris,
813 4461 937 4517 puta
993 4446 1205 4502 .lustino
1251 4456 1510 4521 martyre,
1543 4451 1908 4523 Athenagora,

309 4541 616 4611 Tlteophilo
662 4542 1026 4607 Antiocheno,
1059 4543 1310 4609 'i‘atiano,
1335 4544 1614 4599 Clemente
1667 4546 1909 4602 Alexan-

2025 3317 2196 3372 tiente
2225 3317 2432 3382 videre,
2455 3333 2576 3388 qua:
2607 3331 2710 3373 nec
2739 3319 2843 3388 ipsi
2866 3318 3072 3382 audent
3097 3317 3348 3374 falsitatis
3370 3335 3622 3391 arguere,

2022 3424 2253 3482 quorum
2280 3412 2550 3482 antiquas,
2567 3423 2667 3467 seu
2690 3413 2890 3482 patrias
2919 3414 3068 3484 leges
3080 3414 3334 3468 vanitatis
3354 3429 3476 3469 esse
3504 3415 3623 3484 ple-

2025 3509 2299 3574 nissintas,
2335 3518 2496 3578 atque
2526 3509 2858 3564 inanissimm
2887 3509 3292 3578 superstitionis
3321 3510 3564 3565 ostendit
3595 3531 3615 3563 ο

2021 3603 2268 3674 (Arnob.,
2309 3603 2397 3658 tib.
2431 3621 2471 3669 ι,
2497 3621 2550 3675 p.
2580 3605 2654 3660 24
2683 3616 2728 3660 et
2752 3605 2942 3679 seqq.).
2973 3605 3138 3660 Vides
3188 3621 3321 3662 sane
3350 3606 3622 3678 quomodo

2019 3697 2116 3753 ille
2153 3698 2457 3755 rectissime
2499 3701 2789 3755 concludat
2816 3701 3048 3771 publicis
3073 3700 3274 3757 Christi
3321 3701 3619 3769 miraculis,

2023 3803 2146 3861 qua:
2169 3791 2406 3861 gentiles
2434 3789 2684 3847 falsitatis
2709 3808 2937 3864 arguere
2986 3808 3277 3863 numquam
3305 3801 3616 3861 potuerunt,

2019 3895 2130 3944 non
2183 3889 2494 3944 christiana:
2541 3897 2749 3944 tantum
2800 3888 3077 3960 religienis
3105 3887 3285 3944 adseri
3310 3887 3613 3954 veritatem,

2017 3982 2114 4036 sed
2146 3980 2378 4036 etlmicas
2403 3983 2566 4036 etiam
2617 3979 2910 4037 falsitatem
2944 3979 3352 4037 evidentissima
3379 3977 3617 4049 probari.

2089 4073 2247 4130 Tanti
2295 4090 2427 4130 vero
2460 4074 2716 4146 ponderis
2770 4084 2855 4130 est
2905 4076 3008 4130 hoc
3036 4083 3436 4145 argumentum,
3466 4083 3527 4128 ut
3549 4089 3618 4130 eo

2015 4167 2237 4238 penitus
2285 4168 2518 4222 convicti
2560 4167 2791 4238 gentiles
2843 4184 3006 4239 quam
3039 4169 3273 4238 plurimi,
3301 4168 3504 4224 relictis
3528 4183 3618 4238 pa-

2017 4262 2138 4317 triis
2169 4262 2666 4330 superstitionibus,
2705 4270 2759 4317 et
2786 4262 2952 4332 impio
2977 4261 3204 4318 deorum
3231 4276 3450 4317 suorum
3470 4261 3616 4316 cultu

2018 4355 2248 4426 rejecto,
2275 4365 2472 4410 nomen
2510 4355 2823 4410 christiana}
2843 4354 3089 4424 religioni
3116 4364 3311 4426 sponte
3331 4353 3614 4410 dederint:

2021 4468 2041 4503 ι
2083 4450 2344 4517 Virtutes,
2385 4468 2404 4501 ›
2463 4451 2690 4516 etenim,
2736 4465 2756 4500 ι
2789 4447 2891 4503 sub
2929 4448 3103 4504 oculis
3156 4450 3366 4519 positae,
3399 4465 3418 4500 ι
3451 4448 3617 4504 verba

2015 4543 2195 4598 adhuc
2233 4552 2359 4598 sunt
2386 4542 2609 4598 Arnoin
2646 4561 2665 4594 ι
2695 4553 2756 4598 et
2781 4541 3020 4597 inaudita
3063 4542 3151 4597 illa
3181 4543 3262 4598 vis
3291 4559 3497 4610 rerum,
3527 4543 3617 4599 vel

309 4634 493 4696 drino,
524 4633 591 4688 de
623 4634 818 4702 quibus
847 4650 944 4688 nos
989 4635 1040 4687 in
1070 4636 1442 4704 superioribus
1483 4635 1788 4707 Apparatus
1814 4654 1908 4693 no-
1937 4634 1991 4705 Ῑ)
2018 4647 2136 4706 qua:
2165 4637 2234 4690 ab
2283 4635 2403 4705 ipso
2451 4635 2606 4690 fiebat
2649 4636 2853 4707 palam,
2887 4634 2972 4690 vel
3015 4634 3084 4689 ab
3114 4635 3231 4704 ejus
3273 4635 3616 4707 praeconibus

313 4727 416 4781 stri
451 4726 623 4792 libris,
671 4741 807 4795 aque
835 4725 997 4779 etiam
1028 4741 1056 4778 a
1085 4725 1442 4792 Tertulliano,
1471 4727 1726 4799 Origene,
1760 4730 1911 4786 aliis-

313 4835 423 4889 que
465 4818 708 4887 pluribus
757 4819 971 4874 abunde
1027 4827 1359 4884 tractatum;
1393 4829 1554 4891 atque
1605 4821 1782 4876 doctis
1832 4834 1910 4879 tot

312 4923 699 4982 tantorumque
761 4913 1001 4966 virormn
1049 4913 1267 4982 scriptis
1330 4928 1394 4968 ac
1444 4913 1908 4972 lucubrationibus

307 5005 664 5060 christianum
697 5005 1015 5075 religionem
1043 5021 1071 5058 a
1106 5005 1253 5060 falsis
1279 5005 1617 5060 ethnicorum
1650 5003 1906 5062 crimina-

309 5098 546 5154 tionibus
597 5096 915 5168 plenissime
966 5095 1315 5153 vindicatum.
1368 5100 1510 5167 Quin
1569 5102 1736 5155 inuno
1807 5115 1907 5173 pro

307 5203 462 5249 certo
491 5207 710 5262 semper
742 5192 1005 5248 habuerat
1029 5195 1174 5248 illam
1210 5195 1317 5248 ullo
1345 5196 1463 5250 sine
1489 5195 1701 5252 vindice
1731 5206 1786 5252 et
1814 5198 1907 5253 de-

309 5288 768 5343 fensoreiirmam
816 5297 871 5343 et
917 5289 1294 5344 inconcussam
1343 5305 1402 5344 se
1433 5292 1543 5360 Ipsa
1597 5301 1762 5359 stare,
1808 5307 1907 5348 nec

306 5380 434 5433 uilis
481 5393 737 5450 umquam
786 5381 1152 5450 quorumlibet
1198 5381 1631 5438 adversariorum
1682 5397 1902 5439 suorum

307 5471 535 5538 viribus,
583 5472 810 5535 artibus,
865 5471 1026 5537 dolis,
1081 5472 1348 5527 machinis
1385 5485 1546 5543 posse
1594 5475 1906 5533 labefactari

308 5575 370 5620 ut
409 5563 644 5620 convelli
675 5581 692 5618 :
725 5582 745 5615 ι
784 5564 908 5620 Suis
939 5565 1132 5637 (enim)
1160 5566 1269 5628 illa,
1302 5567 1498 5636 inquit,
1542 5579 1792 5624 contenta
1824 5583 1907 5629 est

305 5658 537 5721 viribus,
570 5666 626 5711 et
655 5657 898 5711 veritatis
951 5659 1182 5727 propriae
1226 5657 1632 5714 fundaminibus
1679 5663 1902 5729 nititur;

307 5766 410 5806 nec
459 5749 726 5819 spoliatur
753 5751 802 5804 vi
855 5763 972 5814 sua,
1006 5751 1216 5805 etiamsi
1251 5751 1458 5806 nullum
1509 5751 1703 5808 habeat
1732 5755 1906 5810 vindi-

302 5857 428 5902 cem
455 5859 471 5912 ;
497 5843 666 5902 immo
688 5843 733 5901 si
780 5841 978 5916 lingua
1007 5856 1200 5903 omnes
1229 5856 1415 5904 contra
1441 5843 1658 5918 faciant,
1687 5858 1903 5910 contra-

2013 4727 2387 4783 celebrabatur
2417 4727 2468 4780 in
2506 4725 2640 4781 orbe
2667 4735 2802 4794 toto,
2834 4741 2898 4780 ea
2937 4726 3173 4782 subdidit
3219 4728 3614 4798 appetitionum

2020 4822 2288 4887 ﬂammas,
2329 4830 2385 4876 et
2413 4821 2480 4875 ad
2529 4821 2688 4876 unius
2713 4819 3050 4876 credulitatis
3092 4822 3383 4878 adsensum
3431 4830 3616 4878 mente

2013 4923 2116 4970 tina
2147 4931 2482 4971 concurrere
2526 4925 2715 4986 gentes
2741 4925 2798 4971 et
2826 4916 3054 4985 populos
3101 4915 3248 4982 fecit,
3277 4926 3332 4972 et
3368 4915 3614 4972 moribus

2013 5009 2407 5063 dissimillimas
2437 5009 2684 5064 nationes
2713 5025 2732 5060 ι
2767 5009 3011 5077 (Arnob.,
3041 5009 3133 5064 tio.
3158 5025 3217 5074 tt,
3247 5026 3300 5076 ρ.
3335 5006 3450 5077 50).
3478 5006 3612 5074 Quis

2011 5110 2191 5156 autem
2227 5101 2354 5156 inde
2381 5116 2486 5157 non
2531 5102 2822 5172 perSpiciat
2843 5101 3082 5156 inaudita
3115 5101 3376 5157 hactenus
3405 5097 3612 5155 Christi

2013 5195 2514 5265 dlscipulorumque
2542 5194 2662 5266 ejus
2708 5194 2970 5249 miracula
3002 5195 3134 5247 tanti
3172 5193 3238 5247 ad
3277 5191 3610 5262 probandam

2012 5287 2137 5342 fidei
2178 5287 2487 5342 christiana:
2529 5287 2811 5342 veritatem
2845 5287 3012 5341 fuisse
3059 5285 3289 5347 roboris.
3325 5293 3611 5353 tantaeque;

2013 5379 2352 5435 efficacitatis
2377 5422 2393 5446 ,
2427 5389 2485 5434 ut
2519 5381 2835 5435 innumeros
2881 5376 3154 5445 homines,
3189 5385 3300 5432 toto
3340 5385 3608 5432 terrarum

2011 5473 2146 5528 orbe
2182 5472 2482 5543 dispersos,
2525 5471 2756 5543 ltuicque
2804 5469 3119 5527 christiana:
3159 5468 3406 5542 religioni
3447 5478 3607 5525 antea

2011 5580 2234 5637 prorsus
2286 5564 2587 5636 oppositos,
2628 5563 2697 5620 ad
2735 5578 2854 5620 eam
2885 5560 3264 5617 lubentissime
3309 5560 3606 5632 suscipien-

2008 5661 2133 5718 dam
2155 5661 2524 5718 adduxerint?

2080 5758 2214 5825 Qua:
2242 5763 2424 5813 autem
2451 5757 2656 5812 fuerint
2694 5755 2786 5811 illa
2827 5753 3032 5810 Christi
3054 5753 3336 5822 miracula,
3367 5751 3606 5810 breviter

2019 5849 2294 5912 Arnobius
2326 5859 2576 5909 recenset
2619 5849 2752 5922 (1b.,
2803 5865 2858 5920 ρ.
2901 5845 3019 5920 26).
3071 5847 3372 5922 Quoslibet,
3413 5846 3608 5922 inquit,
