3904 6326
411 261 517 320 4οἸ

1633 247 2085 310 DISSERTATIO
2123 248 2405 308 ΡΒᾹΞΥΙΔ

3586 262 3674 318 408

413 377 628 448 surdos,
671 384 763 432 aut
811 385 1010 440 mutos,
1039 381 1132 428 aut
1171 369 1361 443 quovis
1394 368 1609 436 morbo,
1641 366 1812 434 febre,
1847 369 2007 432 fame.
2039 375 2096 434 Α
2119 365 2364 434 Christo,
2397 371 2706 428 evanuisse.
2739 370 3023 440 Viderant,
3058 372 3295 444 inquam.
3327 373 3563 432 fidentem
3587 381 3678 437 diis

413 472 678 537 emcitate,
731 467 1146 532 claudicatione,
1180 463 1481 537 hydropisi,
1529 463 1699 533 lepra,
1751 461 2011 532 profluvio

413 565 710 638 sanguinis.
745 561 1001 634 paralysi,
1036 559 1262 630 aliisque
1304 556 1715 628 a-gritudinibus
1764 553 2011 608 laboran-

413 670 496 715 tes
534 657 783 723 sanavit,
831 655 993 708 maris
1039 662 1430 722 ventorumque
1467 649 1671 704 sedavit
1720 647 2009 719 procellas,

413 752 559 806 illius
587 749 757 804 undas
788 746 934 802 sicco
993 745 1220 800 calcavit
1267 744 1423 813 pede,
1475 751 1716 798 secretas
1762 741 2013 812 cognovit

412 844 692 898 hominum
716 839 1090 910 cogitationes.
1123 837 1259 892 alios
1285 845 1447 907 atque
1464 836 1626 892 etiam
1657 836 2009 905 semetipsum

407 951 440 991 a
471 946 645 989 morte
671 931 946 988 revocavit
975 931 1042 986 ad
1077 930 1270 995 vitam;
1317 936 1438 998 post
1465 928 1920 982 resurrectionem
1950 941 2012 980 se

410 1025 701 1083 videndum
737 1025 1007 1097 prarbuit,
1039 1032 1096 1078 et
1142 1038 1263 1078 cum
1317 1020 1600 1091 discipulis
1653 1027 2012 1074 conversatus

410 1133 494 1178 est
524 1141 540 1189 ;
571 1122 805 1190 denique
835 1129 892 1174 ut
917 1115 1153 1173 auctoris
1180 1116 1351 1172 nostri
1383 1115 1562 1170 verbis
1580 1123 1793 1168 utamur
1823 1129 1838 1165 :
1874 1110 2012 1166 «Cu-

407 1217 497 1287 jus
526 1230 722 1269 nomeu
766 1213 1006 1266 auditum
1050 1209 1201 1281 fugat
1255 1209 1447 1263 noxios
1493 1206 1735 1277 spiritus,
1783 1204 2013 1274 imponit

409 1308 683 1364 silentium
738 1305 965 1370 vatibus,
997 1304 1276 1373 aruspices
1323 1301 1657 1356 inconsultos
1698 1297 2011 1363 reddit,ar—

409 1404 715 1474 rogantiqu
769 1414 1050 1470 magorum
1106 1397 1354 1453 frustrari
1404 1395 1572 1452 efficit
1606 1395 1871 1455 actiones.
1902 1405 2011 1446 non

420 1500 668 1560 horrore,
695 1506 751 1549 ut
783 1495 989 1562 dicitis,
1031 1493 1354 1558 divinitatis,
1386 1489 1482 1546 sed
1526 1489 1748 1559 majoris
1795 1486 2014 1542 licentia

415 1593 698 1664 potestatis
738 1612 756 1644 ›
795 1590 989 1664 (Ibid.,
1021 1607 1074 1660 p.
1103 1588 1221 1660 ‘27).
1277 1587 1408 1653 Quis
1448 1593 1628 1640 autem
1675 1597 1783 1639 non
1836 1580 2014 1636 videat

410 1710 570 1765 quam
595 1693 828 1747 validum
870 1691 940 1745 sit
967 1689 1070 1744 hoc
1093 1695 1497 1758 argumentum,
1527 1697 1635 1754 quo
1665 1680 1758 1736 ille
1787 1693 1893 1734 non
1923 1693 2014 1734 so-

2119 461 2292 530 falsis,
2317 472 2373 518 et
2398 463 2466 519 ab
2497 464 2700 520 eisdem
2734 467 3109 522 metuentibus
3141 465 3430 536 proditum.
3464 470 3679 539 pondere

2118 557 2517 627 prmeipitatum
2542 573 2661 626 suo,
2680 559 2929 615 cruribus
2946 559 3183 630 jacuisse
3215 561 3538 630 prazt‘ractis:
3570 577 3679 634 post

2117 648 2315 705 deinde
2359 649 2626 719 perlatum
2684 651 2956 706 Brundam
2983 695 2998 717 ,
3042 651 3370 708 cruciatibus
3399 663 3451 709 et
3499 656 3683 724 pudore

2118 739 2413 808 defessum.
2447 759 2514 798 ex
2543 743 2796 799 altissimi
2841 745 3095 801 culminis
3121 759 3182 800 se
3208 760 3420 800 rursum
3453 750 3682 819 praecipi-

2121 845 2267 892 tasse
2293 835 2528 908 fastigio.
2576 858 2594 890 ι
2632 836 2848 894 Scimus
2893 839 3112 909 quidem
3153 839 3254 894 hoc
3283 840 3584 896 miraculum
3627 843 3685 898 ab

2119 929 2388 986 alicuibus
2433 943 2527 986 aut
2565 936 2744 987 vocari
2777 935 2830 988 in
2859 933 3106 1000 dubium,
3136 944 3226 988 aut
3258 934 3469 1004 penitus
3496 938 3682 1007 negari.

2119 1021 2334 1076 Etenim
2390 1024 2505 1079 haec
2537 1023 2760 1079 historia
2810 1025 2878 1080 ab
2915 1025 3414 1096 pseudepigraphis,
3443 1037 3498 1080 ut
3525 1028 3681 1092 aiunt,

2118 1113 2296 1171 libris.
2330 1114 2432 1170 hoc
2453 1124 2537 1172 est
2566 1116 2946 1186 proculdubio,
2976 1118 3459 1173 COnstitutionibus
3495 1130 3688 1190 aposto-

2117 1205 2238 1262 licis
2288 1207 2573 1279 desumpta
2617 1207 2731 1282 (lib.
2779 1226 2864 1277 vi,
2921 1209 3198 1266 Constitut.
3243 1211 3542 1281 apostolic.,
3573 1228 3613 1265 c.
3641 1213 3687 1277 9,

2120 1317 2174 1368 p.
2198 1297 2350 1371 279).
2380 1301 2527 1355 varie
2553 1317 2582 1355 a
2613 1302 2777 1356 variis
2803 1303 3163 1371 scriptoribus
3194 1313 3462 1357 narratur.
3508 1303 3690 1360 Deinde

2119 1407 2247 1447 vero
2276 1391 2462 1447 Romae
2489 1393 2647 1450 valde
2673 1394 2876 1450 incerta
2908 1394 3007 1450 fuit
3064 1395 3204 1449 fama
3253 1395 3398 1450 illius
3446 1395 3688 1460 miraculi,

2117 1500 2182 1539 ac
2209 1483 2280 1540 de
2303 1484 2401 1540 illo
2424 1485 2671 1541 Justinus
2693 1495 2921 1560 martyr,
2949 1487 3214 1556 lrenmus.
3240 1487 3441 1560 aliique
3457 1488 3692 1560 antiquis-

2117 1577 2242 1632 simi
2273 1579 2570 1648 scriptores
2603 1580 2818 1650 penitus
2841 1580 3134 1636 siluerunt.

2193 1671 2300 1728 Sed
2331 1671 2450 1728 haec
2468 1674 2657 1729 eadem
2685 1673 2911 1730 historia
2935 1693 2961 1729 a
2992 1677 3198 1749 Cyrillo
3226 1677 3693 1748 llierosolymitano

415 1788 528 1842 lum
557 1787 840 1842 veritatem
868 1783 1177 1839 christiana:
1225 1779 1522 1850 religionis,
1553 1775 1649 1831 sed
1700 1787 2008 1845 supremam
2041 1779 2091 1840 Β
2118 1765 2204 1821 his
2232 1767 2564 1823 describitur
2591 1767 2773 1824 verbis
2797 1787 2814 1825 :
2841 1789 2858 1822 ι
2889 1769 3082 1826 Petrus
3135 1780 3191 1826 et
3220 1771 3440 1840 Paulus,
3465 1772 3696 1828 Ecclesia:

412 1897 634 1953 quoque
663 1879 862 1935 Christi
883 1921 898 1944 ,
945 1886 1004 1932 ut
1031 1875 1168 1932 infra
1217 1873 1566 1930 OStendemus
1592 1868 1779 1943 (Infra,
1808 1883 1924 1937 cap.
1951 1866 2008 1935 6,

411 1984 511 2028 arl.
546 1973 619 2046 l),
654 1972 990 2027 divinitatem
1023 1969 1179 2038 plane
1198 1962 1576 2021 demonstrat?

484 2066 651 2138 Urget
697 2067 896 2128 adhuc,
929 2075 1145 2134 tamque
1195 2067 1527 2125 constanter,
1557 2070 1719 2128 quam
1757 2068 1885 2109 vere
1910 2051 2008 2107 ad-

410 2173 627 2220 severat
673 2163 950 2218 Christum
1000 2157 1276 2228 discipulis
1324 2155 1460 2220 suis,
1493 2153 1597 2209 etsi
1625 2149 1829 2223 egenis,
1859 2149 2010 2204 infir—

409 2259 535 2320 mis,
562 2265 618 2313 et
672 2254 938 2325 imperitis
994 2251 1212 2308 dedisse
1259 2248 1446 2304 eadem
1498 2259 1722 2316 prorsus
1754 2242 2008 2298 miracula

411 2350 642 2406 faciendi
669 2358 990 2420 potestatem
1019 2360 1160 2415 ;qua
1190 2343 1406 2414 quidem
1454 2354 1561 2394 non
1601 2339 1652 2392 iu
1678 2335 1866 2392 Judzea
1891 2345 2010 2388 tan-

409 2453 547 2506 tum,
575 2443 670 2499 sed
713 2445 764 2496 in
799 2438 1066 2495 universis
1099 2437 1264 2491 totius
1292 2435 1440 2488 orbis
1472 2441 1632 2486 terrae
1662 2428 1904 2501 partibus
1930 2428 2011 2481 in-

409 2557 634 2598 numera
691 2540 956 2598 fecerunt,
985 2535 1182 2603 quibus
1234 2530 1429 2587 infiniti
1482 2541 1620 2598 pene
1667 2523 1916 2580 homines
1941 2522 2009 2576 ad

411 2636 771 2709 profitendam
805 2633 1161 2689 Christianam
1187 2629 1347 2684 fidem
1376 2635 1501 2682 sunt
1530 2621 1750 2678 adducti
1778 2637 1792 2673 :
1823 2637 1842 2670 ‹
1872 2616 2010 2671 Enu-

411 2730 611 2784 merari
642 2728 787 2784 enim
821 2732 1066 2797 possant,
1108 2744 1126 2774 ι
1160 2721 1332 2791 inquit
1373 2719 1485 2782 ille,
1517 2735 1536 2767 ι
1577 2727 1738 2784 atque
1767 2711 1820 2765 in
1852 2725 2006 2764 usum

409 2823 828 2896 computationis
856 2819 1038 2874 venire
1063 2860 1077 2880 ,
1124 2831 1187 2870 ea
1234 2830 1353 2885 qua:
1384 2810 1437 2866 in
1483 2808 1627 2864 ludia
1658 2815 1808 2877 gesta
1859 2810 2004 2866 sunt,

412 2920 553 2989 apud
582 2918 762 2977 Seras.
792 2915 988 2969 Persas
1014 2920 1071 2966 et
1095 2908 1300 2974 Medos,
1334 2908 1386 2962 in
1419 2903 1638 2968 Arabia,
1670 2899 1928 2971 EgyptO,
1953 2897 2007 2951 in

410 3015 563 3078 Asia,
608 3011 786 3083 Syria.
841 3007 982 3078 apud
1036 3005 1256 3062 Galatas
1281 3048 1294 3071 ,
1359 2999 1586 3056 Parthos
1609 3038 1626 3063 ,
1656 2995 1921 3065 Phrygas,
1953 2993 2006 3045 in

412 3107 637 3171 Achaia,
668 3103 1003 3166 Macedonia,
1059 3098 1247 3167 Epiro,
1279 3095 1332 3149 in
1378 3091 1569 3147 insulis
1614 3098 1669 3144 et
1712 3083 2004 3157 provinciis

2121 1861 2390 1930 prtefecti.
2411 1859 2691 1916 Simonem
2725 1875 2846 1917 sese
2892 1862 3061 1918 Deum
3112 1874 3498 1931 ostentantem.
3531 1866 3696 1920 talem-

2119 1967 2225 2023 que
2255 1953 2657 2021 existimatum,
2689 1957 2979 2011 confestim
3027 1968 3201 2013 morte
3241 1956 3555 2014 affecerunt.
3582 1958 3695 2014 Nam

2117 2065 2239 2106 cum
2267 2049 2455 2107 Simon
2482 2053 2534 2107 in
2555 2069 2737 2109 aerem
2761 2053 3159 2109 da'moniorum
3185 2055 3440 2111 vehiculo
3462 2054 3693 2118 ferretur,

2117 2147 2347 2218 genibus
2378 2149 2647 2217 provoluti
2689 2149 2834 2204 servi
2891 2150 3108 2204 Dei.....
3151 2151 3520 2206 contentionis
3551 2146 3697 2206 telum

2117 2256 2340 2311 precum
2374 2243 2682 2298 interventu
2735 2243 2788 2297 in
2824 2258 3078 2314 maguum
3120 2244 3380 2314 ejaculati
3410 2253 3555 2308 sunt,
3581 2246 3696 2300 etin

2118 2345 2316 2390 terram
2345 2351 2468 2390 eum
2499 2336 2939 2405 dejecerunt.....
2968 2353 3002 2392 e
3044 2337 3270 2392 sublimi
3312 2353 3438 2394 aere
3465 2337 3616 2393 deum
3641 2337 3698 2392 il-

2115 2428 2227 2482 lum
2262 2429 2503 2483 habitum
2559 2431 2612 2484 in
2666 2438 2865 2485 terram
2897 2429 3216 2500 deiecerunt
3272 2430 3341 2486 ad
3395 2429 3591 2486 inferos
3616 2429 3699 2486 de-

2114 2522 2456 2592 primendum
2499 2542 2518 2575 ι
2569 2523 2817 2594 (Cyrilf.,
2865 2521 3074 2578 Cateclt.
3122 2524 3174 2590 6,
3221 2543 3281 2595 ρ.
3334 2513 3449 2593 54).
3504 2525 3700 2580 Litteris

2113 2629 2330 2686 quoque
2387 2614 2848 2687 consignaverunt
2919 2615 3023 2671 hoc
3090 2615 3337 2683 factum,
3405 2615 3498 2672 sed
3547 2616 3700 2671 multo

2113 2709 2354 2771 brevius.
2392 2710 2714 2766 Ambrosius
2738 2753 2754 2776 ,
2825 2710 3163 2780 Augustinus
3191 2753 3206 2776 .
3276 2709 3511 2765 Isidorus
3553 2709 3698 2765 Pelu-

2113 2803 2681 2869 siota,Theodorctus
2736 2815 2786 2858 et
2845 2803 3107 2858 Maximus
3161 2803 3517 2859 Taurinensis
3569 2803 3700 2874 (Am-

2111 2898 2274 2960 bros..
2321 2899 2411 2954 tib.
2469 2915 2522 2954 IV
2576 2897 2821 2966 ﬂexam,
2865 2915 2980 2968 cap.
3056 2899 3120 2963 8,
3180 2898 3208 2970 §
3271 2899 3381 2965 '53,
3435 2915 3552 2971 pag.
3605 2896 3699 2960 78;

2113 2993 2356 3060 August,
2401 2991 2437 3043 ι.
2485 2992 2549 3046 de
2597 2990 2822 3054 Ηωνεε..
2853 3009 2908 3061 p.
2937 2989 3012 3054 6;
3045 2989 3273 3056 Isidoru,
3307 2992 3346 3046 ι.
3383 3007 3433 3058 t,
3465 3007 3543 3061 ep.
3585 3003 3697 3050 xm.

2113 3103 2166 3155 ρ.
2215 3085 2282 3150 4;
2318 3083 2598 3151 Theodon,
2641 3085 2680 3139 ι.
2715 3101 2759 3148 ι,
2815 3083 3009 3139 Hazret.
3055 3083 3245 3155 fabul..
3297 3099 3348 3139 c.
3387 3101 3443 3151 ι,
3493 3081 3700 3153 ρ.198;

414 3199 686 3262 omnibus,
737 3210 871 3268 quas
927 3193 1007 3248 sol
1054 3190 1238 3246 oriens
1290 3197 1452 3256 atque
1487 3181 1739 3238 occidens
1789 3179 2003 3242 lustrat,
2035 3183 2081 3244 ρ
2114 3177 2364 3244 Alexim,
2423 3179 2560 3232 liam.
2617 3178 2671 3244 εἰ,
2717 3180 2771 3231 in
2817 3175 2980 3231 natat.
3035 3176 3143 3231 SS.
3198 3175 3352 3231 Petri
3399 3186 3445 3230 et
3497 3174 3694 3244 Pauli).

414 3297 586 3366 ipsam
618 3294 848 3362 denique
867 3288 1019 3360 apud
1061 3285 1336 3341 dominatu
1369 3281 1614 3340 Romam,
1646 3277 1697 3330 in
1725 3289 1854 3345 qua,
1887 3287 2009 3327 cum

413 3387 666 3443 homines
694 3385 802 3439 sint
849 3381 1036 3438 Numa:
1064 3376 1206 3448 regis
1237 3373 1446 3435 artibus
1466 3380 1630 3440 atque
1655 3366 1890 3437 antiquis
1919 3380 2012 3419 su-

410 3480 828 3554 perstitionibus
863 3475 1133 3545 occupati,
1181 3485 1289 3526 nou
1337 3467 1662 3522 distulerunt
1703 3471 1879 3516 tamen
1922 3473 2011 3514 res

413 3551 616 3647 patrias
644 3575 913 3644 linquere,
941 3579 996 3624 et
1020 3566 1237 3623 veritati
1266 3566 1577 3621 coalescere
1603 3554 1915 3611 christiana:
1938 3551 1962 3605 ?
1984 3570 2002 3602 ι

411 3672 650 3745 (Arnob..
676 3669 765 3723 lib.
798 3683 857 3732 ll,
895 3683 946 3734 ρ.
971 3662 1086 3737 50).

486 3764 630 3820 Nihil
663 3779 795 3833 ergo
824 3762 1012 3815 insana
1062 3750 1417 3826 quorumdam
1459 3745 1738 3817 gentilium
1786 3737 2008 3797 temeri-

410 3871 521 3917 tate
553 3857 867 3921 absurdius,
897 3853 988 3925 qui
1021 3851 1138 3906 lucc
1169 3845 1427 3903 miracula
1454 3842 1590 3897 falsa
1621 3839 1788 3894 fuisse
1807 3833 2010 3910 garrie-

408 3955 560 4011 haut.
587 3951 731 4008 Fieri
761 3949 906 4004 enim
955 3960 1061 4000 non
1113 3940 1303 4013 potuit,
1330 3947 1388 3992 ut
1437 3945 1514 3990 tot
1543 3943 1752 4003 gentes,
1783 3939 1891 3984 tam
1922 3924 2010 3980 di-

409 4063 583 4104 vers:e
638 4044 887 4100 nationes
935 4054 965 4093 a
1007 4053 1068 4093 se
1113 4035 1341 4090 invicem
1372 4025 1769 4088 remotissitnm,
1810 4036 1874 4076 ac
1899 4018 2006 4073 Ro-

413 4142 558 4197 mani
591 4139 715 4210 ipsi,
746 4148 955 4190 summa
989 4145 1172 4185 rerum
1204 4124 1380 4196 potiti,
1414 4122 1480 4177 ad
1509 4121 1642 4175 falsa
1673 4123 2005 4171 sectatorum

409 4235 611 4290 Christi
649 4229 902 4286 miracula
955 4241 1054 4296 pro
1100 4223 1244 4277 veris
1273 4215 1615 4290 agnoscenda
1661 4211 2010 4281 conspirave-

408 4331 536 4384 rint.
569 4324 707 4394 Quid
749 4323 934 4384 etiam,
963 4317 1107 4389 quod
1156 4312 1424 4368 innumeri
1459 4308 1532 4362 illi
1561 4322 1626 4362 ex
1657 4315 1736 4359 tot
1759 4301 2007 4374 gentibus

406 4421 660 4476 homines
683 4429 794 4470 tam
836 4411 1010 4476 bardi,
1042 4408 1288 4470 hebetes,
1321 4414 1375 4459 et
1411 4400 1589 4456 stolidi
1621 4397 1726 4453 diei
1752 4411 1858 4451 non
1883 4409 2006 4464 pos-

406 4525 531 4568 sunt
559 4555 573 4576 ,
605 4519 663 4564 ut
692 4498 812 4579 (piae
840 4520 944 4560 non
981 4502 1231 4556 viderant
1261 4494 1542 4559 miracula,
1577 4506 1635 4547 se
1665 4489 1866 4544 vidisse
1897 4499 2004 4540 non

409 4606 587 4661 solum
617 4603 900 4672 fingerent,
931 4595 1026 4650 sed
1057 4589 1296 4648 inaudita
1320 4588 1583 4643 hactenus
1616 4581 1831 4637 fictione
1860 4579 2004 4633 ines-
2035 4589 2089 4652 Ι)

411 4699 550 4760 cati,
585 4689 884 4762 repudiatis
927 4697 1138 4758 patrum
1171 4697 1234 4738 ac
1264 4677 1603 4751 popularium
1633 4687 1854 4729 suorum
1883 4672 2007 4742 qui-

407 4791 633 4846 buscum
682 4781 914 4839 feliciter
944 4780 1128 4832 vivere
1179 4779 1464 4843 poterant,
1509 4763 2005 4837 superstitionibus,

406 4883 714 4940 institutam
745 4892 776 4931 a
805 4874 1021 4930 Christo
1068 4884 1314 4925 severam
1343 4859 1555 4920 vivendi
1585 4861 1872 4921 rationem.
1897 4873 2004 4914 non

404 4981 524 5034 sine
577 4983 731 5029 certo
786 4969 980 5038 capitis
1040 4963 1284 5037 periculo
1311 4959 1753 5030 amplexarentur
1783 4953 2022 5029 (Ibid.).'

408 5074 628 5129 Certum
680 5067 844 5137 igitur
897 5061 1174 5130 fixumque
1203 5071 1326 5112 esse
1367 5055 1528 5109 debet
1581 5053 1702 5108 illos
1731 5050 2005 5106 miraculis

405 5169 684 5223 dumtaxat
714 5155 1097 5230 apertissimis,
1127 5163 1182 5208 et
1203 5151 1322 5206 luce
1355 5149 1469 5220 ipsa
1494 5145 1835 5214 clarioribus,
1865 5160 2005 5217 prte-

403 5261 588 5317 huisse
612 5255 924 5310 adsensum.

477 5353 750 5410 Arnobius
798 5362 962 5421 porro
986 5347 1216 5404 Romae,
1267 5355 1425 5413 quam
1481 5347 1699 5410 prepter
1730 5350 1996 5394 summum

405 5465 563 5504 suum
593 5446 880 5516 imperium
932 5441 1192 5494 dominam
1218 5445 1399 5501 vocat,
1429 5434 1706 5490 mentione
1738 5432 1900 5496 facta,
1933 5430 1997 5485 il—

405 5540 497 5594 lud
545 5536 798 5609 proponit
837 5532 1182 5597 miraculum,
1234 5544 1342 5600 quo
1373 5529 1569 5583 Petrus
1622 5525 1900 5597 apostolus
1930 5523 1998 5579 de

404 5638 682 5701 prostrato
706 5627 929 5682 Simone
963 5637 1121 5693 tnago
1151 5619 1518 5690 triumphasse
1557 5616 1948 5688 perhibebatur
1980 5632 1994 5668 :

413 5743 430 5774 ι
465 5723 746 5786 Viderant,
773 5739 792 5770 ι
827 5720 900 5773 ait
921 5717 1141 5790 (fbid.),
1182 5736 1200 5769 ι
1224 5730 1442 5772 currum
1469 5712 1712 5790 Simonis
1742 5711 1914 5780 magi,
1944 5717 1999 5790 et

397 5812 694 5887 quadrigas
737 5785 1124 5882 igneas'gPetr'i
1164 5823 1261 5870 ore
1295 5806 1529 5868 dil‘ﬂatas
1548 5793 1669 5873 fet
1685 5785 1997 5862 Ttominato

2115 3269 2249 3339 Quis
2276 3281 2456 3328 autem
2506 3270 2786 3328 dubitandi
2815 3270 2969 3324 locus
3023 3283 3145 3324 esse
3205 3279 3421 3340 potest.
3471 3269 3597 3339 quin
3654 3266 3698 3321 hi

2115 3366 2323 3435 aliique
2378 3365 2615 3432 antiqua:
2674 3379 2735 3419 ac
2787 3363 2951 3418 varia:
3017 3363 3191 3418 artatis
3247 3363 3545 3431 scriptores
3596 3375 3701 3429 pcr-

2115 3473 2337 3513 suasum
2387 3458 2672 3513 habuerint
2702 3471 2890 3511 verum
2937 3470 3059 3511 esse
3111 3455 3251 3511 hanc
3297 3451 3702 3509 historiam?At

2118 3553 2337 3609 tametsi
2369 3553 2419 3608 in
2451 3569 2514 3608 ea
2549 3551 2754 3626 aliquid
2810 3551 2950 3616 falsi,
2981 3551 3067 3607 vel
3122 3551 3164 3604 si
3199 3551 3533 3620 pertinacius
3557 3548 3698 3609 velis,

2118 3647 2256 3703 nihil
2289 3661 2518 3716 prorsus
2548 3648 2660 3702 veri
2691 3657 2838 3702 esset
2873 3663 2886 3710 ;
2923 3662 3029 3700 non
3063 3643 3190 3699 inde
3223 3652 3411 3700 tamen
3436 3641 3701 3699 arnobiani

2117 3740 2422 3813 argumenti
2455 3740 2537 3795 vis
2569 3749 2662 3794 aut
2687 3740 2854 3794 robur
2894 3738 3007 3812 ullo
3053 3737 3208 3807 plane
3253 3738 3420 3792 modo
3449 3739 3702 3793 minuere-

2117 3844 2224 3891 tur.
2256 3833 2580 3890 Christiana:
2637 3832 2902 3903 siquidem
2936 3831 3216 3901 religionis
3249 3832 3458 3885 veritas
3484 3847 3587 3884 non
3613 3827 3703 3882 hoc

2117 3928 2336 3999 quidem
2386 3928 2505 3982 solo
2536 3925 2798 3980 miraculo
2825 3924 2894 3979 ab
2945 3923 3037 3977 illo
3070 3923 3354 3993 probatur,
3388 3923 3485 3977 sed
3511 3937 3576 3976 ex
3598 3920 3703 3973 aliis

2117 4025 2280 4095 plane
2311 4023 2635 4086 innumeris,
2675 4035 2794 4091 qua:
2824 4035 2853 4072 a
2884 4018 3100 4074 Christo
3129 4018 3362 4072 Domino
3384 4017 3611 4088 ejusque
3634 4013 3705 4069 di-

2118 4119 2340 4189 sciphlis
2369 4119 2506 4174 facta
2554 4115 2721 4170 fuisse
2769 4129 2953 4176 nemo,
2986 4113 3060 4166 uti
3088 4113 3350 4178 diximus,
3391 4113 3491 4166 nisi
3524 4111 3700 4165 invicta

2117 4228 2343 4285 prorsus
2388 4212 2756 4266 obstinatione
2783 4209 3090 4263 ObCil’CillllS
3123 4215 3338 4276 poterat
3370 4203 3619 4260 inficiari.
3648 4204 3706 4256 At

2116 4323 2184 4364 ex
2208 4306 2275 4360 iis
2295 4304 2548 4361 omnibus
2574 4312 2766 4358 auctor
2792 4309 2977 4356 noster
2996 4309 3140 4354 tanta
3164 4298 3496 4353 certitudine
3522 4307 3702 4367 quanta

2117 4399 2384 4458 evidentia
2436 4395 2715 4454 concludit
2759 4409 2944 4450 veram
2978 4405 3100 4449 esse
3150 4391 3324 4447 solam
3367 4389 3703 4448 Christianam

2116 4492 2455 4563 religionem.

2704 4617 2999 4658 ABTICULUS
3037 4617 3096 4656 ll.

2115 4724 2364 4784 Quomodo
2409 4721 2654 4784 Arnobius
2686 4720 2986 4784 argumenta
3027 4713 3176 4784 diluat
3203 4753 3216 4769 ,
3248 4714 3447 4784 quibus
3474 4708 3706 4784 gentiles

2175 4788 2337 4836 omnia
2362 4784 2537 4836 Christi
2575 4775 3023 4842 discipulorumque
3051 4778 3159 4839 ejus
3195 4775 3438 4826 miracula
3471 4775 3703 4826 infirmare

2175 4851 2447 4900 tentabant.

2183 4957 2326 5014 Nihil
2356 4965 2442 5012 est
2473 4964 2579 5009 tam
2611 4961 2821 5009 certum
2869 4956 2926 5004 et
2968 4947 3216 5014 evidens,
3265 4946 3419 5018 quod
3467 4943 3702 5001 homines

2100 5051 2391 5125 ingeniosi,
2419 5065 2449 5103 a
2470 5057 2618 5103 recto
2644 5043 2886 5100 veritatis
2906 5043 3119 5098 tramite
3146 5039 3705 5106 aberrantes,autdn-

2102 5147 2249 5203 bium
2273 5146 2468 5209 facere,
2502 5150 2595 5195 aut
2615 5140 2927 5204 obscurare,
2943 5147 3037 5192 aut
3065 5151 3265 5208 negare
3291 5136 3551 5209 malignis
3575 5132 3703 5189 arti-

2100 5239 2203 5294 bus
2236 5252 2341 5292 nou
2371 5229 2802 5289 moliantur.Nou
2831 5229 3028 5284 mirum
3060 5229 3242 5298 itaque
3266 5229 3314 5282 si
3337 5229 3561 5298 quidam
3593 5233 3704 5296 post

2101 5330 2323 5396 Christi,
2370 5329 2867 5398 discipulorumque
2897 5326 3014 5394 ejus
3072 5330 3330 5388 mortem.
3361 5324 3579 5378 illorum
3606 5319 3697 5374 mio

2100 5422 2536 5491 racula,tametsi
2557 5435 2740 5476 coram
2771 5416 2992 5472 infinitis
3021 5429 3187 5485 prope
3205 5414 3435 5471 modum
3448 5411 3696 5473 ethnicis.

2099 5533 2154 5577 et
2184 5523 2234 5576 in
2257 5533 2443 5575 eorum
2467 5517 2696 5587 gratiam
2723 5512 2889 5576 edita,
2907 5512 3183 5566 infirmare
3202 5524 3266 5563 ac
3297 5525 3504 5580 negare
3530 5513 3698 5561 tenta-

2103 5617 2293 5672 veriut.
2332 5611 2719 5667 Verumtamen
2747 5605 2949 5663 ethnici
2983 5603 3158 5670 primo
3199 5601 3471 5657 Ecclesim
3509 5607 3698 5653 nosme

2101 5707 2378 5766 nascentis
2410 5717 2657 5777 tempore
2685 5712 2765 5756 tot
2790 5711 3046 5769 tantaque
3069 5696 3356 5762 miracula,
3383 5706 3492 5750 tam
3520 5690 3695 5756 certis,

2098 5819 2258 5876 quam
2274 5799 2574 5860 innumeris
2590 5795 2908 5855 confirmata
2925 5788 3441 5858 testibus,falsitatis
3453 5797 3693 5858 arguere,
