3904 6326
197 259 284 318 λου
1409 258 1476 315 ΙΝ
1514 255 1723 316 ARNOI

1831 257 1867 315 li
1880 298 1897 327 ,
1935 255 2088 316 CAP.
2130 256 2218 314 Ill.

3346 271 3454 329 MD

197 380 258 435 uti
282 376 350 433 ait
393 373 681 443 Arnobius,
714 387 1007 447 numquam
1049 376 1166 433 ausi
1213 384 1338 432 sunt
1364 376 1610 449 (Δηιοιι.ν
1632 378 1672 431 ι.
1704 391 1744 444 ι,
1777 377 1828 437 Α
1923 373 2099 430 Tanto
2135 376 2403 432 horumce
2440 385 2885 448 argumentorum
2928 379 3172 451 pondere
3201 385 3451 454 oppressi

226 515 240 530 .
265 474 346 539 55,
373 481 418 526 et
442 474 627 539 seqq).

195 494 240 546 ρ.
265 474 346 539 55,
373 481 418 526 et
442 470 627 543 seqq).

253 568 370 623 Post
394 565 506 621 haec
529 575 734 632 autem,
761 564 1082 623 audaciores
1112 566 1260 634 facti,
1287 566 1614 637 objiciebant
1634 566 1750 623 haec

190 660 285 731 ipsa
336 657 588 714 miracula
627 659 696 714 ah
749 659 1117 730 evangelistis,
1162 660 1389 731 aliisque
1437 660 1749 716 auctoribus

189 754 360 824 scripta
385 751 548 809 fuisse
579 753 931 821 mendaciter,
964 765 1057 810 aut
1084 757 1137 812 in
1170 757 1491 813 immensum
1509 772 1747 829 exagge-

190 858 303 905 rata.
331 847 466 915 Quin
495 847 662 904 immo
691 849 866 920 plura,
902 850 1070 921 inquit
1110 850 1406 919 Arnobius,
1435 861 1489 907 et
1516 848 1744 918 Christi,

186 953 230 997 et
250 941 619 1013 discipulorum
670 943 788 1013 ejus
838 944 1098 1000 miracula
1128 944 1197 999 ab
1244 943 1313 999 iis
1364 954 1489 1000 sunt
1519 945 1744 1012 omissa,

184 1052 267 1093 nec
291 1038 463 1092 omnia
495 1037 692 1093 litteris
742 1037 986 1094 mandari
1017 1046 1325 1109 potuerunt.
1358 1039 1413 1093 Si
1468 1054 1589 1109 ane
1616 1053 1745 1094 vero

182 1128 281 1183 aliis
304 1129 357 1184 in
389 1129 629 1199 scriptis,
660 1129 711 1184 id
757 1140 860 1193 est,
895 1130 1249 1200 proculdubio
1277 1131 1329 1185 in
1369 1129 1745 1201 pseudoevan—

179 1219 310 1290 soliis
348 1220 652 1291 posteritati
696 1220 1069 1277 commendata
1100 1222 1367 1292 leguntur,
1394 1222 1509 1277 haec
1536 1221 1743 1277 darmo-

182 1329 287 1369 num
331 1323 422 1369 aut
478 1314 759 1370 hominum
808 1315 914 1370 illis
958 1316 1218 1371 similium
1273 1315 1651 1371 malevolentia
1689 1324 1744 1371 et

177 1406 425 1463 fraudibus
470 1408 676 1476 addita,
706 1409 1055 1480 interpolata,
1083 1418 1288 1464 mutata
1318 1408 1742 1479 detruncataque

172 1500 392 1567 fuerunt,
437 1510 520 1568 ut,
549 1501 595 1557 si
646 1500 762 1558 fieri
792 1512 995 1573 posset,
1050 1511 1160 1558 tam
1194 1501 1528 1558 mirabilinru
1560 1510 1743 1573 gesto-

171 1610 267 1650 rom
293 1595 572 1650 elevarent
600 1594 1001 1651 auctoritatem.
1031 1594 1172 1665 Quid
1202 1610 1355 1664 vero,
1387 1593 1532 1666 quod
1556 1593 1738 1666 genti.

172 1685 236 1742 les
260 1685 384 1741 nihil
411 1694 604 1741 contra
633 1701 914 1742 sacrorum
956 1687 1284 1756 scriptorum
1328 1694 1634 1741 nostrorum
1676 1684 1739 1740 fi—

1856 470 2089 541 gentiles
2113 484 2181 526 eo
2227 470 2442 527 tandem
2474 471 2700 530 insania:
2728 482 2782 530 et
2834 475 3182 547 impudentiae
3210 477 3451 537 devene-

1854 571 1995 626 rant,
2034 571 2091 617 ut
2120 561 2235 617 haec
2284 563 2544 619 miracula
2588 580 2616 619 a
2644 564 2864 622 Christo
2895 568 3119 640 magicis
3148 569 3357 626 artibus
3383 585 3450 629 ac

1853 653 2140 725 praestigiis
2162 656 2297 711 facta
2322 657 2487 712 fuisse
2515 656 2674 713 nobis
2701 659 2940 729 objicere
2971 676 3078 717 non
3113 662 3397 721 timuerint
3428 682 3445 720 :

1859 762 1877 797 ς
1908 744 2093 816 Magos
2134 746 2273 814 fuit,
2312 767 2332 802 ι
2365 764 2553 806 eorum
2592 751 2756 807 verba
2789 763 2915 809 sunt
2957 754 3026 811 ab
3052 755 3292 812 Aruobio
3334 772 3448 814 me-

1853 851 2061 894 morata
2089 882 2105 907 ,
2149 860 2169 894 ι
2201 842 2555 911 clandestinis
2606 844 2813 901 artibus
2844 849 3024 902 omnia
3055 848 3145 903 illa
3197 848 3443 921 perfecit,

1852 929 2232 1005 Egyptiornm
2280 951 2348 991 ex
2394 935 2570 1009 adytis
2621 940 2951 1009 Angelorum
3001 944 3302 1012 potentium
3347 960 3448 1001 no-

1849 1027 2015 1094 mina,
2047 1038 2102 1083 et
2130 1039 2364 1084 remotas
2411 1029 2620 1086 furatus
2668 1041 2752 1087 est
2798 1032 3112 1105 disciplinas
3150 1054 3169 1088 ι
3202 1035 3443 1109 (Arnob.,

1847 1119 1886 1173 l.
1916 1135 1953 1182 ι,
1980 1136 2032 1188 ρ.
2062 1119 2179 1192 25).
2204 1121 2311 1176 Sed
2350 1121 2466 1178 haec
2496 1134 2651 1177 vetus
2674 1125 2958 1194 gentilium
2985 1126 3316 1196 criminatio,
3343 1143 3446 1186 sm-

1846 1211 1970 1283 pius
1999 1216 2250 1284 repetita,
2283 1230 2502 1287 semper
2527 1216 2802 1273 confutata
2825 1228 2931 1277 est.
2963 1220 3096 1288 Quis
3119 1222 3264 1277 enim
3288 1221 3443 1295 igno-

1848 1316 1930 1362 rat
1960 1307 2091 1363 illud
2119 1308 2336 1365 Christo
2364 1326 2392 1363 a
2421 1309 2625 1366 Judmis
2648 1311 2940 1381 obiectum,
2964 1314 3107 1384 quod
3138 1314 3443 1373 Beelzebub

1846 1400 2064 1456 nomine
2090 1401 2356 1458 dmuionia
2378 1403 2623 1474 ejiceret.
2652 1403 2825 1472 Quam
2864 1405 3085 1477 quidem
3114 1406 3443 1465 calumniam

1843 1492 1945 1546 etsi
1975 1492 2219 1550 Christus
2247 1494 2499 1553 dominus
2526 1496 2741 1554 abunde
2787 1498 3122 1556 confutasset
3145 1541 3161 1566 ,
3207 1516 3329 1558 eam
3358 1511 3444 1558 ta-

1846 1601 1967 1642 men
2000 1587 2200 1644 ethnici
2250 1598 2438 1660 postea
2483 1601 2669 1647 contra
2727 1595 2845 1663 ejus
2894 1591 3193 1665 discipulos
3220 1597 3443 1669 immani

1846 1696 2070 1751 prorsus
2097 1693 2151 1738 et
2177 1683 2514 1744 intoleranda
2561 1688 2873 1742 temeritate
2918 1687 3175 1744 refricare
3203 1705 3309 1745 non
3341 1690 3442 1748 du-

168 1779 270 1833 dem
299 1778 405 1833 ullo
435 1778 601 1834 modo
628 1778 987 1849 objiciebant,
1020 1778 1163 1851 quod
1216 1777 1477 1834 adversus
1527 1779 1739 1835 illorttm
1772 1784 1820 1844 B
1846 1775 2177 1833 bitaveruut.
2204 1776 2338 1834 Nam
2373 1787 2433 1856 ut
2473 1780 2609 1836 alios
2634 1781 2774 1836 bene
2795 1780 2995 1837 multos
3026 1794 3439 1856 praetereamus,

169 1873 431 1944 scriptores
464 1874 579 1944 pari
608 1874 773 1929 immo
804 1873 1002 1945 potiori
1027 1873 1152 1943 jure
1175 1872 1336 1943 ohjici
1376 1886 1483 1927 non
1513 1872 1739 1943 posset?

167 1964 430 2033 Prii-terea,
468 1966 693 2023 veridici
741 1976 993 2021 auctores
1036 1965 1205 2021 nostri
1234 1974 1387 2020 tanto
1414 1964 1577 2020 animi
1611 1978 1740 2020 can-

166 2060 294 2127 dore,
323 2059 603 2130 tantisquc
632 2059 882 2114 veritatis
911 2057 1209 2113 luminibus
1239 2057 1498 2112 miracula
1536 2055 1737 2112 Christi

164 2153 476 2224 descripsere
507 2164 562 2209 ttt
586 2155 767 2210 nullus
789 2169 890 2211 nec
910 2153 1148 2219 Judmus,
1179 2169 1279 2210 nec
1300 2154 1539 2225 gentilis,
1565 2168 1737 2225 quan-

162 2247 383 2304 tumlibet
430 2248 859 2305 christianorum
893 2249 1146 2305 inimicus
1170 2288 1188 2317 ,
1234 2247 1301 2305 iis
1329 2248 1545 2320 quando
1590 2246 1734 2305 facta

159 2352 283 2409 sunt,
316 2341 587 2416 refragari
617 2357 783 2399 ausus
810 2342 991 2399 fuerit.
1588 2392 1603 2407 ,

215 2439 279 2492 At
310 2438 518 2507 scripta
569 2450 776 2504 nostra,
810 2437 1132 2509 inquiebant
1158 2436 1382 2503 ethnici,
1415 2436 1570 2492 libris
1590 2436 1736 2492 chri-

158 2526 435 2586 stianornm
465 2529 630 2603 longe
654 2532 963 2602 antiquiora
992 2538 1141 2592 sunt.
1171 2545 1235 2585 ac
1262 2528 1493 2600 proinde
1518 2529 1624 2586 fide
1645 2530 1731 2586 di-

156 2622 337 2692 gniora.
367 2623 541 2693 Quasi
590 2641 744 2693 vero,
777 2624 1069 2696 respondet
1096 2625 1396 2693 Arnobius,
1431 2640 1623 2681 omnes
1663 2641 1731 2683 ex

155 2718 463 2787 turpissimis
497 2718 910 2791 falsissimisque
958 2718 1184 2775 deorum
1214 2716 1410 2774 fabulis
1430 2735 1537 2775 non
1566 2735 1730 2790 agno—

151 2819 497 2867 scaotearum
529 2812 908 2883 antiquitatem
934 2810 1445 2867 absurdissimorom
1476 2827 1726 2868 errorum

150 2902 598 2961 fmcundissimam
631 2905 798 2961 fuisse
829 2915 1059 2960 matrem
1102 2914 1159 2960 et
1203 2905 1490 2977 originem.
1522 2905 1727 2962 Deinde

149 3010 278 3064 vero,
306 3014 428 3055 cum
462 3000 834 3056 recentiorum
881 3008 1126 3057 actorum
1158 3000 1370 3057 facilius
1398 3016 1559 3070 quam
1586 3000 1725 3056 anti-

147 3089 393 3160 quiorum,
428 3091 649 3148 falsitas
671 3091 1131 3164 deprehendatur,
1157 3101 1322 3149 tanta:
1370 3091 1613 3164 profecto
1643 3102 1724 3149 te-

1846 1869 2054 1940 CeISuS,
2095 1881 2232 1929 teste
2274 1842 2530 1945 Origene,
2568 1894 2586 1927 ι
2625 1874 2969 1931 Servatorem
3014 1886 3253 1944 accusat,
3285 1842 3441 1951 quasi

1848 1965 2067 2035 magicis
2097 1967 2304 2022 artibus
2328 1969 2589 2023 miracula
2613 1969 2802 2024 fecerit
2830 1988 2848 2023 ι
2878 1967 3148 2043 (0rigen.,
3175 1972 3213 2026 ι.
3239 1989 3275 2040 r,
3300 1984 3437 2029 cont.

1845 2055 2003 2126 Cels.,
2045 2078 2098 2131 p.
2125 2061 2201 2132 7).
2230 2060 2516 2118 Cari-iebat
2568 2064 2859 2133 siquidem,
2908 2072 2967 2119 ut
2995 2064 3136 2120 idem
3181 2066 3443 2137 Origenes

1842 2162 2029 2222 postea
2056 2153 2395 2237 testificatur,
2425 2174 2444 2206 ‹
2474 2170 2596 2211 cum
2622 2154 2761 2212 clam
2783 2155 3068 2223 educatur,
3091 2168 3146 2214 et
3177 2158 3229 2214 in
3258 2157 3433 2233 Egy-

1842 2256 1936 2317 pto
1974 2249 2228 2305 mercede
2260 2250 2602 2319 famulatum,
2629 2251 2860 2321 peritum
2893 2251 3012 2321 ejus
3040 2253 3216 2324 gentis
3240 2255 3438 2310 artium

1839 2340 1965 2398 inde
2008 2358 2329 2408 reversum.
2360 2345 2555 2416 quibus
2598 2345 2787 2413 fretus,
2842 2360 2938 2416 pro
2984 2346 3095 2402 Deo
3144 2362 3206 2404 se
3250 2346 3438 2406 haberi

1838 2450 2030 2508 passus
2057 2437 2124 2492 sit
2164 2457 2184 2491 ι
2226 2435 2418 2510 (Ibid.,
2444 2456 2499 2510 p.
2532 2439 2649 2511 50).
2680 2438 2887 2494 Dehinc
2927 2440 3080 2510 fingit
3131 2440 3328 2510 impius
3354 2443 3437 2499 vir

1837 2532 1898 2585 s'e
1940 2530 2168 2588 credere
2215 2547 2403 2588 revera
2435 2532 2575 2589 facta
2622 2532 2788 2588 fuisse
2817 2549 2844 2586 a
2875 2532 3115 2601 Christo,
3145 2551 3264 2606 quae
3289 2535 3436 2594 dice-

1836 2621 2059 2691 bantur,
2093 2626 2375 2692 miracula,
2407 2626 2501 2682 sed
2544 2626 2661 2682 lituo
2688 2627 2996 2682 communia
3054 2626 3185 2684 facit
3206 2632 3337 2710 πρὸς
3366 2634 3436 2688 τὰ

1834 2718 1962 2796 ἔργα
1988 2729 2088 2777 τῶν
2141 2730 2356 2796 νοητῶν,
2410 2724 2478 2784 ὡς
2534 2723 2965 2795 ὑπισχνουμένων
3013 2726 3432 2800 θαυμασιώτερα,

1833 2816 1919 2868 καὶ
1946 2816 2078 2892 πρὸς
2101 2819 2168 2874 τὰ
2208 2815 2310 2870 ὑπὸ
2346 2823 2445 2872 τῶν
2475 2818 2734 2888 μαθόντων
2773 2817 2877 2872 ὑπὸ
2906 2820 3194 2891 Αἰγυπτίων
3231 2818 3372 2875 ἔπιτε
3404 2817 3431 2873 ὁ

1830 2905 2052 2979 λούμενα
2080 2909 2131 2962 ἔν
2158 2908 2345 2980 μέσαις
2373 2910 2605 2986 ἀγοραῖς.
2639 2906 2773 2961 Cum
2824 2908 3276 2978 prrestigiatorutn
3300 2923 3430 2980 ope-

1831 3002 2000 3062 ribus.
2033 3001 2125 3072 qui
2174 3002 2503 3058 mirabiliora
2546 3002 2891 3074 pollicentur,
2923 3012 2979 3059 et
3015 3019 3138 3058 cum
3185 3005 3427 3061 circula-

1829 3100 2007 3149 torum
2033 3093 2192 3151 factis
2217 3098 2269 3152 in
2297 3095 2476 3152 medio
2498 3095 2616 3151 foro
2647 3097 2924 3168 praestitis,
2948 3097 3039 3170 qui
3063 3097 3134 3155 ab
3154 3098 3429 3172 Egyptiis

146 3188 384 3241 meritatis
426 3186 734 3258 scriptores
781 3187 951 3242 nostri
996 3201 1118 3242 esse
1169 3200 1276 3242 non
1306 3195 1619 3256 potuerunt,
1665 3195 1725 3243 ut
1751 3190 1796 3254 C
1828 3200 1889 3242 ea
1922 3186 2228 3244 didicerunt
2254 3188 2438 3258 (lbid.,
2470 3208 2524 3262 ρ.
2556 3189 2673 3263 55).

144 3279 357 3334 recentia
405 3278 700 3346 miracula,
751 3287 808 3335 et
855 3278 1119 3336 hactenus
1149 3279 1407 3344 inaudita,
1448 3287 1722 3351 tamquam

145 3371 399 3428 verissima
438 3372 809 3444 pra'dicarent
834 3414 851 3439 ,
880 3388 1107 3444 quorum
1155 3372 1440 3429 falsitatem
1478 3388 1543 3428 eo
1564 3372 1722 3430 citius

141 3465 340 3535 gentiles
382 3467 797 3539 cognovissent,
829 3483 937 3538 quo
980 3469 1153 3539 magis
1200 3483 1305 3522 non
1352 3466 1527 3521 solum
1556 3483 1717 3532 nova,

141 3554 440 3630 insuetaque
492 3569 670 3621 erant.
700 3558 796 3614 sed
829 3558 893 3614 iis
933 3559 1096 3613 etiam
1138 3557 1266 3614 falsa
1290 3558 1503 3614 illorum
1532 3559 1719 3630 religio

140 3647 352 3708 funditus
379 3652 759 3709 evertebatur.
792 3651 945 3708 Tunc
982 3663 1162 3708 tamen
1193 3668 1258 3709 ea
1287 3661 1429 3721 acta,
1457 3663 1548 3708 aut
1575 3654 1717 3710 scri-

140 3754 212 3812 pta
248 3760 370 3805 cum
419 3747 662 3820 primum
718 3746 991 3813 viderunt,
1020 3746 1308 3817 quantavis
1357 3746 1718 3804 admiratione

138 3837 506 3913 obstupefacti,
560 3840 695 3899 nihil
742 3851 953 3910 contra,
1006 3842 1107 3897 nisi
1157 3840 1297 3898 forte
1326 3851 1567 3898 amentes
1592 3842 1716 3914 qui-

134 3932 235 3991 dam
260 3940 462 3994 mutire
491 3936 609 3993 ausi
636 3947 780 3993 sunt.

190 4028 469 4103 Urgebant
512 4030 691 4087 adhuc
741 4033 942 4089 ethnici
972 4033 1175 4103 scripta
1203 4033 1620 4091 christianorum
1645 4037 1714 4092 ab

132 4121 339 4182 indoctis
389 4137 448 4182 et
498 4126 763 4198 imperitis
814 4126 1125 4183 hominibus
1173 4127 1414 4198 profecta
1468 4126 1715 4185 soloeéis»

131 4217 217 4273 mis
237 4230 473 4287 scatere,
502 4235 567 4274 ac
592 4220 784 4275 vitiosa
809 4220 1084 4276 locutione
1115 4220 1304 4276 fmdari
1335 4219 1527 4291 (Idem,
1563 4240 1616 4293 ρ.
1642 4223 1711 4279 δι

133 4321 172 4364 et
195 4316 375 4386 θείη).
406 4314 534 4371 Non
567 4315 721 4370 facile
750 4315 910 4385 igitur
940 4314 1104 4370 fidem
1128 4315 1196 4369 iis
1232 4315 1553 4372 habendam.
1572 4315 1711 4385 Quid

130 4415 268 4474 ergo,
303 4407 383 4462 ait
414 4407 735 4461 Arnobius?
768 4406 1023 4477 numquid
1057 4407 1256 4462 veritas
1306 4408 1548 4478 quolibet
1591 4422 1709 4464 ser-

130 4511 292 4567 mone,
320 4501 495 4556 etiam
539 4502 710 4571 magis
741 4502 991 4567 barbaro,
1025 4501 1295 4557 enuntiari
1343 4517 1448 4558 non
1483 4505 1707 4573 potest?

1900 3279 2005 3336 Sed
2036 3280 2547 3352 impudentissimam
2574 3284 2898 3341 calumniam
2929 3295 3033 3341 tam
3069 3286 3226 3344 facile
3247 3290 3460 3347 Arno-1

1825 3373 1975 3442 bius,
2023 3392 2182 3446 quam
2230 3376 2532 3448 Origenes,
2581 3377 2739 3434 diluit
2786 3380 3109 3452 penitusque
3154 3381 3423 3439 dissolvit.

1823 3468 2061 3524 Primum
2088 3471 2231 3527 enim
2266 3471 2359 3527 ille
2389 3474 2683 3542 respondet
2724 3473 2929 3528 nullum
2966 3489 3180 3545 magum
3222 3476 3428 3548 aliquid

1824 3578 2079 3634 umquam
2121 3566 2203 3619 vel
2237 3565 2526 3621 millesima
2576 3575 2732 3636 parte
2776 3564 3004 3632 fecisse,
3050 3566 3195 3638 quod
3223 3567 3424 3625 Christi

1822 3656 2095 3712 miraculis
2119 3658 2404 3714 consimile
2434 3660 2524 3713 sit.
2550 3656 2800 3714 Christus
2825 3660 3108 3715 euirnvero
3137 3660 3256 3716 sine
3281 3661 3385 3716 ulla
3403 3703 3419 3728 ,

1820 3746 1994 3819 inquit
2019 3757 2207 3803 auctor
2238 3759 2421 3804 noster
2452 3749 2694 3821 (Aruob.,
2725 3750 2814 3804 lib.
2839 3766 2878 3817 ι,
2914 3767 3034 3822 pag.
3066 3749 3181 3819 25),
3234 3752 3283 3806 vi
3305 3766 3423 3807 car-

1820 3841 2047 3906 minum,
2078 3854 2169 3897 aut
2200 3841 2488 3898 herbarum
2517 3852 2575 3898 et
2596 3844 2905 3915 graminum
2932 3846 3110 3900 succis
3130 3890 3143 3912 ,
3175 3846 3291 3902 sine
3313 3848 3421 3903 ulla

1817 3949 2094 3990 sacrorum
2145 3936 2464 3991 libaminum
2510 3951 2573 3991 ac
2634 3945 2941 4008 temporum
3002 3939 3415 4006 observatione,

1815 4030 1933 4084 sine
1962 4031 2083 4085 ullis
2113 4031 2272 4101 plane
2300 4031 2539 4095 artibus,
2582 4048 2703 4101 quae
2731 4048 3021 4104 numquam
3054 4050 3160 4088 non
3191 4050 3223 4090 a
3253 4034 3419 4105 Magis

1814 4122 2228 4190 adbibi-bantur,
2263 4125 2358 4181 sed
2386 4126 2503 4181 sola
2534 4126 2771 4181 nominis
2817 4126 2901 4181 Siti
2950 4138 3215 4198 poteSIate
3246 4138 3300 4185 et
3330 4128 3413 4183 in-

1815 4218 2129 4282 vocatione,
2178 4218 2262 4273 vel
2308 4219 2410 4274 levi
2460 4229 2602 4275 tactu
2656 4219 2921 4275 miracula
2978 4220 3166 4277 edidit.
3211 4221 3414 4279 Eadem

1813 4325 2030 4381 quoque
2058 4311 2417 4380 responsione
2448 4310 2711 4382 Origenes
2737 4312 3060 4382 stupendam
3082 4311 3227 4368 Celsi
3251 4313 3415 4371 auda-

1813 4405 1950 4461 ciam
1984 4406 2295 4476 comprimit
2325 4405 2630 4479 frangitquc
2675 4426 2688 4462 :
2725 4427 2743 4460 ‹
2788 4406 2937 4464 Licet
2980 4407 3082 4462 hoc
3120 4424 3412 4481 argumen-

1811 4505 1959 4564 tttm,
1997 4518 2016 4550 ι
2055 4499 2331 4570 inquiebat
2381 4500 2472 4556 ille
2524 4498 2738 4573 (θήρη
2794 4501 2884 4556 lib.
2938 4516 2978 4556 ι.
3034 4513 3195 4558 contr.
3241 4501 3410 4572 σευ..

127 4584 306 4647 Contra
335 4603 494 4649 certe
521 4608 589 4648 eo
619 4594 791 4665 magis
830 4592 964 4648 ﬁdes
992 4593 1347 4663 scriptoribus
1380 4595 1580 4650 nostris
1606 4596 1700 4651 tri-
1731 4597 1786 4657 D
1813 4606 1932 4662 pag.
1961 4592 1992 4645 7
2021 4588 2067 4661 ).
2106 4610 2125 4642 ι
2159 4589 2227 4646 de
2274 4590 2459 4655 modo.
2485 4606 2594 4663 quo
2618 4591 2776 4647 Jesus
2799 4592 2913 4647 huic
2943 4592 3163 4656 fecerit.
3198 4595 3409 4651 insolu-

128 4680 316 4740 buenda
346 4694 454 4751 est,
487 4701 597 4758 quo
646 4686 818 4758 magis
864 4685 898 4741 ii
927 4701 1182 4743 sermone
1212 4687 1471 4758 simplici,
1493 4696 1550 4744 et
1576 4689 1705 4745 abs-

125 4787 214 4843 que
238 4777 345 4833 ullo
362 4779 660 4835 verborum
686 4778 814 4836 fuco
843 4791 899 4836 et
926 4781 1196 4838 lenocinio
1219 4782 1382 4838 locuti
1410 4789 1554 4837 sunt.
1572 4781 1709 4838 Nul-

127 4864 220 4922 lum
252 4872 460 4943 quippe
499 4872 760 4929 orationis
817 4886 1226 4941 ornamentum,
1278 4876 1483 4931 nullum
1533 4876 1705 4931 artifi-

125 4959 246 5018 cium
274 4966 478 5021 veritas
523 4965 800 5022 desiderat
828 4966 1017 5035 (Ibid.,
1051 4988 1104 5039 p.
1134 4967 1266 5041 55).
1304 4968 1548 5039 Denique
1585 4984 1703 5027 ser-

123 5057 278 5124 monis
311 5069 639 5115 ornamenta
666 5100 681 5125 ,
711 5062 1053 5132 suspicantes,
1085 5062 1158 5115 uti
1180 5062 1256 5116 ait
1286 5062 1577 5126 Arnobius,
1602 5061 1700 5115 ad-

118 5148 325 5215 juvant;
376 5154 431 5209 id
482 5165 587 5218 est,
635 5170 845 5221 eorum,
878 5156 968 5226 qui
1016 5156 1086 5213 de
1132 5157 1308 5227 aliqua
1339 5174 1402 5213 re
1430 5156 1700 5223 dubitant,

124 5257 303 5315 augent
348 5259 407 5304 et
456 5249 873 5316 dubitationem,
932 5261 990 5306 et
1036 5250 1704 5321 suspicionetn.Timendi

124 5338 250 5396 enim
278 5351 407 5398 tunc
461 5344 611 5399 locus
638 5353 743 5409 est,
773 5361 841 5401 ne
864 5346 1068 5402 veritas
1113 5345 1197 5400 his
1227 5346 1581 5409 ornamentis,
1615 5355 1712 5423 at-_

122 5444 215 5498 que
252 5436 517 5490 orationis
559 5437 838 5506 leporibus
866 5439 1057 5495 obruta
1089 5439 1324 5508 penitus,
1365 5448 1456 5494 aut
1486 5439 1701 5508 repulsa

121 5521 199 5588 sit,
223 5535 275 5581 et
320 5529 373 5583 in
413 5530 533 5594 ejus
561 5530 737 5585 locum
773 5532 983 5586 falsitas
1013 5531 1391 5588 substituatur.
1423 5532 1581 5587 Plura
1607 5548 1700 5588 au-

125 5623 216 5670 tem
243 5617 343 5681 his,
377 5636 503 5690 qua:
528 5622 669 5677 dicta
701 5634 849 5689 sunt,
876 5634 931 5680 ct
955 5625 1135 5680 adhuc
1168 5626 1416 5680 dicentur
1439 5625 1597 5696 plane
1620 5627 1699 5680 si-

128 5705 252 5761 milia
303 5709 623 5768 Lactantius
654 5715 895 5785 tradidit,
954 5718 1032 5772 uti
1081 5734 1180 5774 suo
1228 5718 1351 5776 loco
1394 5717 1696 5775 videbimus

122 5799 343 5869 (Dissert.
377 5808 435 5875 5,
467 5808 519 5863 iu
547 5807 808 5881 Lactant.,
835 5829 883 5867 c.
913 5811 969 5881 9,
1002 5822 1101 5869 art.
1142 5812 1222 5885 5).

1807 4682 1915 4738 bile
1943 4684 2219 4751 videatur;
2248 4694 2459 4741 constat
2492 4696 2668 4742 tamen
2701 4685 3028 4744 christianos
3076 4689 3218 4743 nulla
3252 4706 3408 4745 exer-

1809 4793 1935 4834 cere
1964 4779 2397 4848 incantamenta,
2443 4780 2571 4836 Jesu
2603 4782 2887 4837 dumtaxat
2927 4783 3145 4839 nomine
3183 4796 3410 4841 conten-

1810 4882 1927 4939 tos,
1962 4878 2017 4927 et
2056 4872 2214 4927 dictis
2243 4874 2365 4927 aliis
2387 4915 2401 4938 ,
2451 4872 2647 4944 quibus
2694 4872 2991 4929 secundum
3020 4891 3226 4930 sacram
3258 4878 3405 4933 Scri-

1810 4974 2020 5033 pturam
2055 4966 2189 5021 ﬁdes
2221 4966 2563 5023 adhibeatur.
2599 4985 2618 5019 3
2652 4966 2921 5048 Α”ντικρυς
2950 4971 2999 5024 θέ
3026 4964 3118 5044 κᾷν
3144 4968 3265 5045 δοκῇ
3295 4973 3407 5026 ἀνέ-

1802 5059 2006 5133 λεγκτον
2052 5055 2178 5117 εἶναι
2221 5065 2279 5117 τὸ
2320 5065 2551 5135 περὶτοῦ
2596 5061 2785 5127 Ἰησοῦ,
2832 5069 2942 5123 πῶς
2978 5069 3146 5119 ταῦτα
3172 5065 3403 5128 ἐποίησε.

1806 5154 1964 5221 σαφές
1990 5147 2069 5206 ὅτι
2096 5156 2397 5230 χριστιανοί
2447 5152 2658 5228 οὐδεμιᾲ
2698 5153 2879 5230 μελέτῃ
2906 5151 3113 5227 ἐπῳδῶν
3143 5157 3402 5230 χρώμενοι

1803 5244 2202 5319 ἐντυγχάνουσι.

1881 5340 2087 5396 Deinde
2125 5356 2255 5396 vero
2306 5351 2455 5396 tanta
2495 5340 2748 5395 Christus
2796 5341 3053 5395 miracula
3104 5341 3399 5412 patrando,

1803 5436 1878 5491 ait
1915 5435 2186 5491 Arnobius
2207 5478 2219 5499 ,
2254 5434 2388 5489 nihil
2416 5435 2728 5490 horninibus
2758 5435 2860 5490 nisi
2892 5433 3021 5489 felix
3046 5443 3099 5487 et
3129 5434 3360 5491 faustum
3382 5480 3397 5501 ,

1806 5530 1934 5585 utile
1965 5543 2188 5598 prorsus
2232 5538 2287 5583 et
2333 5529 2567 5583 salutare
2598 5527 2846 5583 contulit.
2879 5526 3079 5583 Contra
3106 5544 3235 5582 vero
3266 5528 3402 5600 Magi

1802 5621 1868 5677 iis
1894 5621 2036 5687 suis,
2087 5637 2208 5688 qum
2240 5622 2589 5693 putabantur,
2628 5620 2902 5675 miraculis
2951 5621 3109 5691 nilllh
3140 5621 3242 5676 nisi
3294 5622 3401 5677 illi-

1798 5718 1962 5772 citum
1985 5757 2001 5782 ,
2037 5716 2248 5782 infelix,
2274 5719 2494 5773 noxium
2517 5759 2530 5781 ,
2558 5712 2918 5787 perniciosum
2942 5758 2957 5783 ,
2985 5717 3400 5791 hominibusque

1794 5820 1851 5869 et
1875 5808 2073 5868 bellois
2101 5809 2325 5868 exitiale
2349 5810 2739 5881 praestiterunt.
2772 5808 2829 5866 Si
2861 5810 2990 5882 quid
3021 5820 3204 5869 autem
3254 5812 3400 5870 utili—
