3904 6326
445 247 548 306 Ml

1646 232 2071 303 υιεδειιτΑι-ιι

2182 232 2419 305 ulla
3600 256 3687 314 tu

446 359 577 418 tatis
612 359 925 417 videretur"
962 358 1195 428 εποντο,
1242 360 1349 416 hoe
1384 370 1495 416 non
1532 358 1731 415 accidit
1779 358 2027 427 illorum,
2061 422 2071 435 ι

2180 382 2263 425 ους
2281 368 2554 429 τοσούτοις
2579 363 2833 426 κινδύνοις
2853 364 3074 428 iacui-ob:
3101 364 3525 440 παραϐιωηκίναι
3547 371 3687 445 (ιισά-

450 456 547 512 sed
574 457 835 522 aliorum,-
862 454 915 510 id
946 463 1061 522 est,
1093 454 1435 520 dzemonem.
1482 466 1513 509 ιι
1562 469 1623 510 se
1666 453 2042 509 invocatorum

452 556 756 619 potestate:
788 545 922 614 Quis
950 547 1053 601 hoc
1085 545 1320 615 nesciat,
1356 562 1378 599 s
1411 546 1636 602 Arnobii
1675 545 1839 601 verba
1888 556 2044 611 sunt,

455 658 477 694 ι
506 650 602 695 aut
626 641 964 695 mortiferam
991 640 1317 709 immittere,
1348 641 1544 711 quibus
1574 640 1815 707 libuerit,
1844 639 2046 705 tabem,

451 745 545 790 aut
590 733 936 789 familiarium
982 733 1323 805 disrumpere
1348 733 1672 799 charitates,
1692 771 1706 786 .
1733 774 1743 785 .
1769 773 1814 787 ..
1834 773 1846 786 .
1876 742 1968 787 aut
1996 733 2049 787 in

451 825 736 882 curriculis
763 840 935 895 equos
980 826 1295 893 debilitare,
1348 827 1617 893 incitare,
1667 825 1915 893 tardare,
1958 834 2051 879 aut

449 919 711 974 uxoribus
735 928 788 974 et
818 918 1004 974 liberis
1035 918 1256 982 alienis,
1287 918 1401 973 sive
1429 919 1506 973 illi
1536 932 1716 974 mares
1746 918 1882 985 sint,
1934 920 2053 973 sive

448 1014 667 1071 feminei
691 1014 907 1083 generis
928 1054 943 1080 ,
974 1013 1278 1069 inconcessi
1318 1014 1520 1069 amoris
1553 1014 1800 1070 ﬂammas
1822 1055 1838 1080 ,
1882 1022 1937 1069 et
1971 1013 2053 1067 [ιι-

449 1109 615 1165 rlales
655 1108 951 1164 immittere
998 1108 1325 1179 cupiditates
1374 1126 1390 1162 :
1439 1118 1532 1163 aut
1582 1110 1625 1163 si
1677 1110 1807 1164 utile
1853 1107 2053 1178 aliquid

449 1202 739 1258 videantur
766 1202 970 1258 audere
992 1243 1005 1267 ,
1038 1218 1145 1257 non
1180 1202 1397 1273 propria
1429 1203 1478 1256 vi
1511 1216 1672 1273 posse
1694 1245 1709 1269 ,
1741 1203 1837 1258 sed
1865 1217 2054 1257 eorum

450 1308 587 1369 quos
615 1296 870 1351 invocant
919 1303 1189 1365 potestate
1220 1314 1240 1348 ι
1286 1295 1540 1368 (Arnob.,
1576 1294 1665 1349 lib.
1695 1309 1750 1361 ι,
1785 1312 1905 1365 pag.
1933 1293 2054 1365 9.5).

523 1405 589 1461 Et
638 1402 757 1461 haec
800 1405 1019 1477 quidem
1068 1408 1265 1461 mirum
1315 1405 1559 1478 profecto
1604 1407 1658 1461 in
1696 1406 1931 1461 .modum
1972 1400 2059 1462 his

452 1494 628 1555 adhuc
650 1499 1040 1555 conﬁrmantur
1056 1499 1309 1571 Origenis
1332 1500 1598 1556 adversus
1609 1500 1828 1556 Celsum
1847 1498 2058 1556 verbis:

451 1597 528 1650 Τά
569 1595 661 1666 μὲν
713 1600 815 1649 τῶν
869 1595 1257 1667 ἀντιχρίστων,
1306 1597 1393 1650 καὶ
1450 1602 1549 1650 τῶν
1606 1596 2062 1672 προσποιουμένων

454 1684 715 1759 δυνάμεις,
747 1688 815 1749 ὡς
846 1689 1080 1761 μαθητῶν
1117 1686 1301 1755 Ἰησοῦ,
1342 1696 1554 1760 σημεῖα,
1584 1690 1672 1743 καὶ
1699 1690 1889 1764 τέρατα
1932 1688 2065 1762 λέγε-

453 1801 541 1836 ται
570 1775 696 1834 εἶναι
741 1777 942 1851 ψεύδη,
987 1781 1038 1834 ἐν
1063 1781 1207 1854 πάσῃ
1237 1780 1409 1853 ἀπάτῃ
1450 1778 1650 1842 ἀδικίαις
1699 1786 1807 1841 τοῖς
1847 1780 2065 1835 ἀπολλυ-

2145 457 2353 529 Ίοντας)
2383 456 2713 514 διδασκαλίαν
2759 460 2975 532 μαγείας
3018 459 3452 532 ἀπαγορεύουσαν.
3488 463 3619 531 Quod
3658 472 3693 524 si

2152 550 2423 620 potrabant
2457 552 2556 622 ipsi
2584 564 2785 622 quoque
2810 551 3045 622 prodigia
3062 592 3075 614 ,
3105 552 3355 617 quomodo
3378 552 3610 624 probabile
3635 573 3696 616 est

2150 658 2327 714 ntagos
2369 658 2424 698 se
2445 645 2743 714 exposuisse
2779 652 2851 698 tot
2894 645 3167 713 periculis,
3204 646 3289 715 qui
3338 646 3597 703 doctrinam
3632 651 3700 706 in-

2152 738 2408 792 duxerunt
2435 780 2447 802 ,
2500 739 2751 809 magicam
2801 746 2963 793 artem
2996 739 3201 808 penitus
3230 738 3560 797 detestantem.
3595 744 3701 800 Post

2153 830 2290 898 haec,
2316 830 2507 887 eodem
2532 844 2721 889 rursus
2739 831 2903 887 modo
2924 831 3166 899 Celsum,
3183 834 3368 889 eadem
3389 846 3701 907 repetentem,

2156 926 2387 994 refellit,
2418 935 2695 997 totamque
2745 938 2899 982 suam
2951 925 3368 996 disputationem
3418 928 3552 984 hunc
3598 945 3703 986 con-

2155 1019 2327 1075 cludit
2366 1022 2417 1075 in
2443 1021 2662 1075 modum
2694 1037 2708 1076 :
2743 1020 2875 1088 Quis
2922 1030 3065 1074 sanat
3110 1023 3291 1076 mentis
3332 1024 3550 1094 conferat
3585 1040 3707 1091 eum,

2156 1112 2431 1169 Christum
2454 1154 2469 1177 ,
2499 1128 2617 1167 cum
2647 1113 3085 1184 prwstigiatorum
3125 1114 3386 1182 proposito
3404 1154 3419 1178 ,
3446 1129 3502 1168 ac
3525 1131 3616 1169 non
3638 1132 3713 1185 po-

2158 1208 2258 1262 tius
2284 1206 2455 1261 credat
2471 1206 2631 1279 juxta
2654 1210 2863 1261 oracula
2881 1206 3051 1262 Deum
3080 1222 3189 1261 esse
3216 1216 3532 1277 conspectum
3569 1209 3616 1262 in
3639 1209 3715 1264 Iut—

2160 1316 2315 1357 mauo
2343 1318 2585 1371 corpore,
2619 1312 2673 1356 ut
2699 1304 2752 1357 in
2796 1313 3026 1356 nostrum
3067 1316 3230 1370 genus
3273 1314 3515 1356 exerceret
3553 1303 3715 1372 beneﬁ-

2162 1398 2398 1452 centiam.
2425 1404 2534 1458 Πῶς
2559 1398 2779 1470 εὐλόγως
2815 1393 2876 1452 ἄν
2896 1418 2975 1459 τις
3010 1397 3166 1452 αὐτὸν
3192 1404 3257 1471 τῇ
3308 1398 3591 1473 προαιρέσει
3639 1405 3719 1453 τῶν

2162 1497 2356 1564 ’νοητῶν
2369 1490 2683 1563 παραϐάλοι,
2699 1492 2785 1543 καί
2801 1495 2892 1562 μή,
2910 1489 3025 1545 κατ’
3040 1488 3365 1562 ἐπαγγελίαν,
3394 1490 3475 1543 τὸν
3492 1491 3604 1544 Θεὸν
3617 1486 3723 1546 εἶναι

2166 1585 2400 1638 πιστεύοι
2418 1624 2431 1647 ,
2463 1584 2513 1637 ὒν
2544 1586 2839 1660 ἀνθρωπίνῳ
2864 1584 3081 1657 φανέντα
3105 1585 3331 1654 σώματι,
3373 1582 3452 1637 ἐπ’
3492 1583 3725 1660 εὐεργεσίᾳ

2166 1681 2259 1730 τοῦ
2286 1677 2463 1749 ’γένους
2489 1676 2628 1747 ἡμῖν.
2657 1673 2851 1743 (Ibid.,
2883 1690 3004 1745 pag.
3035 1672 3154 1745 5i.)

2240 1766 2399 1821 Plura
2442 1782 2570 1822 sane
2600 1767 2813 1838 egregia
2835 1809 2852 1835 ,
2895 1770 2953 1821 el
2981 1766 3121 1822 lectu
3152 1767 3313 1838 digna
3344 1765 3444 1822 hoc
3488 1768 3647 1838 ipsum
3684 1769 3727 1823 in

454 1874 625 1943 μένοις
653 1874 936 1944 ἰσχύοντα.
984 1874 1048 1930 τὰ
1072 1871 1128 1929 δὲ
1154 1879 1249 1929 τοῦ
1290 1879 1517 1949 Χριστοῦ
1547 1876 1634 1927 καί
1682 1880 1783 1929 τῶν
1831 1875 2066 1946 μαθητῶν

2180 1877 2548 1938 argumentum
2601 1866 2842 1937 disputat
2895 1865 3207 1923 Eusebius:
3240 1865 3337 1924 sed
3386 1871 3502 1939 quia
3553 1867 3729 1938 longius

454 1967 618 2022 αὐτοῦ
637 1970 834 2045 καρπὸν
858 1965 1039 2039 ἴσχτν,
1065 1969 1156 2023 οὐκ
1177 1969 1399 2033 ἀπάτην,
1424 1967 1549 2022 ἀλλά
1571 1969 1831 2038 σωτηρίαν
1852 1967 2064 2041 ψυχῶν.

453 2061 535 2123 τίς
562 2062 665 2137 γὰρ
712 2063 799 2117 τὸν
844 2066 1112 2139 κρείττονα
1160 2063 1289 2135 βίον,
1343 2064 1428 2118 καί
1475 2061 1820 2118 συστέλλονται
1863 2065 1931 2118 τοὶ
1974 2071 2068 2126 τῆς

455 2158 638 2218 κακίας
686 2153 937 2231 ὁσημέραι
980 2157 1065 2210 in!
1114 2157 1173 2211 τὸ
1226 2152 1458 2219 ἔλαττον,
1508 2155 1727 2230 εὐλόγως
1775 2157 1922 2229 φησίν
1964 2156 2067 2211 ἀπὸ

457 2246 662 2312 ἀπάτης
688 2251 947 2323 muscam;
981 2249 1447 2311 Antichristorum,
1480 2256 1525 2303 et
1564 2248 1636 2302 ad
1678 2248 2067 2302 similitudinem

457 2339 585 2394 Iesu
614 2341 987 2410 discipulorum
1028 2343 1273 2397 virtutem
1317 2358 1463 2395 suam
1505 2356 1742 2397 exercere
1774 2342 2068 2396 conantium

460 2432 713 2486 miracula
740 2434 1077 2507 prodigiaque
1106 2435 1444 2506 appellantur
1472 2434 1770 2500 mendacia,
1811 2435 1951 2489 omni
1977 2432 2066 2488 de-

462 2527 698 2597 ceptione
725 2527 1023 2599 injustitiw,
1058 2528 1127 2582 ad
1181 2528 1468 2599 perdendos
1523 2526 1754 2583 homines
1804 2527 2062 2597 efficacia.

463 2612 840 2679 Hiraculorum
866 2632 1040 2678 autem
1060 2620 1251 2679 Christi
1279 2622 1496 2693 ejusque
1521 2621 1892 2691 discipulorum
1920 2623 2065 2693 fruc-

462 2726 544 2771 tus
570 2725 717 2782 erat,
765 2733 867 2772 non
922 2717 1187 2783 decentia,
1240 2718 1332 2771 sed
1381 2716 1522 2772 salus
1569 2717 1878 2772 animarum.
1938 2716 2068 2784 Quis

461 2813 595 2867 enim
624 2811 957 2883 probabiliter
1010 2812 1197 2866 diceret
1248 2811 1656 2866 emendationem
1699 2812 1846 2877 ultre,
1898 2812 2067 2880 quoti-

463 2906 743 2977 dianosque
782 2920 814 2960 a
850 2906 988 2961 vitiis
1026 2906 1095 2961 ad
1139 2907 1378 2960 virtutem
1418 2910 1712 2978 profectus,
1762 2906 1906 2960 nasci
1927 2922 1956 2959 e
1979 2905 2069 2960 de-

464 3000 820 3070 ceptionibus.’
850 3000 1077 3073 (0rig.,
1126 2999 1216 3055 lib.
1257 3014 1317 3064 ll,
1361 3014 1483 3075 pag.
1511 2998 1625 3069 90).
1658 2997 1895 3067 Longius
1926 2998 2069 3053 foret

465 3100 636 3148 totum
661 3093 804 3149 hunc
832 3092 1082 3164 Origenis
1126 3092 1305 3147 locum
1349 3091 1705 3147 describere:
1740 3090 1836 3146 sed
1866 3105 1987 3145 eum
2021 3089 2068 3144 si

465 3186 733 3257 integrum
775 3187 960 3257 legere
991 3185 1260 3253 volueris,
1315 3184 1563 3265 lectionis
1616 3194 1669 3239 te
1712 3181 2069 3254 proculdubio

468 3292 576 3332 non
599 3276 826 3348 pigebit.

541 3392 729 3448 Tertio
778 3391 1028 3448 Christus
1085 3400 1164 3446 tot
1218 3389 1516 3454 miracula,
1571 3390 1748 3462 pergit
1799 3387 2071 3461 Arnobius

467 3484 718 3563 (Arnob.,
762 3488 850 3542 lib.
880 3504 919 3554 ι,
949 3502 1073 3559 pag.
1103 3484 1222 3558 27),
1258 3500 1363 3539 non
1413 3499 1551 3539 vana
1597 3483 1783 3555 utique
1833 3490 2072 3537 ostenta-

470 3582 618 3636 tione
644 3580 853 3647 edidit,
881 3579 978 3635 sed
1000 3588 1057 3633 ut
1075 3594 1300 3649 operum
1326 3576 1657 3647 benignitate
1684 3574 1878 3642 duros,
1912 3584 2072 3646 atque

469 3666 780 3729 incredulos
814 3670 1064 3727 homines
1112 3669 1179 3725 ad
1225 3684 1407 3724 veram
1461 3668 1552 3722 Dei
1606 3668 1966 3738 cognitionem
2020 3674 2076 3722 et

469 3765 669 3821 cultum
701 3765 1034 3820 adduceret:
1066 3763 1206 3835 magi
1237 3778 1399 3829 vero,
1446 3768 1504 3815 ut
1534 3758 1604 3815 ab
1640 3759 1740 3815 hac
1766 3761 2076 3831 cognitione

469 3869 523 3916 et
553 3860 700 3916 cultu
727 3874 987 3924 aversos,
1019 3858 1087 3913 ad
1114 3857 1378 3914 nefariam
1412 3854 1669 3912 falsorum
1716 3855 1943 3910 deorum
1984 3869 2076 3909 ve-

470 3953 813 4008 nerationem
840 3950 1198 4013 indueerent,
1233 3959 1327 4003 aut
1356 3948 1609 4003 inductos
1638 3954 1900 4033 cogerent
1928 3945 1981 4001 in
2013 3961 2074 4000 ea

471 4059 688 4116 semper
714 4056 1088 4114 perseverare.
1127 4041 1367 4112 Denique
1397 4049 1601 4096 tantum
1630 4040 1784 4096 abest
1802 4079 1818 4102 ,
1846 4048 1903 4097 ut
1923 4035 2078 4093 Chri-

472 4150 587 4195 stus
634 4136 838 4201 aliuuid
891 4137 996 4192 ulla
1045 4145 1162 4191 arte
1209 4135 1416 4205 magica
1468 4132 1658 4188 fecerit
1686 4131 1915 4202 (lbid.);
1948 4131 2078 4200 quin

474 4232 656 4303 potius
676 4229 824 4285 illam
849 4244 1067 4285 omnem
1091 4230 1172 4284 sic
1194 4226 1637 4284 condemnaverit
1659 4268 1673 4291 ,
1702 4233 1759 4279 ut
1786 4223 2076 4289 Arnobius,

480 4323 639 4378 sicuti
662 4324 771 4392 jam
802 4323 1039 4377 vidimus
1061 4364 1075 4388 ,
1128 4322 1269 4376 inter
1298 4318 1556 4375 miracula
1603 4318 1720 4388 ejus
1741 4322 2039 4387 {computet
2062 4358 2078 4384 ,

477 4416 751 4486 antiquata
802 4414 870 4469 ab
912 4414 1005 4469 illo
1032 4422 1223 4469 cuncta
1254 4412 1562 4467 daemonum
1585 4452 1599 4476 ,
1634 4421 1838 4475 vatum,
1886 4410 2081 4464 harus-

480 4510 683 4581 picum,
714 4517 771 4563 et
800 4520 1078 4578 magorum
1111 4505 1362 4560 artilicia.

548 4621 733 4693 Neque
759 4622 992 4677 absimili
1045 4621 1205 4693 plane
1250 4616 1413 4674 modo
1460 4618 1713 4690 Origines
1753 4617 1913 4673 Celso
1963 4631 2080 4672 res-
2107 4641 2163 4703 D

477 4700 722 4785 pendet:
766 4712 890 4787 Ἐ’γώ
938 4710 991 4768 δέ
1038 4716 1130 4768 οὐκ
1175 4709 1266 4768 οἷδ’
1296 4709 1435 4774 ὅπως
1480 4705 1538 4765 ἂν
1584 4712 1748 4786 μάγος
1795 4713 2084 4786 ἠγωνίσατο

479 4805 677 4872 διδάξαι
728 4807 875 4879 λόγον
927 4808 1164 4862 πείθοντα
1218 4804 1465 4876 (πάντα)
1518 4805 1787 4877 πράττειν,
1843 4805 1912 4866 ὡς
1956 4809 2085 4859 Θεοῦ

479 4904 736 4973 κρίνοντος
763 4901 982 4956 ἕκαστον
1011 4902 1096 4955 ἐπὶ
1123 4904 1256 4955 πᾶσι
1283 4906 1391 4961 τοῖς
1412 4900 1810 4973 πεπραγμένοις.
1836 4902 1925 4954 καί
1950 4898 2087 4957 οὕτω

481 4992 763 5050 διατιθέντα
803 4995 925 5053 τοὺς
955 4992 1142 5047 ἑαυτοῦ
1180 4993 1431 5065 μαθητὰς,
1461 4987 1533 5052 οἷς
1563 4990 1738 5062 ἤμελλε
1787 4996 2092 5066 χρήσασθαι

482 5087 733 5147 διακόνοις
769 5095 861 5149 τῆς
906 5086 1096 5141 ἑαυτοῦ
1133 5083 1488 5145 διδασκαλίας.
1518 5080 1631 5155 Ego
1658 5099 1773 5138 vero
1801 5101 1901 5138 non
1932 5084 2086 5140 intel-

484 5179 587 5250 ligo
621 5177 877 5248 quomodo
922 5193 1101 5247 magus
1135 5176 1375 5246 potuisset
1426 5174 1550 5229 dare
1591 5192 1828 5249 operam,
1878 5186 1931 5230 ut
1972 5193 2087 5247 per-

485 5275 722 5329 suaderet
767 5286 1176 5341 unumquemque
1220 5270 1295 5323 ita
1338 5286 1459 5323 suas
1506 5272 1732 5324 actiones
1795 5270 2082 5337 moderari,

486 5383 546 5420 ac
574 5366 619 5421 si
646 5364 943 5420 redditurus
969 5373 1097 5418 esset
1139 5363 1391 5417 rationem
1419 5362 1527 5417 Deo
1570 5362 1764 5431 iudici;
1819 5372 1968 5434 atque
2012 5364 2085 5416 ita

488 5458 774 5530 discipulos
802 5473 924 5512 suos
949 5457 1247 5521 instituere,
1281 5455 1462 5527 quibus
1493 5465 1603 5511 erat
1630 5472 1816 5510 usurus
1846 5455 2091 5510 ministris

489 5567 596 5606 suta
634 5551 882 5605 doctrinae
927 5547 947 5621 (
974 5547 1121 5621 Orig.
1148 5591 1163 5617 ,
1194 5548 1283 5602 lib.
1332 5563 1369 5613 ι,
1416 5558 1579 5606 contr.
1608 5546 1743 5603 Cels.
1767 5590 1782 5615 ,
1823 5565 1943 5617 pag.
1975 5547 2088 5620 50).

490 5643 626 5699 Τιιιιι
681 5652 959 5713 postquam
1003 5657 1133 5698 vera
1199 5639 1456 5697 miracula
1525 5641 1593 5695 ab
1649 5640 1765 5710 ejus
1818 5638 2095 5713 discipulis
2138 5658 2141 5661 λ

494 5735 731 5790 factitata
759 5734 921 5789 fniSse
975 5734 1256 5805 probavit,
1323 5732 1441 5787 haec
1490 5732 1746 5788 continuo
1789 5730 2022 5803 subjecit
2065 5749 2079 5786 :

498 5829 556 5887 El
583 5824 637 5883 δὲ
667 5825 907 5896 δυνάμεις
937 5828 1167 5898 ἐτέλουν,
1214 5830 1328 5887 τίνα
1371 5824 1488 5897 ἕχει
1529 5826 1840 5885 πιθανότητα
1884 5824 1944 5883 τὸ
1996 5826 2091 5899 μά-

2172 1969 2319 2015 essct
2349 1974 2411 2013 ea
2441 1957 2528 2013 hic
2558 1957 2900 2027 describere,
2936 1960 3003 2015 ad
3029 1959 3147 2031 ejus
3173 1970 3228 2016 te
3258 1960 3519 2016 mittimus
3542 1958 3729 2025 librum,

2171 2060 2332 2122 qlicm
2360 2050 2577 2122 quidem
2607 2052 2653 2106 si
2684 2051 2834 2108 adire
2868 2064 2922 2108 et
2952 2053 3300 2124 pervolutare
3333 2064 3383 2108 te
3409 2067 3513 2109 non
3544 2050 3729 2118 tte-deat,

2172 2144 2374 2215 legisse
2398 2144 2619 2200 minime
2651 2144 2935 2216 ptenitebit
2966 2143 3217 2218 (Euseb,
3252 2144 3344 2201 tib.
3380 2160 3466 2213 ill,
3504 2143 3731 2201 Demonst.

2172 2236 2374 2310 Erang.
2399 2281 2415 2307 ,
2445 2254 2561 2310 cap.
2590 2239 2626 2295 5
2656 2250 2701 2295 et
2727 2239 2791 2306 6;
2837 2256 2957 2312 pag.
2990 2239 3115 2307 105,
3158 2248 3205 2295 et
3240 2256 3380 2312 αφ,
3413 2246 3459 2296 et
3488 2256 3600 2312 pag.
3630 2236 3731 2304 109,

2171 2342 2219 2387 et
2243 2348 2380 2403 seqq.
2406 2333 2448 2401 ).

2702 2508 3246 2573 auricomustiu

2172 2654 2328 2715 Quam
2351 2653 2561 2705 absurde
2583 2653 2779 2705 Ethnici
2818 2653 3097 2716 objicerent
3121 2653 3300 2716 eadem
3325 2661 3408 2704 aut
3424 2652 3593 2703 similia
3612 2664 3637 2703 a
3664 2650 3745 2701 diis

2383 2719 2487 2768 suis
2503 2753 2517 2778 ,
2545 2724 2693 2781 atque
2718 2732 2747 2767 ιι
2768 2715 2958 2768 ChriSto
2982 2715 3105 2767 facta
3130 2715 3285 2767 fuisse
3310 2716 3555 2767 miracula.

2246 2890 2643 2947 Pertinaciores
2656 2890 2857 2947 ethnici
2878 2889 2945 2945 ad
2973 2898 3225 2947 extrema
3268 2891 3509 2959 redacti,
3549 2900 3641 2945 nec
3666 2902 3743 2945 ee-

2172 2986 2304 3042 dere
2333 3002 2583 3057 umquam
2612 2988 2856 3042 volentes
2880 3029 2894 3053 ,
2930 2987 3203 3043 instabant
3232 2986 3429 3043 eadem
3452 3002 3480 3042 a
3505 2986 3604 3041 diis
3623 2986 3746 3047 suis.

2172 3093 2293 3148 qua:
2336 3093 2367 3132 ιι
2407 3078 2625 3134 Christo
2672 3078 2820 3135 edita
2870 3079 3154 3135 miracula.
3189 3072 3371 3135 Unum
3419 3081 3560 3135 enim
3603 3094 3663 3133 ex
3687 3076 3751 3133 eis

2172 3170 2537 3242 disputantem
2551 3171 2826 3227 Arnobius
2855 3171 2936 3227 sic
2966 3172 3177 3227 inducit
3208 3189 3221 3224 :
3264 3190 3283 3225 ι
3316 3173 3538 3228 Frustra
3568 3176 3749 3226 tantum

2096 3240 2141 3303 Ο
2172 3240 2400 3334 adrogas
2428 3262 2663 3331 Christo,
2698 3279 2822 3320 cum
2850 3278 2997 3335 saepe
3026 3265 3161 3321 alios
3194 3266 3435 3321 sciamus
3458 3265 3588 3321 deos
3615 3274 3665 3320 et
3687 3263 3753 3317 ls-

2171 3358 2485 3415 boroutihus
2513 3359 2757 3430 plurimis
2782 3359 3000 3416 dedisse
3024 3360 3354 3425 medicinas,
3387 3368 3444 3416 et
3484 3360 3748 3415 multorum

2175 3453 2427 3519 morbus,
2470 3453 2914 3525 valetudinesque
2958 3469 3201 3509 curasse.
3243 3474 3264 3507 ι
3300 3454 3566 3525 (Arnob.,
3612 3450 3688 3507 tib.
3718 3465 3749 3513 ι,

2176 3558 2297 3616 pag.
2322 3543 2436 3619 28).
2471 3544 2678 3602 Nullius
2724 3547 2902 3618 itaque
2925 3589 2939 3613 ,
2987 3546 3336 3618 inquiebant.
3369 3547 3498 3602 illud
3530 3542 3754 3600 christia-

2176 3654 2369 3696 norum
2393 3652 2768 3713 argumentum
2794 3656 2877 3699 est
2916 3645 3199 3715 ponderis,
3232 3654 3329 3703 aut
3356 3648 3405 3703 si
3436 3645 3563 3718 quid
3591 3643 3758 3699 virium

2178 3734 2408 3800 habent,
2457 3750 2523 3790 eo
2552 3744 2770 3807 quoque
2807 3746 2992 3791 veram
3038 3750 3160 3793 esse
3188 3750 3437 3795 nostram
3466 3736 3758 3809 religionem

2178 3827 2519 3884 conﬁcietur.
2556 3829 2634 3884 Dii
2664 3830 2811 3884 enim
2842 3831 3012 3885 nostri
3043 3845 3152 3885 non
3184 3831 3399 3887 minora
3430 3842 3590 3901 quam
3624 3825 3760 3883 Cltri-

2180 3932 2297 3979 stus
2328 3924 2586 3979 miracula
2616 3923 2924 3979 ediderunt.

2256 4016 2362 4073 Sed
2377 4017 2495 4073 haec
2518 4016 2875 4073 Ethnicorum
2895 4015 3249 4088 reprehensio
3260 4018 3333 4075 ab
3350 4014 3593 4075 Arnobio
3604 4020 3764 4071 nostro

2182 4108 2440 4166 facillime
2483 4112 2745 4167 evertitur
2775 4108 2991 4183 (Infr.,
3021 4128 3137 4182 cap.
3166 4112 3258 4178 is;
3286 4120 3394 4167 art.
3423 4129 3463 4180 ι,
3508 4122 3557 4166 et
3597 4106 3762 4178 seqq.)-

2184 4201 2319 4258 Esto
2347 4203 2514 4268 enim,
2547 4203 2723 4275 inquit
2748 4202 2875 4267 ille,
2900 4203 3045 4273 quod
3074 4211 3265 4273 postea
3292 4215 3480 4261 utrum
3505 4218 3681 4259 verum
3711 4200 3768 4255 sit

2184 4295 2602 4357 exatninabitur,
2628 4294 2875 4366 quaedam
2909 4292 2983 4350 dii
3010 4295 3271 4351 miracula
3306 4295 3581 4352 fecerint:
3610 4304 3769 4349 nonne

2184 4392 2336 4442 certo
2355 4386 2558 4443 certius
2571 4397 2659 4444 est
2673 4389 2881 4444 nullum
2913 4390 2983 4445 ab
3011 4389 3121 4444 ullo
3147 4390 3439 4461 gentilium
3459 4390 3583 4458 deo,
3604 4401 3769 4459 quem-

2186 4482 2478 4539 admodum
2502 4497 2532 4537 a
2552 4481 2768 4539 Christo
2795 4483 3038 4550 domino,
3070 4484 3189 4540 sine
3237 4485 3354 4540 ullo
3406 4481 3767 4546 medicamine,

2188 4584 2279 4630 aut
2303 4574 2406 4629 ulla
2426 4615 2444 4641 ,
2474 4576 2552 4630 uti
2579 4586 2743 4645 supra
2770 4575 3027 4642 diximus,
3050 4586 3280 4632 externa
3304 4577 3416 4633 alia
3444 4593 3506 4633 re
3529 4571 3771 4637 adhibita,

2187 4669 2285 4725 sed
2309 4668 2425 4725 solo
2447 4669 2589 4725 illius
2617 4670 2873 4739 nomine,
2922 4681 3016 4727 aut
3058 4671 3341 4728 levissimo
3400 4682 3550 4728 tactu
3595 4669 3772 4726 editum

2189 4765 2356 4821 tuisse
2385 4765 2705 4821 miraculum
2728 4765 2753 4819 i

2264 4870 2531 4927 Praeterea
2585 4869 2797 4925 etiamsi
2844 4866 3121 4924 hominem
3178 4866 3421 4941 aliquem
3476 4862 3773 4941 quibusdam

2193 4964 2452 5025 remediis
2481 4975 2571 5021 aut
2594 4964 2836 5021 externis
2862 4964 3026 5020 rebus
3063 4963 3132 5017 ab
3160 4964 3345 5035 aliquo
3372 4964 3653 5036 gentilium
3690 4958 3778 5014 deo

2196 5070 2443 5119 sanatum
2469 5074 2592 5116 esse
2616 5058 2931 5131 probaveris
2951 5102 2965 5123 ,
2999 5064 3169 5130 quot,
3206 5058 3351 5113 Deus
3382 5059 3558 5115 bone!
3588 5050 3776 5111 ostendi

2192 5167 2423 5233 possunt
2467 5156 2633 5214 millia
2684 5157 2993 5219 hominum,
3042 5156 3133 5227 qui
3180 5164 3473 5226 postquam
3505 5152 3559 5210 in
3585 5148 3780 5220 templis

2189 5252 2559 5324 lEsculapium
2591 5253 2835 5323 aliosque
2861 5251 2995 5307 deos
3024 5250 3224 5321 saepius
3254 5251 3515 5321 repetitis
3538 5291 3553 5315 ,
3581 5263 3642 5302 ac
3668 5258 3779 5299 con-

2190 5352 2353 5407 tinuis
2381 5349 2625 5421 precibus
2650 5349 2999 5410 invocarunt;
3031 5343 3233 5399 nullum
3261 5354 3450 5400 tamen
3484 5342 3670 5400 morbo
3690 5350 3777 5393 suo

2193 5446 2450 5501 invenere
2492 5438 2824 5506 remedium,
2870 5437 2967 5494 sed
3008 5445 3100 5491 aut
3151 5438 3303 5508 pejus
3350 5453 3413 5493 se
3463 5436 3777 5492 habuerunt,

2192 5549 2285 5597 aut
2312 5538 2510 5595 mortui
2542 5545 2702 5601 sunt,
2749 5549 2848 5589 nec
2880 5546 3132 5603 umquam
3163 5530 3311 5585 ullus
3340 5546 3412 5586 ex
3474 5528 3592 5585 istis
3639 5523 3783 5580 ullius

2195 5634 2282 5692 dei
2310 5649 2470 5705 opera
2517 5647 2546 5688 a
2598 5636 2772 5686 morte
2801 5627 2867 5683 ad
2891 5627 3053 5682 vitam
3085 5635 3378 5683 revocatus
3406 5633 3493 5681 est
3520 5622 3540 5696 (
3563 5618 3741 5676 Arnob.
3764 5655 3778 5679 ,

2197 5730 2285 5786 lib.
2309 5746 2346 5793 l,
2382 5747 2499 5801 pug.
2530 5723 2686 5800 29.)?

2197 5875 2206 5884 .
2272 5822 2444 5880 Simili
2469 5821 2630 5877 etiam
2658 5817 2818 5875 modo
2841 5814 3075 5888 Cyrinus
3100 5812 3548 5883 Alexandrinus,
3591 5806 3784 5867 Juliano
