3904 6326
175 330 265 388 M5

1406 320 1477 378 11v
1512 317 1889 385 summum,
1929 317 2084 375 esp.
2125 319 2215 377 ill.
2239 320 2276 391 ε

3346 317 3451 375 LM

169 438 449 512 imperatori
506 434 820 508 respondet.
850 433 1155 507 Dbjiciebat
1180 435 1327 492 enim
1353 435 1740 493 celeberrimus
1768 439 1821 501 Α
1845 450 2037 491 verum
2072 436 2264 501 Deum,
2292 444 2349 491 et
2398 435 2689 509 religionis
2736 450 2851 493 suae
2880 436 3170 493 veritatem
3208 434 3452 494 invictis-

177 533 257 589 ille
269 530 517 602 Apamia
537 528 672 585 nihil
693 524 966 587 Christum
986 539 1287 585 memoratu
1307 528 1528 600 dignum
1549 530 1745 600 egisse;

185 625 274 681 nisi
296 623 346 679 ia
373 622 671 681 Betbsaida
695 623 851 694 pagis
874 636 1051 678 caecos
1070 663 1085 688 ,
1119 622 1448 694 eiaudosque
1490 636 1707 678 curasse
1727 664 1743 689 ,

179 727 228 774 et
246 715 509 786 adjurasse
548 715 819 770 daemonio
845 725 1162 786 correptos,
1197 729 1298 784 pro
1340 730 1536 786 magno
1562 714 1746 784 aliquo

179 811 391 867 facinore
427 810 705 865 habeatur.
734 808 974 880 Cyrillus
1002 824 1135 867 vero
1162 808 1301 864 hanc
1338 808 1596 864 insulsam
1649 824 1743 864 ca-

177 903 480 959 villationem
523 902 600 957 sic
645 901 867 957 refellit.
899 901 1072 971 Negat
1101 901 1277 971 primo
1304 908 1411 955 tam
1442 915 1609 971 pauca
1640 899 1743 954 mi-

173 999 331 1057 racula
362 996 500 1053 facta
526 995 694 1051 fuisse
723 1012 754 1051 a
778 976 1001 1051 Christo
1023 1038 1037 1061 ,
1071 1003 1235 1065 atque
1266 993 1438 1049 multo
1467 995 1617 1063 plura
1644 1032 1659 1059 ,
1689 1002 1744 1048 et

170 1091 504 1151 admiratione
523 1090 683 1162 longe
711 1089 959 1161 digniora
985 1086 1131 1144 edita
1158 1086 1518 1144 demonstrat.
1548 1085 1743 1142 Poeta-

171 1200 273 1243 rum
322 1184 515 1241 deinde
567 1184 827 1255 principis
885 1181 1198 1240 testimonio
1243 1181 1402 1252 plane
1471 1179 1745 1236 convincit

170 1279 350 1335 nullum
390 1294 642 1351 umquam
674 1289 946 1334 mortuum
975 1276 1285 1343 hominem,
1317 1291 1495 1345 neque
1521 1291 1550 1329 a
1575 1275 1739 1341 Jove,

169 1386 321 1443 neque
348 1370 417 1427 ab
438 1372 549 1426 ullo
578 1372 686 1426 alio
714 1368 1073 1426 Ethnicoru‘m
1113 1360 1218 1425 deo
1245 1368 1313 1423 ad
1365 1368 1527 1423 vitam
1575 1368 1742 1423 fuisse

168 1464 438 1520 excitatum
469 1481 484 1520 :
513 1462 718 1536 (Cyrili.
775 1463 1056 1529 Αιωηάη
1090 1462 1180 1517 lib.
1237 1477 1317 1527 vr,-
1366 1471 1534 1516 contr.
1579 1459 1739 1526 Juti.,

167 1574 265 1630 pag.
297 1550 418 1622 193,
442 1554 492 1613 el
518 1550 681 1632 seqq.)
702 1560 875 1615 Καίτοι
897 1556 987 1616 τὸν
1009 1560 1120 1621 σὸν,
1210 1550 1383 1623 οὗτος,
1407 1552 1605 1613 ὕπατον
1627 1560 1739 1624 Δία,

165 1654 235 1708 καὶ
257 1653 346 1706 σὺν
366 1654 514 1727 αὐτῷ
534 1651 590 1708 δὲ
613 1656 736 1713 τοὺς
765 1650 966 1718 ἄλλους,
996 1648 1162 1713 οὖς’δή
1189 1652 1277 1705 καὶ
1302 1652 1443 1710 θιούς
1470 1645 1597 1705 εἶναι
1625 1658 1739 1720 φῆς,

165 1743 525 1809 ἀδυνατοῦντας
546 1748 830 1821 εὑρήσομεν
859 1753 960 1802 τῶν
997 1749 1091 1801 τοῦ
1138 1736 1354 1800 θανάτου
1382 1742 1596 1820 βρόχων
1620 1746 1743 1803 τοὺς

1850 528 1991 583 sime
2013 527 2406 598 comprobavit.

1923 619 1993 675 Et
2024 628 2171 675 certe
2212 636 2389 693 neque
2433 621 2647 694 Jupiter
2696 621 2790 677 ulli
2847 637 3106 694 umquam
3135 622 3449 681 mortalium

1849 727 1946 768 seu
1991 712 2256 781 Curioni,
2311 728 2406 769 seu
2464 714 2704 785 pontiﬁci
2759 715 3018 778 maximo,
3073 730 3170 771 seu
3217 714 3452 771 Flamini

1849 803 2026 871 Diali;
2059 819 2235 876 neque
2265 805 2401 860 ullus
2424 821 2636 877 magus,
2670 806 2784 863 sive
2810 807 3124 874 Armenius,
3155 807 3270 862 sive
3293 807 3452 862 Pam.

1856 897 2059 969 philus,
2095 898 2211 953 sive
2250 897 2572 953 Zoroastres
2611 908 2779 966 tanta,
2813 912 2872 954 ut
2897 892 3144 955 (lbri'stus
3169 898 3450 972 discipulis

1855 990 1968 1045 suis
2014 990 2272 1045 miracula
2320 989 2593 1060 patrandi,
2629 990 2794 1044 immo
2840 1006 2940 1045 nec
2982 991 3263 1046 minimum
3307 1006 3451 1047 mor—

1847 1080 1971 1135 bum
2023 1080 2383 1152 depellendi,
2447 1082 2758 1139 facultatem
2812 1099 3066 1156 umquam
3114 1066 3337 1156 largitus
3366 1091 3453 1141 est

1848 1172 2063 1247 (Ibid.).

2457 1306 2762 1349 AB'I'ICULUS
2799 1308 2874 1351 ιν.

1846 1418 2100 1489 Quomodo
2121 1432 2185 1472 ex
2223 1428 2337 1489 tota,
2354 1419 2449 1475 hac
2469 1424 2800 1489 disputatione
2827 1428 3114 1477 evertuntur
3131 1429 3326 1480 insulsa
3358 1430 3452 1481 So-

1910 1488 2178 1557 cianorum.
2204 1495 2256 1557 et
2275 1487 2533 1538 atheorum
2551 1487 2790 1557 adversus
2809 1489 3012 1550 Christi,
3031 1497 3086 1541 et
3100 1491 3451 1557 discipulorum

1909 1549 2017 1611 ejus
2040 1548 2270 1599 miracula
2296 1552 2776 1614 argumentationes.

1932 1653 2139 1723 Quibus
2161 1656 2496 1727 a’rgumentis
2523 1658 2792 1715 adsertam
2838 1660 2911 1715 ab
2937 1661 3180 1716 Arnobio
3223 1661 3454 1718 vidimus

1855 1747 2243 1804 miraculorum
2283 1758 2312 1802 a
2355 1750 2574 1807 Christo
2601 1751 2826 1823 ejusque
2852 1752 3135 1821 discipulis
3180 1753 3449 1809 editorum

164 1839 353 1902 ἁλόντας
373 1839 637 1919 ἁρπάσαι,
660 1843 747 1897 καὶ
770 1841 906 1913 πρὸς
931 1860 987 1915 γε
1014 1845 1171 1896 τοῦτο
1190 1840 1327 1912 ἡμᾶς
1356 1837 1572 1913 ἔμπεδοί
1587 1838 1737 1911 λέγων

1850 1840 2155 1909 veritatem,
2185 1842 2377 1899 iisdem
2401 1853 2551 1899 certe
2581 1846 2948 1900 recentiorum
2974 1847 3332 1917 quorumdam
3364 1862 3452 1903 so-

162 1930 407 1992 ὀποιητῶν
436 1932 688 2011 ἀριστῶν.

294 2053 382 2103 λη’
402 2060 495 2112 {tot
519 2064 674 2104 οάνάτον
696 2064 760 2114 μιν
783 2062 939 2112 ducitur,
960 2058 1047 2101 ὡδὶ
1068 2063 1238 2116 home,

291 2127 362 2168 Καὶ
385 2127 480 2179 filo?
503 2123 610 2178 ἀνδρὶ
634 2123 810 2166 “vam
832 2126 1049 2179 ἀλάλιιμν,
1071 2125 1209 2165 ὁππότι
1232 2138 1290 2164 nmo
1314 2120 1362 2173 δή

288 2190 396 2241 καθ’
417 2189 516 2239 ὄλοῆ
537 2184 712 2240 madly-nrt
732 2189 944 2241 τανυλὶγιος
968 2190 1150 2226 θανάτοιο.

162 2282 457 2355 Quamquam
510 2292 656 2337 tuum
700 2281 851 2337 illum
904 2282 1198 2351 supremum
1247 2272 1467 2348 Jovem,
1513 2280 1742 2355 aliosque

159 2393 253 2431 cum
278 2378 421 2448 ipso,
451 2372 587 2449 quos
615 2386 670 2430 tu
710 2374 832 2430 deos
853 2391 959 2430 esse
984 2373 1283 2441 contendis,
1326 2372 1638 2444 inﬁrmiores
1656 2373 1739 2427 in-

159 2469 422 2537 veniemus,
464 2468 625 2540 quoin
656 2468 714 2523 ut
759 2469 939 2523 mortis
984 2467 1179 2539 laqueis
1225 2468 1502 2539 implicitos
1547 2468 1743 2537 eripere

158 2572 348 2632 queant,
379 2576 494 2636 qua
534 2563 589 2618 in
635 2564 691 2618 re
739 2570 832 2617 nos
870 2554 1143 2630 conﬁrmat
1191 2571 1457 2633 poetarum
1503 2562 1741 2632 princeps

157 2654 221 2712 his
245 2657 396 2712 verbis
420 2673 440 2712 :

229 2768 411 2821 Verum
435 2760 702 2821 enimvero
725 2776 935 2820 mortem
958 2770 1187 2821 omnibus
1208 2782 1518 2845 communem
1532 2783 1742 2845 ,__neque

228 2895 381 2949 Etim
421 2898 496 2947 ab
532 2900 691 2947 amato
715 2896 823 2945 viro
859 2900 1066 2960 possunt.
1096 2906 1308 2956 arcere,
1334 2830 1742 2960 ρυεηὰἑῗιὲἐιῗῗιξὲ

228 3022 397 3075 Fatum
420 3020 768 3088 perniciosum
789 3019 1301 3085 corripueritaSperae
1325 2958 1741 3072 mortis.[tandem

154 3124 241 3183 Sed
288 3128 406 3185 haec
456 3126 641 3183 fusius
691 3126 1037 3198 prosequitur
1064 3126 1346 3198 Origenes,
1383 3144 1540 3199 quem
1590 3117 1741 3184 adire

1845 1930 2214 2000 cinianorum,
2246 1943 2302 1991 et
2341 1935 2591 2002 aliorum,
2614 1936 2707 2008 qui
2728 1936 3211 1993 christianiaudire
3241 1940 3448 2007 volunt,

1844 2026 2157 2096 opiniones,
2183 2028 2298 2084 sive
2351 2030 2530 2100 potius
2562 2030 2878 2100 opinionum
2911 2040 3159 2101 portenta
3204 2032 3448 2089 funditus

1845 2128 2184 2176 evertuntur.
2215 2121 2349 2176 Nam
2382 2122 2436 2177 hi
2483 2121 2731 2194 ipsismet
2757 2123 2986 2179 ethnicis
3006 2123 3308 2181 deteriores
3336 2141 3446 2181 uno

1850 2213 2152 2286 eodemque
2202 2216 2398 2272 calami
2431 2217 2598 2272 ductu
2642 2219 2823 2273 omnia
2863 2218 2980 2273 sive
3020 2235 3052 2274 a
3082 2218 3299 2276 Christo
3352 2220 3450 2277 do-

1848 2303 2015 2369 mino,
2048 2304 2162 2360 sive
2183 2319 2211 2358 a
2250 2306 2493 2376 quolihet
2537 2308 2644 2361 alio
2673 2308 2815 2362 edita
2857 2309 3110 2365 miracula
3137 2311 3450 2370 convellere

1846 2396 2115 2464 nituntur,
2149 2397 2277 2454 dum
2308 2399 2450 2454 nulla
2474 2416 2502 2453 a
2543 2400 2657 2455 Deo
2687 2400 2906 2471 quidem
2958 2402 3076 2473 ipso
3120 2402 3238 2458 ﬁeri
3281 2418 3446 2476 posse

1844 2490 2313 2561 impudentissime
2353 2493 2664 2550 adﬁrmant.
2719 2493 2937 2551 Naturae
2985 2496 3257 2566 siquidem
3300 2498 3450 2568 leges

1844 2584 1919 2639 uti
1976 2587 2052 2643 illi
2093 2588 2369 2657 garriunt,
2418 2589 2670 2659 illiusque
2713 2589 2870 2657 ordo,
2903 2606 3021 2662 quae
3052 2591 3282 2661 ipsemet
3320 2600 3450 2648 sunt

1844 2678 1945 2735 Dei
1996 2678 2237 2747 decreta,
2268 2692 2548 2753 nequeunt
2593 2682 2706 2737 ullo
2746 2699 2996 2753 umquam
3035 2683 3197 2739 modo
3227 2693 3445 2754 pertur-

1842 2772 1982 2829 bari.
2022 2773 2387 2842 Quamobrem
2437 2776 2619 2832 omnia
2670 2776 2769 2832 Dei
2816 2776 3035 2834 decreta
3075 2793 3181 2833 non
3241 2779 3443 2845 minus,

1848 2882 2010 2936 quam
2051 2868 2140 2922 ille
2188 2868 2304 2938 ipse
2333 2868 2499 2935 Deus,
2533 2869 2888 2925 immutabilia
2916 2886 3038 2927 esse
3083 2871 3438 2927 concludunt.

1844 2958 2119 3015 Miraculis
2146 2976 2298 3033 ergo,
2342 2962 2611 3032 inquiunt,
2636 2973 2731 3018 aut
2774 2964 2895 3019 aliis
2926 2964 3206 3037 prodigiis,
3235 2966 3279 3020 si
3322 2982 3444 3037 qua:

1848 3052 2138 3124 aliquando
2166 3052 2281 3108 ﬁeri
2323 3055 2649 3124 potuissent,
2700 3055 2879 3110 divina
2923 3056 3137 3123 natura,
3170 3058 3443 3127 multoque

1848 3147 2019 3216 magis
2051 3144 2361 3202 christiana:
2390 3147 2669 3219 religionis
2697 3149 2901 3205 veritas
2950 3151 3245 3206 destruitur
3267 3150 3443 3222 potius

154 3220 351 3280 cuilibet
398 3220 548 3278 facie
593 3229 676 3276 est
708 3218 903 3294 (0rig.,
937 3218 973 3273 ι.
1009 3237 1046 3291 ι,
1090 3232 1252 3278 contr.
1297 3222 1461 3291 Cels.,
1492 3242 1544 3296 p.
1576 3220 1666 3291 94,
1692 3233 1739 3280 et
1766 3243 1813 3306 ρ
1843 3251 2003 3307 quam
2031 3237 2303 3293 adseritur
2330 3249 2385 3293 ει
2413 3218 2703 3295 ειηωιηην,

154 3331 313 3386 seqq;
342 3316 574 3385 Arnob.,
605 3312 643 3372 l.
674 3335 711 3384 ι,
746 3336 799 3389 p.
826 3310 945 3383 29).
1446 3329 1451 3338 ·

154 3448 158 3457 .
208 3407 386 3480 Neque
408 3406 524 3466 sibi
560 3426 721 3481 porro
751 3412 1025 3469 Arnobius
1070 3413 1271 3483 opponi
1313 3412 1443 3468 sinit
1469 3411 1602 3467 deos
1630 3426 1735 3467 non

154 3492 286 3559 malis
315 3498 664 3569 hominibus,
696 3504 791 3560 sed
843 3501 1000 3561 bonis
1043 3505 1229 3560 tulisse
1276 3504 1556 3560 auxilium.
1604 3503 1734 3558 Nam

154 3590 395 3664 Christus,
445 3597 549 3669 qui
598 3594 826 3653 mortuis
871 3600 1035 3654 vitam
1076 3596 1346 3665 reddidit,
1399 3599 1654 3654 erunibus
1683 3609 1737 3654 et

153 3687 289 3745 bonis
314 3701 365 3747 et
397 3689 590 3759 malis,
621 3692 765 3762 quod
793 3692 992 3747 divina:
1023 3704 1106 3747 est
1132 3693 1440 3763 potestatis,
1470 3690 1580 3746 ullo
1609 3691 1733 3745 abs~

156 3796 243 3849 que
264 3782 589 3839 diScrimine
632 3784 923 3856 opitulatns
963 3796 1065 3840 est.
1096 3784 1237 3852 Quid
1283 3800 1436 3852 vero,
1470 3783 1611 3854 quod
1646 3784 1735 3855 qui

155 3873 292 3943 aegris
334 3876 405 3932 ob
436 3870 641 3930 merita
672 3891 832 3947 opem
864 3893 893 3932 a
939 3877 1043 3932 diis
1073 3877 1198 3932 ferri
1229 3876 1382 3943 dicit,
1414 3878 1459 3932 is
1487 3879 1538 3931 in
1569 3876 1735 3931 dubio

156 3964 388 4037 relinquit
408 3974 601 4022 utrum
632 3968 744 4035 ille,
773 3968 858 4024 cui
888 3970 1227 4033 subvenitur,
1258 3968 1480 4025 fortuito
1511 3982 1734 4025 sanatus

155 4069 245 4111 non
274 4054 456 4142 fuerit,
481 4064 543 4115 et
568 4056 706 4116 alius
733 4076 840 4116 non
871 4062 1205 4130 sublevetur,
1230 4062 1355 4135 quia
1377 4064 1597 4121 morbus
1625 4081 1733 4121 non

154 4153 310 4218 potuit
334 4153 438 4210 ulla
469 4152 702 4210 deorum
730 4170 833 4227 ope
872 4159 1077 4213 curari.
1678 4174 1681 4175 '

211 4245 405 4302 Verum
438 4247 719 4304 Arnobius
748 4248 909 4320 longe
951 4249 1128 4306 adhuc
1150 4250 1329 4309 acrius
1351 4262 1408 4310 et
1430 4252 1735 4313 vehemen-

154 4335 246 4392 tius
272 4338 621 4395 adversarios
651 4338 778 4395 suos
806 4340 1002 4411 premit
1030 4341 1219 4415 (Ibid.,
1249 4363 1303 4415 p.
1330 4345 1447 4418 30),
1473 4358 1737 4421 urgetque

154 4424 408 4487 Christum
452 4447 567 4486 non
595 4431 760 4487 modo
793 4432 1023 4505 plurima
1055 4447 1300 4506 patrasse
1326 4441 1607 4507 miracula,
1641 4434 1738 4499 sed

157 4525 327 4584 eadem
350 4526 603 4594 omnino,
638 4527 758 4584 sine
798 4526 911 4584 ullo
944 4528 1066 4585 fuco
1105 4541 1196 4585 aut
1238 4534 1445 4590 auxilio
1486 4546 1735 4605 externo,

1916 3329 2022 3386 Sed
2044 3331 2164 3402 quis
2196 3331 2481 3402 impiorum
2520 3333 2734 3388 illorum
2775 3322 3049 3391 hominum
3095 3337 3439 3395 dementissi-

1840 3437 1981 3477 main
2014 3426 2371 3481 temeritatem
2398 3427 2537 3482 ferre
2568 3429 2786 3497 potest?
2815 3427 2977 3485 Certo
2998 3431 3198 3486 certius
3223 3432 3439 3488 demon-

1839 3519 2130 3574 stravimus
2156 3520 2381 3589 plurima
2407 3536 2437 3575 a
2459 3521 2675 3576 Christo
2700 3522 2974 3593 ipsiusque
2998 3523 3274 3596 discipulis
3300 3525 3438 3583 facta

1839 3610 2005 3667 fuisse
2036 3612 2315 3678 miracula,
2349 3618 2468 3683 quae
2506 3623 2711 3670 natura:
2736 3616 2981 3673 ordinem
3020 3617 3270 3687 illiusque
3299 3620 3439 3674 vires

1838 3706 1996 3776 longe
2023 3717 2295 3777 superant,
2322 3715 2376 3761 et
2400 3706 2452 3761 hi
2478 3706 2611 3761 mira
2643 3708 2969 3778 impudentia
2998 3711 3212 3780 ipsimet
3238 3710 3349 3765 Deo
3375 3726 3437 3766 ea

1836 3795 2066 3853 faciendi
2089 3799 2331 3854 adimunt
2352 3801 2707 3870 potestatem?
2726 3800 2914 3857 Nonne
2933 3802 3001 3857 ab
3022 3812 3144 3857 actu
3166 3803 3230 3856 ad
3253 3818 3435 3875 posse,

1838 3904 1895 3948 ut
1924 3892 2225 3948 scholastici
2270 3893 2582 3964 loquuntur,
2613 3894 2758 3949 valet
2794 3894 3219 3965 consequentia?
3248 3894 3439 3951 Nonne

1837 3985 1986 4056 prius
2001 3984 2273 4041 Sociniani
2299 3988 2527 4056 probare
2554 3986 2826 4043 debebant
2848 3988 2992 4043 nulla
3012 4003 3265 4060 umquam
3297 3987 3434 4045 facta

1838 4078 2008 4136 fuisse
2049 4079 2343 4146 miracula,
2375 4096 2534 4150 quam
2567 4081 2803 4137 divinam
2844 4097 3045 4153 negare
3087 4082 3179 4138 illa
3210 4082 3439 4139 faciendi

1839 4171 2172 4242 potentiam?
2198 4170 2304 4227 Sed
2326 4172 2598 4242 quomodo
2621 4173 2751 4228 iilud
2781 4175 3006 4229 inﬁciari
3031 4185 3276 4245 possunt,
3295 4174 3437 4241 quod

1838 4262 2054 4318 Ethnici
2078 4261 2226 4318 nullo
2252 4279 2485 4334 unquam
2502 4263 2663 4321 modo
2689 4280 2907 4337 negare,
2938 4280 3112 4338 neque
3136 4266 3298 4323 etiam
3321 4250 3438 4322 dis;

1839 4354 2113 4419 simulare,
2144 4355 2247 4411 nisi
2273 4355 2613 4412 intoleranda
2637 4372 2855 4429 prorsus
2877 4372 2940 4412 ac
2971 4358 3435 4428 impudentissima

1840 4442 2142 4498 temeritate
2165 4444 2490 4514 potuerunt?
2518 4442 2634 4499 Non
2659 4445 2838 4499 minus
2857 4444 3123 4514 siquidem
3146 4455 3292 4501 certa
3313 4456 3439 4502 sunt

1839 4539 2040 4596 Christi
2071 4538 2567 4613 discipulorumque
2592 4540 2709 4612 ejus
2738 4540 3019 4608 miracula,
3047 4556 3205 4611 quam
3228 4550 3439 4597 constat

155 4612 341 4692 suoque
369 4624 585 4691 tantum
625 4622 847 4679 nomine
887 4618 1120 4680 faciendi
1168 4626 1550 4698 piscatoribus,
1579 4633 1738 4703 epili-
1762 4642 1819 4707 ι)
1842 4633 2136 4689 mdilicatas
2167 4632 2334 4689 fuisse
2379 4633 2544 4690 urbes
2584 4634 2847 4699 Romam,
2880 4632 3433 4704 Constantinopolim,

156 4710 307 4781 cibus,
349 4713 667 4781 rusticanis,
717 4715 970 4787 aliisque,
1015 4716 1157 4772 sicut
1196 4728 1352 4774 antea
1400 4722 1733 4795 dicebamus,

157 4802 200 4859 id
224 4822 389 4877 genus
414 4807 751 4874 hominibus,
771 4804 986 4864 dedisse
1009 4820 1356 4880 potestatem.
1393 4814 1525 4882 Qum
1557 4828 1737 4873 autem

157 4896 233 4955 illa
260 4901 477 4970 fuerint,
513 4901 750 4958 breviter
778 4913 1047 4971 recenset,
1077 4913 1132 4959 et
1177 4922 1299 4960 cum
1328 4907 1539 4983 Christi,
1574 4912 1739 4966 mira-

157 4990 275 5047 culis
295 4993 596 5064 componit,
629 5000 790 5065 atque
821 4993 949 5051 inde
977 4996 1249 5052 concludit
1279 4998 1411 5055 nihil
1444 5001 1733 5073 quidquam

160 5078 461 5143 admirabile
505 5086 575 5141 ab
604 5102 670 5142 eo
697 5096 927 5158 gestum,
969 5090 1111 5159 quod
1145 5090 1251 5146 illis
1294 5090 1595 5150 faciendum
1626 5113 1735 5153 non

160 5181 497 5237 concesserit.
528 5179 662 5234 Tum
692 5179 891 5236 deinde
916 5181 995 5237 sic
1021 5194 1428 5253 argumentatur
1457 5204 1469 5239 ε
1505 5206 1526 5240 ι
1563 5186 1735 5248 Tran-

159 5272 379 5329 scribere
402 5286 565 5344 posse
596 5271 651 5329 in
680 5274 953 5330 hominem
978 5274 1068 5346 jus
1096 5285 1274 5342 tuum;
1304 5286 1359 5333 et
1388 5281 1530 5350 quod
1559 5280 1738 5340 facere

161 5364 294 5421 solus
322 5366 522 5435 potssis,
564 5364 925 5437 fragilissimte
956 5364 1033 5423 rei
1061 5367 1284 5435 donare,
1317 5380 1372 5426 et
1416 5373 1740 5445 participare

164 5453 474 5525 iaciendum,
521 5472 687 5529 supra
733 5458 913 5514 omnia
963 5459 1083 5515 sits:
1123 5470 1207 5515 est
1239 5464 1540 5531 potestatis,
1568 5468 1742 5521 conti-

163 5552 435 5623 neatisque
465 5551 565 5607 sub
594 5567 717 5609 sese
742 5562 828 5609 est
855 5569 1037 5609 rerum
1069 5555 1310 5609 omnium
1330 5572 1540 5624 causas,
1567 5569 1622 5622 et
1647 5576 1736 5615 ra—

166 5641 353 5699 tionum
400 5643 827 5716 facultatutnque
879 5654 1123 5702 naturas.
1164 5667 1185 5700 ι
1221 5648 1411 5703 Divina
1465 5665 1595 5722 ergo
1645 5668 1739 5723 po-

167 5738 362 5797 testate.
387 5752 493 5791 non
522 5737 728 5810 magica
744 5739 949 5825 (virtute
978 5737 1232 5798 Christus
1262 5740 1543 5815 discipulis
1571 5743 1735 5801 mira-

97 5834 113 5926 "
166 5820 293 5897 cola,
324 5831 438 5888 suis
482 5832 652 5904 paria,
687 5820 886 5891 edendi
915 5832 1238 5918 potestatem
1269 5837 1576 5913 tribuendo,
1607 5849 1659 5899 et
1680 5858 1740 5901 se

1839 4725 2090 4790 Niniven,
2122 4737 2177 4781 et
2198 4725 2332 4783 alias
2361 4726 2765 4795 celeberrimas,
2790 4744 2909 4799 tina:
2931 4738 3118 4799 postea
3147 4727 3436 4786 destructa:

1837 4828 1987 4875 sunt.

1914 4912 2119 4970 Deinde
2148 4930 2276 4971 vero
2298 4915 2426 4988 quid
2457 4915 2648 4972 nefarii
2677 4916 2752 4971 illi
2786 4916 3033 4973 homines
3063 4927 3264 4973 naturae
3293 4916 3426 4987 legi-

1840 5007 1962 5075 bus,
1991 5020 2045 5065 et
2074 5009 2264 5066 ordine
2283 5010 2428 5066 aliud
2456 5011 2759 5083 intelligere
2787 5010 3035 5082 possunt,
3065 5013 3166 5067 nisi
3197 5027 3289 5068 eas
3315 5025 3437 5082 qua:

1840 5114 1871 5154 a
1905 5102 2165 5172 principio
2191 5103 2373 5171 aliquo
2414 5104 2680 5174 spiritali,
2712 5104 2782 5158 ab
2809 5103 3062 5174 omnique
3103 5103 3328 5158 materia
3355 5102 3437 5156 di-

1840 5205 2021 5249 screto
2048 5194 2312 5264 impositae
2339 5195 2675 5267 suntiAtqui
2704 5196 2835 5251 illud
2860 5197 3180 5268 principium
3211 5196 3440 5266 ipsemet

1842 5276 1986 5342 Deus
2016 5297 2100 5343 est
2127 5287 2489 5359 omnipotens,
2521 5291 2610 5359 qui
2639 5289 2891 5354 decretis,
2915 5289 3094 5344 divina
3125 5304 3223 5344 sua
3251 5288 3439 5345 volun-

1834 5389 1949 5437 tate
1977 5380 2150 5450 factis,
2184 5381 2363 5437 omnia
2395 5384 2620 5449 creavit,
2655 5383 2815 5451 regit,
2848 5382 3211 5447 administrat,
3244 5380 3433 5437 mode-

1842 5485 2011 5531 ratur.
2042 5472 2135 5531 Illa
2174 5485 2350 5532 autem
2383 5476 2478 5533 Dei
2523 5478 2775 5532 voluntas
2819 5476 2978 5546 plane
3018 5475 3187 5531 libera
3212 5486 3318 5543 est,
3352 5475 3435 5531 sui

1845 5586 2058 5643 semper
2070 5570 2229 5642 juris,
2255 5571 2494 5642 nullique
2513 5572 2672 5627 alteri
2688 5570 2949 5641 subjecta.
2967 5570 3309 5641 Quapropter
3328 5573 3437 5627 sic-

1844 5660 1923 5717 uli
1939 5670 2138 5717 naturae
2158 5659 2303 5733 leges
2326 5672 2383 5719 et
2402 5663 2646 5718 ordinent
2667 5661 2946 5733 imposuit,
2968 5664 3039 5717 ita
3060 5661 3175 5718 htec
3199 5678 3227 5716 a
3252 5678 3309 5718 se
3333 5665 3437 5719 im-

1842 5754 2017 5825 posita
2062 5755 2412 5825 SnSpendere,
2440 5755 2834 5824 interrumpere
2855 5795 2870 5821 ,
2900 5768 2965 5808 ac
2993 5764 3204 5809 mutare
3238 5756 3434 5826 potest.

1843 5838 1999 5906 Unde
2018 5858 2166 5907 recte
2180 5832 2449 5908 Arnobius
2464 5847 2531 5907 de
2547 5846 2764 5905 Christo
2780 5855 2835 5907 et
2851 5846 3043 5923 deDeo
3060 5846 3196 5904 dixit
3214 5865 3226 5904 :
3261 5868 3281 5902 ι
3310 5846 3441 5907 Sole
