3904 6326
479 298 585 356 415

1694 294 2149 354 DISSERTATIO
2186 294 2465 354 PR/EVIA

3634 317 3720 375 illi

478 414 596 484 ipso
612 411 1438 487 estclariuspotentioremillum
1454 413 1619 468 fuisse
1633 427 1790 484 quam
1807 412 1909 467 fata
1923 420 2066 475 sunt,
2102 413 2147 472 A
2178 412 2261 465 nis
2291 420 2438 468 esset
2459 413 2690 469 aliorum
2716 413 2830 470 otio
2864 422 2917 471 et
2942 415 3198 486 patientia
3226 416 3619 489 intemperanter
3639 432 3721 489 ab-

476 520 597 561 cum
618 522 681 563 ea
696 506 852 562 solvit
868 516 922 562 et
946 505 1074 561 vicit
1101 520 1221 578 quae
1236 505 1507 576 perpetuis
1532 505 1778 571 nexibus,
1802 514 1856 561 et
1876 505 2069 560 immo-

472 596 570 655 bili
599 597 808 655 fuerant
834 600 1157 656 necessitate
1184 597 1432 655 devincta
1461 598 1704 672 (Arnob.,
1738 597 1826 653 lib.
1858 615 1914 664 tt,
1944 615 2065 668 pag.

466 689 585 761 28).
619 692 825 758 Quibus
862 707 993 748 sane
1021 691 1201 748 verbis
1228 691 1495 762 significat
1525 691 1622 747 hos
1661 708 1831 747 nexus
1861 692 2066 747 tamdiu

471 786 635 843 fuisse
683 796 1009 859 perpetuos,
1063 798 1226 859 atque
1269 803 1388 843 eam
1431 786 1813 847 necessitatem
1864 786 2065 842 tamdiu

468 879 634 937 fuisse
661 881 1013 949 immobilem,
1049 880 1302 955 quamdiu
1333 880 1473 938 Dens
1500 890 1551 938 et
1578 880 1825 939 Christus
1856 882 2061 950 voluit,

467 972 677 1046 ipsique
706 976 923 1045 placuit.

534 1066 747 1124 Scimus
766 1070 982 1139 quidem
1007 1086 1038 1127 a
1062 1070 1381 1142 quibusdam
1401 1087 1467 1128 ex
1487 1072 1555 1129 iis
1569 1073 1811 1128 omnium
1840 1072 2065 1145 iniquis-

465 1161 619 1218 simis
640 1163 805 1219 stulte
819 1164 1042 1219 omnino
1066 1174 1121 1220 et
1145 1165 1349 1221 insulse
1374 1169 1542 1222 aSseri
1568 1167 1660 1222 Dei
1686 1167 1906 1223 nomine
1927 1167 2061 1222 nihil

466 1253 869 1327 intelligendum
900 1256 1068 1326 aliud,
1094 1268 1291 1329 praeter
1316 1259 1620 1327 materiam,
1647 1269 1924 1332 statasque
1948 1277 2064 1317 mo-

463 1356 551 1404 tus
579 1348 719 1406 illius
762 1351 935 1422 leges,
966 1368 1086 1424 qua:
1112 1369 1143 1407 a
1176 1354 1390 1410 nemine
1415 1369 1638 1425 prorsus
1676 1357 1872 1412 mutari
1901 1372 2063 1429 posse

463 1441 756 1500 tinxerunt.
787 1444 893 1500 Sed
919 1444 971 1499 bi
1003 1445 1160 1501 nobis
1179 1446 1487 1504 edisserere
1506 1447 2062 1520 debebantquomodo

461 1532 544 1589 vel
573 1549 604 1589 a
635 1551 743 1606 quo
784 1545 998 1592 statuta:
1041 1547 1167 1593 sunt
1202 1539 1310 1594 illa:
1340 1540 1504 1611 leges.
1546 1539 1734 1613 Neque
1762 1543 1907 1597 enim
1954 1542 2060 1597 ulla

462 1628 673 1684 ratione
691 1630 774 1685 vel
797 1647 826 1685 a
850 1646 909 1687 se
937 1632 1086 1704 ipsis,
1118 1633 1202 1689 vel
1228 1633 1461 1690 fortuitis
1483 1635 1724 1691 materia:
1743 1636 2058 1692 mutationi-

460 1721 582 1787 bus,
606 1723 689 1778 vel
718 1725 1042 1781 necessitate
1070 1725 1247 1799 aliqua
1277 1727 1411 1783 latas
1443 1727 1584 1783 ullus
1616 1743 1871 1800 umquam
1899 1728 2058 1785 dixe-

2175 507 2396 561 utentis.
2429 505 2563 561 Nam
2594 522 2658 562 ea
2689 523 2756 564 ex
2797 507 2956 564 dictis
2985 512 3118 566 satis
3159 510 3423 569 confutata
3443 558 3458 583 ,
3486 527 3630 591 atque
3667 525 3719 583 iis

2172 613 2292 670 qua:
2321 599 2372 653 in
2399 600 2856 671 subsequentibus
2876 602 3342 660 dissertationibus
3362 610 3543 665 nostris
3561 612 3621 668 de
3639 614 3720 670 iis-

2171 690 2290 746 dem
2321 690 2521 747 Christi
2551 702 2605 749 et
2645 693 3032 765 discipulorum
3063 698 3180 767 ejus
3220 699 3481 757 miraculis
3525 702 3718 767 dicenda

2171 794 2316 852 sunt,
2341 784 2516 841 adhuc
2541 787 2981 846 confutabuntur.

2796 928 3025 988 CAPUT
3063 931 3152 989 IV‘.

2169 1057 2548 1118 Examinanlur
2565 1065 2672 1119 alia
2690 1064 2902 1120 Arnobii
2915 1075 3235 1140 argumenta,
3252 1070 3430 1142 quibus
3457 1074 3722 1135 christiana!

2511 1156 2773 1230 religionis
2799 1160 3059 1215 veritatem
3088 1161 3415 1222 demonstrat.

2688 1310 2977 1353 ARTICULUS
3015 1313 3230 1355 PRIIUS.

2165 1425 2417 1487 Quomodo
2443 1432 2626 1497 veritas
2645 1431 2927 1497 christiana
2948 1433 3209 1497 religionis
3231 1436 3294 1486 ab
3318 1435 3529 1491 Arnobio
3549 1443 3726 1493 demon.

2224 1497 2415 1563 stretur
2437 1493 2712 1563 dirissimis,
2741 1504 2794 1546 et
2818 1493 3305 1563 hactenus—inauditis
3330 1514 3457 1563 pene
3481 1505 3727 1555 innumera-

2224 1553 2398 1623 bilium
2419 1555 2683 1623 cujuslibet
2708 1571 2879 1615 sexus,
2902 1562 3080 1623 atatis,
3112 1570 3162 1610 et
3185 1553 3478 1615 conditionis
3499 1553 3727 1623 martyrum

2223 1616 2496 1693 suppliciis.
2523 1619 2580 1668 ad
2607 1629 2885 1693 extremum
2904 1616 3202 1693 usque'vitze
3223 1628 3449 1689 spiritum
3470 1641 3553 1693 pro
3573 1616 3728 1680 Christi

2223 1679 2536 1732 confeSsione
2561 1684 2961 1737 constantissime
2981 1679 3231 1739 toleratis.

458 1816 549 1871 rit.
582 1817 725 1888 Ergo
745 1818 814 1874 ab
829 1818 938 1873 alio
959 1820 1265 1877 constitutas
1285 1824 1516 1877 sunt.At
1542 1823 1634 1878 ille
1655 1824 1769 1894 ipse
1792 1833 1871 1879 est
1887 1823 2044 1886 Deus,
2082 1826 2129 1886 Β
2228 1822 2385 1879 Aliud
2416 1826 2482 1881 ad
2512 1828 2863 1884 asserendam
2892 1829 3202 1889 christiana:
3246 1834 3520 1906 religionis
3552 1840 3727 1895 verita-

455 1910 545 1981 qui
569 1910 688 1967 illas
709 1927 807 1983 pro
833 1913 1080 1977 arbitrio.
1098 1915 1446 1983 uti'diximus,
1470 1917 1752 1973 immutare
1775 1927 1970 1989 potest.
1986 1918 2054 1973 Et

453 2016 586 2056 vero
629 2018 722 2060 eas
751 2003 821 2059 ab
857 2021 923 2061 eo
963 2006 1274 2064 immutatus
1319 2008 1487 2065 fuisse
1529 2011 1882 2066 invictissime
1924 2028 2052 2081 pro-

452 2095 581 2152 bant
605 2107 683 2154 tot
713 2108 968 2173 tantaque
988 2100 1188 2159 Christi
1206 2146 1219 2167 ,
1246 2116 1409 2177 atque
1431 2106 1575 2162 illius
1598 2117 1924 2164 sectatorum
1953 2110 2053 2165 mi-

449 2190 654 2257 racula,
680 2208 822 2262 quae,
855 2194 930 2248 uti
954 2194 1205 2265 vidimus,
1230 2198 1510 2269 gentilium
1541 2216 1609 2257 ne
1635 2201 1853 2272 quidem
1880 2203 2046 2275 perti-

451 2285 733 2342 nacissimi
759 2303 959 2360 negare
990 2299 1297 2362 potuerunt.

520 2378 629 2435 Sed
661 2382 993 2440 recentiores
1022 2384 1259 2443 ha-retici
1279 2432 1292 2454 ,
1330 2389 1546 2446 nomine
1568 2400 1723 2467 tenus
1745 2391 2047 2459 christiani,

445 2485 510 2527 ac
539 2471 866 2542 quibuslibet
892 2475 1125 2533 ethnicis
1145 2480 1483 2545 audaciores,
1514 2482 1716 2538 instant
1736 2483 1913 2543 adhuc
1933 2489 2051 2543 vul-

442 2581 626 2639 garem
656 2567 791 2625 ltanc
817 2569 886 2626 de
922 2571 1118 2627 Christi
1149 2574 1422 2631 miraculis
1460 2577 1767 2647 opinionem
1799 2579 1924 2634 inde
1950 2595 2044 2636 or-

443 2668 575 2727 tam,
608 2660 749 2732 quod
779 2664 958 2734 populi
1003 2681 1178 2738 neque
1217 2682 1406 2724 omnes
1438 2668 1655 2725 illorum
1683 2672 2045 2729 circumstan-

439 2752 575 2821 tias,
610 2769 784 2827 neque
829 2771 1008 2813 veram
1043 2774 1233 2816 eorum
1266 2776 1483 2817 causam
1530 2776 1890 2835 agnoscentes
1918 2810 1934 2834 ,
1981 2784 2043 2824 ea

437 2859 598 2919 supra
643 2858 846 2906 naturae
888 2851 1134 2908 ordinem
1177 2852 1312 2911 facta
1347 2871 1470 2912 esse
1513 2858 1880 2917 crediderunt.
1929 2862 2036 2919 Sed

438 2913 632 3011 magna
659 2943 776 2999 htec
803 2955 966 3017 atque
990 2947 1457 3018 impudentissima
1482 2952 1849 3023 improborum
1872 2956 2048 3013 homi-

438 3048 566 3089 num
609 3037 887 3094 tnendacia
916 3050 1064 3096 sunt.
1098 3041 1230 3097 Nam
1281 3043 1496 3100 illorum
1527 3048 1802 3113 omnium,
1833 3066 1954 3120 qua:
1986 3051 2041 3106 in

436 3126 725 3200 Scripturis
754 3134 954 3200 sacris,
988 3144 1043 3190 et
1086 3136 1154 3191 ab
1195 3138 1436 3193 Arnobio
1482 3149 1671 3195 nostro
1710 3140 2039 3214 referuntur,

2159 1925 2265 1973 tem
2304 1932 2677 1992 argumentum
2720 1922 2868 1978 ducit
2895 1924 3168 1982 Arnobius
3194 1943 3261 1982 ex
3291 1930 3596 2001 suppliciis,
3626 1947 3728 2004 quae

2157 2025 2255 2081 pro
2279 2010 2421 2067 illius
2441 2012 2756 2071 defensione
2779 2015 3048 2073 innumeri
3071 2028 3338 2094 martyres
3358 2022 3593 2093 cujusvis
3615 2041 3727 2081 con-

2155 2103 2393 2174 ditionis,
2413 2109 2607 2173 setatis,
2628 2120 2682 2165 et
2704 2125 2866 2167 sexus
2885 2110 2954 2168 ad
2977 2120 3280 2171 extremum
3305 2131 3472 2189 usque
3487 2117 3725 2189 spiritum,

2154 2207 2211 2253 et
2254 2210 2479 2257 mortem
2534 2203 2965 2262 crudelissimam
3021 2210 3465 2267 constantissime
3513 2215 3726 2284 perpessi

2155 2301 2299 2348 sunt.
2328 2295 2458 2362 Qua:
2486 2312 2637 2363 vero,
2660 2310 2986 2372 quantaque,
3019 2309 3078 2358 et
3106 2318 3266 2374 quam
3295 2303 3565 2361 horrenda
3591 2315 3728 2380 atque

2154 2386 2408 2443 immania
2451 2389 2650 2445 fuerint
2697 2391 2812 2448 haec
2854 2395 3150 2467 supplicia,
3180 2396 3251 2452 ab
3283 2399 3523 2456 Arnobio
3567 2411 3728 2457 nostro

2152 2479 2329 2537 discas
2372 2482 2554 2539 velim.
2607 2485 2698 2541 Sic
2736 2495 2917 2542 autem
2964 2488 3058 2544 ille
3093 2490 3355 2547 Ethnicos
3405 2493 3575 2565 palam
3617 2494 3733 2551 allo-

2153 2571 2389 2642 qnendo,
2415 2590 2477 2629 ea
2508 2576 2762 2645 eXponit,
2797 2588 2856 2633 ut
2899 2595 3060 2635 nemo
3090 2582 3261 2653 possit
3296 2583 3457 2641 tidem
3497 2586 3545 2642 ei
3585 2586 3728 2642 dero-

2150 2681 2316 2737 gare:
2346 2687 2364 2719 ‹
2401 2667 2511 2724 Vos
2537 2670 2671 2740 ipsi,
2714 2692 2734 2725 ι
2766 2673 2933 2745 inquit
2965 2677 3208 2749 (Arnob.,
3242 2680 3335 2736 lib.
3368 2697 3407 2746 ι,
3440 2699 3555 2755 pag.
3585 2683 3666 2750 il,
3691 2692 3730 2737 et

2152 2759 2241 2814 lib.
2272 2776 2344 2827 tv,
2377 2779 2499 2834 pag.
2534 2764 2681 2836 158),
2720 2784 2739 2817 ι
2775 2783 2895 2822 cum
2924 2768 3088 2825 libido
3110 2771 3394 2829 incesserit
3414 2790 3575 2842 saeva,
3597 2776 3728 2830 exui-

2153 2853 2220 2908 tis
2251 2869 2349 2910 nos
2377 2856 2553 2924 bonis,
2586 2859 2962 2916 exterminatis
3000 2864 3187 2933 patriis
3220 2865 3475 2935 sedibus,
3505 2867 3728 2939 irrogatis

2149 2947 2406 3017 supplicia
2434 2950 2700 3019 capitalia,
2734 2956 3018 3025 torquetis,
3050 2956 3381 3028 dilaceratis,
3414 2963 3650 3030 exuritis,
3676 2973 3721 3018 et

2148 3038 2214 3093 ad
2242 3050 2543 3098 extremum
2568 3060 2667 3101 nos
2693 3046 2818 3103 feris
2844 3057 2897 3104 et
2928 3049 3228 3107 belluarunt
3265 3055 3555 3113 laniatibus
3590 3057 3727 3128 obje-

2148 3135 2327 3188 Ctatis.
2366 3157 2385 3187 ι
2420 3136 2653 3195 Videsne
2691 3143 2905 3212 quantis
2946 3146 3313 3211 cruciatibus,
3345 3150 3605 3206 bonorum
3648 3167 3728 3206 ex-

437 3224 816 3282 miraeulornm
845 3229 1071 3300 singula:
1095 3231 1537 3301 circumstantiae,
1572 3236 1823 3291 nimirum
1849 3280 1864 3305 ,
1896 3254 2036 3310 qum,

2153 3227 2484 3295 spoliatione.
2514 3232 2728 3298 exsilio,
2762 3235 3115 3293 distractione
3159 3242 3532 3299 membrorum
3557 3286 3570 3305 .
3602 3242 3728 3314 igne,

437 3331 467 3372 a
493 3333 622 3388 quo,
653 3320 889 3391 quando,
921 3322 1033 3390 ubi,
1054 3333 1110 3380 et
1139 3324 1412 3395 quomodo
1440 3326 1579 3383 facta
1603 3329 1732 3389 sint.
1757 3329 1894 3385 adeo
1916 3347 2039 3403 gra-

436 3410 594 3479 phice
633 3420 687 3466 et
729 3412 1009 3470 enucleate
1037 3428 1401 3485 exponuntur,
1442 3429 1500 3473 ut
1520 3420 1660 3474 nihil
1694 3422 1895 3478 clarius
1924 3427 2041 3479 evi-

435 3503 758 3573 dentiusque
784 3507 1078 3564 desiderari
1110 3512 1299 3581 possit.
1332 3516 1506 3583 Atque
1537 3524 1594 3568 ut
1617 3515 1844 3584 plurima
1876 3519 2038 3575 missa

436 3595 717 3666 faciamus,
744 3614 1126 3671 quorumnam,
1155 3619 1253 3658 oro
1284 3612 1354 3669 te,
1390 3603 1654 3663 factorum
1682 3611 2039 3667 circumstan-

436 3688 525 3744 tite
554 3691 762 3761 planius
803 3708 867 3748 ac
902 3693 1190 3750 dilucidius
1218 3695 1619 3767 describuntur,
1649 3717 1808 3772 quam
1850 3719 2039 3761 eorum

435 3780 852 3851 miraculorum,
896 3786 1091 3857 quibus
1130 3787 1376 3844 Christus
1412 3789 1673 3847 Lazarum
1717 3792 1959 3866 aliosque
2007 3812 2037 3852 a

436 3884 611 3930 morte
636 3876 702 3929 ad
732 3877 896 3932 vitam
931 3895 1238 3944 revocasse,
1271 3896 1334 3936 ac
1359 3882 1552 3953 quibus
1584 3894 1829 3955 negatam
1872 3902 1901 3941 a
1938 3903 2038 3942 na-

435 3973 553 4020 tura
606 3965 820 4021 videndi
869 3979 1190 4039 p0testatem
1236 3970 1433 4029 fecisse
1476 3978 1766 4030 narratur?
1796 3981 1877 4034 Ad
1920 3978 2039 4037 haec

434 4073 595 4124 vero,
634 4076 815 4115 nonne
844 4062 1055 4119 Ethnici
1096 4079 1160 4119 ac
1192 4063 1366 4120 Judaei
1389 4108 1404 4132 ,
1436 4068 1695 4136 capitales
1724 4067 1927 4127 Christi
1976 4088 2038 4128 ac

433 4148 669 4206 fundatae
698 4153 767 4207 ab
795 4168 862 4209 eo
883 4154 1157 4227 religionis
1186 4158 1388 4213 inimici
1420 4160 1673 4229 maxima,
1709 4178 1813 4234 qua
1843 4174 2035 4235 potue-

434 4251 578 4310 runt,
606 4243 878 4314 diligentia
906 4248 1243 4318 praescrutati
1286 4259 1432 4317 sunt,
1461 4266 1529 4306 an
1570 4253 1675 4308 ulla
1703 4255 1788 4309 vel
1816 4256 2035 4312 minima

434 4336 487 4390 in
517 4336 715 4391 Chrisd
740 4339 1233 4414 discipulorumque
1255 4344 1374 4415 ejus
1398 4347 1674 4402 miraculis
1698 4348 1913 4404 deesset
1933 4351 2036 4405 cir-

432 4430 778 4496 cumstantia,
808 4447 908 4501 qua
934 4432 1156 4498 fraudis,
1179 4444 1273 4490 attt
1300 4435 1416 4491 falsi
1444 4437 1649 4508 aliquid
1670 4439 1721 4494 in
1751 4442 1828 4495 eis
1850 4442 2035 4495 redar-

433 4535 599 4591 guere
630 4524 890 4590 possent?
917 4526 987 4580 At
1015 4530 1259 4597 quamvis
1302 4529 1437 4585 nulli
1475 4546 1657 4602 operae
1687 4544 1739 4588 et
1769 4533 1938 4589 labori
1966 4537 2031 4590 ad

2148 3318 2415 3388 ﬂammis,
2463 3322 2697 3379 ferarum
2746 3342 2809 3381 ac
2855 3328 3152 3385 bellnarum
3201 3332 3494 3392 laniatibus
3546 3336 3725 3392 ethnici

2144 3409 2469 3469 chriStianos
2510 3417 2575 3471 ad
2624 3417 2939 3488 cjuraudam
2983 3438 3133 3479 suam
3182 3427 3503 3500 religionem
3551 3444 3724 3499 cogere

2146 3507 2504 3580 nequidquam
2535 3513 2831 3571 tentabant.
2863 3517 3226 3587 Quamobrem
3264 3522 3358 3577 ille
3380 3524 3490 3579 alio
3515 3525 3565 3579 in
3603 3523 3722 3578 libro

2145 3598 2234 3654 ubi
2262 3600 2596 3659 ethnicorum
2625 3620 2774 3663 sacra
2810 3610 3068 3682 exagitat,
3112 3614 3163 3668 in
3194 3629 3292 3670 eos
3324 3615 3405 3671 sic
3437 3615 3726 3673 invehitur:

2149 3712 2168 3745 ι
2203 3696 2281 3748 Ad
2314 3694 2549 3754 haeccine
2578 3715 2730 3755 sacra
2775 3701 3026 3772 ﬂammis,
3058 3707 3255 3774 exiliis,
3286 3709 3564 3772 caedibus,
3591 3719 3729 3779 atque

2142 3787 2348 3860 reliquo
2373 3807 2573 3861 genere
2612 3796 2996 3868 suppliciorum
3028 3802 3381 3869 compellitis,
3418 3815 3475 3861 et
3510 3802 3727 3860 crudeli-

2141 3883 2268 3937 tatis
2299 3896 2442 3940 metu
2474 3887 2711 3958 (Arnob.,
2746 3890 2833 3944 lib.
2858 3908 2915 3958 v,
2948 3911 3069 3964 pag.
3092 3894 3262 3966 177)?
3291 3917 3309 3950 ι
3336 3898 3597 3970 lntelligis
3616 3912 3728 3953 sane

2142 3972 2228 4029 his
2270 3976 2449 4033 verbis
2477 4020 2491 4042 ,
2541 3980 2737 4052 reliquo
2785 3998 2968 4053 genere
3032 3988 3451 4060 suppliciorum,
3497 3989 3729 4062 qtttelibet

2138 4066 2302 4123 etiam
2334 4071 2688 4138 atrocissima,
2720 4091 2840 4143 qurc
2869 4076 3196 4135 incredibilis
3224 4082 3569 4139 ethnicorum
3592 4124 3607 4147 ,
3631 4097 3717 4137 seu

2141 4164 2320 4232 potius
2350 4164 2680 4232 daemonum,
2711 4168 2901 4224 feritas
2922 4180 2976 4225 et
3004 4172 3184 4228 rabies
3214 4177 3528 4248 excogitare
3556 4174 3724 4248 potuit,

2139 4258 2525 4327 suppliciorum
2575 4278 2774 4331 genera
2819 4266 3230 4336 comprehendi.
3267 4270 3378 4327 Sed
3408 4272 3536 4344 quid
3583 4273 3728 4325 inter-

2140 4351 2443 4418 pretatione
2474 4369 2611 4422 Opus
2638 4366 2742 4421 est,
2769 4356 2855 4411 ubi
2886 4357 3003 4413 hinc
3030 4375 3217 4430 aperte
3247 4362 3318 4417 ab
3354 4363 3447 4419 illo
3475 4363 3727 4435 explican~

2142 4452 2273 4501 tttr:
2316 4463 2333 4495 σ
2368 4444 2593 4512 Studiis,
2638 4469 2657 4501 ι
2688 4450 2881 4521 inquit,
2924 4472 2942 4503 ε
2985 4452 3161 4508 facere
3197 4455 3329 4525 quid
3377 4455 3727 4527 pervicacibus

2140 4538 2467 4606 possumus?
2492 4539 2630 4609 Quid
2664 4541 3058 4601 iutcntantibns
3085 4547 3322 4617 gladios,
3354 4535 3626 4621 novasque
3646 4563 3726 4603 cx-

432 4612 486 4669 id
516 4614 948 4687 investigandum
975 4623 1336 4690 pepercerint,
1361 4624 1495 4679 nihil
1519 4636 1696 4680 tamen
1722 4628 1862 4698 quod
1893 4630 2032 4685 veris
2058 4637 2115 4698 1)
2138 4629 2494 4700 cegitantibus
2523 4635 2743 4702 poenas?
2772 4656 2791 4687 ›
2830 4635 3057 4707 (Idem,
3089 4612 3179 4693 lib.
3205 4654 3283 4706 vr,
3307 4612 3439 4712 pag.
3474 4612 3616 4707 mi.)
3638 4638 3725 4692 Eas

433 4708 708 4763 miraculis
737 4710 821 4764 vel
863 4713 1141 4769 minimum
1179 4716 1425 4784 deesset,
1472 4719 1882 4790 deprehendere
1912 4740 2031 4779 um-

432 4812 590 4869 quam
631 4804 933 4857 valucrunt.
967 4803 1080 4860 Nec
1107 4808 1285 4864 minus
1325 4810 1743 4868 christianordm
1779 4800 2035 4873 intererat

432 4890 687 4962 indagare
713 4909 903 4950 omnes
932 4904 985 4951 et
1013 4896 1251 4969 singulas
1278 4900 1468 4956 horum
1513 4905 1891 4961 miraculorum
1923 4909 2033 4963 cir-

430 4986 803 5054 cumstantias,
835 4989 1031 5059 quibus
1073 4991 1139 5046 ad
1169 4993 1515 5063 rejiciendam
1549 5009 1757 5068 patrum
1786 5016 2028 5069 suorum,

429 5088 483 5135 et
510 5078 881 5151 profitendam,
906 5085 982 5139 uti
1009 5086 1262 5155 diximus,
1294 5090 1449 5163 longe
1477 5093 1751 5152 duriorem
1780 5098 2031 5154 christia-

431 5188 619 5227 nortnn
644 5174 955 5245 religionem
979 5178 1194 5236 adducti
1219 5170 1363 5238 sunt.
1389 5184 1502 5253 Qua
1530 5205 1660 5259 ergo
1682 5189 1859 5247 fronte
1882 5194 2032 5263 impii

430 5264 675 5322 homines
704 5277 823 5336 post
848 5276 927 5325 tot
955 5273 1147 5327 saecula
1177 5274 1377 5331 audent
1405 5279 1643 5349 objicere
1673 5298 1777 5337 non
1810 5301 2029 5356 perspe-

429 5372 543 5417 ctas
585 5364 652 5419 ab
696 5365 797 5430 iis,
823 5383 1050 5436 quorum
1097 5369 1228 5426 nihil
1265 5391 1514 5446 umquam
1560 5380 1727 5451 magis
1773 5383 2032 5441 interesse

428 5465 658 5526 poterat,
693 5459 904 5516 illorum
948 5465 1332 5523 miraculorum
1375 5472 1839 5544 circumstantias,
1873 5491 2033 5552 atque

431 5547 728 5604 incredibili
754 5568 971 5623 prorsns
995 5558 1331 5625 credulitate,
1367 5563 1430 5618 iis
1449 5581 1736 5637 numquam
1761 5572 2033 5627 examina-

432 5638 521 5705 tis,
554 5640 863 5701 ehristianm
901 5649 1148 5721 religioni
1185 5652 1325 5709 haud
1367 5656 1576 5713 incerto
1627 5660 1750 5715 vitae
1792 5663 2031 5732 periculo

430 5741 585 5783 suum
605 5735 847 5801 protinus
871 5738 1085 5796 dedisse
1113 5745 1344 5799 nomen?
1370 5745 1476 5801 Sed
1506 5748 1557 5802 in
1589 5748 1897 5807 refellendis
1920 5763 2026 5809 tam

430 5820 676 5879 absurdis
697 5828 1012 5897 opinionum
1036 5838 1358 5894 commentis
1389 5839 1595 5899 diutius
1612 5843 1834 5909 morari,
1853 5843 2028 5902 homi-

2140 4724 2281 4779 haud
2306 4725 2464 4781 dubie
2490 4744 2698 4798 ptenas,
2723 4746 2856 4801 quas
2882 4732 3058 4787 nullus
3082 4735 3435 4804 quantumvis
3462 4735 3721 4797 barbarus,

2136 4835 2199 4873 ac
2231 4819 2397 4889 ferus,
2428 4825 2709 4895 omnisque
2746 4827 3096 4882 humamtatis
3131 4844 3333 4899 expers
3363 4829 3532 4888 homo
3562 4831 3724 4884 hacte-

2136 4929 2238 4969 nus
2264 4918 2568 4986 excogitarc
2598 4929 2651 4972 et
2682 4917 2886 4989 lingere
2917 4931 3189 4990 potuerat.

2230 5008 2412 5080 Neque
2465 5029 2587 5066 raro
2648 5014 2899 5082 quidem,
2951 5014 3047 5069 sed
3100 5016 3407 5086 sa-pissime
3458 5015 3724 5074 dirissimis

2134 5103 2466 5175 ejuscemodi
2503 5108 2831 5163 cruciatibus
2883 5122 3100 5166 vexatos
3129 5153 3142 5175 ,
3196 5121 3531 5184 necatosqne
3577 5111 3723 5167 fuisse

2135 5198 2463 5256 christianos
2491 5200 2575 5256 his
2621 5213 2809 5258 auctor
2856 5214 3041 5260 noster
3092 5206 3232 5260 haud
3271 5207 3526 5264 obscuris
3565 5203 3724 5261 verbis

2133 5290 2403 5363 significat
2431 5311 2444 5346 :
2487 5313 2506 5345 ι
2543 5295 2597 5348 Si
2632 5294 2857 5351 totidem
2888 5314 2987 5352 nos
3021 5298 3216 5367 modis,
3248 5301 3582 5372 totidemque
3608 5310 3719 5352 sen-

2134 5385 2336 5452 tentiis,
2371 5406 2392 5438 »
2426 5397 2586 5459 atque
2616 5388 2832 5459 ipsimct
2859 5391 3096 5461 Ethnici,
3131 5414 3148 5445 ι
3177 5395 3409 5450 deorum
3441 5405 3720 5451 vestrorum

2135 5477 2522 5535 subruercmus
2562 5481 2754 5548 tidem;
2786 5483 2918 5537 nulli
2957 5494 3099 5540 esset
3138 5485 3362 5540 dubium
3403 5485 3532 5557 quin
3575 5485 3648 5538 ira
3675 5490 3721 5534 el

2136 5570 2286 5626 rabie
2330 5572 2620 5638 concitati,
2653 5574 2839 5644 ignes,
2891 5577 3029 5631 feras
3061 5586 3116 5631 et
3160 5576 3401 5647 gladios,
3431 5589 3590 5647 atque
3629 5573 3721 5627 alia

2134 5664 2476 5733 postularetis
2504 5666 2891 5737 suppliciorum
2916 5669 2968 5722 in
3001 5685 3098 5724 n0s
3123 5686 3348 5741 genera,
3380 5670 3576 5741 quibus
3590 5665 3719 5721 sitim

2131 5756 2318 5811 soletis
2336 5768 2568 5815 vestram
2588 5759 2757 5814 nostri
2774 5762 3051 5830 sanguinis
3070 5762 3409 5835 appetitione
3434 5759 3673 5833 prolucre
3698 5774 3715 5807 ι

2128 5847 2364 5920 (Idem,
2393 5853 2481 5907 lib.
2519 5869 2598 5917 ιιι,
2626 5870 2745 5923 pag.
2782 5854 2970 5919 liii).
