3904 6326
180 292 270 350 617

1448 287 1513 348 IN
1545 282 1926 355 AltNOBlUM,
1968 281 2120 346 CAP.
2161 285 2248 345 IV.

3366 291 3470 348 418

242 412 318 466 Ex
361 409 463 465 hoc
504 418 687 466 autem
727 409 812 466 vel
851 409 972 466 solo
998 407 1221 465 Arnobii
1256 408 1425 466 nostri
1457 407 1762 464 teStimonio
1793 415 1839 475 Α
1870 404 2010 469 Deo,
2041 422 2226 462 eorum
2258 415 2432 462 tantas
2460 409 2766 465 animorum
2799 407 2913 465 ﬁeri
2951 407 3378 474 conversiones;
3411 418 3472 464 ut

179 504 322 560 facile
373 505 596 575 colliges
650 515 847 575 quanta
904 504 1064 558 fuerit
1115 503 1257 556 illius
1299 501 1473 556 adhuc
1524 512 1764 570 tempore

179 610 466 670 martyrum
512 597 820 653 tuultitudo.
853 597 1006 666 Quod
1058 596 1271 665 quidem
1315 594 1436 650 ideo
1467 594 1640 648 obiter
1670 611 1765 646 no-

178 699 364 758 tamus,
399 702 456 747 ut
485 710 643 762 quam
677 690 811 746 falsa
843 692 911 746 sit
939 691 1007 747 de
1042 706 1228 747 corum
1272 692 1540 762 paucitate
1581 689 1764 760 opinio

175 799 356 840 omnes
391 785 708 856 intelligant.

239 875 346 932 Sed
390 877 656 950 agedum,
686 887 847 948 atque
871 877 1166 933 Arnobium
1197 885 1438 932 nostrum
1466 875 1642 931 adhuc
1670 890 1763 929 au-

173 967 410 1036 diamus,
459 970 528 1026 de
555 971 848 1041 cujuslibet
896 971 1252 1038 conditionis,
1286 970 1457 1024 celatis
1501 985 1564 1025 ac
1603 984 1764 1023 sexus

172 1064 495 1135 martyribus
541 1064 938 1121 disserentem:
991 1083 1008 1116 ‹
1045 1064 1126 1122 Ab
1169 1063 1400 1119 dominis
1428 1105 1440 1128 ,
1480 1083 1498 1115 ›
1553 1062 1764 1132 θίιεὶΙΙθ

173 1157 384 1226 (ldem.,
411 1157 501 1214 lib.
526 1175 585 1221 ll,
612 1177 732 1230 pag.
759 1159 829 1214 44
851 1168 896 1213 et
923 1155 1106 1230 seqq.),
1135 1177 1154 1210 ι
1183 1174 1242 1214 se
1269 1157 1410 1213 servi
1437 1155 1766 1211 cruciatibus

172 1252 308 1308 allici
330 1295 345 1317 ,
373 1254 572 1323 quibus
602 1255 907 1320 statuerint,
938 1255 1162 1320 malunt,
1203 1252 1338 1307 solvi
1367 1252 1625 1322 conjuges
1651 1265 1764 1304 ma.

175 1343 458 1413 lrimoniis,
477 1346 816 1402 exltairedari
837 1362 867 1401 a
888 1345 1202 1417 parentibus
1225 1345 1401 1412 liberi,
1419 1361 1577 1415 quam
1603 1343 1764 1398 fidem

175 1453 418 1508 rumpere
445 1437 818 1506 cbristianam,
839 1451 893 1494 et
916 1438 1170 1495 salutaris
1195 1437 1400 1493 militia:
1427 1445 1764 1492 sacramenta

178 1529 460 1599 deponere.
503 1549 521 1582 ›
555 1530 786 1586 Tantum
832 1543 1012 1586 autem
1057 1530 1240 1596 abest,
1273 1539 1330 1583 ut
1375 1539 1453 1584 tot
1500 1530 1766 1599 tantisque

181 1623 491 1680 cruciatibus
517 1624 720 1680 ethnici
747 1624 1164 1681 Christianorum
1214 1624 1374 1678 fidem
1404 1623 1762 1678 labefactavc—

184 1719 303 1781 rint;
329 1719 454 1789 quin
489 1720 663 1789 potius
705 1719 794 1774 illa
826 1719 1044 1776 altiores
1067 1733 1302 1789 semper,
1331 1718 1571 1773 Arnobio
1602 1727 1758 1782 teste,

1869 514 1990 552 cum
2035 499 2349 565 carniﬁces,
2405 501 2558 568 unci,
2611 501 2807 572 aliique
2858 501 3126 555 innumeri
3175 499 3466 566 cruciatus,

1869 592 2321 661 quemadmodum
2351 592 2604 657 diximus,
2636 593 2981 664 impendeant
3020 592 3308 649 creditoris
3330 635 3345 656 ,
3373 608 3468 646 vc-

1868 683 1960 736 lttti
2028 683 2257 753 quadatn
2317 685 2638 750 dulcedine,
2701 697 2861 757 atque
2919 685 3156 740 omnium
3215 685 3468 738 virtutum

1866 788 2052 829 amore
2095 777 2360 846 correpti,
2395 777 2636 846 cognitas
2681 776 2950 847 accipiant
2995 777 3263 842 rationes,
3306 785 3469 844 atque

1868 868 2052 923 mundi
2081 869 2331 924 omnibus
2361 870 2522 925 rebus
2553 881 2867 940 praeponam
2891 870 3156 925 amicitias
3177 867 3417 923 Christi?
3445 889 3464 919 ι

1867 960 2004 1029 Tot,
2038 965 2128 1020 ille
2155 969 2265 1031 ait,
2298 977 2511 1036 tamque
2542 965 2753 1021 diversa
2783 964 3323 1037 exquisitissimarum
3349 1005 3364 1029 ,
3407 976 3472 1017 ac

1867 1057 2040 1113 ferme
2090 1061 2508 1115 incredibilium-
2543 1076 2821 1131 poenarum
2868 1076 3097 1130 genera,
3131 1057 3198 1114 ab
3240 1057 3470 1113 infirmis

1867 1151 2112 1224 adeoque
2144 1152 2347 1224 fragilis
2377 1165 2584 1209 natura:
2613 1153 2744 1208 viris
2776 1164 2829 1208 et
2860 1151 3180 1207 mulieribus
3227 1148 3426 1204 tamdiu
3451 1189 3467 1214 ,

1870 1256 2124 1314 tantaque
2141 1251 2308 1304 animi
2328 1249 2664 1317 fortitudine,
2686 1249 2868 1303 divino
2889 1249 3008 1303 sine
3023 1245 3224 1302 auxilio
3248 1243 3468 1300 tolerari
3505 1279 3509 1282 -

1868 1357 1974 1397 non
2005 1355 2313 1412 potuerunt.

1940 1436 2270 1509 Praeceptori
2294 1455 2392 1495 suo
2413 1439 2589 1495 adhuc
2611 1439 2938 1510 suffragatur
2955 1437 3196 1508 proxime
3224 1431 3469 1489 laudatus

1867 1543 1895 1582 a
1928 1531 2081 1584 nobis
2125 1531 2435 1587 Laelantius
2470 1552 2482 1586 :
2519 1551 2537 1584 ‹
2574 1531 2705 1586 Nam
2730 1547 2852 1586 cum
2881 1530 3061 1585 videat
3085 1522 3272 1599 vulgus
3296 1568 3308 1590 ,
3341 1546 3361 1579 ι
3395 1525 3471 1580 ait

1868 1623 1978 1689 ille,
2021 1644 2039 1675 ι
2078 1625 2364 1682 dilacerari
2399 1627 2645 1682 homines
2679 1626 2843 1681 variis
2875 1635 3269 1679 tormentorum
3299 1635 3468 1692 gene-

1866 1717 2036 1780 ribus,
2072 1729 2126 1773 ct
2172 1719 2311 1775 inter
2360 1719 2610 1791 fatigatos
2656 1719 2940 1775 carnifices
2988 1717 3239 1772 invictam
3286 1725 3470 1770 tenere

187 1810 335 1881 egerit
360 1812 591 1881 radices,
624 1828 688 1868 ac
715 1813 920 1869 firmius
951 1813 1208 1878 stabilita,
1243 1828 1363 1869 cum
1393 1812 1582 1884 majori
1614 1828 1759 1867 mar-
1792 1821 1839 1882 Β
1868 1811 2203 1881 patientiam,
2237 1813 2550 1867 existimant
2592 1812 2644 1867 id
2686 1811 2826 1882 quod
2857 1827 2946 1867 res
2971 1820 3075 1877 est,
3109 1825 3208 1864 nec
3233 1822 3467 1863 consen-

189 1915 342 1976 tyrum
392 1924 652 1984 numero,
683 1910 850 1979 magis
890 1924 1110 1980 semper
1138 1909 1394 1964 creverit.
1423 1907 1763 1978 QuaprOpter

189 1996 311 2054 hunc
336 2000 426 2056 ille
453 2004 626 2072 pergit
653 2002 704 2056 in
737 2003 954 2058 modum
982 2022 995 2056 :
1033 2023 1050 2053 ι
1085 2003 1220 2058 Cum
1249 2018 1446 2074 genera
1479 2017 1759 2073 pinnarum

189 2098 317 2147 tanta
352 2095 456 2148 sint
489 2110 518 2148 a
548 2096 700 2150 vobis
731 2099 1005 2167 pr0posita
1037 2096 1312 2168 religionis
1345 2095 1504 2165 hujus
1533 2111 1761 2166 sequen-

187 2184 307 2239 tibus
334 2185 501 2257 leges,
533 2199 789 2258 augeatur
815 2204 904 2244 res
934 2188 1126 2259 magis,
1157 2201 1210 2243 et
1236 2197 1423 2243 contra
1446 2205 1637 2244 omnes
1662 2189 1761 2244 mi-

184 2296 287 2347 nas,
319 2293 479 2354 atque
505 2283 788 2339 interdicta
821 2283 1166 2339 formidinum
1211 2285 1507 2340 animosius
1535 2287 1759 2356 p0pulus

181 2376 464 2445 obnitatur,
493 2389 550 2435 et
573 2379 638 2435 ad
670 2381 923 2436 credendi
965 2380 1201 2436 studium
1241 2381 1617 2453 prohibitionis
1657 2383 1757 2438 sti-

176 2473 323 2526 mulis
346 2474 630 2528 excitetur.
673 2494 692 2526 ι
729 2473 933 2539 (Idem,
969 2493 1089 2548 pag.
1115 2474 1239 2547 45.)

235 2566 414 2637 Neque
439 2578 520 2623 est
551 2567 810 2637 profecto,
843 2570 986 2640 quod
1016 2571 1136 2640 quis
1163 2572 1471 2643 suspicetur
1501 2573 1551 2628 id
1575 2573 1757 2629 abillo

173 2667 364 2714 temere
392 2668 448 2716 et
479 2659 617 2715 falso
643 2660 873 2728 dictum,
907 2673 998 2717 aut
1031 2663 1192 2718 nimis
1213 2677 1612 2736 exaggeratam.
1637 2666 1754 2722 Non

168 2756 334 2810 minus
378 2755 580 2810 etenim
624 2755 926 2812 luculenter
955 2757 1319 2814 Tertullianus
1353 2778 1366 2813 :
1405 2779 1423 2811 ι
1457 2760 1568 2815 Nec
1593 2761 1754 2831 quid-

164 2868 338 2920 quam,
374 2870 393 2904 ι
426 2851 520 2917 ait,
558 2870 576 2902 ‹
612 2852 823 2920 proficit
865 2853 1185 2922 exquisitior
1213 2871 1438 2924 qua:th
1465 2855 1754 2910 crudelitas

165 2956 373 3009 vestra;
403 2943 655 2999 illecebra
697 2955 778 3000 est
816 2946 988 3016 magis
1030 2957 1214 3002 sectae.
1247 2948 1436 3004 Plures
1463 2949 1749 3018 efficimur,

165 3037 367 3107 quaties
394 3040 646 3094 metimur
670 3054 701 3092 a
725 3038 910 3095 vobis:
933 3056 1119 3096 semen
1148 3051 1232 3098 est
1256 3043 1476 3113 sanguis
1505 3043 1753 3098 christia-

169 3147 467 3189 norum.....
512 3133 622 3190 Nec
663 3143 840 3190 tantos
884 3135 1164 3191 inveniunt
1193 3135 1352 3190 verba
1383 3146 1558 3191 vestra
1590 3136 1751 3192 disci-

1867 1919 1984 1959 sum
2015 1913 2123 1959 tam
2156 1906 2468 1971 inultorunt,
2502 1921 2603 1960 nec
2628 1905 3090 1975 perseverantiam
3123 1901 3466 1957 morientium

1867 2011 2056 2050 vanam
2086 2013 2232 2062 esse,
2253 2013 2353 2052 nec
2381 1998 2550 2068 ipsam
2575 1997 2891 2068 patientiam
2916 1997 3034 2050 sine
3060 1995 3170 2050 Deo
3197 1993 3469 2048 cruciatus

1866 2098 2046 2145 tantos
2093 2107 2251 2159 posse
2294 2093 2564 2146 sustinere
2601 2111 2619 2143 ›
2657 2090 2935 2159 (Lactant.
2959 2132 2974 2156 ,
3005 2088 3093 2143 lib.
3128 2105 3180 2158 v,
3223 2104 3340 2158 cap.
3375 2086 3464 2151 15,

1863 2199 1986 2254 pag.
2031 2182 2198 2254 495).
2249 2183 2413 2239 Vides
2443 2185 2624 2255 itaque
2654 2199 2811 2255 quam
2844 2182 3048 2237 diserte
3080 2181 3170 2237 ille
3199 2189 3321 2253 post
3362 2181 3464 2234 Ar-

1863 2278 2082 2332 nobiuttt
2117 2285 2362 2334 nostrum
2385 2320 2400 2345 ,
2430 2294 2494 2333 ac
2522 2279 2746 2334 citatum
2776 2292 2804 2330 a
2835 2275 2991 2332 nobis
3015 2275 3146 2330 alibi
3177 2273 3465 2329 Minucium

1862 2368 2095 2425 Felicem
2133 2368 2392 2442 (Dissert.
2433 2371 2484 2426 in
2525 2370 2750 2434 Mutua,
2782 2386 2898 2439 cap.
2930 2385 3006 2432 vt,
3041 2377 3144 2422 art.
3167 2363 3281 2438 5.),
3312 2380 3462 2421 asse-

1861 2472 2012 2518 veret
2048 2463 2361 2534 inspiratam
2410 2464 2477 2520 ab
2524 2465 2758 2534 ipsomet
2808 2463 2918 2520 Deo
2965 2462 3113 2517 illam
3160 2461 3463 2518 mirabilem

1861 2571 2085 2625 prorsus
2131 2565 2430 2627 martyrum
2473 2557 2808 2626 patientiam.
2838 2554 3000 2622 Atqui
3035 2555 3172 2608 Deus
3204 2553 3341 2608 hanc
3378 2551 3464 2607 di-

1859 2649 2039 2705 vinam
2069 2665 2221 2710 suam
2255 2667 2435 2720 opem,
2469 2662 2525 2704 et
2561 2649 2820 2704 auxilium
2864 2647 3354 2703 extraordinarium
3398 2645 3464 2701 iis

1860 2747 2066 2793 tantum
2096 2739 2345 2803 confert,
2379 2736 2470 2805 qui
2497 2753 2626 2791 vero
2656 2736 2774 2806 ejus
2804 2735 3007 2801 cultui,
3051 2749 3302 2804 verasque
3330 2731 3460 2787 reli-

1856 2832 2002 2903 gioni
2057 2833 2346 2900 tnancipati
2397 2841 2554 2898 sunt,
2596 2847 2702 2886 non
2743 2839 2923 2885 autem
2967 2828 3124 2893 aliis,
3173 2829 3263 2900 qui
3312 2827 3459 2882 illmn

1856 2934 2142 2995 spernunt,
2178 2926 2471 2994 repellunt,
2497 2925 2624 2980 etei
2657 2940 2875 2992 semper
2900 2923 3281 2979 adversantur.
3312 2921 3461 2976 Alias

1856 3023 2134 3078 enimvero
2167 3021 2259 3076 ille
2299 3022 2399 3077 sibi
2445 3019 2545 3091 ipsi
2578 3019 2888 3074 contrarius
2917 3028 3082 3074 esset.
3115 3017 3457 3072 Christiano-

1856 3132 1974 3172 rum
2008 3133 2174 3187 ergo,
2214 3116 2340 3186 qui,
2377 3116 2486 3170 Deo
2531 3115 2862 3184 opitulante,
2894 3121 2974 3166 tot
3020 3121 3314 3182 tantaque,
3360 3126 3458 3194 pro

171 3229 338 3298 pulos,
378 3237 609 3300 quantos
651 3229 932 3285 christiani
984 3229 1140 3286 factis
1184 3230 1446 3286 docendo.
1498 3229 1590 3285 llla
1634 3231 1748 3299 ipsa

1864 3210 2052 3266 tuenda
2099 3225 2212 3264 sua:
2260 3208 2538 3279 religionis
2584 3206 2960 3276 professione,
2996 3215 3103 3260 tam
3146 3214 3459 3259 constanter

174 3321 462 3387 obstinatio,
481 3337 639 3391 quam
664 3324 1026 3392 exprobratis,
1049 3324 1300 3395 magistra
1327 3333 1429 3379 est.
1452 3324 1583 3393 Quis
1604 3325 1745 3380 enim

179 3428 267 3469 tton
293 3416 745 3486 Contemplatione
773 3417 890 3485 ejus
918 3418 1223 3473 concutitur
1259 3418 1326 3473 ad
1364 3418 1744 3489 requirendmn

183 3507 285 3574 quid
311 3509 444 3563 intus
469 3511 522 3564 itt
547 3526 605 3566 re
631 3509 885 3578 Stt?Quis
909 3526 1039 3577 non,
1061 3511 1149 3565 ubi
1179 3511 1476 3582 requisivit,
1507 3513 1743 3578 accedit;

185 3600 254 3654 ubi
296 3606 548 3670 accessit,
605 3605 712 3674 pati
761 3614 982 3675 exoptat
1033 3604 1401 3678 (Tertullian.,
1449 3607 1743 3679 Apologet.,

186 3709 277 3762 cap.
298 3694 444 3767 50.)?
465 3695 636 3752 Nemo
666 3709 844 3753 autem
873 3699 924 3753 id
958 3699 1081 3768 ipsi,
1115 3715 1303 3770 parum
1333 3711 1534 3756 attenta
1566 3713 1748 3758 mente

185 3789 442 3858 scribenti,
492 3791 757 3849 excidisse
806 3802 978 3864 putet.
1023 3793 1145 3848 Alio
1192 3795 1454 3865 siquidem
1501 3795 1556 3850 in
1609 3795 1746 3850 libro

185 3881 338 3939 eadem
366 3888 561 3957 repetit
589 3905 602 3940 :
639 3906 656 3937 ι
689 3886 800 3942 Nec
827 3887 1041 3944 deficiet
1080 3887 1194 3944 haec
1234 3900 1402 3956 secta,
1430 3905 1589 3959 quam
1624 3899 1746 3945 tunc

183 3980 323 4047 magis
370 3982 622 4037 mdilicari
669 3984 832 4048 scias,
879 4000 1001 4040 cum
1050 3983 1182 4040 εαξᾱὶ
1233 3983 1464 4039 videtur.
1510 3985 1747 4055 Quisque

183 4072 297 4125 enim
329 4083 522 4130 tantam
553 4076 894 4132 tolerantiam
925 4088 1200 4148 spectans,
1221 4085 1277 4131 ut
1297 4078 1474 4148 aliquo
1493 4078 1747 4147 scrupulo

185 4177 458 4232 percussus,
488 4179 539 4224 et
573 4170 843 4240 inquirere
883 4171 1194 4226 accenditur
1227 4170 1356 4241 quid
1382 4171 1452 4226 sit
1478 4171 1530 4225 in
1562 4186 1744 4238 causa,

183 4268 224 4312 et
245 4261 325 4316 ubi
351 4265 663 4334 cognoverit
693 4265 998 4328 veritatem,
1019 4276 1072 4320 et
1094 4263 1210 4335 ipse
1229 4265 1408 4319 statim
1431 4266 1693 4336 sequitur.
1723 4284 1740 4317 ι

185 4350 386 4422 (ldem.,
421 4357 540 4411 libr.
570 4358 639 4411 ad
670 4358 909 4430 Scapul..
943 4376 1058 4432 cap.
1090 4359 1177 4432 5).
1211 4357 1316 4415 Sed
1348 4360 1416 4415 de
1445 4361 1528 4416 his
1558 4360 1746 4426 fusius,

183 4446 255 4502 ubi
276 4449 338 4507 de
367 4464 595 4522 utroque
624 4453 715 4506 illo
743 4452 1062 4507 Tertulliani
1093 4453 1230 4508 libro
1249 4496 1262 4519 ,
1294 4453 1708 4526 disputabimus.

237 4542 422 4601 Eadem
451 4547 922 4618 argumentatione
949 4559 1004 4602 et
1033 4545 1143 4601 Leo
1169 4546 1410 4618 Magnus,
1446 4556 1498 4602 et
1526 4547 1616 4601 alii
1650 4563 1748 4602 no-

1850 3302 1996 3372 passi
2027 3313 2172 3368 sunt,
2205 3317 2366 3357 verus
2396 3310 2691 3371 gratusque
2717 3309 2834 3356 erat
2869 3299 2976 3354 Deo
3006 3297 3206 3365 cultus,
3235 3313 3299 3352 ac
3329 3313 3455 3352 vera

1850 3394 2014 3449 etiam
2037 3410 2249 3457 eorum,
2267 3393 2726 3466 quemadmodum
2746 3391 2881 3449 falsa
2899 3391 3244 3450 ethnicorum
3265 3391 3456 3462 religio

1849 3502 1972 3544 esse
1997 3487 2254 3545 debebat.
2344 3558 2354 3570 _

2461 3638 2752 3680 ABTICULUS
2791 3639 2847 3678 ιι.

1850 3756 2101 3814 Quomodo
2126 3755 2372 3820 Arnobius
2394 3757 2670 3820 christiana:
2713 3756 2969 3820 religionis
2994 3756 3256 3808 veritatem
3294 3755 3452 3809 adhuc

1913 3820 2130 3869 vindicet
2170 3833 2232 3868 ex
2273 3818 2405 3868 illius
2439 3819 2661 3869 doctrina
2684 3855 2698 3879 ,
2735 3823 2797 3868 ab
2816 3818 3106 3870 'lnnttmeris
3140 3821 3417 3873 hominibus
3438 3861 3451 3879 ,

1909 3883 2114 3945 deorum
2139 3881 2292 3930 cultui
2317 3883 2539 3943 addictis,
2568 3896 2660 3945 per
2693 3891 2854 3934 totum
2893 3891 3136 3933 terrarum
3159 3887 3332 3936 orbem
3364 3899 3451 3936 ce-

1913 3943 2116 3993 lerrime
2143 3951 2394 4008 suscepta.

1921 4073 2218 4131 Veritatem
2269 4074 2579 4131 Christianae
2627 4075 2908 4147 religionis
2961 4075 3234 4133 Arnobius
3281 4076 3441 4132 tertio

1850 4178 2192 4237 argumento,
2224 4183 2289 4223 ex
2322 4168 2491 4238 ipsius
2529 4167 2809 4236 doctrina,
2839 4185 2902 4224 ac
2924 4171 3326 4241 promptissima
3352 4173 3452 4226 nti-

1851 4276 2019 4331 raque
2046 4261 2193 4317 illius
2220 4278 2314 4330 per
2339 4262 2622 4318 universas
2651 4263 2802 4319 orbis
2833 4272 2990 4319 terra:
3012 4275 3193 4335 partes
3211 4308 3225 4332 ,
3257 4281 3450 4336 propa-

1852 4355 2069 4426 gatione
2089 4355 2279 4425 petito,
2300 4355 2730 4413 luculentissime
2754 4357 3110 4414 demonstrat.
3129 4360 3260 4426 Qua:
3281 4358 3446 4424 enim,

1853 4447 1928 4502 ait
1954 4447 2078 4512 ille,
2111 4457 2194 4504 est
2220 4449 2338 4520 ejus
2367 4447 2656 4504 doctrina?
2687 4452 2855 4506 Docet
2882 4467 3044 4506 unum
3077 4451 3452 4508 tantummodo

1853 4556 1974 4597 esse
2001 4543 2192 4608 Deum,
2221 4541 2473 4614 huncque
2499 4559 2770 4599 summum
2798 4560 2979 4600 rerum
3007 4546 3248 4601 omnium
3275 4545 3450 4601 domi—

181 4636 258 4692 stri
312 4641 601 4712 scriptores
648 4643 958 4697 christiana:
1002 4640 1278 4710 religionis
1321 4640 1630 4707 veritatem,
1677 4641 1752 4695 uti
1779 4634 1986 4694 Dnum
2021 4644 2077 4690 et
2115 4635 2453 4707 principem,
2497 4645 2659 4708 atque
2706 4637 2911 4693 idcirco
2953 4639 3122 4695 nostri
3171 4638 3452 4694 dumtaxat

182 4744 316 4789 nemo
381 4735 588 4800 nescit,
645 4733 1050 4790 evidentissime
1106 4733 1545 4789 demonstrarunt
1597 4732 1747 4802 (Leo

183 4819 530 4896 Magn.,sertn.
549 4827 666 4894 t,de
683 4827 788 4883 SS.
809 4825 954 4882 Petr.
975 4837 1020 4882 et
1054 4825 1270 4898 Paul.).
1301 4826 1372 4881 At
1403 4843 1510 4897 [πω
1537 4828 1748 4882 caeteris

183 4913 493 4985 Lactantius,
546 4923 770 4977 Aruobii
819 4922 987 4976 nostri
1034 4921 1362 4992 discipulus,
1397 4937 1515 4976 eam
1561 4932 1746 4977 eontra

184 5007 414 5071 Ethnicos
445 5024 700 5086 urget,ac
728 5015 972 5084 quaedam
1005 5014 1316 5070 eorumdem
1346 5013 1625 5085 gentilium
1652 5016 1749 5072 ob-

182 5101 320 5174 jecta,
350 5111 541 5179 quibus
572 5109 714 5164 illius
741 5110 846 5163 vim
877 5117 932 5162 et
956 5109 1122 5164 robur
1161 5108 1434 5164 infirmare
1471 5109 1748 5164 conaban-

187 5205 280 5262 tur,
311 5200 490 5268 diluit,
518 5217 581 5256 ac
612 5200 1066 5272 quemadmodum
1109 5217 1210 5257 suo
1251 5202 1370 5258 loco
1410 5202 1749 5268 videbimus,

185 5294 370 5360 penitus
397 5296 700 5367 subvertit(
720 5295 979 5363 Lactant.,
1015 5296 1104 5351 lib.
1139 5313 1192 5360 v,
1225 5297 1289 5351 de
1318 5296 1472 5366 lnsL,
1505 5315 1622 5368 cap.
1657 5299 1744 5364 15,

187 5401 287 5455 pag.
316 5389 438 5456 494,
466 5401 514 5446 ει
540 5407 657 5460 cap.
697 5390 781 5455 l9,
812 5409 932 5463 pag.
965 5389 1140 5462 518.).

244 5480 380 5540 Nunc
398 5487 577 5558 itaque
595 5502 753 5556 quam
771 5486 1173 5542 conclusionem
1198 5484 1321 5541 inde
1348 5487 1527 5542 eliciat
1548 5489 1751 5544 Auctor

189 5585 363 5643 noster,
397 5581 440 5636 si
474 5581 644 5646 Iubet,
677 5580 1045 5652 expendamus
1077 5599 1088 5634 :
1126 5601 1143 5633 ‹
1179 5579 1482 5651 Numquid,
1522 5602 1540 5634 )
1582 5583 1754 5650 inquit

190 5665 412 5742 (Αῖηοὸη
440 5672 532 5728 lib.
559 5690 620 5736 tt,
649 5690 766 5745 pag.
797 5674 868 5730 45
887 5675 926 5744 ),
989 5692 1007 5725 ι
1043 5673 1158 5728 hate
1185 5672 1303 5730 ﬁeri
1331 5673 1529 5742 passim
1557 5683 1612 5729 et
1634 5674 1750 5728 ina-

190 5757 306 5817 aiter
332 5765 586 5821 creditis?
613 5765 875 5822 Fortuitis
909 5766 1212 5822 incursibus
1249 5768 1452 5821 assumi
1483 5765 1581 5822 has
1602 5782 1755 5822 men-

191 5858 283 5914 tes?
309 5859 451 5921 ltane
481 5860 626 5919 istud
653 5878 762 5920 non
786 5861 1031 5924 divinum
1060 5873 1115 5919 et
1136 5876 1350 5920 sacrum
1381 5871 1488 5930 est,
1517 5870 1611 5918 aut
1637 5864 1756 5920 sine

1855 4743 2016 4784 causa
2045 4729 2307 4784 orandmn
2337 4739 2392 4786 et
2423 4729 2778 4787 adorandum.
2806 4731 2976 4787 Docet
3003 4731 3134 4787 nihil
3162 4733 3232 4788 ab
3260 4750 3326 4789 eo
3355 4733 3450 4788 de-

1857 4821 2188 4892 poscendum
2215 4864 2231 4889 ,
2264 4823 2366 4878 nisi
2389 4824 2596 4892 justum
2619 4866 2635 4888 ,
2679 4824 2966 4879 honestum
2988 4867 3003 4890 ,
3035 4834 3090 4880 et
3124 4825 3306 4880 auditu
3335 4825 3451 4896 ejus

1857 4918 2096 4989 dignum.
2153 4919 2319 4974 Docet
2362 4918 2493 4974 nihil
2535 4918 2880 4974 tribuendum
2927 4919 3122 4989 iniqua:
3168 4920 3447 4975 hominum

1857 5011 2131 5078 cupiditati
2164 5021 2219 5068 et
2247 5012 2496 5078 libidini,
2543 5013 2639 5068 sed
2671 5015 2884 5085 utrique
2929 5029 3148 5082 semper
3181 5014 3449 5070 obsisten-

1853 5105 2016 5166 dum;
2056 5105 2291 5161 dandam
2325 5107 2645 5162 innocentiae
2671 5123 2737 5164 ac
2767 5123 2977 5163 morum
3018 5107 3310 5178 integritati
3341 5105 3447 5161 ulla

1851 5216 2106 5272 umquam
2162 5202 2280 5256 sine
2335 5202 2742 5259 intermissione
2791 5219 3054 5275 operam,
3121 5218 3327 5273 nosque
3379 5201 3448 5256 ab

1853 5294 2001 5352 omni
2031 5295 2151 5350 labe
2177 5294 2498 5351 delictorum
2531 5297 2771 5352 omnium
2803 5297 3171 5368 amputatione
3214 5309 3445 5366 purgan-

1852 5388 1952 5444 dos
1979 5406 1991 5442 :
2028 5407 2046 5440 (
2081 5386 2228 5442 Nihil
2254 5403 2440 5443 sumus
2465 5389 2610 5445 aliud
2637 5388 2938 5453 christiani,
2977 5410 2996 5441 ι
3027 5388 3254 5444 Arnobii
3282 5389 3448 5443 verba

1855 5493 2008 5549 sunt,
2044 5503 2062 5535 ‹
2099 5485 2202 5538 nisi
2233 5485 2490 5554 magistro
2517 5483 2767 5550 Christo,
2801 5486 2994 5540 summi
3023 5483 3167 5554 regis
3204 5498 3267 5539 ac
3303 5483 3448 5555 prin-

1856 5579 1988 5650 cipis
2027 5589 2403 5650 vencratores,
2453 5581 2616 5646 nihil,
2660 5581 2706 5636 si
2736 5580 3082 5646 consideres,
3117 5579 3260 5635 aliud
3292 5580 3447 5636 inve-

1857 5675 1972 5729 nies
2003 5675 2057 5730 itt
2087 5675 2186 5730 ista
2221 5675 2484 5746 religione
2503 5675 2728 5731 versari.
2775 5673 2903 5729 Haec
2929 5674 3093 5728 totius
3122 5689 3332 5730 summa
3360 5690 3449 5730 ac-

1857 5767 2016 5822 tionis
2042 5811 2058 5830 ,
2102 5767 2192 5824 hic
2238 5769 2549 5839 propositus
2591 5767 2854 5823 terminus
2890 5766 3197 5822 divinorum
3247 5766 3452 5824 ofﬁcio-

1858 5879 2008 5932 rum,
2037 5863 2125 5922 bie
2153 5865 2294 5922 ﬁnis.
2339 5864 2475 5923 Huic
2515 5878 2706 5922 omnes
2743 5878 2809 5922 ex
2837 5878 2990 5922 more
3020 5863 3412 5937 prosternimur
3435 5904 3450 5933 ,
