3904 6326
468 303 574 361 M9

1711 294 2158 356 DISSERTATIO
2187 295 2461 354 PRIEVIA

3624 283 3712 355 tio

473 421 613 476 hunc
659 419 875 476 collatis
905 417 1156 489 precibus
1195 417 1485 473 adoramus
1512 460 1525 484 ,
1569 417 1636 471 ab
1666 416 1768 472 hoc
1795 415 1940 487 justa
1963 459 1976 478 ,
2018 423 2071 469 et
2100 417 2149 475 Α
2178 413 2388 482 pra‘diti
2421 423 2688 480 oratores,
2721 412 3079 484 grammatici,
3113 412 3380 481 rhetores,
3409 418 3616 473 consulti
3637 421 3709 491 ju-

471 515 694 569 hunesta
719 556 733 581 ,
765 525 820 570 et
848 513 1031 568 auditu
1077 513 1194 581 ejus
1236 514 1500 584 condigna
1541 512 1903 581 deposcimus.
1948 509 2063 564 Non

470 609 614 678 quod
664 609 778 679 ipse
826 607 1091 661 desideret
1139 607 1408 678 supplices
1441 622 1538 660 nos
1585 621 1746 672 esse,
1788 615 1875 659 aut
1920 613 2066 660 amet

470 703 780 766 substerni,
821 712 875 756 et
923 703 1050 770 (sive
1092 702 1230 772 aut)
1283 712 1360 755 tot
1400 701 1627 755 millium
1662 700 2063 755 venerationem

471 797 672 850 videre.
703 794 919 850 Utilitas
965 794 1081 848 hmc
1125 804 1304 847 nostra
1341 803 1451 859 est,
1495 803 1550 848 et
1589 793 1856 848 commodi
1898 795 2066 849 nostri

469 889 728 941 rationem
762 897 1032 956 spectans.
1066 886 1199 940 Nam
1226 887 1351 956 quia
1382 887 1535 956 proni
1568 885 1632 940 ad
1665 886 1883 956 culpas,
1914 896 1970 941 et
1998 887 2065 943 ad

468 977 709 1033 libidinis
739 979 920 1033 varios
952 979 1221 1049 appetitus
1252 979 1382 1032 vitio
1412 993 1597 1035 sumus
1628 979 1960 1034 inﬁrmitatis
1984 980 2066 1034 in-

465 1071 703 1139 genitae,
763 1071 961 1140 patitur
1017 1087 1076 1124 se
1123 1086 1339 1138 setnper
1396 1071 1598 1124 nostris
1650 1071 2066 1140 cogitationibus

465 1162 714 1232 concipi;
765 1174 821 1216 ut
852 1161 979 1215 dum
1007 1162 1150 1216 illum
1181 1177 1399 1216 oramus
1424 1205 1438 1228 ,
1483 1171 1537 1216 et
1568 1165 1762 1218 mereri
1794 1163 1911 1233 ejus
1935 1179 2067 1218 con—

469 1256 739 1311 tendimus
782 1273 1005 1312 munera
1032 1300 1046 1322 ,
1096 1259 1432 1329 accipiamus
1463 1259 1790 1315 innocentim
1820 1261 2066 1315 volunta-

468 1358 576 1404 tem
603 1393 617 1412 ,
663 1359 717 1405 et
751 1352 820 1406 ab
846 1353 991 1406 omni
1026 1367 1125 1406 nos
1166 1353 1286 1408 labe
1321 1353 1641 1409 delictorum
1678 1355 1921 1409 omnium
1953 1369 2067 1408 am-

467 1445 745 1513 putatione
776 1460 1088 1515 purgemus.
1128 1465 1145 1498 ›
1171 1445 1190 1517 (
1216 1446 1436 1513 Arnob,
1470 1448 1562 1501 lib.
1595 1465 1631 1514 ι,
1656 1465 1776 1519 pag.
1799 1450 1866 1502 M
1881 1457 1929 1502 et
1951 1448 2066 1516 15.)

469 1538 716 1608 Denique
759 1539 1040 1593 christiani
1087 1539 1455 1609 prmdicabant
1503 1539 1669 1595 falsos
1707 1557 1830 1596 esse
1875 1556 2068 1596 omnes

466 1631 742 1700 gentilium
769 1633 901 1686 deos
920 1673 935 1697 ,
969 1633 1300 1702 respuebant
1329 1633 1602 1704 quoslibet
1629 1633 1822 1702 impios
1851 1633 2064 1688 illorum

466 1723 600 1776 ritus
620 1764 634 1788 ,
683 1724 1058 1792 superstitiosa
1093 1725 1348 1795 mysteria
1368 1768 1382 1790 ,
1429 1725 1689 1779 sacriﬁcia
1719 1734 1773 1779 et
1798 1725 1932 1780 festa
1952 1767 1967 1789 ,
2003 1741 2068 1780 ac

465 1826 753 1883 corruptos
783 1832 960 1870 mores
995 1817 1150 1892 plane
1179 1818 1501 1887 penitusque
1531 1816 1988 1872 condemnabam.

536 1907 733 1961 Verum
773 1919 974 1978 quanto
1019 1909 1316 1963 christiana
1364 1910 1585 1981 religio,
1638 1911 1712 1963 uti
1758 1909 1848 1965 ille
1888 1909 2063 1964 adhuc

465 1999 729 2070 loquitur,
760 2001 924 2053 verior
949 2043 961 2064 ,
999 2001 1286 2070 ofﬁciosior
1308 2044 1322 2068 ,
1356 2004 1612 2071 potentior
1632 2045 1647 2069 ,
1688 2003 1883 2073 iustior
1912 2013 2057 2069 erat,

464 2100 611 2145 tanto
661 2107 789 2147 sane
836 2092 1112 2148 difﬁcilius
1154 2097 1544 2166 operosiusque
1582 2108 1698 2151 erat
1740 2097 1844 2153 hoc
1885 2097 2061 2167 ipsum

461 2183 746 2253 gentiiibus
774 2187 1122 2254 persuadere.
1155 2187 1379 2252 Quanta:
1405 2190 1550 2242 enim
1570 2230 1584 2254 ,
1615 2190 1807 2243 amabo
1841 2199 1894 2245 te
1914 2233 1929 2254 ,
1960 2191 2061 2244 im-

463 2277 644 2345 peritis
671 2319 686 2342 ,
743 2278 973 2333 indoctis
1002 2294 1065 2333 ac
1109 2280 1332 2334 rudibus
1359 2279 1560 2335 Christi
1595 2282 1873 2352 discipulis
1902 2284 2062 2338 mulis

461 2378 515 2422 et
542 2385 721 2438 opera:
749 2381 862 2424 erat
890 2411 904 2434 ,
934 2370 1152 2424 eosdem
1184 2373 1418 2441 gentiles
1449 2388 1678 2426 avocare
1703 2374 1773 2426 ab
1800 2375 2063 2446 antiquis-

460 2460 596 2514 simo
626 2462 850 2515 deorum
879 2504 894 2529 ,
946 2463 1317 2533 idolornmque
1349 2466 1492 2519 cultu
1517 2509 1531 2532 ,
1568 2475 1622 2520 et
1660 2466 1776 2520 aliis
1801 2469 2062 2536 supersti-

463 2553 692 2608 tionibus
717 2597 731 2619 ,
781 2571 914 2626 quas
939 2571 968 2610 a
995 2567 1072 2609 tot
1112 2559 1325 2611 smculis
1353 2567 1610 2628 tanquam
1644 2559 1756 2628 pias
1785 2576 1906 2615 cum
1943 2577 2046 2615 nu-

462 2647 605 2700 tricis
646 2646 783 2702 lacte
831 2649 1136 2703 suxerant?
1177 2649 1374 2716 Quanti
1423 2650 1620 2704 laboris
1647 2660 1705 2705 et
1727 2651 2060 2709 difﬁcultatis

459 2749 575 2793 erat
607 2741 889 2795 innumera
934 2741 1213 2795 hominum
1256 2741 1423 2796 millia
1466 2742 1531 2796 ad
1577 2743 1887 2798 christiana:
1932 2745 2061 2800 reli-

457 2833 652 2901 gionis,
687 2850 848 2904 quam
877 2850 1071 2889 novam
1103 2845 1157 2890 et
1184 2837 1403 2906 impiam
1431 2836 1750 2905 credebant,
1785 2838 2057 2896 adducere

458 2924 896 2992 professionem?
924 2927 1130 2994 Quanta
1164 2929 1330 2983 animi
1357 2931 1710 2987 contentione
1736 2948 1873 3002 opus
1899 2944 2016 2988 erat
2035 2976 2054 3000 ,

459 3026 514 3069 ut
543 3019 664 3073 illos
691 3034 720 3072 a
767 3021 952 3086 tnolli,
997 3021 1230 3077 delicato
1272 3034 1324 3078 et
1369 3023 1657 3080 libidinoso
1706 3026 1920 3082 vivendi
1965 3044 2058 3097 ge-

457 3127 624 3178 nere,
672 3113 813 3183 quod
843 3113 1046 3169 licitum
1085 3116 1385 3187 putabant,
1428 3118 1495 3174 ad
1536 3119 1676 3174 aliud
1704 3119 2054 3177 traducerent

456 3205 616 3274 plane
644 3205 834 3260 durum
861 3248 876 3275 ,
912 3218 1185 3263 austerum
1215 3253 1229 3276 ,
1263 3225 1544 3275 severum,
1582 3213 1923 3284 naturalique
1953 3215 2047 3269 bo-
2076 3223 2120 3285 ρ

456 3297 660 3351 tninum
691 3299 949 3369 appetitui
977 3303 1194 3372 penitus
1233 3305 1579 3374 repugnans?
1619 3305 1790 3372 Quam
1819 3305 2052 3377 denique

457 3391 682 3443 arduum
721 3400 776 3446 et
823 3392 1148 3448 laboriosum
1175 3435 1191 3460 ,
1232 3395 1403 3448 fracta
1433 3395 1678 3466 victaque
1719 3397 2050 3467 ejuscemodi

457 3485 734 3539 hominum
769 3502 903 3556 pene
929 3487 1228 3543 incredibili
1259 3489 1644 3553 obstinatione,
1680 3490 1786 3544 illis
1809 3492 2048 3546 animum

454 3580 710 3636 inducere
731 3623 745 3645 ,
792 3593 849 3636 ut
883 3583 1166 3640 crederent
1198 3599 1328 3641 vera
1351 3600 1479 3642 esse
1509 3585 1578 3640 de
1605 3584 1804 3640 Christi
1834 3603 2046 3642 summa

453 3674 756 3739 divinitate,
785 3675 1022 3732 ltumano
1049 3687 1170 3733 ortu
1202 3689 1256 3733 et
1285 3679 1500 3734 interitu
1524 3721 1540 3748 ,
1572 3679 1805 3751 aliaque,
1833 3681 1900 3738 de
1927 3684 2050 3753 qui-

452 3765 553 3819 bus
584 3766 722 3822 infra
747 3784 988 3837 agemus,
1022 3769 1334 3825 christiana).
1368 3771 1489 3826 ﬁdei
1514 3769 1885 3829 documenta?

524 3859 904 3917 Verumtamen
931 3865 989 3918 bi
1018 3865 1118 3934 ipsi
1148 3873 1446 3920 sectatores
1472 3863 1714 3934 Christi,
1761 3877 2050 3939 quantum-

451 3956 582 4011 libet
612 3958 772 4013 rudes
800 3968 854 4012 et
880 3959 1082 4030 ignari,
1117 3961 1458 4030 quantumvis
1485 3959 1719 4016 humana
1745 3978 1848 4032 ope
1878 3963 2048 4018 desti-

453 4049 589 4115 tuti,
634 4051 743 4105 imo
771 4066 900 4107 vero
943 4053 1194 4108 omnibus
1222 4053 1551 4124 quibuslibet
1591 4053 1903 4111 hominibus
1931 4057 2050 4127 ple-

449 4141 605 4199 beiis.
631 4143 921 4211 nobilibus,
954 4145 1300 4216 principibus,
1331 4147 1566 4218 regibus,
1599 4147 2040 4219 imperatoribus,

450 4237 824 4293 sacerdotibus
848 4281 863 4305 ,
892 4240 1165 4310 sacrisque
1193 4241 1535 4309 pontiﬁcibus
1565 4243 1713 4296 omni
1741 4245 1928 4308 animi,
1961 4258 2048 4298 ar-

451 4331 537 4398 tis,
559 4332 791 4398 robor-is,
813 4332 1139 4404 furorisque,
1170 4334 1223 4388 vi
1246 4344 1407 4406 atque
1429 4336 1634 4406 impetu
1661 4337 1762 4392 sibi
1791 4337 2048 4392 resisten-

453 4426 628 4490 tibus,
675 4425 811 4480 hanc
838 4427 1007 4496 ipsam
1030 4427 1346 4498 religionem
1384 4444 1477 4498 per
1505 4430 1815 4484 universum
1858 4429 2047 4484 orbem

452 4532 753 4589 terrarum,
801 4523 914 4577 sola
959 4539 1054 4578 sua
1095 4525 1510 4593 praedicatione,
1555 4541 1618 4578 ac
1657 4525 2044 4580 miraculorum

2171 508 2265 573 ris,
2295 523 2357 562 ac
2384 507 2600 575 medici,
2627 507 3044 578 philosophique
3067 508 3227 562 etiam
3252 518 3449 564 secreta
3471 510 3710 583 rimantes,

2171 602 2480 671 magisteria
2517 600 2631 656 haec
2661 611 2952 671 expetunt,
3003 603 3202 672 spretis
3231 601 3422 675 quibus
3454 613 3568 661 ante
3601 606 3714 664 ﬁde-

2173 695 2301 748 bant
2336 714 2352 745 i
2389 695 2406 763 (
2438 694 2653 758 Arnob.,
2682 695 2770 750 lib.
2797 711 2856 763 tt,
2894 712 3016 766 pag,
3041 697 3129 750 44.
3157 693 3200 766 ).

2243 787 2447 857 Smpius
2472 804 2603 841 vero
2626 789 2713 842 ille
2740 791 2933 858 repetit
2961 798 3130 843 totum
3159 788 3412 844 mundum
3435 790 3712 849 Christianae

2170 880 2444 950 religionis
2488 881 2853 936 sectatoribus
2898 881 2975 936 sic
3017 881 3186 937 fuisse
3215 882 3474 950 repletum
3517 883 3712 953 (Idem,

2168 973 2258 1026 lib.
2289 990 2305 1028 ι
2333 1015 2347 1038 ,
2375 991 2494 1045 pag.
2533 975 2632 1040 53;
2664 975 2752 1029 lib.
2787 991 2823 1030 ιι
2855 1019 2867 1041 ,
2905 993 3025 1047 pag.
3059 975 3166 1045 50)
3199 992 3213 1042 ;
3260 990 3462 1047 nosque
3486 976 3588 1046 jam
3624 979 3721 1033 ani-

2169 1065 2554 1121 madvertimus
2596 1066 2770 1122 varias
2810 1069 3061 1138 regiones
3095 1068 3164 1122 ad
3199 1067 3459 1122 orientem
3498 1068 3720 1125 occiden-

2171 1167 2383 1228 temque
2411 1159 2581 1214 solem
2605 1159 2828 1230 positas,
2853 1175 2975 1230 qua:
3007 1160 3148 1215 hanc
3172 1160 3486 1230 religionem
3513 1173 3722 1216 nostram

2169 1253 2597 1323 proﬁtebantur,
2643 1254 2712 1308 ab
2743 1254 2837 1309 illo
2876 1264 3129 1311 accurate
3167 1264 3222 1310 et
3258 1254 3445 1310 sedulo
3483 1257 3723 1313 recenseri

2171 1346 2350 1418 (Sup.
2379 1349 2477 1402 hoc
2502 1364 2644 1418 cap.,
2677 1357 2778 1401 art.
2811 1348 2864 1402 1.
2895 1349 2938 1419 ).

2242 1443 2312 1493 At
2341 1440 2649 1510 quomodo,
2679 1455 2898 1510 quaeso,
2934 1450 3013 1495 tot
3041 1441 3322 1508 homines,
3351 1450 3498 1497 tanto
3517 1441 3727 1498 locorum

2171 1531 2455 1586 intervallo
2505 1533 2793 1602 disjuncti,
2848 1533 3113 1604 singulari
3155 1533 3371 1605 ingenio
3412 1544 3468 1590 et
3516 1533 3730 1590 doctrina

2172 1633 2534 1692 praestantes,
2589 1625 2702 1679 suis
2752 1623 3102 1694 opinionibus
3149 1640 3212 1682 ac
3257 1625 3576 1696 prazjudiciis
3613 1625 3733 1681 chri-

2170 1717 2359 1770 stiante
2403 1715 2526 1770 lidei
2567 1731 2598 1773 e
2649 1717 2918 1773 diametro
2957 1696 3221 1788 oppositis
3273 1728 3380 1772 tam
3422 1718 3734 1788 pertinaciter

2096 1808 2402 1879 Baddicti,
2451 1808 2543 1862 illa
2598 1810 2923 1865 brevissimo
2981 1819 3229 1881 tempore
3281 1810 3648 1882 deposuerint;
3690 1818 3736 1866 et

2172 1901 2308 1955 hanc
2334 1917 2454 1970 qua:
2483 1902 2620 1956 nihil
2648 1901 2766 1959 fere
2796 1911 2923 1958 tunc
2948 1903 3001 1958 in
3032 1903 3134 1960 hoc
3161 1905 3370 1960 mundo
3392 1947 3408 1973 ,
3434 1904 3535 1959 nisi
3559 1903 3735 1975 supplic

2168 1995 2248 2050 cia
2275 2036 2290 2059 ,
2318 2005 2629 2064 certamque
2657 2004 2888 2051 mortem
2913 2011 3098 2052 secum
3129 1998 3383 2054 trahebat
3406 2040 3421 2066 ,
3455 2009 3635 2069 sponte
3657 2011 3736 2053 sua

2168 2101 2373 2156 suoque
2398 2085 2602 2156 judicio
2633 2087 3136 2157 amplecterentur?
3173 2087 3368 2145 Nonne
3395 2091 3496 2145 hoc
3533 2089 3737 2144 maximo

2169 2177 2364 2232 divina:
2393 2179 2748 2248 providentia-
2779 2180 3039 2238 miraculo
3067 2182 3267 2238 veritas
3297 2183 3601 2252 christiana:
3628 2182 3738 2237 reli-

2166 2271 2337 2341 gionis
2377 2286 2484 2325 non
2535 2271 2718 2326 minus
2762 2282 2958 2339 certo,
3011 2279 3299 2344 perspicue
3345 2284 3400 2330 et
3441 2272 3735 2338 efficaciter.

2165 2381 2326 2434 quam
2369 2367 2475 2420 alia
2518 2366 2739 2422 humani
2785 2367 2986 2437 ingenii
3026 2368 3246 2424 clarieri
3295 2367 3739 2440 argumentatione

2165 2458 2566 2514 demonstratur
2587 2461 2610 2512 ?

2783 2599 3013 2656 CAPUT
3061 2600 3128 2656 Ἴ.

2163 2734 2498 2792 Edmicoram
2545 2737 2790 2792 adversus
2842 2740 3140 2795 christiana:
3183 2742 3460 2813 religionis
3503 2742 3740 2798 veritatem

2603 2841 2906 2901 argumenta
2942 2833 3330 2888 examinantur.

2682 2982 2981 3024 Αιιτιουιυε
3028 2984 3242 3026 PRIMUS.
3295 2989 3300 2993 ’

2160 3099 2312 3175 Quam
2339 3100 2548 3175 absurde
2575 3101 2768 3154 Ethnici
2791 3106 3074 3175 objecerint
3097 3107 3417 3175 obristianam
3441 3110 3738 3175 religionem,

2219 3169 2666 3241 utpotequazmova
2685 3176 2811 3225 erat,
2829 3171 3164 3241 reﬁciendam,
3191 3169 3563 3241 servandosqué
3585 3174 3744 3235 patrios

2217 3232 2268 3273 et
2293 3230 2449 3297 avitos
2491 3230 2790 3297 ritus,_qno_s
2825 3230 2897 3280 illi
2917 3230 3352 3297 commutaverant
3385 3230 3743 3297 aut-abrogave-

2219 3296 2330 3357 rant
2355 3289 2591 3357 intrepidi
2611 3289 2854 3357 clo—usibus
2869 3331 2886 3353 ,
2911 3295 2962 3345 in
2997 3299 3208 3347 servatis
3225 3297 3296 3346 de
3325 3298 3454 3348 omlo
3471 3336 3484 3357 ,
3512 3300 3558 3346 in
3575 3289 3744 3348 οὖαυιι-

2220 3351 2525 3422 tiationibus,
2544 3353 2790 3422 comitiis,
2815 3351 2972 3422 signis
2997 3371 3069 3422 ex_
3089 3373 3224 3419 arce,
3249 3351 3532 3422 feciaﬁbtis,
3557 3361 3743 3422 clariga-

2216 3413 2370 3486 gone,
2397 3416 2703 3486 acuminibus
2734 3413 3037 3486 at'tspicatis,
3057 3413 3255 3486 legibus
3293 3413 3531 3474 ΛουπίῘέ
3547 3457 3564 3486 ,

2217 3474 2481 3538 Censoriis,
2507 3485 2559 3530 et
2575 3474 2925 3542 penetralibus
2947 3474 3195 3546 ooiigiiiis.

2231 3599 2491 3668 Quamvis
2517 3605 2583 3658 ad
2615 3609 2904 3664 evertenda
2945 3627 3067 3681 qua:
3093 3612 3362 3672 hactenus
3385 3617 3457 3674 ad
3480 3616 3740 3674 stabilien-

2154 3691 2275 3746 dam
2316 3694 2627 3753 christiana:
2665 3700 2942 3770 religionis
2975 3705 3260 3762 veritatem
3306 3711 3626 3778 retulimus,
3666 3724 3741 3764 ar-

2152 3797 2409 3856 gumenta
2431 3789 2643 3845 nullum
2671 3793 2877 3849 ethnici
2909 3812 3016 3852 non
3049 3801 3324 3858 moverint
3351 3803 3611 3875 lapidem,
3639 3817 3744 3858 om-

2153 3893 2356 3946 neSque
2415 3883 2698 3940 machinas
2761 3885 3151 3957 adhibuerim;
3214 3893 3352 3949 nihil
3419 3905 3598 3951 tamen
3647 3893 3748 3948 fere

2152 3972 2295 4028 aliud
2321 3974 2690 4045 proferebant,
2719 3979 2821 4035 nisi
2842 3983 3139 4050 crambem,
3165 3995 3222 4040 ut
3242 3988 3422 4057 aiunt,
3447 3987 3739 4060 repetitam,

2152 4080 2214 4120 ac
2240 4067 2440 4136 smpius
2468 4068 2810 4126 decantatam
2837 4088 3159 4146 semperque
3180 4093 3437 4135 eversam
3464 4081 3744 4152 reprehen-

2151 4157 2379 4213 sionem.
2411 4159 2731 4216 Clamabant
2761 4165 2964 4219 etenim
2992 4182 3189 4222 novam
3218 4183 3368 4240 esse,
3399 4180 3458 4227 et
3485 4180 3609 4227 ante
3636 4183 3748 4241 pau—

2151 4265 2244 4305 eos
2274 4255 2663 4322 propemodum
2707 4257 2826 4313 dies
2869 4268 3043 4314 ortam
3087 4263 3520 4321 christianorum
3552 4264 3748 4336 religio-

2151 4362 2306 4408 nem;
2339 4364 2490 4402 suam
2520 4366 2649 4406 vero
2687 4353 2755 4405 ab
2784 4353 2972 4409 ultima
3004 4339 3332 4427 antiquitate
3369 4361 3478 4416 sibi
3509 4375 3540 4416 a
3570 4372 3745 4433 paren-

2153 4440 2294 4494 tibus
2336 4441 2583 4498 traditam
2624 4461 2730 4500 non
2760 4462 2922 4518 posse
2947 4448 3017 4502 ab
3040 4450 3173 4520 ipsis
3200 4452 3327 4522 jure
3356 4455 3560 4510 merito
3586 4448 3748 4508 deseri

2149 4544 2204 4587 et
2233 4536 2504 4604 repudiari
2530 4557 2542 4590 :
2581 4556 2599 4589 (
2622 4537 2808 4606 Nobis,
2851 4560 2870 4594 ι
2897 4542 3069 4613 inquit
3094 4545 3394 4613 Arnobius,
3428 4567 3451 4600 ‹
3483 4548 3744 4619 objectare

451 4617 710 4685 potentia,
743 4615 1061 4670 brevissimo
1093 4617 1352 4686 temporis
1379 4617 1688 4695 intervallo,
1718 4617 2041 4672 dissemina-
2070 4622 2450 4682 Dconsuestis
2499 4630 2767 4685 novellam
2817 4647 2943 4688 esse
2996 4634 3313 4705 religionem
3372 4615 3651 4705 nostra-tn,
3702 4647 3751 4691 et

450 4718 592 4762 runt.
623 4708 702 4761 Ad
733 4723 850 4762 eam
883 4718 1060 4762 autem
1091 4725 1197 4764 non
1229 4710 1492 4781 quaedam
1526 4720 1730 4764 tantum
1763 4711 2040 4777 mulieres,

447 4811 540 4855 aut
565 4801 780 4871 ignaros
808 4801 1149 4855 adduxerunt
1187 4802 1466 4869 homines,
1509 4803 1604 4858 sed
1635 4804 1841 4874 magnis
1877 4805 2043 4858 etiam

448 4893 678 4961 ingeniis
706 4893 962 4962 praeditos
989 4904 1236 4949 oratores
1258 4937 1272 4961 ,
1302 4894 1725 4966 grammaticos,
1755 4895 2007 4952 rhetores
2025 4942 2039 4963 ,

441 4987 898 5058 jurisconsultos,
923 4988 1162 5042 medicos
1181 5029 1196 5055 ,
1231 5005 1294 5044 ac
1319 4989 1686 5061 philosophos.
1723 4994 1792 5045 At
1821 5003 2044 5062 praestat

446 5095 578 5135 sane
635 5089 910 5134 auctorem
966 5090 1212 5135 nostrum
1272 5080 1387 5136 haec
1441 5083 1751 5152 loquentem
1807 5086 2039 5141 audire:

454 5191 471 5222 ι
511 5173 722 5240 Nonne,
765 5191 784 5225 ›
821 5173 1022 5242 inquit,
1057 5191 1076 5224 ι
1113 5174 1191 5227 vel
1220 5173 1336 5228 [nec
1367 5175 1556 5229 saltem
1588 5175 1747 5231 ﬁdem
1783 5179 1932 5233 vobis
1961 5178 2042 5234 fu-

447 5267 595 5321 ciunt
623 5276 940 5336 argumenta
969 5265 1249 5331 credendi,
1274 5266 1418 5336 quod
1443 5267 1552 5337 jam
1585 5283 1680 5338 per
1705 5285 1896 5326 omnes
1928 5281 2039 5326 ter-

446 5372 556 5424 ras,
584 5359 637 5410 in
667 5367 772 5411 tam
802 5357 950 5412 brevi
979 5358 1238 5427 temporis
1265 5359 1441 5428 spatio
1462 5400 1476 5423 ,
1521 5359 1772 5414 immensi
1801 5361 2038 5418 nominis

448 5449 606 5518 hujus
637 5461 975 5505 sacramenta
1003 5450 1195 5506 diﬁ’usa
1227 5452 1392 5505 sunt?
1434 5452 1590 5520 Quod
1622 5454 1767 5508 nulla
1795 5456 1906 5523 jam
1935 5473 2034 5510 na-

449 5539 520 5594 tio
560 5551 782 5598 esttam
825 5544 1043 5599 barbari
1091 5545 1294 5609 moris,
1338 5553 1392 5599 et
1429 5546 1898 5603 mansuetudinem
1942 5565 2040 5605 ne-

449 5632 656 5700 sciens,
683 5651 808 5705 qua:
839 5652 946 5692 non
971 5637 1092 5707 ejus
1121 5653 1306 5694 amore
1331 5653 1522 5706 versa,
1555 5639 1852 5694 molliverit
1879 5656 2040 5712 aspe-

448 5727 660 5781 ritatem
695 5739 950 5796 suam,et
975 5731 1027 5784 in
1059 5731 1298 5800 placidos
1335 5746 1533 5788 sensus
1567 5731 1851 5803 adsumpta
1889 5743 2039 5789 tran-

451 5817 710 5888 quillitate
760 5821 1118 5894 migraverit?
1168 5824 1321 5891 Quod
1379 5837 1486 5881 tam
1543 5825 1755 5896 magnis
1811 5825 2043 5899 ingeniis

2147 4726 2274 4771 ante
2300 4717 2416 4772 dies
2445 4729 2626 4775 natam
2651 4724 3041 4792 propemodum
3076 4742 3301 4797 paucos,
3339 4746 3524 4802 neque
3545 4745 3641 4786 vos
3667 4742 3748 4799 po-

2149 4809 2312 4865 tuisse
2335 4812 2609 4883 antiquam
2645 4825 2699 4870 et
2732 4817 2959 4885 patriam
2991 4818 3272 4890 linquere,
3315 4833 3374 4878 et
3412 4825 3467 4878 in
3504 4823 3748 4879 barbaros

2148 4901 2282 4956 ritus
2307 4912 2729 4976 peregrinosque
2757 4910 2996 4964 traduci»
3029 4911 3272 4983 (Arnob,
3300 4915 3396 4968 lib.
3418 4931 3478 4982 tt,
3498 4933 3620 4988 pag.
3641 4911 3744 4987 90).

2147 4994 2255 5050 Nos
2277 5012 2406 5052 vero
2436 4999 2488 5052 in
2521 5002 2787 5070 superiori
2819 5002 3200 5063 dissertatione
3230 5011 3600 5077 ostendimus,
3630 5022 3749 5081 quo-

2147 5094 2308 5148 modo
2336 5095 2449 5149 haec
2471 5097 2626 5151 solita
2654 5099 2875 5169 jamque
2895 5099 3099 5156 dttdum
3128 5103 3378 5160 obsoleta
3409 5114 3745 5179 argumenta-

2147 5187 2219 5239 tio
2262 5197 2517 5256 urgeatur
2573 5189 2641 5244 ab
2693 5191 2956 5260 ethnicis,
3011 5202 3068 5249 et
3117 5209 3146 5248 a
3197 5195 3448 5255 Minucio
3502 5200 3748 5255 refutetur

2145 5279 2162 5349 (
2189 5277 2408 5336 Dissert.
2449 5283 2502 5336 in
2543 5282 2741 5338 Minue.
2789 5285 2955 5342 Felic.
2981 5330 2997 5355 ,
3041 5305 3158 5358 cap.
3193 5291 3264 5346 14
3289 5334 3306 5360 ,
3339 5302 3444 5346 art.
3477 5293 3505 5348 1
3547 5303 3592 5347 et
3625 5291 3676 5347 2.
3707 5291 3742 5362 ).

2146 5372 2250 5428 Sed
2279 5375 2399 5442 quia
2437 5376 2584 5432 varie
2621 5393 2653 5434 ιι
2691 5380 2854 5435 variis
2900 5383 3210 5439 auctoribus
3252 5388 3530 5442 evertitur
3566 5388 3746 5459 quibus

2143 5467 2441 5525 rationibus
2481 5472 2549 5526 ab
2594 5473 2834 5528 Arnobio
2874 5473 3189 5532 destruatur
3212 5519 3226 5543 ,
3265 5493 3424 5537 nunc
3463 5480 3743 5554 exploran-

2145 5556 2271 5612 dum
2302 5569 2404 5614 est.

2218 5650 2441 5706 Planum
2473 5652 2655 5723 itaque
2682 5655 2808 5710 facit
2834 5667 3050 5727 quanta:
3073 5657 3384 5731 futilitatis,
3416 5674 3743 5734 summaque

2144 5742 2376 5798 levitatis
2406 5745 2560 5814 plena
2589 5747 2663 5802 sit
2705 5746 2821 5803 haec
2860 5756 3282 5823 argumentatio.
3311 5755 3582 5814 Omnium
3607 5757 3743 5812 enim

2145 5835 2339 5890 animis
2379 5837 2596 5892 insitum
2637 5848 2693 5894 et
2731 5839 2976 5897 innatum
3003 5851 3087 5902 est
3111 5883 3126 5912 ,
3179 5854 3235 5900 ut
3263 5845 3411 5903 bona
3451 5847 3646 5917 malis,
3691 5851 3743 5901 et
