3904 6326
498 343 604 398 425

1745 336 2200 398 DISSERTATIO
2239 335 2512 394 PRABVIA
3656 346 3743 400 ίίξηί

496 461 682 528 missa,
726 459 1058 516 indicabatur
1089 459 1200 530 jam
1240 471 1431 529 pugna:
1457 457 1781 529 principium
1832 459 2003 530 (Serv.
2036 460 2071 512 ii

2196 461 2664 532 καταπεπηγμένων
2713 459 2862 536 ποιρά
2911 465 3027 520 ταῖς
3073 466 3285 521 σκηναῖς
3324 459 3490 516 ὑσσῶν
3520 476 3533 490 ⁸
3563 460 3661 520 ἔστι
3702 466 3747 521 δὲ

498 555 584 609 lib.
617 569 692 618 tv,
731 552 972 619 zEneid.,
1005 568 1226 617 tx,vers.
1253 552 1370 622 55).
1408 571 1426 603 ι
1463 550 1623 606 Addit
1650 561 1829 606 tamen
1869 553 1920 605 in
1955 551 2084 606 Stib-

494 655 813 718 sequentem
846 645 1050 716 Virgilii
1079 645 1297 710 librnm,
1333 644 1421 700 ubi
1452 645 1600 714 plura
1631 644 1716 699 his
1741 643 1935 700 similia
1967 659 2090 698 nar-

494 750 576 796 rat
609 758 622 794 :
663 761 681 792 ‹
714 738 1009 811 Clarigatio
1036 749 1126 794 aut
1152 756 1180 792 a
1208 740 1351 794 clara
1380 754 1514 794 voce
1542 739 1684 793 dicta
1711 749 1814 803 est,
1842 756 1942 809 qua
1974 748 2088 794 ute-

491 833 650 890 batur
672 835 1075 904 Paterpatratus
1095 875 1110 900 ,
1143 837 1245 890 ἀπὸ
1274 845 1366 896 τῆς
1400 835 1586 912 κλήρου
1605 877 1618 900 ,
1645 834 1748 891 ltoc
1777 844 1888 899 est,
1917 845 2082 900 sorte,

492 943 614 984 nam
645 944 738 997 per
767 927 1016 982 bellicam
1052 939 1253 983 sortem
1287 945 1446 1000 agros
1491 927 1726 983 hostium
1767 927 2089 983 invadebant

493 1019 670 1090 (idem,
693 1019 747 1073 in
768 1019 856 1073 lib.
882 1035 936 1080 χ.
954 1035 1082 1074 vers.
1116 1021 1226 1092 Η).
1253 1019 1459 1075 Plinius
1487 1035 1618 1073 vero
1642 1019 1711 1074 de
1737 1018 2086 1088 clarigatione

491 1111 628 1179 hatc,
651 1127 772 1183 quae
808 1111 874 1166 ad
899 1128 1012 1167 rem
1045 1125 1282 1168 n05tram
1313 1113 1535 1178 faciunt,
1575 1111 1769 1166 litteris
1794 1110 2084 1181 consigna-

489 1209 596 1263 vit:
621 1226 638 1260 ι
664 1207 891 1277 Semper
920 1223 952 1263 e
978 1207 1166 1279 legatis
1195 1223 1317 1264 cum
1340 1207 1407 1263 ad
1434 1209 1638 1272 hostes,
1661 1207 2086 1278 clarigatumque

488 1302 852 1367 mitterentur,
879 1300 930 1355 id
951 1310 1055 1365 est,
1087 1315 1174 1356 res
1195 1309 1412 1371 ereptas
1439 1299 1588 1355 clare
1616 1301 1928 1368 repetitum,
1949 1313 2086 1352 unus

489 1397 675 1467 utique
721 1395 1085 1451 Verbenarius
1121 1394 1416 1450 vocabatur
1454 1393 1650 1466 (l’liu.,
1682 1393 1769 1448 lib.
1803 1409 1934 1456 χιιι,
1973 1391 2085 1446 Να-

489 1501 591 1544 tur.
627 1489 771 1556 hist,
804 1504 922 1560 cap.
958 1487 1015 1556 ‘2,
1051 1505 1171 1558 pag.
1208 1488 1356 1559 179).
1392 1507 1410 1538 ι
1442 1487 1604 1542 Plura
1636 1487 1704 1542 de
1738 1487 2087 1559 clarigatione

487 1595 541 1639 ct
581 1583 860 1639 ferialibus
904 1581 1214 1638 observavit
1255 1580 1587 1646 Brissonius,
1627 1597 1747 1650 qua:
1790 1590 1843 1636 te
1892 1580 2086 1649 legisse

487 1691 593 1730 non
641 1676 799 1745 plane
827 1673 1030 1729 inutilis
1057 1689 1239 1745 operae
1279 1673 1442 1729 fuerit
1475 1671 1756 1745 (Brisson.,
1795 1673 1884 1727 lib.
1916 1688 1994 1740 iv,
2024 1676 2088 1726 de

486 1768 693 1836 Form.,
723 1786 843 1841 pag.
878 1767 982 1824 585
1001 1778 1047 1823 el
1073 1765 1258 1839 seqq.).

2191 558 2359 608 ταῦτα
2385 551 2503 623 βέλη
2531 550 2787 625 Ῥωμαίων
2844 551 2876 606 ἃ
2919 551 3178 612 συνιόντες
3213 552 3283 611 εἰς
3317 559 3496 628 χεῖρας
3537 554 3750 618 ἕξακοντὶ·

2190 650 2452 710 ζουσι.....
2482 648 2536 700 ἐκ
2565 649 2760 700 τούτων
2788 645 2850 706 δή
2877 653 2978 701 τῶν
3006 645 3182 699 ὑσσῶν
3209 647 3328 720 περί
3351 652 3454 704 τοῖς
3482 642 3643 722 ἄκροις
3666 656 3750 702 τῶν

2189 741 2463 795 ὀϐελίσκοιν
2493 742 2667 814 φλόγες
2698 743 3006 803 ἀνήπτοντο,
3037 742 3122 795 καὶ
3151 738 3213 794 δι’
3244 736 3357 793 ὅλου
3382 744 3470 794 τοῦ
3507 743 3753 814 στρατοπέ-

2189 832 2280 888 δου
2309 835 2463 894 σέλας
2493 831 2549 893 ἦν
2577 877 2588 896 ,
2618 837 2793 912 ὥσπερ
2824 837 2927 889 ἀπὸ
2953 831 3237 906 λαμπάδων
3257 872 3270 890 .
3300 835 3383 886 καὶ
3428 833 3641 903 κατέσχε
3677 842 3754 893 τῆς

2190 929 2373 987 mare;
2404 930 2489 982 ἐπὶ
2533 929 2683 983 πολύ.
2713 931 2768 982 ἐκ
2810 931 2998 983 τούτου
3038 926 3314 981 κατέλαϐον
3366 931 3456 980 τοῦ
3499 927 3749 998 φάσματος,

2190 1022 2366 1095 ὥσπερ
2396 1022 2441 1074 οἱ
2467 1023 2844 1099 τερατοσκόποι
2876 1023 3169 1092 ἀπέφαινον,
3211 1022 3298 1074 καὶ
3341 1021 3469 1074 ποισί
3511 1021 3756 1091 ἀνθρώποις

2190 1113 2496 1186 συμϐάλλειν
2527 1116 2586 1168 οὐ
2633 1113 2870 1186 χαλεπὸν
2908 1111 2998 1177 ἦν,
3029 1110 3107 1168 ὅτι
3149 1115 3287 1170 νίκην
3330 1111 3499 1171 αὐτοῖς
3544 1120 3754 1182 ταχεῖαν,

2188 1211 2273 1262 καὶ
2302 1208 2545 1282 λαμπρὰν
2590 1210 2827 1279 σημαίνει
2855 1209 2914 1261 τὸ
2951 1204 3230 1278 δαιμόνιον
3261 1201 3528 1278 ἐπειδήπερ
3559 1202 3682 1257 ἅπαν
3701 1201 3757 1256 εἵ-

2188 1323 2263 1357 κει
2293 1305 2442 1378 πυρὶ,
2475 1306 2560 1356 καὶ
2582 1301 2729 1357 οὐδέν
2755 1299 2784 1355 ὅ
2807 1324 2858 1357 τι
2889 1303 2993 1372 οὐχ
3021 1301 3123 1354 ὑπὸ
3149 1305 3243 1354 τοῦ
3272 1299 3435 1373 πυρὸς
3461 1295 3758 1372 διαφθείρεται

2187 1393 2434 1466 (Diongs.
2468 1394 2556 1447 lib.
2597 1409 2649 1460 v,
2696 1394 2950 1464 Antiquit.
2981 1408 3139 1458 rom.,
3190 1406 3311 1460 pag.
3345 1387 3529 1459 5125).
3561 1385 3666 1442 Non
3704 1388 3759 1442 ab

2188 1491 2335 1546 omni
2389 1489 2850 1545 versimilitudine
2891 1487 3156 1542 abhorret
3190 1481 3487 1539 Arnobinm
3535 1480 3598 1534 ad
3640 1481 3760 1535 hunc

2186 1586 2496 1656 respexisse
2541 1585 2822 1655 antiquunt
2867 1596 3116 1647 morem,
3149 1579 3196 1634 si
3231 1578 3520 1649 Dionysius
3561 1573 3760 1630 dixisset

2187 1679 2340 1734 illum
2373 1679 2680 1735 solemnem
2714 1677 2920 1745 fuisse,
2954 1690 3018 1730 ac
3049 1685 3179 1729 tam'
3201 1687 3350 1744 saepe
3377 1686 3533 1742 quam
3575 1666 3758 1741 publice

2188 1776 2468 1832 usitatum.

558 1865 909 1934 Ρνοεθφιίιιιτ
930 1860 1202 1918 Ατηοὺίυε
1234 1880 1246 1916 ε
1278 1880 1296 1913 ί
1329 1860 1598 1932 Νυιηρυίά
1630 1861 1878 1916 manium
1900 1860 2084 1916 ἀίεοτί-
2113 1870 2161 1930 Β
2260 1868 2600 1925 Probabilins
2638 1882 2770 1922 vero
2795 1861 3122 1936 quibusdam
3156 1861 3374 1918 videtur
3405 1859 3567 1915 fuisse
3593 1858 3753 1929 signo-

485 1974 608 2014 men
637 1958 919 2023 obeuntes,
943 1970 1096 2026 spem
1127 1956 1293 2025 praelii
1318 1957 1550 2022 sumitis,
1581 1963 1636 2010 et
1655 1972 1720 2010 ex
1749 1954 2083 2010 acuminibus

483 2053 771 2125 auspicatis
816 2052 1055 2121 (Arnob.,
1096 2050 1186 2106 lib.
1219 2067 1286 2115 ιι,
1329 2068 1448 2122 pag.
1479 2049 1612 2121 91)?
1650 2069 1668 2102 ι
1703 2049 1894 2106 Cicero
1922 2061 2080 2104 antea

483 2147 744 2203 Romanis
772 2163 876 2202 non
909 2145 1078 2201 semel
1109 2144 1240 2198 vitio
1269 2153 1526 2211 verterat,
1560 2144 1702 2215 quod
1733 2144 1847 2199 huic
1880 2157 2082 2200 temere

483 2243 930 2298 itnmutaverint:
966 2261 984 2293 ι
1021 2239 1278 2295 Bellicam
1313 2255 1426 2295 rctn
1451 2234 1832 2303 administrari,
1871 2258 1888 2290 ι
1918 2239 2079 2294 verba

482 2337 629 2392 illius
658 2345 785 2390 sunt
815 2334 1110 2404 ipsissima,
1151 2354 1167 2383 ι
1206 2333 1438 2402 majores
1469 2332 1640 2386 nostri
1673 2333 1772 2386 nisi
1803 2333 2081 2402 auspicato

481 2431 804 2492 noluerunt;
850 2443 1010 2497 quam
1040 2427 1192 2481 multi
1234 2426 1359 2481 anni
1393 2436 1538 2490 sunt,
1567 2442 1688 2480 cum
1719 2425 1856 2480 bella
1901 2442 1929 2477 a
1959 2441 2080 2494 pro-

482 2525 806 2596 praetoribus
833 2533 888 2580 et
919 2522 1338 2594 proconsulibus
1366 2521 1835 2587 administrantur,
1864 2522 1953 2591 qui
1986 2537 2080 2576 au-

479 2617 643 2689 spicia
697 2633 802 2672 non
865 2617 1105 2672 habent?
1163 2614 1348 2686 Itaque
1403 2630 1503 2670 nec
1555 2630 1744 2669 omnes
1799 2624 2080 2670 transeunt

476 2715 775 2784 auspicato,
809 2727 910 2767 nec
945 2710 1178 2781 tripudio
1208 2710 1576 2778 auspicantur.
1607 2708 1740 2762 Nam
1771 2724 1837 2762 ex
1867 2709 2075 2762 acumi-

477 2807 636 2863 nibus
662 2806 912 2879 quidem,
961 2805 1104 2876 quod
1146 2814 1314 2859 totum
1361 2803 1663 2872 auspicium
1702 2802 1934 2856 militare
1959 2800 2070 2872 estf,

470 2903 581 2971 jam
609 2901 676 2957 Μ.
702 2901 1010 2967 Marcellus,
1032 2899 1123 2954 ille
1142 2896 1660 2978 quinquiesconsul,
1683 2904 1849 2950 totum
1873 2896 2073 2963 omisit,

476 2995 618 3050 idem
660 2995 972 3065 imperator,
1007 2992 1148 3046 idem
1177 3006 1346 3062 augur
1371 2989 1608 3060 optimus
1643 2988 1853 3057 (Cicer.,
1887 2988 1976 3044 lib.
2012 3005 2072 3055 ιι,

475 3091 538 3144 de
565 3089 818 3156 Divinal.,
852 3105 972 3159 pag.
1007 3086 1134 3149 9.90,
1164 3086 1256 3140 lin.
1291 3083 1403 3156 14).
1447 3103 1464 3136 ι
1497 3083 1620 3138 Alio
1651 3094 1828 3138 autem
1858 3084 1910 3138 in
1937 3082 2074 3138 libro

477 3181 526 3238 id
581 3182 908 3254 negligentia
963 3180 1258 3237 nobilitatis
1315 3179 1574 3234 omissum
1630 3177 1795 3232 fuisse
1847 3185 2074 3230 testatur

474 3273 670 3348 (Idem,
703 3275 791 3330 lib.
815 3291 871 3341 ιι,
904 3273 966 3328 de
994 3271 1189 3328 Natur.
1220 3271 1390 3338 deon,
1418 3288 1539 3343 pag.
1569 3270 1700 3335 215,
1733 3270 1828 3325 lin.
1863 3266 1943 3341 5).

545 3370 678 3438 Qua:
722 3377 901 3424 autem
950 3366 1153 3422 fuerint
1198 3367 1287 3421 illa
1311 3382 1378 3421 ex
1423 3363 1766 3419 acuminibus
1811 3362 2070 3432 auspicia,

475 3463 712 3520 nondum
742 3461 876 3517 satis
895 3462 1259 3530 exploratum,
1288 3469 1343 3515 et
1367 3459 1529 3514 varia:
1551 3457 1618 3512 de
1646 3458 1710 3512 iis
1736 3467 1866 3513 sunt
1887 3470 2074 3512 aucto-

473 3575 592 3614 rum
619 3558 928 3628 opiniones.
959 3555 1190 3624 Quidam
1223 3556 1366 3610 enim
1396 3554 1449 3608 in
1483 3553 1764 3609 Ciceronis
1791 3563 1943 3608 textu
1977 3567 2072 3622 pro

473 3652 814 3718 acuminibus,
864 3651 1207 3722 suspicantur
1266 3648 1551 3720 legendum
1606 3648 1916 3718 agminibus.
1964 3646 2072 3702 Sed
2119 3673 2126 3676 -

473 3745 598 3801 huic
648 3746 935 3802 levissimae
987 3743 1316 3814 conjectura:
1357 3751 1657 3814 repugnant
1704 3755 1894 3796 omnes
1949 3755 2070 3795 cum

472 3839 772 3906 Ciceronis,
813 3846 925 3893 tum
967 3835 1192 3893 Arnobii
1230 3836 1400 3894 nostri
1440 3835 1656 3890 codices
1695 3834 2066 3903 manuscripti.

472 3934 837 4001 Quamobrem
867 3933 1112 3988 nonnulli
1134 3942 1322 4004 putant
1342 3933 1590 3987 acumina
1615 3931 1783 3986 fuisse
1806 3931 2069 3986 montium

472 4027 780 4093 cacumina,
809 4044 928 4098 qua:
954 4029 1020 4082 ad
1044 4027 1306 4099 captanda
1326 4026 1544 4098 auguria
1565 4025 1933 4082 conscendere
1952 4039 2070 4080 mos

469 4135 606 4182 erat.
640 4125 771 4181 Aliis
798 4123 1008 4179 videtur
1052 4137 1175 4178 esse
1214 4120 1391 4176 avium
1437 4120 1680 4176 acumina
1713 4121 1827 4175 sive
1870 4128 2067 4184 rostra,

469 4235 589 4290 qua:
610 4235 678 4275 ex
701 4217 934 4289 tripudio
956 4217 1221 4272 solistimo
1246 4215 1690 4270 observabuntur.
1709 4211 1907 4268 Verum
1932 4221 2072 4266 utra-

471 4327 576 4383 que
603 4310 788 4380 opinio
829 4309 1196 4380 superioribus
1223 4324 1523 4379 repugnare
1553 4306 1764 4362 videtur
1791 4303 2070 4359 Ciceronis

471 4404 673 4471 verbis,
703 4403 900 4475 quibus
933 4403 1233 4473 auspicium
1263 4418 1330 4458 ex
1357 4401 1696 4456 acuminibus
1726 4410 1898 4454 totum
1928 4397 2070 4452 mili-

471 4511 586 4556 tare
621 4501 786 4556 fuisse
808 4509 1106 4556 asseverat.
1139 4499 1244 4554 Alii
1277 4499 1456 4569 itaque
1481 4497 1790 4553 existimant
1815 4496 2067 4566 pilorum,

469 4596 824 4667 spiculorum,
873 4596 1192 4658 ensiumque
1235 4593 1505 4663 designari
1549 4592 1823 4659 acumina,
1863 4607 1983 4661 quae
2025 4590 2070 4644 si

2184 1980 2302 2020 rum
2349 1963 2664 2018 militarium
2714 1961 2999 2027 acumina,
3047 1974 3169 2030 qua:
3229 1955 3566 2028 longioribus
3613 1953 3760 2008 contis

2183 2056 2367 2123 insita,
2411 2055 2669 2110 ferratum
2720 2055 2772 2109 in
2815 2053 3098 2123 cuspidem
3148 2048 3494 2106 desinebant.
3525 2047 3647 2102 Nam
3684 2046 3757 2100 illa

2183 2154 2226 2206 si
2258 2152 2454 2208 castris
2487 2153 2608 2206 loco
2639 2149 2822 2215 motis,
2857 2147 3087 2220 signifer
3117 2161 3185 2200 ex
3219 2144 3410 2200 hostili
3439 2143 3598 2198 humo
3627 2139 3760 2196 facile

2181 2247 2468 2313 evellebat,
2505 2246 2633 2301 inde
2662 2244 2897 2300 faustum
2930 2259 3090 2298 omen
3119 2251 3384 2313 certaque
3413 2239 3664 2296 victoria:
3689 2237 3757 2292 sin

2184 2355 2317 2396 vero
2348 2355 2493 2410 aegre
2528 2338 2888 2404 extrahebat,
2922 2337 3143 2392 sinistra
3175 2332 3510 2406 praesagitio,
3540 2329 3760 2400 baudque

2181 2432 2389 2487 incerta
2435 2431 2622 2487 clades
2660 2429 3207 2501 praemonstrabatur.
3237 2430 3313 2482 At
3341 2427 3387 2482 si
3414 2425 3535 2496 quis
3566 2427 3689 2478 hanc
3712 2423 3756 2476 in

2179 2527 2497 2596 Opinionem
2529 2525 2778 2591 inclinet,
2812 2525 3109 2580 observare
3135 2523 3329 2591 utique
3357 2520 3522 2576 debet
3540 2535 3571 2574 a
3596 2517 3760 2574 Servio

2180 2619 2232 2672 id
2256 2618 2541 2674 l'ecialihus
2569 2618 2649 2672 sic
2677 2616 2914 2672 adscribi
2947 2635 2961 2672 :
3001 2635 3020 2668 ‹
3060 2615 3189 2671 Post
3233 2613 3456 2670 tertium
3481 2622 3536 2667 et
3575 2609 3760 2666 tricesi-

2180 2727 2327 2766 mum
2372 2711 2539 2777 diem,
2585 2726 2745 2780 quam
2781 2724 2872 2764 res
2921 2710 3251 2779 repetissent
3295 2707 3366 2762 ab
3408 2705 3662 2769 hostibus,
3696 2701 3757 2758 fc-

2176 2811 2346 2866 ciales
2377 2808 2585 2864 hastam
2621 2808 2909 2864 mittebant
2959 2807 3162 2879 (Serv.,
3195 2807 3250 2860 in
3299 2805 3392 2860 lib.
3433 2820 3508 2868 ix,
3544 2802 3752 2864 Eneti,

2177 2920 2288 2958 vers
2315 2902 2428 2975 55).
2469 2923 2488 2955 ›
2518 2903 2793 2958 Arnobius
2825 2912 3004 2957 tamen
3036 2902 3155 2957 haec
3182 2900 3255 2956 ab
3295 2899 3632 2956 acuminibus
3659 2911 3760 2967 per»

2177 2998 2366 3068 spicue
2393 2997 2700 3068 distinguit.
2745 2996 3089 3066 Quapropter
3127 2996 3172 3049 si
3203 2994 3368 3050 alicui
3400 2993 3582 3048 ultima
3612 2988 3759 3060 expli-

2175 3093 2317 3149 catio
2339 3094 2614 3158 arriserit,
2637 3092 2800 3147 debet
2825 3091 3068 3162 profecto
3093 3089 3286 3148 dicere
3309 3088 3606 3146 Arnobium
3633 3081 3758 3154 loqui

2177 3186 2245 3242 de
2287 3187 2516 3242 ducibus
2547 3186 2600 3240 in
2631 3201 2820 3255 agrum
2855 3184 3107 3239 hostilem
3154 3181 3574 3246 invadentibus,
3603 3192 3752 3248 qvos.

2062 3325 2067 3340 .
2103 3282 2147 3343 C
2181 3286 2238 3334 ut
2268 3277 2468 3334 ibidem
2497 3287 2617 3348 post
2643 3277 2943 3334 Varronem
2967 3275 3224 3333 observat
3257 3276 3510 3342 Servius,
3542 3291 3561 3324 ι
3593 3267 3761 3325 ominis

2177 3387 2364 3438 causa,
2393 3372 2541 3440 prius
2570 3371 2622 3424 iu
2655 3386 2781 3426 eum
2820 3385 3008 3442 agrum
3041 3369 3368 3434 mittebant,
3402 3377 3462 3422 ut
3491 3364 3670 3422 castris
3697 3362 3759 3416 lo-

2177 3481 2299 3521 cum
2323 3473 2606 3534 caperent.
2649 3482 2668 3517 ›
2702 3463 2896 3520 Utrum
2939 3471 3119 3518 autem
3152 3462 3271 3518 haec
3314 3461 3532 3532 opinio,
3566 3467 3653 3512 aut
3677 3454 3760 3509 alia

2175 3561 2390 3615 caeteris
2423 3558 2764 3629 praeferenda
2793 3560 2900 3626 sit,
2931 3557 3044 3629 jam
3085 3556 3338 3627 expende
3380 3565 3438 3611 et
3480 3549 3758 3624 pronuntia.

2248 3654 2602 3724 Prosequitur
2630 3653 2936 3718 Arnobius,
2983 3654 3174 3722 sicque
3204 3651 3553 3707 ethnicorum
3593 3645 3761 3702 levita-

2175 3759 2281 3805 tem
2327 3759 2381 3804 et
2416 3749 2836 3805 inconstantiam
2875 3746 3158 3817 redarguit
3191 3765 3204 3801 :
3245 3765 3265 3798 ι
3302 3743 3575 3816 Numquid
3607 3743 3654 3796 iu
3678 3753 3762 3810 po-

2175 3843 2464 3898 testatibus
2511 3841 2779 3897 obeundis
2827 3839 2973 3911 leges
3019 3838 3365 3894 conservatis
3397 3835 3692 3896 Annarias,
3720 3828 3762 3882 in

2174 3936 2352 4001 donis,
2381 3937 2434 3991 in
2461 3935 2780 3991 muneribus
2802 3931 3050 3999 Cincias,
3083 3933 3136 3987 in
3159 3931 3491 3988 cohibendis
3517 3925 3764 3988 censorias

2175 4029 2484 4100 sumptibus
2516 4027 2773 4103 (Arnob.,
2801 4009 2898 4082 ab.
2929 4042 2998 4093 ιι,
3048 4043 3168 4098 pag.
3203 4026 3343 4094 9t)?
3380 4045 3400 4078 ι
3435 4022 3664 4082 Aunaria
3689 4032 3764 4073 au-

2175 4133 2282 4180 tem
2331 4124 2420 4179 lex
2463 4125 2784 4189 vocabatur,
2817 4138 2924 4194 qua
2951 4131 3217 4177 statutum
3251 4120 3437 4178 fuerat
3478 4133 3644 4175 novos
3667 4130 3763 4170 tua-

2175 4218 2436 4288 gistratus
2468 4217 2697 4289 singulis
2723 4218 2882 4273 annis
2909 4216 3083 4272 creari
3113 4214 3318 4286 (Fam,
3352 4215 3424 4270 ad
3457 4214 3653 4270 verbum
3679 4211 3767 4265 As-

2173 4311 2374 4381 ΜιιιΑ).
2422 4311 2628 4366 Similis
2670 4322 2848 4366 autem
2887 4308 3168 4365 Ciceronis
3195 4309 3404 4380 legitur
3433 4307 3504 4364 de
3535 4306 3638 4360 hac
3664 4303 3764 4371 lege

2173 4404 2402 4470 sublata,
2453 4414 2613 4474 atque
2662 4403 2887 4460 Arnobii
2932 4403 3106 4459 nostri
3142 4403 3522 4471 expostulatio
3571 4397 3764 4472 (ϐιαιο,

2176 4494 2412 4566 Philipp.
2445 4512 2483 4560 ι,
2510 4514 2630 4567 pag.
2661 4494 2814 4569 565).
2833 4495 2904 4552 At
2929 4494 3072 4566 quis,
3095 4494 3198 4550 nisi
3222 4496 3278 4550 in
3309 4495 3542 4550 historia
3569 4501 3763 4547 romana

2175 4588 2400 4642 omnino
2431 4587 2632 4658 hoSpes
2657 4597 2711 4643 et
2743 4589 3084 4659 peregrinus,
3115 4588 3375 4657 ignorare
3405 4595 3603 4658 potest,
3629 4593 3764 4653 quam

471 4689 730 4745 horrifico
769 4688 1002 4758 quodam
1053 4687 1263 4757 fulgore
1294 4688 1573 4751 micarent,
1621 4685 1831 4742 felicem
1875 4699 2066 4755 pugna:
2093 4689 2148 4750 1)
2172 4698 2315 4752 διξερε
2346 4681 2431 4737 ha':
2470 4682 2618 4752 leges
2649 4693 2846 4753 spreta:
2888 4697 2951 4738 ac
2997 4680 3370 4752 pessumdata:
3419 4678 3655 4736 fuerint?
3693 4670 3765 4724 Vi-

469 4787 694 4852 cxitum,
723 4799 881 4840 secus
908 4799 1058 4850 vero,
1090 4783 1134 4837 si
1165 4783 1355 4837 obtusa
1381 4791 1434 4838 et
1461 4780 1678 4838 sordida
1706 4780 1791 4836 vel
1820 4779 2068 4850 rubigine

469 4881 664 4950 obsita,
696 4879 964 4934 infelicem
999 4876 1410 4948 protendebant.
1441 4879 1615 4946 Atque
1653 4890 1718 4928 eo
1762 4873 2068 4944 respexisse

469 4973 765 5030 Arnobium
791 4971 1011 5044 probari
1033 4984 1192 5040 posse
1217 4979 1403 5039 putant
1427 4967 1511 5022 his
1536 4967 1771 5039 Dionysii
1808 4967 2066 5038 llalycar-

469 5067 645 5123 nassei
663 5066 731 5121 de
749 5065 1116 5120 Romanorum
1143 5079 1262 5118 cum
1281 5061 1493 5118 Sabinis
1515 5062 1700 5130 pra-lio
1722 5061 1898 5115 verbis
1920 5077 1964 5112 τι
1986 5059 2063 5114 Ex

468 5163 591 5233 pilis
613 5161 806 5216 defixis
828 5171 952 5216 ante
975 5157 1225 5225 tentoria,
1248 5157 1352 5211 tela
1380 5166 1503 5211 sunt
1531 5157 1648 5210 hac
1675 5155 2062 5219 Romanorum,

467 5273 588 5328 qua:
619 5257 794 5325 primo
825 5269 1120 5326 congressu
1149 5252 1583 5322 ejaculantur....
1603 5266 1669 5305 ex
1694 5249 1798 5317 his,
1824 5250 2065 5318 inquam,

468 5350 591 5420 pilis
604 5353 748 5405 circa
760 5363 968 5403 summa
984 5346 1234 5403 verucula
1249 5343 1815 5407 emicabantllammaz,
1833 5342 2067 5410 totisque

466 5443 660 5497 castris
688 5442 972 5514 fulgorem,
989 5439 1268 5496 nonaliter
1293 5452 1358 5492 ac
1384 5436 1594 5503 faculas,
1611 5437 1678 5491 ad
1699 5436 1919 5491 multam
1940 5449 2067 5488 noc-

471 5544 576 5590 tem
601 5535 932 5601 reddebant;
956 5550 1025 5590 ex
1042 5535 1146 5588 hoc
1165 5543 1344 5588 autem
1365 5532 1482 5586 viso
1500 5531 1884 5586 intellexerunt
1915 5527 1996 5600 (ut
2015 5538 2070 5583 et

471 5629 653 5682 talium
685 5637 1058 5699 portentorum
1087 5628 1416 5696 interpretes
1441 5623 1806 5690 afﬁrmabant,
1831 5632 1886 5678 et
1913 5623 2069 5678 facile

465 5721 640 5792 quivis
655 5721 928 5792 conjicere
946 5719 1180 5793 poterat)
1198 5719 1357 5775 citam
1377 5718 1478 5774 sibi
1493 5727 1550 5774 et
1565 5716 1896 5788 splendidam
1910 5732 1938 5770 a
1959 5716 2068 5772 Deo

466 5814 717 5885 portendi
743 5816 1026 5871 victoriam
1051 5812 1484 5886 quandoquidem
1514 5812 1623 5883 igni
1646 5810 1845 5867 cedunt
1863 5810 2066 5876 omnia,

463 5916 517 5969 ct
547 5907 680 5968 nihil
706 5919 790 5966 est
831 5909 1114 5983 quod-non
1155 5908 1294 5982 ignis
1330 5907 1380 5964 vi
1417 5908 1748 5966 absumatur.
1793 5925 1811 5960 ι
1845 5906 1922 5963 Ἐκ
1971 5915 2069 5962 τῶν

2171 4775 2314 4832 desis
2359 4776 2728 4832 Robertellum
2775 4775 2844 4830 de
2891 4773 3299 4846 Magistratibus
3345 4775 3484 4845 imp.
3527 4770 3762 4844 (Βοιωτίη

2170 4882 2296 4926 (om.
2323 4887 2401 4939 tu,
2429 4871 2686 4940 Auliquit.
2715 4870 2896 4936 Rom.,
2922 4888 3046 4942 pag.

2238 4967 2422 5022 Cincia
2448 4982 2580 5022 vero
2612 4965 2700 5022 lex
2740 4981 2771 5020 a
2817 4964 2887 5020 Μ.
2930 4963 3123 5020 Cincio
3180 4965 3408 5021 tribuno
3440 4961 3616 5036 plebis
3643 4969 3764 5015 anno

2168 5062 2316 5119 urbis
2348 5061 2476 5128 549,
2511 5062 2618 5116 lata
2649 5069 2752 5125 est,
2802 5077 2930 5131 qua,
2981 5069 3042 5115 ut
3086 5059 3162 5114 ait
3191 5059 3490 5117 Cornelius
3539 5054 3760 5113 Tacitus.

2168 5157 2460 5214 cavebatur
2507 5155 2822 5227 antiquitus,
2875 5171 2944 5211 ne
2984 5155 3106 5224 quis
3147 5154 3217 5210 ob
3267 5170 3497 5210 causam
3527 5146 3760 5208 orandam

2169 5252 2428 5324 pecunias
2478 5251 2750 5306 donumve
2794 5249 3069 5322 acciperet
3113 5248 3299 5322 (Corn.
3359 5248 3552 5312 Tucia,
3602 5243 3681 5299 lib.
3727 5255 3758 5302 ι,

2172 5345 2362 5400 Annal.
2416 5345 2552 5398 circa
2594 5344 2759 5417 init.).
2801 5345 2876 5400 De
2927 5359 2991 5400 ea
3042 5344 3411 5415 proculdubio
3464 5339 3662 5398 Plinius
3703 5332 3758 5388 ad

2173 5441 2368 5497 Rulnm
2410 5441 2527 5496 brec
2557 5440 2777 5512 scripsit
2819 5439 2872 5495 in
2901 5440 3062 5495 verba
3100 5459 3112 5495 :
3154 5459 3172 5492 ι
3211 5440 3455 5495 Suberat
3497 5437 3666 5492 edicto
3687 5444 3758 5484 se-

2172 5546 2332 5593 natus
2381 5535 2684 5591 consultum
2736 5534 2886 5590 hoc:
2929 5534 3132 5590 Omnes
3171 5535 3266 5604 qui
3312 5532 3460 5604 quod
3510 5524 3754 5600 negotium

2172 5629 2454 5693 baberent,
2507 5629 2713 5698 jurare,
2775 5629 3084 5699 priusquam
3142 5637 3396 5697 agerent,
3458 5622 3756 5694 jubebantur

2173 5725 2307 5781 nihil
2353 5741 2414 5780 se
2455 5724 2525 5780 ob
2563 5723 2976 5780 advocationem
3004 5723 3261 5794 cuiquam
3302 5719 3542 5782 dedisse,
3577 5708 3752 5786 promi-

2172 5819 2332 5890 sisse.
2375 5818 2605 5874 cavisse.
2640 5816 2733 5871 llis
2761 5817 2906 5873 enim
2938 5817 3117 5873 verbis
3141 5829 3206 5870 ac
3231 5815 3386 5870 mille
3418 5820 3683 5884 praui-rea,
3707 5809 3754 5855 cl

2176 5911 2365 5968 venire
2380 5908 2783 5977 advocationes,
2804 5919 2858 5966 et
2875 5909 2982 5966 etni
3009 5908 3318 5970 vetabattu'.
3345 5901 3582 5963 Peractis
3600 5907 3754 5955 tamen
