3904 6326
274 284 372 337 123

1517 287 1581 343 ΙΝ
1621 284 1974 346 ARNOBIUM
2002 329 2015 354 ,
2057 285 2210 344 CAP.
2253 289 2316 342 V.

3460 288 3565 344 426

270 400 500 471 negotiis
531 399 878 470 permittebat
908 399 1191 470 pecuniam
1219 399 1498 457 dumtaxat
1523 402 1713 460 decem
1742 404 1862 459 mil-
1892 408 1943 466 Α
1967 403 2193 474 gentiles
2220 401 2587 458 aboleverant.
2619 401 2887 458 Secundae
2932 413 3062 457 vero
3105 399 3238 458 illud
3277 413 3564 475 repugnat,

273 493 394 546 lium
417 492 548 547 dare
574 511 592 542 ι
622 490 814 559 (Plin.,
840 492 928 546 lib.
954 508 1008 556 ν,
1035 493 1185 564 epist.
1211 493 1305 547 ult.
1329 494 1398 547 ad
1421 494 1659 566 Rufum).
1685 496 1866 551 Livius

272 601 436 641 vero:
475 605 495 637 ‹
540 585 678 652 Quid
713 585 884 657 legem
913 583 1154 640 Cinciam
1187 587 1254 642 de
1277 586 1437 642 donis
1466 596 1520 643 et
1553 589 1866 644 muneribus

271 678 552 742 excitavit;
602 678 707 732 nisi
756 678 879 748 quia
928 680 1205 749 vectigalis
1255 681 1369 748 jam
1417 691 1472 735 et
1515 681 1863 751 stipendiaria

267 771 416 840 plebs
439 785 564 826 esse
588 770 802 826 senatui
829 772 1120 843 coeperit?»
1155 771 1316 845 (Liv.,
1347 773 1436 828 lib.
1470 774 1562 838 54,
1597 772 1733 846 ξιξ.)

270 882 308 936 ε.
335 866 616 922 Censoriis
647 866 878 938 legibus,
931 883 1052 938 qua:
1077 878 1133 923 et
1161 869 1510 937 sumptuaria
1550 879 1605 924 et
1652 870 1866 926 cibaria:

269 960 623 1027 vocabantur,
651 959 890 1031 majores
915 975 1197 1017 cumarum
1223 976 1288 1016 ac
1309 963 1680 1018 conviviorum
1717 979 1866 1018 sum-

270 1063 390 1124 ptus
416 1061 474 1110 et
499 1053 714 1109 luxuria
761 1053 1173 1110 coercebantur.
1207 1054 1322 1110 Una
1363 1064 1543 1112 autem
1580 1071 1648 1111 ex
1677 1057 1865 1113 illisea

266 1156 412 1210 erat,
444 1161 606 1218 quam
651 1146 837 1202 Livius
882 1162 1008 1204 mox
1049 1146 1299 1202 laudatus
1329 1147 1398 1203 ab
1424 1146 1599 1218 Oppio
1626 1147 1864 1204 Tribuno

264 1240 436 1310 plebis
461 1239 644 1296 datam
695 1251 964 1296 memorat
1009 1238 1198 1311 (lbid.,
1231 1239 1259 1311 §
1289 1241 1364 1312 1).
1395 1241 1465 1295 At
1495 1249 1758 1310 prteterea
1797 1241 1865 1296 ab

265 1336 331 1390 A.
355 1333 556 1400 Gellio,
574 1343 628 1389 et
643 1349 674 1388 a
692 1332 962 1390 Macrobio
987 1341 1378 1389 enumerantur
1397 1331 1616 1399 Orchia,
1635 1332 1861 1399 Fannia,

264 1429 456 1496 Didia,
487 1427 692 1484 Licinia
711 1469 726 1493 ,
749 1428 998 1484 Cornelia
1020 1469 1037 1496 ,
1061 1427 1301 1498 Syllana,
1331 1427 1636 1496 Lepidana,
1670 1428 1828 1482 Antia
1847 1469 1862 1494 ,

261 1521 436 1588 Julia,
475 1531 532 1578 et
563 1521 789 1593 Augusti
819 1523 1188 1590 imperatoris,
1219 1521 1333 1576 sive
1361 1521 1597 1587 Tiberii,
1627 1529 1689 1574 ut
1715 1529 1867 1576 notat

265 1616 505 1684 Gellius,
557 1615 791 1672 edictum
841 1614 1026 1686 (Gell.,
1061 1613 1149 1668 lib.
1179 1631 1217 1669 ιι
1261 1613 1419 1668 Noct.
1454 1614 1581 1681 Att.,
1621 1629 1739 1676 cap.
1787 1613 1863 1678 4;

264 1708 528 1776 Macrob”
553 1709 641 1764 lib.
669 1725 727 1764 ιιι
761 1708 1059 1773 Saturnal.,
1084 1724 1202 1778 cap.
1228 1708 1344 1780 17).
1369 1707 1661 1764 Suetonius
1686 1716 1862 1761 tamen

1967 495 2111 566 quod
2144 505 2203 549 ut
2237 497 2352 566 ipse
2402 495 2618 562 fatetur,
2649 511 2849 552 nomen
2890 497 3098 568 culigna
3146 497 3286 567 apud
3315 497 3566 554 eumdem

1969 587 2293 652 Varronem,
2341 587 2560 643 Festum
2610 596 2666 643 et
2694 588 2903 644 Livium
2946 590 3126 658 potius
3167 588 3434 661 significat
3473 605 3570 644 vas

1967 681 2260 750 potorium,
2281 695 2390 750 quo
2413 681 2594 736 vinum
2618 682 2672 736 in
2694 682 2971 738 sacrificiis
2991 681 3337 739 offerebatur.
3366 681 3572 737 Deinde

1966 789 2098 830 vero
2141 773 2267 844 quid
2315 773 2384 828 ibi
2419 774 2593 830 Vesta:
2639 776 2842 831 faceret
2885 778 3366 845 commemoratio,
3417 775 3573 847 cujus

1968 867 2172 922 nullum
2201 867 2254 922 in
2284 867 2512 923 Arnobii
2543 877 2690 923 textu
2717 869 3039 939 vestigium?

2039 961 2174 1017 Tota
2203 975 2369 1031 porro
2399 962 2721 1019 tenebricosi
2750 963 2912 1034 hujus
2938 965 3234 1020 Arnobiani
3264 966 3393 1022 dicti
3424 965 3568 1020 difli-

1965 1053 2136 1107 cultas
2167 1054 2220 1108 in
2269 1054 2381 1109 sola
2427 1054 2768 1124 potissimum
2814 1071 2947 1112 voce
2976 1057 3210 1126 caliginis
3260 1057 3434 1127 posita
3463 1067 3570 1113 est.

1969 1145 2284 1202 Penctrales
2333 1149 2614 1204 enimvero
2665 1149 2816 1205 focos
2844 1149 3011 1205 fuisse
3040 1151 3298 1206 discimus
3344 1152 3428 1206 his
3464 1151 3574 1206 Ca-

1969 1241 2089 1294 tulli
2121 1240 2362 1312 (Catull.,
2395 1240 2582 1314 Epigr.
2609 1244 2680 1297 ad
2705 1241 2966 1314 Μίνωι),
3000 1244 3089 1298 ubi
3119 1245 3187 1299 de
3215 1245 3398 1314 Troja,
3441 1261 3570 1302 ver-

1968 1335 2121 1392 sibus
2152 1352 2165 1390 :
3207 1349 3216 1364 '

2063 1426 2142 1496 Ad
2147 1441 2303 1496 quam
2328 1438 2430 1479 tum
2455 1442 2724 1496 properans
2747 1431 2903 1481 fertur
2928 1431 3071 1496 simul
3097 1433 3316 1496 undique
3341 1432 3500 1495 pubes

2125 1491 2293 1542 (irzcca
2317 1491 2606 1554 penetrales
2625 1495 2912 1545 deseruisse
2938 1494 3086 1544 focos.

1968 1595 2194 1651 Servius
2241 1615 2456 1671 quoque
2501 1599 2916 1666 animadvertit,
2969 1601 3254 1671 penetralia
3285 1619 3315 1656 a
3347 1601 3572 1674 Virgilio

1972 1686 2213 1760 (Virgil.,
2242 1690 2331 1746 lib.
2363 1706 2416 1744 v1
2446 1691 2687 1760 {Eneid.,
2718 1709 2848 1749 vers.
2879 1692 2971 1762 71)
3000 1693 3105 1749 dici
3134 1702 3327 1748 secreta
3354 1695 3573 1766 templo-

261 1802 454 1858 scribit
481 1800 873 1872 sumptuariam
910 1800 1084 1872 legem
1113 1800 1181 1855 ab
1206 1779 1454 1871 Augusto
1481 1800 1744 1855 sancitam
1773 1806 1866 1852 aut

1984 1796 2105 1845 ’um,
2129 1779 2234 1836 hoc
2257 1782 2467 1839 scilicet
2491 1798 2650 1839 versu
2685 1804 2698 1840 :

264 1905 632 1952 rctractatam.
665 1894 881 1952 Videsis
907 1894 1129 1951 Manutii
1158 1905 1213 1950 et
1240 1895 1459 1950 Antonii
1485 1894 1769 1966 Augustini
1797 1895 1866 1950 de

258 1992 470 2063 legibus
494 1991 660 2047 libros
680 1990 946 2062 (Sueton.,
981 1991 1072 2045 lib.
1101 2005 1162 2054 ιι,
1190 1989 1253 2043 de
1282 1990 1444 2061 Aug.,
1469 2007 1588 2060 cap.
1613 1990 1718 2055 54;
1744 1988 1865 2043 Ma-

266 2094 401 2150 nut.,
435 2085 527 2138 lib.
557 2085 620 2139 de
656 2083 834 2154 Legib.
867 2101 1026 2150 rom.,
1059 2101 1177 2155 cap.
1208 2084 1315 2150 18;
1341 2084 1533 2139 Anton.
1563 2085 1863 2155 Augustin.,

193 2170 198 2172 ’
267 2175 357 2231 lib.
388 2179 494 2232 ide
514 2178 691 2249 legib.,
723 2195 841 2249 cap.
877 2177 992 2248 18).
1044 2180 1113 2232 At
1139 2177 1508 2233 Tertullianus
1533 2187 1659 2232 ante
1686 2179 1866 2232 Arno-

270 2276 414 2332 bium
447 2286 694 2333 nostrum
716 2276 995 2339 ethnicos,
1019 2274 1328 2331 Christianae
1358 2274 1632 2345 religionis
1660 2275 1868 2329 novita-

269 2379 376 2426 tem
403 2371 816 2440 exprobrantes,
847 2369 930 2423 his
955 2371 1383 2438 interrogaverat
1409 2368 1588 2424 verbis
1623 2387 1636 2423 :
1674 2388 1692 2420 ‹
1723 2369 1868 2436 Quo-

271 2481 393 2521 nam
442 2466 548 2520 illa:
599 2467 745 2536 leges
783 2466 1048 2529 abierunt,
1100 2476 1370 2535 sumptum
1415 2475 1470 2519 et
1517 2463 1867 2519 ambitionem

270 2558 677 2628 opprimentes?
706 2575 826 2628 qua:
858 2567 1074 2612 centum
1103 2573 1211 2611 atra
1230 2597 1246 2622 ,
1277 2573 1385 2613 non
1417 2557 1650 2628 amplius
1679 2556 1731 2610 in
1759 2572 1872 2612 ca:-

273 2667 397 2706 nam
429 2651 696 2707 subscribi
739 2651 1024 2721 jubebant,
1078 2665 1179 2705 nec
1225 2650 1458 2721 amplius
1505 2665 1665 2720 quam
1708 2666 1869 2730 uuam

271 2744 460 2801 inferri
482 2745 752 2815 gallinam,
773 2754 828 2801 et
848 2762 966 2802 eam
993 2763 1097 2802 non
1117 2746 1516 2817 saginatam?...
1540 2745 1707 2800 Video
1723 2745 1870 2800 enim

274 2849 328 2893 et
352 2840 694 2894 centenarias
731 2855 949 2904 coenas,
980 2850 1036 2894 et
1075 2841 1318 2895 centenis
1345 2839 1454 2908 jam
1499 2837 1763 2894 sestertiis
1789 2837 1870 2892 di—

275 2931 498 2998 ccndas,
527 2941 583 2986 et
624 2934 678 2986 in
706 2933 888 2988 lances
916 2933 1126 3005 (parum
1155 2942 1240 2989 est
1263 2932 1308 2987 si
1335 2941 1647 2988 senatorum
1685 2941 1740 2986 et
1765 2946 1871 2986 non

276 3025 652 3080 libertinorum
699 3027 783 3082 vel
829 3026 1018 3082 adhuc
1047 3027 1210 3097 llagra
1261 3023 1648 3096 rumpentium)
1682 3039 1874 3094 argen-

275 3122 407 3176 taria
454 3121 671 3178 metalla
708 3120 967 3190 producta
999 3141 1018 3174 ι
1065 3120 1332 3192 (Tertull.,
1366 3120 1607 3192 Apolog.,
1641 3136 1760 3189 cap.
1792 3117 1872 3190 6).

2063 1895 2136 1946 Te
2159 1911 2357 1960 quoque
2381 1911 2554 1963 magna
2579 1908 2779 1950 manent
2803 1905 2974 1965 regnis
2998 1903 3274 1966 penetralia
3301 1908 3501 1956 nostris.

1972 1998 2029 2053 In
2062 1999 2128 2053 iis
2153 2009 2332 2056 autem
2380 2013 2670 2073 perpetuos
2700 2005 2868 2060 fuisse
2909 2006 3081 2072 focos,
3109 2007 3230 2078 quis
3276 2007 3377 2063 sibi
3420 2007 3578 2064 facile

1970 2107 2076 2148 non
2105 2095 2486 2164 persuadebit?
3559 2079 3566 2082 I

2041 2185 2229 2242 Solum
2273 2187 2435 2258 igitur
2463 2189 2809 2244 statuendum
2836 2201 3086 2262 superest
3113 2193 3158 2247 si
3189 2193 3315 2263 quid
3343 2193 3396 2248 in
3427 2195 3578 2250 vocis

1971 2281 2206 2353 caliginis
2247 2282 2424 2337 locum
2473 2285 2684 2339 restitui
2713 2286 2928 2342 debeat.
2973 2289 3063 2351 At,
3108 2288 3357 2357 inquies,
3389 2289 3580 2360 quidni

1973 2374 2180 2444 legatur
2206 2374 2257 2428 in
2290 2376 2524 2430 culinis?
2563 2376 2609 2431 A
2639 2377 2832 2433 Vossio
2873 2379 3138 2449 siquidem
3169 2390 3294 2451 post
3336 2381 3580 2454 Scalige-

1971 2479 2090 2518 rum
2139 2480 2206 2519 ex
2256 2467 2423 2522 veteri
2479 2467 2831 2538 inscriptione
2878 2471 3183 2527 ostenditur
3228 2474 3280 2527 in
3332 2473 3581 2530 Herculis

1974 2557 2219 2614 :ediculis
2249 2558 2414 2615 fuisse
2444 2561 2674 2628 culinas,
2709 2563 2798 2617 ubi
2830 2579 3057 2634 peregre
3086 2565 3380 2634 profecturi
3411 2569 3581 2622 sacri-

1976 2651 2228 2707 ﬁcabant.
2261 2653 2378 2709 Non
2419 2655 2560 2711 male
2600 2656 2848 2722 forsitan,
2897 2660 2941 2713 si
2987 2659 3060 2713 ibi
3103 2672 3392 2731 perpetuos
3430 2663 3581 2718 focos

1972 2747 2100 2800 olim
2151 2756 2460 2803 asservatos
2509 2765 2632 2805 esse
2680 2751 3014 2819 probaveris.
3047 2751 3238 2809 Nonne
3290 2763 3468 2809 tamen
3525 2756 3580 2810 in

1977 2838 2135 2909 hujus
2183 2841 2510 2910 conjectura:
2543 2844 3008 2899 confirmationem
3061 2846 3296 2914 adjicere
3342 2848 3472 2904 licet
3514 2849 3582 2904 ab

1975 2933 2227 3000 ethnicis,
2275 2935 2731 3004 quemadmodum
2782 2938 2918 2991 infra
2974 2939 3239 3006 dicemus,
3298 2942 3582 3010 geniorum

1977 3024 2128 3080 focos
2157 3041 2254 3095 pro
2283 3026 2388 3081 diis
2418 3027 2630 3082 habitos
2660 3028 2851 3092 fuisse,
2883 3039 3046 3100 atque
3071 3029 3274 3086 idcirco
3305 3031 3358 3086 in
3390 3048 3581 3089 eorum

1977 3117 2180 3172 cultum
2213 3128 2268 3174 et
2309 3119 2573 3174 honorem
2605 3121 2656 3174 in
2688 3120 2882 3174 culinis
2919 3131 2974 3176 et
3015 3121 3180 3190 locis,
3220 3123 3358 3178 sicut
3387 3125 3585 3180 citatus

275 3217 385 3272 Sed
416 3215 484 3272 de
509 3216 592 3271 bis
615 3231 714 3271 nos
739 3231 837 3271 suo
855 3216 976 3271 loco
1001 3213 1242 3284 (Dissert.
1272 3216 1324 3269 in
1349 3216 1484 3269 hunc
1505 3215 1619 3281 lib.,
1644 3230 1762 3283 cap.
1783 3213 1874 3279 19,
1905 3211 1950 3274 C
1981 3209 2155 3266 Varro
2181 3210 2460 3267 annotavit
2489 3212 2665 3282 ignem
2696 3211 2825 3267 olim
2857 3223 3128 3269 servatura
3165 3233 3177 3268 :
3213 3215 3304 3270 sed
3335 3231 3362 3269 a
3393 3226 3581 3286 postc-

274 3319 376 3363 arl.
399 3308 481 3381 2).

352 3403 481 3459 Post
497 3403 614 3460 hmc
643 3403 916 3460 Arnobius
951 3425 963 3458 :
995 3423 1015 3456 ‹
1049 3403 1318 3473 Numquid
1349 3403 1399 3458 in
1430 3401 1796 3472 penetralibus
1824 3409 1881 3455 et

271 3496 524 3567 coliginis
570 3506 863 3568 perpetuos
920 3496 1111 3553 fovetis
1141 3497 1359 3552 focos?)
1394 3495 1634 3563 (Arnob.,
1679 3495 1767 3550 lib.
1818 3509 1874 3558 ιι,

273 3609 399 3664 pag.
433 3591 550 3662 91.)
605 3592 660 3645 ln
697 3592 1018 3663 quibusdam
1059 3591 1218 3646 editis
1251 3593 1484 3663 legitur:
1517 3590 1586 3644 In
1636 3599 1876 3659 penetra-

272 3687 410 3740 libus
454 3684 634 3739 Vestia.
670 3685 728 3740 In
759 3687 946 3741 ultima
975 3700 1105 3741 vero
1136 3685 1375 3740 editione
1402 3684 1610 3738 sublata
1641 3693 1724 3739 est
1751 3698 1875 3752 par-

269 3781 439 3837 ticula
481 3789 549 3836 et.
579 3781 684 3837 Sed
725 3797 828 3851 qua
859 3781 1180 3836 auctoritate
1222 3777 1338 3834 hzec
1369 3778 1504 3833 facta
1537 3779 1677 3844 sint,
1719 3793 1878 3832 nemo

268 3874 437 3930 nobis
463 3873 738 3928 indicavit.
763 3871 976 3944 Lipsius
999 3887 1156 3937 vero,
1179 3886 1209 3924 a
1236 3868 1527 3925 Rosweido
1546 3868 1875 3935 admonitus,

268 3971 534 4026 observat
582 3970 634 4022 in
678 3967 910 4039 quodam
947 3964 1317 4034 manuscripto
1350 3963 1537 4020 codice
1567 3963 1824 4030 scriptum
1860 3978 1874 4014 :

275 4082 293 4112 ι
311 4062 374 4116 In
399 4075 537 4132 pene
562 4059 1003 4129 itnpenetralibus
1025 4067 1083 4113 et
1099 4057 1351 4125 colignisr
1379 4053 1573 4126 (Lips.,
1601 4053 1874 4124 Syntagm.

266 4157 338 4210 de
394 4152 534 4208 Vest.
574 4163 624 4208 et
664 4151 880 4218 Vestal.,
925 4161 1050 4206 tam.
1100 4167 1177 4216 ιιι,
1225 4165 1345 4220 pag.
1401 4147 1555 4219 619).
1607 4147 1770 4203 Certe
1823 4147 1876 4201 in

262 4249 643 4319 manuscripto
679 4247 867 4303 codice
907 4246 1055 4318 regio
1095 4243 1413 4313 simpliciter
1449 4242 1723 4324 habetur:
1765 4239 1877 4327 Im:

264 4315 619 4415 penetralibus
655 4350 702 4395 et
747 4315 992 4411 colignis:
1022 4337 1138 4393 Non
1181 4337 1379 4391 mirum
1429 4335 1612 4406 itaque
1653 4315 1876 4389 siicor:

269 4445 471 4508 ruptus
517 4433 611 4488 ille
660 4433 808 4488 locus
833 4431 1023 4487 doctos
1075 4429 1322 4485 homines
1366 4427 1506 4482 haud
1535 4442 1724 4482 narum
1761 4435 1875 4481 toro

270 4531 434 4588 serit.

1985 3303 2058 3358 ris
2103 3305 2406 3374 neglectum
2440 3306 2583 3360 hunc
2623 3321 2862 3374 morem,
2893 3308 2982 3377 qui
3015 3307 3122 3363 illis
3164 3310 3449 3368 molestior
3477 3312 3582 3367 im-

1981 3399 2371 3469 portuniorque
2400 3398 2575 3454 factus
2604 3409 2708 3454 est.

2050 3493 2166 3549 Non
2195 3493 2390 3548 desunt
2432 3509 2594 3564 porro
2641 3495 2730 3565 qui
2780 3497 3001 3552 retineri
3032 3502 3199 3553 velint
3228 3513 3414 3555 vocem
3451 3502 3581 3556 coli-

1981 3589 2114 3657 ginis
2141 3603 2300 3658 quam
2327 3603 2356 3641 a
2381 3589 2546 3644 verbo
2573 3590 2714 3649 colo.
2759 3589 2813 3644 id
2843 3601 2925 3645 est
2943 3635 2957 3654 ,
2987 3592 3247 3659 inhabito,
3284 3593 3583 3650 derivatam

1980 3681 2315 3737 arbitrantur
2331 3684 2611 3754 (Salmas.,
2639 3685 2691 3738 in
2719 3683 3004 3738 Exercitat.
3031 3685 3293 3754 Plinian.,
3316 3705 3434 3759 pag.
3454 3688 3584 3756 270,

1982 3775 2088 3829 587
2116 3786 2163 3829 et
2198 3767 2348 3845 9M).
2383 3775 2514 3830 Eam
2545 3779 2708 3847 igitur
2733 3793 2945 3841 vocem,
2997 3779 3187 3849 caligo,
3223 3779 3365 3835 idem
3395 3797 3457 3836 ac
3483 3780 3587 3835 do-

1982 3883 2148 3933 mum,
2178 3867 2530 3934 domicilium,
2577 3879 2632 3925 et
2676 3869 3068 3926 habitationem
3112 3871 3253 3941 apud
3304 3881 3586 3928 auctorem

1982 3970 2226 4016 nostrum
2255 3961 2561 4032 signiﬁcare
2593 3961 2679 4016 his
2708 3962 2885 4017 visum
2917 3972 3021 4018 est.
3062 3963 3169 4019 Sed
3201 3965 3254 4018 in
3287 3973 3438 4019 textu
3482 3967 3589 4019 Ar-

1982 4054 2126 4109 nobii
2156 4054 2423 4127 demenda
2451 4064 2570 4109 erat
2597 4055 2856 4124 particula
2885 4064 2958 4119 et,
2988 4064 3149 4125 atque
3174 4057 3354 4126 aliquo
3383 4058 3578 4113 saltem

1981 4146 2231 4216 exemplo
2287 4145 2644 4215 probandum,
2702 4164 2732 4202 a
2786 4147 2982 4216 quibus
3037 4161 3236 4202 nomen
3290 4149 3463 4218 coligo
3517 4166 3585 4205 eo

1981 4258 2144 4298 sensu
2169 4241 2464 4297 adhibitum
2482 4242 2835 4312 fuerit.Virgo
2851 4257 2978 4313 ergo
2995 4251 3171 4296 utrum
3189 4257 3382 4298 nomen
3399 4243 3589 4299 culinis

1983 4336 2048 4391 ad
2069 4335 2292 4392 Arnobii
2313 4335 2648 4406 propositum
2678 4335 2848 4406 magis
2877 4335 3137 4391 accedere
3161 4335 3590 4392 videatur.Nihil

1981 4429 2126 4483 enim
2169 4444 2267 4484 nos
2315 4429 2432 4484 sine
2479 4429 2828 4485 correctioris
2869 4429 3100 4498 alicujus
3142 4430 3348 4486 codicis
3387 4431 3590 4487 auxilio

1983 4520 2112 4576 certi
2139 4520 2339 4590 aliquid
2368 4535 2431 4575 ea
2461 4519 2530 4576 de
2556 4536 2617 4576 re
2643 4529 2879 4576 statuere
2905 4520 3186 4576 audemus.

351 4621 572 4676 Duobus
599 4628 776 4678 autem
822 4617 997 4675 modis
1036 4617 1178 4672 idem
1211 4615 1426 4687 Lipsius
1453 4630 1576 4672 eum
1618 4612 1876 4685 explicari
1904 4615 1958 4676 D
2053 4613 2189 4668 Tum
2221 4611 2416 4667 deinde
2446 4613 2716 4667 Arnobius
2747 4631 2760 4667 :
2790 4630 2808 4662 ‹
2837 4611 3051 4676 Sacras,
3085 4633 3103 4663 ι
3132 4612 3325 4684 inquit,
3363 4632 3382 4664 ι
3415 4614 3614 4670 facilis.

271 4728 444 4786 posse
471 4714 785 4769 arbitratur.
828 4709 1008 4764 Primo
1037 4709 1277 4778 quidem,
1308 4708 1424 4764 haec
1454 4707 1680 4763 Arnobii
1710 4703 1876 4761 verba

271 4826 391 4866 non
419 4806 486 4862 ad
515 4806 728 4862 Vestam
758 4804 1058 4870 referenda,
1090 4804 1186 4860 sed
1207 4803 1276 4858 ad
1297 4803 1563 4874 privatum
1591 4801 1877 4874 quemdam

273 4905 472 4969 ritum,
499 4917 606 4972 quo
628 4900 764 4972 ignis
787 4899 839 4953 in
867 4898 1124 4954 interiore
1143 4897 1426 4954 domorum
1452 4906 1603 4966 parte
1625 4905 1680 4952 et
1703 4894 1880 4951 culina

271 4995 580 5066 antiquitus
627 4993 941 5050 servabatur
983 5001 1040 5048 et
1084 4991 1382 5048 fovebatur.
1440 4989 1497 5045 ln
1549 4989 1708 5058 hujus
1750 5003 1883 5044 vero

275 5091 611 5164 conjecturae
637 5089 1100 5146 conﬁrmationem
1128 5087 1221 5142 ille
1251 5086 1453 5158 profert
1482 5085 1600 5141 haec
1624 5084 1885 5139 Varronis

277 5189 448 5245 verba
474 5206 487 5242 :
521 5187 706 5243 Culina
732 5187 890 5248 dicta,
919 5185 1054 5255 quod
1085 5185 1152 5238 ibi
1179 5183 1410 5237 colebant
1438 5183 1630 5253 ignem.

363 5280 564 5335 Deinde
589 5294 719 5334 vero
743 5279 818 5332 ait
842 5277 956 5332 haec
979 5275 1202 5346 intelligi
1233 5274 1409 5330 adhuc
1439 5289 1600 5344 posse
1625 5273 1695 5330 de
1722 5273 1885 5328 Vesta

281 5373 521 5445 publica,
577 5381 738 5440 atque
787 5370 862 5426 ibi
904 5368 1249 5425 scribendum
1298 5369 1353 5420 in
1398 5368 1654 5438 culigm’s;
1704 5367 1775 5420 ita
1828 5375 1887 5420 nt

282 5465 514 5522 Arnobii
545 5479 738 5522 sensus
784 5465 874 5530 sit,
923 5463 1096 5534 ignem
1139 5463 1268 5516 olim
1300 5461 1352 5516 in
1393 5461 1621 5532 culignis
1651 5470 1706 5514 et
1742 5459 1886 5513 vasis

283 5557 544 5614 ﬁctilibus
572 5556 891 5628 repositum.
920 5557 993 5609 uti
1034 5556 1196 5610 etiam
1224 5567 1366 5608 nunc
1409 5553 1575 5609 foveri
1607 5551 1708 5606 sub
1733 5551 1887 5606 cine-

286 5651 441 5705 ribus
488 5649 646 5706 solet.
677 5648 784 5704 Sed
829 5648 1017 5718 pritna:
1056 5644 1401 5718 explicationi
1451 5644 1502 5699 id
1545 5643 1884 5708 adversatur,

286 5742 436 5815 quod
480 5741 650 5797 Varro
673 5741 742 5797 de
777 5743 1050 5797 communi
1080 5749 1135 5796 et
1166 5739 1474 5811 promiscuo
1510 5737 1648 5807 ignis
1672 5751 1773 5791 usu
1802 5737 1889 5790 lo-

287 5848 515 5909 quatur;
549 5835 818 5892 Arnobius
845 5845 937 5891 aut
965 5835 1034 5892 de
1058 5850 1235 5903 sacro,
1267 5839 1362 5890 aut
1389 5848 1455 5889 eo
1481 5830 1695 5900 saltem,
1729 5845 1887 5900 quem

537 5930 814 5993 ΡΑτιιοι..
857 5929 935 5990 V.

1984 4721 2221 4769 mensas,
2245 4705 2544 4760 salinorum
2570 4705 2850 4775 appositu,
2881 4715 2936 4760 et
2967 4704 3286 4772 simulacris
3307 4705 3536 4760 deorum
3561 4725 3581 4757 ι

1983 4797 2222 4868 (Arnob.,
2272 4798 2361 4852 lib.
2408 4814 2466 4863 ιι,
2514 4815 2632 4869 pag.
2677 4797 2792 4869 91).
2849 4797 3092 4852 Salinum
3140 4813 3271 4853 vero
3308 4799 3588 4854 vasculum

1985 4901 2123 4956 erat,
2154 4892 2204 4946 in
2229 4907 2336 4962 quo
2364 4891 2442 4946 sal
2484 4891 2550 4944 ad
2592 4906 2796 4945 mensa:
2823 4891 3180 4961 sacriﬁciique
3212 4907 3365 4946 usum
3399 4892 3591 4962 reponi,

1988 4995 2370 5041 consueverat.
2416 4984 2755 5056 Porphyrion
2795 4986 2938 5040 enim
2982 4996 3137 5040 vetus
3169 4985 3371 5040 lloratii
3417 4988 3589 5041 inter-

1989 5095 2151 5150 pres:
2189 5100 2209 5131 ‹
2244 5079 2489 5150 Proprie,
2525 5098 2543 5130 ι
2576 5079 2768 5150 inquit,
2806 5099 2824 5130 ‹
2862 5080 3102 5134 Salinum
3149 5089 3231 5134 cst
3274 5079 3494 5149 patella,
3534 5079 3590 5133 in

1989 5187 2092 5243 qua
2123 5172 2229 5228 diis
2258 5172 2512 5244 pritnitia:
2539 5187 2659 5227 cum
2693 5172 2808 5228 sale
2839 5172 3234 5228 oll‘crcbanturo
3268 5171 3583 5244 (Porphgr.,

1989 5270 2044 5324 in
2072 5267 2260 5325 Horat.
2280 5269 2372 5324 lib.
2387 5285 2424 5324 ιι
2444 5268 2823 5342 οά.16).νίἀεε
2846 5287 2976 5325 sane
2993 5286 3150 5341 quam
3167 5270 3236 5324 ob
3255 5285 3470 5324 causam
3484 5271 3589 5325 Ar—

1991 5363 2186 5420 nobius
2204 5379 2270 5419 ex
2293 5363 2450 5419 salini
2478 5363 2638 5434 hujus
2650 5365 2897 5433 apposita
2915 5379 3097 5419 sacras
3128 5377 3344 5418 mensas
3369 5363 3587 5418 dixerit.

2063 5458 2237 5526 Quam
2267 5474 2482 5515 sacrum
2511 5468 2688 5514 autem
2720 5457 3054 5526 cbarquue
3079 5457 3130 5510 id
3153 5456 3386 5513 ethnicis
3408 5457 3592 5521 fuerit,

1992 5553 2170 5610 disces
2199 5553 2553 5624 proculdubio
2596 5570 2662 5609 ex
2702 5553 2852 5609 hisce
2879 5551 3015 5608 Livii
3056 5551 3275 5607 verbis:
3316 5570 3334 5602 ‹
3382 5552 3592 5620 Quibus

1993 5664 2129 5703 uxor
2157 5647 2352 5703 filiaeve
2399 5647 2524 5712 sint,
2567 5646 2806 5716 singulas
2847 5645 3033 5700 uncias
3072 5643 3372 5714 auripondo
3422 5644 3591 5700 relin-

1994 5751 2192 5812 quant;
2228 5741 2457 5811 argenti,
2485 5739 2576 5808 qui
2616 5737 2788 5793 curuli
2831 5737 2964 5793 sella
3007 5735 3298 5803 sederunt;
3335 5739 3457 5808 equi
3505 5752 3594 5792 or-

1995 5841 2271 5899 namenta,
2317 5842 2372 5888 et
2411 5832 2577 5888 libras
2615 5829 2829 5901 pondo;
2859 5839 2916 5884 ut
2954 5829 3186 5884 salinum
3234 5829 3596 5903 patellamque

2954 5920 3030 5986 11+
