3904 6326
308 282 416 342 427

1565 231 2029 334 ιιιεεειιτᾏτιο
2053 260 2335 330 ιιιιιιινιι

3500 260 3593 327 128

305 402 533 459 deorum
558 409 720 455 causa
750 396 952 452 habere
972 394 1185 466 possint
1209 411 1228 446 ι
1262 391 1425 464 (Liv.,
1451 392 1542 449 lib.
1569 409 1716 455 xm,
1743 389 1909 465 §56).
1942 391 1995 452 A
2019 409 2136 463 cap.
2168 392 2255 453 t7,
2288 384 2487 461 p.264,
2517 392 2640 441 tam.
2670 384 2733 441 ι).
2756 383 2862 444 Sed
2888 383 3091 442 ethnici
3113 381 3217 441 hos
3236 394 3412 441 mores
3433 393 3604 457 postea

308 495 558 551 Valerius
585 508 715 548 vero
762 490 1025 547 Maximus
1053 490 1106 543 in
1134 487 1197 544 (ἶ.
1233 488 1463 544 Fabricii
1507 498 1563 543 et
1600 488 1665 555 Q.
1710 484 1916 541 ΑΕιηίϋὶ

308 590 443 660 Papi
491 588 741 645 domibus
783 594 1065 659 argentum
1120 583 1287 640 fuisse
1335 582 1459 639 inde
1503 582 1740 653 colligit;
1791 581 1917 651 quia

310 694 541 756 uterque
569 681 821 751 patellam
862 681 1088 737 deorum
1117 688 1172 737 et
1199 679 1429 735 salinum
1479 676 1665 733 habuit
1709 672 1914 747 (Valer.

309 778 485 843 Maia,
515 778 605 833 lib.
636 792 709 843 tv,
744 792 860 848 cap.
896 776 949 842 4,
984 775 1011 847 §
1040 777 1095 840 '5,
1124 792 1246 846 pag.
1283 772 1437 841 2H).
1469 772 1599 828 lude
1635 784 1800 842 porro
1828 767 1916 824 illa

311 870 480 927 Persii
509 870 681 926 ironia
710 868 972 938 (Persius,
1002 869 1151 922 satir.
1184 869 1240 934 5,
1273 883 1403 942 vers.
1435 862 1531 937 25)
1557 882 1570 919 :

402 987 489 1038 Est
513 987 605 1039 tibi
629 985 700 1036 far
723 984 985 1039 modicum,
1010 997 1187 1047 purum
1216 989 1268 1033 et
1291 984 1400 1034 sine
1424 981 1538 1030 labe
1552 978 1772 1047 salinum
1797 993 1809 1025 :

402 1049 534 1111 Quid
555 1048 781 1100 metuas?
805 1043 1089 1111 cultrixque
1111 1047 1208 1097 foci
1231 1057 1410 1097 secura
1434 1043 1635 1108 patella.

311 1155 476 1212 Plura
518 1153 588 1210 de
632 1153 806 1210 salino
854 1153 1071 1225 Lipsius
1123 1152 1298 1208 libr.l
1345 1149 1646 1217 Saturnal,
1696 1163 1817 1219 cap.
1859 1146 1917 1213 2,

309 1259 444 1307 tom.
475 1266 557 1317 ιιι,
589 1264 715 1321 pag.
750 1248 879 1305 484.
924 1248 1136 1318 Adjecit
1182 1246 1455 1301 Arnobius
1485 1262 1500 1300 :
1543 1252 1591 1298 et
1625 1241 1921 1297 simulacris

316 1345 555 1409 deorum,
589 1343 643 1398 in
674 1359 901 1413 quorum
933 1340 1290 1414 proculdubio
1320 1340 1485 1395 tutela
1512 1346 1687 1405 erant,
1713 1337 1800 1393 vel
1835 1351 1921 1391 sa-

312 1452 422 1492 crae
449 1450 672 1499 mensae,
705 1434 794 1490 vel
825 1434 968 1499 aliae.
994 1434 1191 1507 quibus
1220 1432 1445 1500 ethnici,
1478 1430 1743 1497 invocatis
1763 1438 1920 1487 antea

310 1531 437 1596 diis,
477 1528 887 1586 accumbebaut.
936 1529 1127 1585 Nonne
1177 1543 1309 1583 vero
1352 1542 1418 1582 ex
1473 1525 1624 1581 hisce
1674 1524 1779 1579 diis
1830 1523 1923 1577 ille

310 1642 452 1683 unus
472 1635 577 1690 est,
607 1624 676 1681 de
701 1640 809 1697 quo
824 1624 971 1680 cauit
996 1622 1205 1680 Statius
1233 1622 1476 1695 (Statius,
1509 1620 1600 1676 lib.
1630 1637 1669 1687 ι,
1694 1617 1842 1690 Sylv.
1863 1617 1919 1687 6,

312 1722 377 1777 de
413 1719 624 1776 Hercul.
652 1720 867 1787 vindic.,
900 1736 1033 1776 vers.
1068 1720 1160 1789 51)
1187 1737 1200 1773 :

955 1837 1111 1890 Casus
1133 1837 1313 1901 genius
1336 1833 1595 1898 tutelaque
1618 1842 1821 1889 mensae.

318 1926 388 1982 Et
420 1924 580 1996 paulo
602 1932 725 1995 post
754 1922 1013 1993 (ibidem,
1041 1920 1133 1990 50)
1160 1939 1173 1974 :

1323 1990 1540 2041 Pellaeus
1561 1987 1768 2038 habebit

407 2058 679 2123 Regnator,
706 2055 836 2110 laetis
857 2068 1044 2107 numen
1066 2053 1355 2105 venerabile
1379 2053 1585 2103 mensis.

315 2162 515 2220 Verum
553 2160 758 2220 ethnici
802 2162 918 2217 hinc
964 2170 1235 2230 tamquam
1281 2157 1456 2214 aniles
1504 2154 1923 2228 superstitiones

317 2268 507 2331 postea
520 2254 860 2326 reiecerunt.

929 2426 1219 2469 ARTXCULUS
1244 2426 1302 2468 ιι.

315 2575 391 2626 De
415 2574 523 2625 aliis
547 2574 856 2625 ethnicorum
873 2569 1227 2622 mutationibus
1251 2569 1300 2616 in
1323 2563 1607 2615 ordinandis
1628 2564 1926 2613 nubentium

378 2638 577 2691 lectulis
595 2644 649 2687 et
663 2633 955 2685 advocandis
970 2634 1256 2682 maritorum
1275 2629 1457 2693 geniis,
1497 2639 1771 2693 earumgue
1787 2626 1928 2674 crine

377 2702 516 2755 hasta
539 2698 760 2751 ccelibari
784 2702 963 2757 conato;
988 2696 1051 2743 de
1070 2693 1253 2757 tegnlis
1272 2690 1548 2757 puellarum
1572 2690 1925 2757 ad‘Fo-rtuuam

380 2749 670 2826 virginalem
690 2749 1167 2826 delatis,_tuuli_erum
1184 2749 1392 2826 lanificio
1414 2763 1467 2803 et
1484 2753 1585 2826 viui
1609 2749 1926 2824 abstinentia;

380 2827 445 2876 de
456 2814 626 2875 Tauris
648 2822 868 2873 candidis
889 2821 942 2868 in
966 2820 1160 2869 Albano
1183 2823 1351 2867 monte
1375 2817 1625 2873 mactatis,
1651 2814 1786 2864 extis
1811 2825 1928 2876 per-

382 2874 541 2939 coctis
571 2892 655 2936 aut
691 2883 984 2934 senticrudis
1035 2880 1390 2945 porriciendis,
1429 2886 1580 2936 atque
1618 2874 1930 2929 immolandis

381 2951 604 3000 humanis
637 2948 896 3011 capitibus.

394 3077 746 3149 Prosequitur
769 3073 1039 3131 Arnobius
1087 3072 1329 3140 aliasque
1355 3068 1631 3140 redarguit
1674 3066 1931 3124 ethnico-

328 3189 450 3230 rum
485 3173 537 3227 in
561 3171 686 3225 aliis
710 3183 817 3224 non
845 3166 1055 3229 minimi
1084 3168 1246 3221 etiam
1272 3163 1534 3219 momenti
1570 3161 1736 3225 rebus
1762 3169 1937 3223 mutas
1964 3193 2011 3256 ρ

327 3266 526 3321 tiones.
556 3263 799 3334 Magnam
826 3270 1007 3316 autem
1038 3260 1249 3313 illorum
1282 3256 1697 3317 inconstantiam
1729 3265 1789 3310 ut
1816 3270 1934 3311 ma-

324 3358 406 3429 gis
450 3360 725 3428 magisque
756 3353 1061 3427 patefaciat,
1096 3351 1181 3407 bis
1229 3367 1324 3409 eos
1370 3349 1659 3419 compellat
1692 3365 1706 3401 :
1743 3367 1763 3400 ι
1794 3347 1935 3409 Cum

324 3455 380 3507 in
407 3450 750 3515 matrimonia
776 3445 1106 3509 convenitis.
1138 3453 1261 3515 toga
1306 3442 1551 3499 sternitis
1576 3440 1847 3506 lectulos,
1879 3449 1936 3495 et

331 3546 652 3604 maritorum
709 3544 898 3616 genios
956 3536 1271 3595 advocatis?
1326 3556 1344 3588 ι
1393 3534 1656 3608 (Arnob.,
1704 3532 1794 3589 lib.
1849 3548 1936 3602 ιι,

328 3658 382 3711 p.
413 3638 538 3711 91.)
563 3636 768 3694 Lectuli
800 3650 929 3690 vero
957 3633 1063 3696 illi,
1093 3629 1251 3686 sicuti
1275 3628 1494 3685 Servius
1523 3626 1934 3693 animadvertit,

333 3753 352 3788 ι
386 3733 629 3803 geniales
659 3729 802 3785 tbori
835 3729 1047 3800 proprie
1072 3734 1228 3788 sunt,
1258 3724 1347 3794 qui
1380 3731 1694 3776 sternuntur
1740 3718 1935 3788 puellis

328 3828 689 3891 nubentibus,
723 3824 850 3879 dicti
897 3838 927 3875 a
977 3816 1301 3891 generandis
1340 3814 1523 3886 pueris
1558 3833 1577 3866 ι
1630 3812 1853 3885 (Seria,
1882 3813 1940 3867 in

331 3921 400 3975 lib
426 3937 479 3975 v1
521 3917 777 3984 Eueni”
823 3931 943 3985 pag.
974 3911 1102 3981 451)
1154 3952 1168 3975 ,
1215 3908 1300 3964 vel
1349 3916 1407 3965 ut
1447 3907 1521 3962 ait
1563 3904 1790 3970 Festus,
1825 3924 1843 3956 ι
1882 3905 1937 3963 in

327 4015 470 4087 genii
506 4013 765 4069 honorem
802 4030 823 4063 ι
851 4006 1020 4078 (Fest.
1049 4006 1118 4063 ad
1145 4005 1349 4075 verbum
1383 4002 1683 4069 GENIALIS).
1711 4001 1939 4061 Persua-

326 4124 446 4167 sum
465 4107 660 4178 quippe
680 4104 885 4161 ethnici
913 4101 1180 4158 habebant
1197 4143 1211 4167 ,
1240 4096 1694 4168 quemadmodum
1726 4094 1943 4166 Angus-

324 4204 472 4260 tinus
498 4216 565 4257 ex
586 4197 802 4257 Valerio
849 4196 1057 4253 Sorano
1089 4191 1344 4265 (August.
1366 4233 1382 4255 ,
1414 4190 1501 4245 lib.
1537 4205 1607 4244 vu
1654 4190 1717 4243 de
1758 4185 1941 4251 Civit.,

328 4312 445 4365 cap.
505 4296 592 4359 15,
626 4310 749 4364 pag.
800 4289 1039 4360 l72),.et
1078 4287 1296 4342 Servius
1345 4283 1653 4349 annotavit,
1699 4282 1943 4349 singulos

329 4387 574 4445 homines
595 4400 750 4441 suum
779 4384 1003 4440 sortitos
1022 4395 1145 4438 esse
1164 4379 1381 4449 genium
1404 4420 1420 4440 ,
1446 4378 1539 4447 qui
1567 4377 1726 4431 etiam
1756 4390 1938 4430 rerum

328 4478 715 4551 gignendarum
739 4476 973 4533 habebat
1001 4481 1345 4545 potestatem.
1372 4470 1488 4539 Mos
1521 4478 1701 4523 autem
1733 4476 1853 4522 erat
1882 4476 1944 4520 ut
1976 4517 1981 4523 .

329 4574 506 4631 eidem
523 4574 682 4645 genio
707 4615 721 4635 ,
744 4581 903 4641 atque
923 4570 1084 4627 etiam
1107 4567 1310 4624 Telluri
1340 4574 1391 4620 et
1413 4563 1609 4629 lunoni
1628 4604 1643 4625 ,
1672 4571 1730 4616 ut
1750 4561 1825 4616 ait
1849 4559 1944 4613 ad-

331 4667 434 4721 huc
460 4666 677 4723 Servius
705 4663 902 4736 (Sera,
920 4663 1019 4717 loc.
1040 4663 1153 4727 cit.,
1177 4677 1233 4730 p.
1249 4659 1358 4721 ut)
1375 4668 1419 4711 et
1440 4674 1562 4728 pag.
1581 4656 1734 4720 325).
1752 4668 1941 4708 earum

330 4756 648 4827 praesidibus
664 4753 1051 4811 sacriﬁcarent.
1070 4751 1140 4808 At
1156 4752 1206 4805 id
1225 4750 1558 4821 potissimum
1578 4746 1919 4812 observaban

330 4838 384 4906 iu
415 4850 723 4921 nuptiarum
752 4847 1067 4909 solemniis,
1099 4855 1259 4915 atque
1292 4854 1419 4909 tunc
1445 4840 1783 4898 advocabant
1828 4857 1945 4899 ma-

326 4944 553 4998 ritorum
581 4942 821 5013 genium.
836 4952 903 5017 ut
926 4939 1052 4994 felix
1075 4938 1420 5007 faustumque
1443 4947 1589 4991 esset
1604 4936 1936 5007 coniugium,

330 5052 395 5092 ac
426 5037 580 5092 liberi
605 5036 803 5105 suscipi
835 5042 1073 5105 possent.
1102 5032 1462 5101 Quamobrem
1491 5029 1766 5105 Juvenalis
1792 5031 1935 5096 illos.

328 5129 421 5197 qui
445 5129 709 5200 genialem
743 5128 972 5189 lectum,
1012 5123 1342 5196 geniumque
1371 5122 1512 5177 haud
1549 5122 1714 5181 dubie
1756 5124 1936 5178 mariti

327 5222 629 5287 violabant,
655 5222 738 5279 bis
767 5219 1098 5277 carininibus
1120 5217 1414 5277 insectatur
1439 5215 1673 5289 (lavem,
1704 5217 1848 5277 salit.
1873 5217 1926 5285 6,

263 5318 267 5321 ’
330 5329 474 5371 vers.
514 5314 577 5369 21
605 5311 771 5385 e122)
799 5331 811 5366 :

421 5449 683 5510 Antiquom
709 5455 760 5498 et
784 5455 930 5496 vetus
957 5453 1033 5496 est
1051 5445 1287 5503 alienum,
1312 5446 1604 5501 Posthnme.
1635 5446 1814 5497 lectum

422 5510 719 5569 Concutere,
743 5516 797 5561 et
818 5512 944 5561 sacri
966 5510 1170 5573 genium
1194 5516 1520 5561 contemnere
1545 5510 1705 5561 fulcri.

403 5637 479 5692 De
510 5638 706 5693 lectulo
734 5650 912 5695 autem
946 5640 1172 5709 geniali,
1198 5639 1467 5711 solitoque
1490 5656 1611 5693 eum
1653 5641 1925 5696 sternendi

328 5739 381 5785 et
409 5729 632 5783 ornandi
674 5731 833 5784 modo
877 5732 1075 5786 videsis
1093 5731 1424 5805 Apuleium,
1462 5731 1720 5807 Lipsinm.
1764 5744 1925 5805 atque

328 5821 465 5878 alios
489 5819 691 5892 (Apul.,
715 5822 805 5876 lib.
828 5840 857 5878 Χ
885 5822 1123 5893 Melana,
1146 5826 1197 5879 in
1226 5823 1533 5895 ﬁn.;Lips.,
1561 5825 1647 5880 lib.
1670 5842 1709 5882 ιι
1728 5825 1920 5894 Elect.,

2019 484 2292 555 aspernati
2323 489 2482 543 sunt,
2513 495 2576 535 ac
2607 478 2986 551 repudiarunt.

2097 578 2267 635 Vetus
2288 577 2512 646 insuper
2539 573 2758 630 illorum
2801 572 3138 631 consuetudo
3163 572 3355 640 luerat,
3385 581 3439 628 ut
3467 590 3485 624 ι
3517 587 3606 628 nu-

2021 675 2258 732 bentium
2311 672 2551 737 crinem,
2589 687 2610 721 ι
2663 670 2739 725 ait
2787 667 3059 724 Arnobius
3108 667 3368 741 (Arnob.,
3419 664 3503 721 lib.
3532 683 3605 735 ιι,

2021 789 2145 843 pag.
2190 767 2307 840 9|),
2347 785 2367 819 ι
2403 764 2646 821 ctelibari
2693 765 2843 818 hasta
2883 781 2903 817 ι
2935 762 3267 839 mulcerent,
3320 760 3510 823 idest.
3557 770 3613 816 ut

2021 862 2206 920 scribit
2225 858 2547 915 Plutarchus
2563 855 2884 929 (Plutarch.,
2903 855 3092 923 Qutzu.
3110 871 3336 921 romam,
3351 849 3612 925 pag.235),

2023 953 2458 1011 discriminarent
2503 950 2672 1006 hastae
2722 948 2983 1017 cuspide,
3039 947 3124 1002 vel
3162 946 3315 1003 hasta
3364 959 3611 1009 recurva,

2026 1046 2480 1121 quemadmodum
2540 1045 2687 1102 canit
2727 1042 2953 1099 Ovidius
2995 1039 3218 1118 (Ovid.,
3257 1041 3347 1097 lib.
3395 1054 3432 1096 ιι
3461 1036 3618 1103 Fasl.,

2027 1161 2149 1216 pag.
2180 1142 2310 1216 .597)
2341 1161 2355 1195 :

2118 1257 2224 1325 Nec
2250 1258 2368 1319 tibi,
2392 1269 2505 1325 qua;
2526 1256 2715 1325 cupida:
2740 1262 2932 1325 matura
2954 1252 3197 1305 videbere
3223 1252 3367 1301 matri
3382 1289 3397 1325 ,

2180 1316 2630 1382 Comat'virgineas
2651 1316 2796 1369 hasta
2818 1329 3031 1368 recurva
3053 1327 3235 1367 comas.
3386 1318 3391 1327 '

2032 1423 2205 1495 Hujus
2235 1432 2412 1479 autem
2439 1425 2626 1489 moris,
2658 1423 2811 1493 cujus
2840 1422 3270 1477 immutationem
3298 1418 3499 1473 notavit
3526 1418 3619 1472 Ar-

2028 1517 2223 1571 nobius
2244 1559 2259 1584 ,
2287 1518 2464 1572 varias
2490 1517 2730 1572 rationes
2761 1514 2993 1571 reddunt
3028 1513 3169 1570 idem
3194 1511 3542 1581 Plutarchus,
3572 1518 3624 1567 et

2027 1609 2252 1678 Festus,
2285 1625 2421 1682 quos
2436 1611 2663 1668 consule
2694 1607 3020 1685 (Plutarch.,
3055 1608 3249 1679 Quwst.
3273 1623 3495 1675 romam,
3514 1622 3625 1678 pag.

2023 1705 2164 1771 285;
2197 1703 2358 1769 Fest,
2388 1706 2442 1759 in
2468 1705 2616 1760 verbo
2644 1701 2992 1775 CELIBARIS).

1959 1792 2010 1853 Β
2110 1801 2165 1853 In
2196 1798 2644 1855 consuetudinem
2676 1811 2892 1869 quoque
2917 1797 3045 1851 olim
3075 1803 3322 1863 venerat,
3350 1802 3406 1849 ut
3446 1790 3627 1861 puella-

2028 1913 2141 1951 rum
2172 1896 2403 1967 togulas,
2434 1894 2595 1949 verba
2623 1902 2748 1948 sunt
2775 1891 2999 1949 Arnobii
3033 1890 3322 1946 Fortunam
3364 1887 3629 1945 deferrent

2030 1991 2099 2045 ad
2118 1991 2419 2062 virginalem
2465 1987 2706 2063 (Arnob.,
2740 1988 2831 2042 lib.
2862 2002 2925 2053 ιι,
2951 2003 3071 2059 pag.
3101 1984 3218 2059 91).
3241 1982 3514 2053 Memoriae
3542 1997 3630 2036 auo

2032 2095 2137 2142 tem
2189 2083 2428 2154 prodidit
2469 2082 2792 2147 Plutarchus
2834 2082 2853 2151 (
2875 2079 3173 2143 Plutarcb.,
3210 2079 3409 2146 Quaest.
3446 2091 3633 2143 roman.

2030 2198 2085 2251 p.
2116 2179 2268 2253 28-1),
2292 2180 2535 2251 proxime
2561 2193 2590 2232 a
2614 2177 2770 2234 nobis
2802 2177 3074 2247 laudatus,
3105 2175 3375 2241 Servium,
3408 2173 3499 2244 qui
3526 2187 3636 2226 om-

2031 2275 2182 2329 nium
2214 2275 2455 2329 maxime
2484 2272 2721 2329 divinam
2752 2272 2861 2326 vim
2901 2271 3162 2326 Fortuna:
3213 2269 3473 2325 extulisse
3514 2264 3638 2320 lere-

2032 2370 2189 2424 batur
2209 2411 2223 2433 ,
2256 2370 2403 2422 varia
2434 2369 2482 2424 ei
2515 2367 2826 2424 condidisse
2855 2366 3091 2435 templa,
3124 2379 3190 2419 ex
3240 2362 3440 2435 quibus
3477 2373 3633 2415 unum

2030 2470 2167 2529 erat,
2216 2461 2464 2516 Fortuna:
2512 2461 2777 2533 Virginis.
2828 2457 2947 2516 me
2971 2459 3239 2537 Παρθένου.
3296 2455 3437 2511 Alibi
3477 2466 3639 2508 vero:

2039 2571 2058 2604 ι
2097 2554 2177 2607 Ad
2209 2552 2444 2619 fontem,
2474 2573 2492 2606 ι
2531 2554 2706 2623 inquit
2729 2552 2747 2626 (
2769 2550 2952 2617 Idem,
2981 2550 3070 2604 lib.
3100 2550 3164 2605 de
3203 2547 3432 2603 Forum.
3468 2544 3638 2609 Rana,

2034 2662 2156 2717 pag.
2201 2645 2306 2700 5‘22
2342 2655 2391 2700 el
2435 2644 2591 2716 δρψ),
2629 2665 2649 2698 ι
2692 2647 2781 2718 qui
2835 2657 3125 2699 muscosus
3170 2642 3374 2698 dicitur
3429 2636 3645 2710 Virginis

2035 2739 2213 2794 adhuc
2242 2737 2489 2793 Fortuna:
2513 2739 2695 2793 famtm
2724 2749 2808 2793 est
2838 2737 3090 2813 Παρθένου
3112 2738 3302 2813 Tox»;
3329 2733 3461 2810 ἱερὸν
3480 2732 3640 2787 ἔστι.)

2036 2832 2186 2888 lianc
2215 2843 2398 2887 autem
2428 2848 2550 2888 esse
2580 2812 2931 2897 existimant,
2960 2829 3028 2883 de
3054 2842 3155 2897 qua
3178 2812 3415 2881 'Auctnr
3466 2825 3642 2878 noster

2034 2926 2288 2998 loquitur.
2335 2925 2448 2983 Nec
2471 2926 2668 2982 desunt
2692 2925 2780 2995 qui
2809 2931 3002 2994 putent
3030 2921 3176 2975 illam
3205 2918 3462 2975 eamdem
3490 2928 3605 2970 esse
3625 2954 3639 2977 ,

2036 3038 2157 3091 qua:
2188 3023 2256 3076 ab
2285 3020 2584 3091 Augustino
2611 3018 2808 3073 dicitur
2833 3017 2936 3071 dea
2981 3012 3303 3086 Virginensis
3322 3054 3339 3080 ,
3379 3019 3640 3082 quamque

2036 3131 2159 3171 cum
2191 3131 2345 3171 novae
2383 3124 2561 3184 nupta:
2602 3113 2792 3184 virgini
2834 3126 2969 3166 zona
3009 3108 3362 3174 solvebatur,
3398 3107 3648 3161 invocare

2043 3224 2162 3264 mos
2183 3218 2301 3265 erat
2330 3206 2596 3279 (August..
2630 3204 2722 3259 lib.
2741 3219 2796 3259 tv
2826 3205 2889 3257 de
2916 3204 3093 3269 Civit.,
3124 3218 3242 3271 cap.
3274 3201 3366 3265 11,
3398 3216 3516 3271 pag.
3544 3192 3649 3268 97).

2118 3303 2316 3357 Matres
2339 3314 2470 3354 varo
2488 3297 2741 3362 familias,
2767 3296 2839 3350 uti
2864 3295 3039 3350 adhuc
3062 3294 3134 3348 ait
3154 3293 3461 3357 Arnobius,
3486 3302 3652 3359 quon-

2043 3396 2167 3451 dam
2195 3397 2247 3449 in
2271 3396 2538 3449 domorum
2569 3392 2716 3445 atriis
2732 3390 3099 3461 operabantur
3117 3430 3134 3456 ,
3163 3399 3217 3443 et
3247 3388 3380 3443 vino
3397 3384 3652 3456 jubeban-

2045 3500 2132 3544 tur
2176 3489 2446 3544 abstinere
2488 3486 2728 3559 (Arnob.,
2753 3486 2841 3540 lib.
2876 3501 2934 3552 ιι,
2980 3501 3099 3557 pag.
3138 3480 3260 3555 91).
3309 3481 3481 3539 Addit
3505 3479 3655 3547 hujus

2045 3584 2385 3639 abstinentia:
2415 3581 2707 3654 probandae
2730 3595 2910 3645 causa,
2938 3580 3026 3649 jus
3054 3577 3315 3633 afﬁnibus
3345 3587 3402 3634 et
3431 3577 3649 3649 propin-

2045 3681 2169 3750 quis
2194 3678 2360 3734 fuisse
2397 3693 2488 3733 eas
2515 3676 2820 3733 osculandi.
2854 3672 3108 3730 Mulieres
3152 3688 3290 3729 vero
3321 3688 3431 3727 non
3462 3668 3655 3734 inﬁmi,

2048 3775 2144 3832 sed
2191 3773 2348 3839 primi
2388 3773 2548 3828 etiam
2607 3770 2845 3836 ordinis,
2894 3768 3163 3833 laniﬁcio,
3205 3764 3660 3833 conﬁciendisque

2047 3869 2291 3924 vestibus
2320 3883 2538 3937 operam
2569 3866 2785 3921 dedisse
2803 3879 2873 3920 ex
2902 3864 2967 3917 iis
2993 3872 3161 3931 patet,
3186 3876 3310 3931 qua:
3334 3861 3405 3916 de
3429 3861 3661 3929 Angusto

2048 3960 2263 4016 Cmsare
2292 3959 2583 4015 Suetonius
2616 3940 2799 4010 narrat
2829 3972 2844 4007 :
2883 3972 2903 4005 ‹
2943 3952 3105 4007 Veste
3150 3967 3255 4007 non
3289 3960 3497 4007 temere
3523 3947 3656 4010 alia,

2049 4072 2208 4128 quam
2229 4055 2520 4110 domestica
2546 4067 2673 4107 usus
2690 4059 2794 4117 est,
2815 4050 2881 4104 ab
2902 4063 3095 4111 uxore,
3124 4058 3175 4101 et
3208 4062 3429 4113 sorore,
3461 4053 3515 4100 et
3529 4041 3656 4108 ﬁlia,

2050 4148 2410 4218 neptibusque
2429 4144 2676 4199 confecta
2716 4162 2733 4193 ι
2788 4139 3056 4214 (Sueton.,
3083 4137 3172 4192 lib.
3204 4154 3273 4204 ιι,
3305 4137 3361 4191 in
3390 4137 3480 4191 vit.
3503 4133 3655 4205 Aug.,

2050 4259 2168 4312 cap.
2200 4242 2315 4308 75).
2338 4239 2495 4293 Prius
2520 4251 2653 4293 vero
2683 4234 2825 4303 quod
2855 4235 3025 4304 magis
3054 4231 3122 4286 ad
3160 4231 3506 4302 prOpositum
3538 4240 3658 4283 nos-

2050 4342 2191 4386 trum
2220 4330 2365 4397 facit,
2390 4329 2458 4384 de
2489 4329 2580 4382 illo
2602 4328 2844 4382 dixerat:
2875 4324 3097 4380 «Filiam
3121 4330 3174 4377 et
3204 4322 3489 4392 ueptesita
3512 4316 3659 4373 iusti.

2049 4426 2149 4480 tuit
2166 4470 2181 4493 ,
2208 4435 2262 4479 ut
2292 4424 2453 4479 etiam
2482 4422 2718 4477 laniﬁcio
2740 4417 3125 4482 assuefaceret,
3149 4425 3473 4485 vetaretque
3499 4410 3657 4481 loqui,

2050 4527 2144 4574 aut
2170 4534 2329 4590 agere
2358 4517 2653 4587 quidpiam,
2687 4516 2786 4570 nisi
2816 4514 3113 4584 propalam,
3149 4510 3371 4580 etquod
3420 4513 3473 4563 in
3516 4506 3657 4561 diur-

1967 4616 2023 4678 D
2053 4629 2151 4667 nos
2182 4611 2599 4681 commentarios
2623 4608 2915 4665 referretur
2953 4626 2971 4659 ι
3008 4604 3201 4677 (Idem,
3244 4619 3366 4675 cap.
3389 4599 3506 4675 64).
3534 4600 3657 4656 Eam

1924 4692 1948 4799 ἱ
2050 4704 2415 4777 proculdubio
2436 4703 2506 4758 ob
2536 4718 2649 4757 rem
2674 4700 2932 4771 Virgilius
2950 4696 3141 4754 IEnea:
3166 4706 3373 4768 togam,
3404 4711 3434 4771 a
3462 4692 3657 4749 Didone

2050 4806 2253 4855 textam
2273 4839 2288 4861 ,
2314 4797 2403 4851 his
2426 4796 2669 4852 versibus
2699 4792 2931 4848 cecinit:
3034 4808 3040 4812 ·

2553 4906 2799 4970 Tyrioque
2826 4902 3029 4963 ardebat
3051 4903 3241 4952 murice
3263 4901 3418 4970 ligna,

2142 4974 2371 5024 Demissa
2397 4985 2461 5021 ex
2484 4964 2734 5027 humeris,
2753 4968 2895 5015 dit-cs
2915 4978 3027 5027 quae
3051 4977 3258 5014 munera
3281 4964 3417 5015 Dido

2144 5038 2378 5099 Fecerat,
2405 5042 2457 5085 et
2485 5033 2622 5084 tenui
2652 5030 2779 5083 telas
2799 5029 3115 5080 discreveret
3138 5040 3277 5083 auro.
3344 5028 3349 5033 ’

2380 5111 2612 5183 (Virgil.,
2639 5110 2723 5167 lib.
2750 5127 2797 5162 ιν
2820 5108 3041 5177 Eadd,
3064 5122 3229 5165 versus
3254 5109 3353 5164 262
3377 5113 3425 5167 et
3446 5102 3602 5179 seqq.)

2042 5223 2330 5294 Superioni
2376 5232 2554 5279 autem
2586 5220 2649 5279 .in
2695 5218 2853 5279 libro,
2876 5223 3151 5279 memorat
3176 5215 3243 5275 ab
3273 5209 3654 5279 Andromache

2048 5317 2331 5390 phrygiam
2357 5314 2699 5385 chlamydem
2728 5312 2898 5384 ipsius
2916 5310 3170 5375 manibus
3196 5318 3535 5381 contextam,
3552 5304 3657 5371 bis-

2045 5427 2152 5483 que
2179 5410 2358 5465 verbis
2376 5409 2565 5465 .datam
2600 5407 2837 5465 Ascanio
2866 5425 2885 5461 ξ

2142 5501 2325 5565 Accipe
2350 5507 2402 5550 et
2418 5500 2551 5566 haec.
2574 5512 2800 5566 manuum
2827 5498 2918 5566 tibi
2942 5510 3054 5566 qua;
3076 5501 3401 5566 monumenta
3437 5501 3652 5553 mearum

2146 5560 2276 5622 Sint,
2301 5577 2441 5627 puer,
2466 5568 2515 5612 et
2541 5560 3129 5627 longumAndrotiiacbes
3147 5564 3652 5627 testentucamor‘cm.

2668 5623 2854 5683 (Idem,
2876 5619 2963 5672 lib.
2992 5638 3061 5679 ιιι,
3086 5634 3213 5675 vers.
3241 5621 3346 5672 485
3366 5622 3421 5671 et
3438 5616 3566 5683 seq.)

2044 5735 2306 5804 Denique.
2341 5741 2397 5786 ut
2425 5730 2578 5801 plura
2612 5728 2773 5782 missa
2803 5726 3087 5795 faciamus,
3113 5724 3654 5794 AlexanderMagnus

2046 5825 2375 5900 Sysigambi,
2404 5818 2545 5878 Darii
2594 5821 2739 5892 regis
2793 5821 2975 5891 matri,
3024 5818 3231 5898 dixisse
3286 5817 3650 5899 perhibetur:
