3904 6326
353 300 463 358 ΗΘ

1646 300 1714 357 ΙΝ
1753 295 2128 365 ARNOBIUM,
2159 298 2310 357 CAP.
2357 299 2419 357 V.

3557 303 3664 362 450

366 416 555 482 Mater,
581 417 716 470 lianc
742 423 947 480 vestem,
977 428 1077 486 qua
1103 413 1314 468 indutus
1332 429 1462 478 sum,
1493 429 1724 469 sororum
1752 432 1851 468 non
1877 430 1959 468 so-
1989 413 2039 472 Α
2065 411 2248 467 Citatis
2279 423 2454 468 autem
2484 412 2622 469 Livii
2666 411 2844 468 verbis
2883 412 3149 483 intelliges
3174 427 3202 468 a
3232 412 3490 470 Romanis
3538 425 3663 472 exta

363 511 470 563 lum
495 510 688 562 donum
713 508 801 564 sed
843 509 993 562 etiam
1017 525 1144 579 Opus
1174 507 1329 562 uides.
1362 506 1626 561 Arnobius
1651 522 1812 576 porro
1843 521 1962 560 ma-

364 600 719 657 tresfamilias
746 602 945 672 arguit,
976 617 1098 672 qua:
1123 601 1321 655 nullam
1353 599 1580 670 amplius
1601 600 1652 654 in
1677 598 1961 654 domorum

363 694 517 748 atriis
537 708 758 764 Operam
791 692 1025 748 laniﬁcio
1044 693 1255 748 darent.
1285 692 1358 746 De
1390 691 1473 746 his
1504 692 1655 761 plura
1681 690 1962 761 Tiraquel-

362 787 448 843 lus
473 773 632 857 quem
661 789 706 842 si
733 788 902 850 lubet,
943 785 1092 842 adire
1124 785 1328 853 poteris
1355 784 1562 857 (Quint.
1595 782 1744 849 Cur.,
1783 783 1867 837 lib.
1906 797 1962 850 v,

361 883 512 954 longe
536 891 651 952 post
671 882 905 944 initium;
930 879 1217 952 Tiraquel.,
1246 880 1300 934 in
1322 879 1420 950 leg.
1443 876 1531 946 10,
1555 875 1808 943 Connub.,
1841 876 1870 948 §
1893 874 1963 931 38

360 986 409 1030 et
435 993 568 1046 seq.,
603 992 720 1046 pag.
752 973 860 1028 902
884 981 930 1028 et
955 972 1144 1043 δείνῳ).

439 1069 714 1124 Testatum
739 1082 869 1123 vero
902 1065 1187 1138 Dionysius
1228 1064 1669 1120 Halicarnasseus
1698 1063 1826 1117 facit
1854 1061 1963 1116 vini

364 1178 464 1216 usu
496 1177 524 1214 a
551 1160 784 1216 Romulo
807 1159 1123 1213 mulieribus
1142 1157 1512 1213 interdictum.
1531 1156 1783 1228 Polybius
1812 1169 1961 1219 vero,

364 1252 706 1318 Plutarchus,
757 1251 994 1317 Plinius,
1026 1265 1092 1305 ac
1119 1249 1324 1304 Gellius
1362 1249 1653 1303 observant
1702 1247 1963 1318 probandi

367 1361 532 1403 causa
563 1355 742 1400 utrum
772 1345 954 1398 vinum
983 1343 1265 1409 bibissent,
1286 1343 1753 1408 statutum,utiait
1786 1344 1965 1397 Arno-

360 1439 482 1495 bius
513 1482 529 1506 ,
563 1439 749 1505 fuisse,
782 1448 840 1492 ut
858 1452 949 1492 eas
978 1437 1190 1507 cognati
1218 1437 1297 1490 sui
1325 1435 1724 1491 oscularentnr.
1744 1433 1964 1488 Tertul-

363 1536 541 1591 lianns
571 1549 734 1604 porro
753 1575 767 1600 ,
799 1544 853 1587 ut
881 1547 980 1587 suo
1009 1531 1129 1586 loco
1155 1529 1507 1585 ostendemus
1528 1573 1541 1595 .,
1573 1528 1705 1585 vitio
1733 1527 1966 1584 ethnicis

357 1630 555 1695 vertit,
589 1628 731 1699 quod
763 1627 906 1682 hunc
934 1625 1217 1682 mulierum
1260 1625 1387 1679 vino
1427 1622 1727 1680 abstinendi
1760 1635 1965 1676 morem

362 1723 698 1779 aboleverint
734 1721 976 1794 (Dionys.
1037 1717 1239 1782 Halic.,
1285 1719 1374 1772 lib.
1424 1733 1461 1773 ιι
1508 1716 1684 1788 Antiq.
1739 1733 1964 1785 roman”

363 1837 416 1888 ρ.
449 1817 521 1876 95
551 1828 597 1871 et
623 1832 750 1887 ηιμ
781 1814 965 1886 Polyb.
1001 1814 1143 1884 apud
1184 1813 1500 1878 Athenium,
1545 1811 1631 1866 lib.
1677 1829 1711 1866 ι
1748 1811 1962 1883 Deipn.,
1995 1818 2044 1879 Β

361 1909 606 1984 ρα9.4ω
625 1920 672 1964 et
694 1925 855 1980 aeqq.;
886 1901 1182 1973 Plutarch,
1209 1906 1404 1974 Quart.
1429 1921 1656 1972 romam,
1676 1921 1798 1977 pag.
1830 1903 1958 1969 965;

362 2003 538 2071 Pliu.,
578 2003 664 2058 lib.
699 2018 786 2058 xw
814 2001 948 2057 Hist.
979 2011 1178 2060 natum.
1209 2017 1324 2068 cap.
1361 2001 1447 2064 i3,
1485 2017 1602 2071 pag.
1639 2000 1762 2064 Mil;
1797 1997 1959 2062 Gell.,

356 2099 453 2154 lib.
480 2115 512 2154 χ
536 2096 693 2152 Noct.
736 2097 916 2156 Attia,
946 2112 1063 2164 cap.
1095 2095 1188 2158 εἴη
1219 2093 1460 2159 Tertull.,
1491 2092 1690 2164 Apolag
1721 2135 1736 2158 ,
1759 2109 1874 2164 cap.
1903 2091 1960 2156 6,

359 2211 482 2265 pag.
509 2193 564 2256 'l;
598 2191 818 2246 Diuert.
847 2192 900 2244 in
946 2187 1277 2249 Tertullian..
1303 2206 1417 2257 cap.
1451 2188 1539 2251 18,
1572 2196 1674 2241 art.
1702 2187 1782 2255 ii).

433 2285 602 2356 Urget
642 2285 817 2339 adhuc
855 2283 1144 2345 Arnobius,
1178 2281 1518 2350 ethnicisqne
1558 2280 1795 2349 obiectat
1840 2294 1962 2334 cum

360 2379 657 2450 antiquitus
691 2377 950 2436 candidos
985 2386 1188 2432 tantum
1239 2385 1420 2431 tauros
1449 2373 1505 2428 in
1538 2383 1720 2428 monte
1755 2372 1964 2428 Albano

355 2473 644 2528 immolare
668 2473 748 2529 eis
773 2471 1035 2537 licuisset,
1059 2478 1279 2526 senatus
1314 2478 1498 2540 postea
1536 2467 1785 2523 consulto
1821 2480 1962 2535 pra:-

355 2570 642 2639 scriptum.
657 2578 713 2622 ut
729 2567 985 2638 deinceps
998 2565 1162 2622 rufuli
1185 2561 1766 2621 mactarentur.Narrat
1785 2569 1964 2616 antem

355 2661 543 2716 Livius
568 2660 669 2715 sub
695 2659 874 2714 Tullio
900 2659 1266 2713 Romanorum
1296 2672 1423 2727 rege
1450 2657 1502 2710 in
1530 2663 1715 2709 mente
1749 2653 1960 2708 Albano

359 2753 630 2824 lapidibus
652 2753 870 2822 pluisse,
896 2765 958 2806 ac
978 2759 1124 2814 tune,
1149 2748 1324 2820 inquit
1348 2766 1361 2802 :
1399 2747 1547 2802 «Visi
1565 2746 1752 2802 audire
1777 2759 1965 2800 vocem

360 2850 639 2919 ingentem
667 2861 733 2901 ex
762 2844 958 2899 summi
1001 2842 1300 2899 cacuminis
1337 2842 1493 2903 loco:
1540 2849 1597 2895 ut
1645 2839 1820 2910 patrio
1861 2839 1968 2894 ritu

361 2957 518 2998 sacra
549 2941 738 2996 Albani
768 2939 1040 3003 iacerent,
1073 2954 1193 3006 quae
1237 2937 1384 2992 velut
1409 2935 1516 2990 diis
1553 2949 1767 3004 quoque
1807 2931 1968 2987 simul

361 3051 488 3092 cum
536 3034 703 3106 patria
749 3033 970 3100 relictis,
1021 3031 1277 3087 oblivioni
1331 3029 1599 3085 dederunt
1636 3048 1654 3080 ι
1722 3026 1964 3100 (Arnob.,

363 3129 456 3182 lib.
491 3143 526 3183 tt
549 3171 564 3190 ,
601 3144 717 3198 pag.
745 3126 836 3193 91;
857 3125 1010 3191 Lit,
1041 3125 1132 3181 lib.
1156 3140 1200 3189 ι,
1233 3142 1350 3196 cap.
1381 3121 1496 3194 51).

357 3317 487 3388 quid
531 3318 670 3372 inter
701 3332 822 3381 nos,
855 3332 918 3371 ac
957 3317 1188 3387 majores
1212 3315 1439 3372 intersit.
1489 3315 1571 3370 illi
1611 3329 1762 3371 sacra
1809 3331 1960 3387 quaa-

356 3411 483 3465 dam
515 3410 566 3464 in
600 3419 782 3468 monte
807 3410 1021 3468 Albano
1042 3409 1370 3480 Lavinioquc
1399 3410 1555 3466 nobis
1601 3409 1846 3466 facienda
1876 3427 1960 3468 re-

359 3503 629 3574 liquerant
664 3524 683 3557 ι
741 3502 968 3576 (Mean,
1003 3503 1093 3558 lib.
1121 3520 1175 3571 v,
1205 3521 1318 3575 cap.
1354 3504 1466 3574 52).
1500 3503 1719 3560 Litteris
1749 3519 1961 3575 quoque

355 3612 394 3651 a
423 3596 681 3669 Dionysio
702 3595 1134 3668 Halycarnassee
1160 3595 1430 3666 proditum
1453 3594 1684 3666 legimus
1705 3595 1957 3667 (Dionys.

363 3691 628 3755 Halicar.,
679 3689 765 3744 lib.
819 3706 904 3754 tv,
963 3706 1083 3760 pag.
1111 3687 1266 3759 950),
1314 3698 1374 3743 ut
1413 3687 1580 3743 ictum
1609 3703 1637 3741 a
1669 3687 1962 3758 Tarquinio

357 3799 486 3840 cum
521 3782 726 3838 Volscis
745 3791 800 3840 et
823 3781 1067 3846 Hernicis
1105 3780 1282 3846 (edas
1311 3791 1632 3851 perpetimur;
1659 3789 1824 3846 esset,
1855 3793 1963 3834 uno

356 3877 601 3933 omnium
620 3890 888 3932 consensu
913 3875 1185 3932 decretum
1209 3876 1371 3930 ferias
1391 3875 1677 3945 quotannis
1698 3875 1751 3928 in
1779 3883 1961 3940 monte

347 3970 490 4038 alta,
522 3968 674 4028 Alba:
713 3968 1027 4023 imminente
1049 4010 1063 4035 ,
1095 3967 1478 4031 celebrandas,
1509 3966 1597 4021 ubi
1643 3980 1794 4022 sacra
1842 3964 1961 4020 Jovi

355 4063 562 4120 Latiari
592 4062 802 4124 licunt.
835 4071 891 4118 et
917 4061 1220 4116 communis
1265 4061 1504 4114 omnium
1533 4059 1747 4115 victima
1776 4066 1961 4113 taurus

351 4156 682 4215 crederetur.
700 4154 890 4210 Nonne
909 4167 1090 4211 autem
1107 4155 1375 4210 Arnobius
1393 4162 1604 4209 taurum
1627 4153 1770 4208 hunc
1797 4152 1962 4208 fuisse

236 4281 246 4288 -
356 4250 540 4310 album
571 4248 763 4316 innuit,
789 4262 856 4303 ac
881 4246 950 4303 de
981 4247 1143 4318 huius
1169 4247 1307 4303 ritus
1331 4247 1707 4302 immutatione
1729 4260 1963 4315 conque-

393 4344 406 4356 '
513 4343 540 4397 ν

355 4354 673 4491 lminiter-ius
702 4431 1011 4487 mutationis
1037 4431 1130 4490 ille
1156 4431 1377 4486 eosdem
1401 4430 1650 4487 ethnicos
1675 4429 1762 4484 bis
1781 4429 1961 4486 verbis

339 4540 579 4586 accusat
607 4547 619 4582 :
658 4546 678 4580 ‹
713 4525 846 4582 Cum
877 4525 1110 4580 Romulo
1157 4524 1528 4595 Pompilioqne
1567 4522 1916 4594 reg-nantibus
1941 4564 1957 4589 ,

352 4632 611 4694 percocta
641 4620 796 4690 plane
825 4634 887 4674 ac
915 4617 1128 4674 madida
1157 4626 1636 4674 concremarem"
1662 4616 1766 4671 diis
1789 4625 1912 4672 exta
1937 4658 1952 4680 ,
1982 4618 2038 4682 Β

353 4736 542 4778 nonne
566 4734 692 4789 rege
717 4716 818 4772 sub
855 4715 1052 4782 Tull-io,
1084 4712 1384 4770 semicruda
1417 4712 1665 4783 cmpistis
1689 4722 1742 4767 et
1771 4713 1960 4767 leviter

353 4815 592 4868 anima-ta
645 4809 957 4881 pom-icere?
993 4827 1012 4860 ν
1049 4809 1288 4878 (Arnob,
1343 4807 1432 4862 lib.
1456 4823 1518 4869 ll,
1559 4824 1677 4878 pag.
1729 4805 1845 4877 91.)
1893 4806 1963 4861 At

355 4905 546 4963 Livius
569 4912 691 4975 post
735 4902 1036 4970 descriptas
1064 4900 1332 4969 Scipionis
1359 4915 1549 4969 preces
1597 4899 1940 4955 continenter

353 4999 556 5069 adjecit
588 5014 603 5052 :
635 5016 658 5050 ι
709 4995 1013 5056 Secundum
1050 5009 1144 5049 eas
1167 5008 1354 5064 preces
1397 4993 1564 5048 cruda
1608 5000 1731 5048 exta
1753 5035 1767 5058 ,
1821 5006 1961 5047 caesa

349 5098 599 5160 victima,
628 5095 704 5151 uti
734 5108 885 5154 mos,
917 5093 970 5145 in
997 5105 1147 5148 mare
1173 5090 1396 5162 porricit
1430 5110 1450 5144 ι
1477 5088 1644 5161 (bim,
1687 5089 1778 5144 lib.
1809 5104 1959 5156 xm,

353 5209 474 5262 cap.
504 5187 621 5262 27).
675 5187 744 5243 Et
770 5185 1026 5257 Virgilius
1056 5201 1071 5238 :

1355 5275 1588 5340 Extaque
1610 5277 1765 5327 salsos

450 5346 724 5404 Pot-eictam
749 5345 804 5405 in
825 5343 1023 5400 ﬂuctus.

893 5421 1130 5490 (Virgil.,
1155 5419 1239 5483 lib.
1267 5436 1313 5480 tv
1339 5421 1554 5484 (Euasit,
1582 5434 1707 5482 vers,
1737 5421 1870 5486 153.)

359 5534 495 5603 Quae
518 5531 736 5604 quidem
771 5530 894 5586 ideo
919 5537 1168 5584 notamus
1187 5568 1203 5593 ,
1238 5536 1350 5590 tum
1377 5526 1501 5598 quia
1529 5525 1599 5584 de
1627 5527 1970 5586 victimarum

357 5627 502 5698 eatis
519 5629 716 5700 agitur,
743 5633 798 5682 et
821 5632 1048 5694 uterque
1069 5621 1306 5692 scriptor
1333 5620 1500 5676 utitur
1523 5620 1691 5678 verbo
1721 5620 1975 5690 porricere

364 5736 466 5794 pce
490 5719 816 5793 sacriﬁcare.
846 5718 1007 5784 Plura
1036 5727 1220 5780 autem
1239 5713 1308 5770 de
1332 5713 1437 5776 hoc
1453 5713 1622 5775 verbo
1647 5711 1972 5777 Macrobius,

363 5831 524 5890 quem
545 5814 731 5890 legere
748 5810 1251 5890 poteris(1llacroh.,
1271 5808 1361 5866 lib.
1381 5824 1420 5866 ιι
1442 5807 1740 5875 Saturnal.,
1759 5824 1873 5878 cap.
1894 5807 1976 5881 Ξ).

2065 522 2170 562 non
2201 518 2445 576 percocta
2464 549 2479 573 ,
2513 508 2586 562 uti
2613 507 2713 563 sub
2739 507 2971 562 Romqu
2991 517 3044 561 et
3065 505 3348 578 Pompilio,
3377 523 3475 562 nec
3501 509 3664 564 semi-

2065 599 2227 656 cruda
2250 642 2266 668 ,
2296 609 2353 656 ut
2374 600 2472 654 sub
2502 599 2676 656 Tullio
2696 645 2711 670 ,
2737 600 2832 662 sed
2857 602 3022 666 cruda
3063 601 3222 672 plane
3262 612 3505 674 porrecta
3551 603 3667 660 sive

2066 693 2361 751 sacrificam
2391 693 2576 752 fuisse.

2141 788 2378 861 Denique
2415 788 2722 853 Arnobius:
2774 809 2792 844 t
2830 791 2968 852 Ante
3015 789 3303 858 adventum
3353 791 3407 856 in
3457 790 3667 856 Italiam

2065 879 2344 948 Herculis,
2377 896 2496 936 cum
2522 897 2589 936 ex
2611 881 2891 949 Apollonis
2921 883 3123 936 monitu
3155 882 3290 958 patri
3325 881 3428 942 Diti
3450 924 3464 945 ,
3495 882 3668 938 etSa-

2068 982 2224 1034 turno
2248 973 2496 1036 humanis
2522 972 2785 1044 capitibus
2812 973 3200 1044 suuplicaretur
3219 1014 3235 1042 ,
3259 981 3313 1034 et
3341 973 3482 1038 hunc
3509 973 3666 1038 simi-

2070 1065 2186 1119 liter
2209 1081 2411 1120 morem
2437 1065 2622 1120 fraude
2642 1065 2912 1130 eallidula,
2938 1074 2992 1119 et
3022 1066 3299 1120 nominum
3321 1065 3671 1135 ambiguitate

2069 1160 2313 1224 mutastis
2347 1179 2366 1211 ι
2399 1158 2636 1234 (Ανηοὺ.³
2668 1158 2755 1224 lib.
2789 1175 2825 1226 ι,
2854 1174 2974 1230 pag.
3003 1157 3116 1230 91).
3141 1157 3330 1212 Totam
3359 1159 3496 1213 hanc
3525 1157 3671 1214 frau-

2068 1253 2189 1308 dem
2217 1254 2405 1325 retegit
2426 1255 2766 1324 cxplicatque
2792 1253 2874 1307 his
2901 1251 3198 1308 Macrobius
3227 1253 3408 1308 verbis
3434 1272 3445 1320 :_
3480 1272 3498 1304 ‹
3535 1254 3670 1308 Cum

2067 1348 2159 1404 diu
2213 1349 2460 1406 humanis
2503 1349 2766 1420 capitibus
2809 1347 3016 1410 Ditem,
3050 1355 3104 1414 et
3141 1346 3380 1401 virorum
3435 1346 3670 1412 victimis

2069 1445 2356 1504 Saturnum
2382 1443 2598 1515 placare
2617 1458 2677 1498 se
2700 1440 3021 1510 crederent,
3049 1449 3273 1514 propter
3303 1441 3581 1507 oraculum
3613 1440 3675 1505 in

2069 1553 2175 1608 quo
2203 1547 2318 1594 erat
2353 1555 2366 1592 :

2071 1760 2354 1816 Herculem
2383 1761 2561 1816 ferunt
2587 1771 2771 1832 postea
2809 1777 2933 1816 cum
2959 1760 3224 1833 Geryonis
3251 1775 3447 1832 pecore
3488 1759 3542 1814 in
3573 1757 3676 1814 ita.

2072 1853 2195 1908 liam
2219 1863 2602 1922 revertentem,
2622 1855 2858 1910 suasisse
2877 1855 3089 1910 illorum
3126 1854 3379 1924 posteris,
3403 1863 3462 1908 ut
3481 1852 3675 1909 faustis

2065 1946 2344 2002 sacriﬁciis
2373 1945 2605 2001 infausta
2648 1954 2953 2014 mutarent,
2983 1947 3278 2002 inferentes
3305 1947 3408 2002 Diti
3435 1962 3542 2002 non
3576 1947 3674 2001 bo-p

2066 2039 2270 2094 minum
2297 2039 2489 2110 capita,
2508 2039 2602 2095 sed
2625 2038 2778 2095 ocilla
2798 2039 2865 2093 ad
2890 2039 3183 2094 humanam
3203 2037 3437 2110 effigiem
3459 2050 3576 2094 arte
3596 2039 3676 2094 sic

2067 2134 2297 2199 mulata;
2322 2142 2514 2188 etaras
2539 2133 2820 2189 Saturniae
2842 2149 2949 2187 non
2971 2133 3258 2188 mactanda
3275 2133 3443 2200 viros,
3461 2133 3555 2188 sed
3583 2148 3675 2189 aeq

2067 2227 2244 2282 censis
2271 2226 2564 2281 luminibus
2591 2225 2936 2290 excolentes;
2967 2225 3090 2295 quia
3120 2240 3229 2280 non
3257 2226 3430 2281 solum
3459 2226 3632 2280 virum
3654 2265 3674 2292 ,

2066 2320 2162 2376 sed
2193 2329 2247 2376 et
2269 2321 2468 2376 lumina
2499 2329 2640 2395 φῶτα
2675 2320 2977 2390 significant
3012 2339 3033 2372 ι
3067 2319 3354 2392 (Macrob.,
3407 2319 3496 2374 lib.
3526 2337 3542 2374 ι
3572 2321 3678 2376 δα.

2068 2416 2493 2488 turnal.,cap.2,
2514 2433 2635 2488 pag.
2651 2414 2803 2486 207).
2828 2415 2983 2482 Quod
3009 2415 3102 2470 ille
3132 2430 3239 2470 non
3270 2415 3441 2471 semel
3472 2413 3677 2470 dixisse

2067 2517 2351 2566 contentus
2371 2549 2388 2573 ,
2411 2507 2464 2562 in
2486 2508 2676 2563 eodem
2705 2507 2881 2563 adhuc
2903 2507 3042 2564 libro
3069 2509 3268 2580 repetit
3291 2506 3489 2579 (Idem,
3520 2507 3678 2574 ibid.,

2067 2617 2185 2671 cap.
2220 2601 2308 2667 11,
2334 2617 2456 2670 pag.
2481 2596 2635 2671 ﬁli).

2140 2691 2338 2747 Verum
2356 2691 2688 2758 Lactantius,
2704 2691 2794 2762 qui
2825 2691 3128 2763 ambiguam
3150 2691 3308 2763 hujus
3332 2693 3480 2748 vocis
3509 2693 3678 2765 signi-

2073 2785 2376 2841 ficationem
2407 2786 2612 2841 notavit
2638 2783 2928 2855 (Lactant.,
2957 2786 3048 2841 lib.
3077 2802 3130 2842 γι
3151 2787 3255 2840 diu.
3286 2784 3449 2851 Inat.,
3474 2803 3592 2857 cap.
3613 2787 3676 2852 2,

2072 2895 2193 2949 pag.
2227 2877 2387 2948 546),
2419 2877 2558 2933 hanc
2588 2877 2864 2934 historiam
2911 2878 3070 2947 paulo
3091 2878 3284 2946 aliter,
3316 2878 3678 2948 quemadmo.

2071 2969 2198 3024 dum
2230 2971 2519 3042 Dionysius
2564 2969 3039 3039 Halicarnasseus,
3087 2980 3330 3028 enarrat.
3375 2970 3463 3026 illi
3491 2971 3677 3041 enim,

2071 3061 2211 3120 sicut
2236 3063 2306 3118 ab
2332 3063 2522 3119 eodem
2553 3062 2829 3118 Lactantio
2879 3063 3076 3119 citatus
3105 3063 3326 3128 Ovidius
3361 3064 3531 3120 solius
3553 3065 3679 3136 qui-

1196 3169 1207 3232 :
1233 3142 1350 3232 ΜΡ·
1381 3121 1661 3232 δυ’·λιξίξί
1680 3121 1968 3232 θ²¹ξξξ¹ξ¹¹ξη
1999 3219 2036 3232 η
2077 3158 2199 3213 dem
2231 3155 2447 3212 Saturni
2478 3157 2806 3213 mentionem
2856 3157 3092 3224 iaciunt;
3122 3121 3218 3212 sed
3243 3157 3432 3213 eadem
3461 3121 3681 3230 sem-per

363 3223 479 3279 haec
507 3223 572 3277 ad
603 3223 876 3278 Romanos
904 3221 1062 3278 verba
1107 3221 1393 3276 facientem
1435 3219 1640 3275 inducit
1669 3236 1682 3272 :
1718 3238 1737 3271 ι
1771 3218 1960 3275 Videte
1991 3219 2038 3283 C

2068 3259 2177 3306 stat
2205 3251 2523 3306 inconcussa
2550 3249 2773 3305 Arnobii
2804 3251 3198 3320 argumentatio
3217 3292 3232 3313 ,
3252 3249 3504 3322 illiusque
3522 3253 3600 3306 vis
3621 3260 3681 3307 et

2067 3342 2274 3414 pondus
2292 3340 2535 3414 (Dioaya.
2554 3341 2815 3407 Helicon,
2835 3341 2927 3396 lib.
2943 3358 2961 3396 ι
2976 3342 3147 3414 Antig.
3174 3341 3419 3410 Romam,
3440 3345 3638 3415 pag.30
3657 3359 3677 3410 ;

2065 3435 2238 3503 Lact.,
2270 3438 2358 3492 lib.
2383 3453 2422 3503 ι,
2448 3453 2564 3508 cap.
2594 3436 2686 3504 21,
2704 3437 2966 3508 ρας.114;
2993 3437 3168 3505 ἂνέτι,
3189 3437 3279 3493 lib.
3305 3454 3335 3494 v
3357 3436 3532 3505 Fast.,
3551 3455 3676 3510 pag.

2073 3531 2228 3604 642).

2136 3625 2269 3692 Quis
2294 3635 2475 3682 autem
2501 3641 2568 3681 ex
2611 3623 2872 3680 hactenus
2897 3624 3182 3696 disputatis
3220 3641 3327 3681 non
3349 3625 3495 3682 videt
3515 3642 3678 3698 quam

2065 3719 2266 3774 insulse
2295 3719 2496 3775 ethnici
2527 3719 2816 3774 novitatem
2848 3719 3146 3790 religionis,
3191 3729 3248 3774 et
3293 3720 3530 3792 antiqua:
3559 3738 3678 3776 mu-

2067 3813 2323 3868 tationem
2374 3813 2684 3871 christianis
2709 3813 3191 3883 exprobraverint;
3235 3814 3678 3886 quandoquidem

2066 3907 2143 3961 illi
2172 3907 2270 3977 ipsi
2295 3915 2374 3962 tot
2397 3915 2771 3976 tantarumque
2794 3906 2847 3960 in
2869 3906 3032 3961 rebus
3052 3915 3108 3961 et
3129 3906 3382 3961 humanis
3401 3915 3456 3962 et
3476 3906 3675 3961 divinis

2064 4002 2418 4056 mutationum
2461 4001 2542 4060 rei
2569 3999 2931 4062 tenebantur?
2957 3999 3096 4080 Quin
3123 3999 3286 4054 etiam
3318 4008 3379 4054 ut
3407 4007 3555 4055 recte
3584 4015 3677 4053 ar-

2063 4101 2173 4170 guit
2197 4097 2582 4168 Tertulliauus,
2608 4110 2811 4167 nosque
2832 4111 2932 4160 suo
2949 4077 3070 4150 loco
3091 4094 3502 4162 observabimus
3523 4093 3676 4166 (Ter-

2064 4192 2294 4257 tullium,
2311 4191 2604 4263 Apalagel.,
2629 4207 2747 4260 cap.
2771 4189 2826 4254 6,
2846 4188 3028 4260 pag];
3054 4185 3276 4246 Diue".
3298 4189 3352 4242 iu
3373 4188 3508 4242 hunc
3529 4186 3675 4254 libr.,

2064 4302 2180 4354 cap.
2203 4286 2287 4352 l8,
2314 4285 2457 4352 art.t_
2481 4295 2526 4356 et
2554 4285 2741 4355 δέρᾳ),
2769 4281 2976 4350 habitu,
2993 4281 3158 4348 victu,
3174 4280 3460 4348 instructu,
3483 4295 3673 4347 censu,

2066 4377 2291 4448 ipsoque
2318 4393 2570 4438 sermone
2601 4378 2845 4434 nuntium
2875 4378 3090 4448 proavis
3133 4377 3477 4441 remiserant,
3504 4377 3673 4431 mira-

2065 4488 2169 4543 que
2205 4472 2444 4538 levitate,
2483 4471 2771 4528 laudabant
2797 4472 3068 4546 majorum
3119 4487 3344 4528 suorum
3391 4472 3670 4540 instituta,

2063 4588 2182 4642 quas
2223 4571 2673 4641 aspernabantur,
2704 4586 2806 4626 nec
2845 4570 3080 4640 amplius
3110 4569 3498 4627 observabant.
3548 4570 3674 4631 Pari

2062 4681 2274 4736 quoque
2301 4663 2458 4722 modo
2492 4665 2808 4726 Ambrosius
2834 4664 3106 4719 vibratum
3136 4679 3165 4718 a
3204 4664 3391 4732 gentili
3422 4665 3674 4737 Symma-

2063 4761 2166 4816 cho
2209 4761 2373 4814 telum
2406 4760 2458 4814 in
2489 4760 2662 4830 ipsum
2705 4761 2952 4838 aliosque
2977 4759 3209 4834 gentiles
3236 4761 3472 4824 retundit
3505 4759 3671 4832 (Am-

2065 4853 2226 4919 bros.,
2247 4852 2494 4922 epist.l8,
2519 4869 2637 4926 pag.
2669 4852 2772 4910 857
2803 4862 2848 4906 et
2881 4868 3045 4925 seqq.,
3077 4863 3201 4909 tam.
3236 4853 3327 4929 ιι).
3360 4853 3462 4909 Sed
3491 4854 3671 4908 Arno-

2063 4947 2180 5004 bins
2201 4958 2384 5006 noster
2405 4948 2725 5006 insolentem
2752 4949 2964 5012 illorum
2989 4950 3335 5020 pertinaciam
3354 4949 3475 5003 aliis
3495 4948 3671 5002 adhuc

2062 5039 2360 5108 rationibus
2390 5039 2695 5112 comprimit
2723 5053 2786 5102 ac
2813 5047 3049 5104 coercet.
3079 5040 3216 5106 Eum
3257 5038 3436 5116 itaque
3455 5079 3472 5107 ,
3503 5039 3550 5102 si
3580 5038 3669 5098 lu-

2063 5133 2183 5204 bet,
2216 5134 2497 5208 audiamus
2523 5149 2586 5192 ac
2615 5135 3030 5210 subsequamut‘.
