3904 6326
337 352 436 409 435

1577 351 1644 409 IN
1683 352 2054 424 ARNOBIUM,
2097 356 2247 414 CAP.
2291 359 2377 417 Vl.

3515 369 3624 425 451

333 480 385 526 et
409 469 728 527 imbecillius
754 470 1003 542 (Amob.,
1043 473 1134 528 lib.
1165 489 1224 539 ιι,
1258 490 1376 546 pag.
1425 473 1495 530 9'5
1520 485 1576 530 et
1603 474 1730 548 94).
1761 475 1918 545 Quod
1946 476 1997 536 A
2021 477 2327 538 christiana:
2341 481 2614 556 religionis
2629 485 2920 542 novitatem
2935 484 3416 558 possejurealiquo
3429 500 3626 558 expro-

334 565 466 622 enim
484 573 652 636 agunt
667 564 965 633 christiani,
991 567 1036 622 si
1061 582 1258 622 novum
1280 577 1384 632 est,
1410 577 1564 625 vetus
1586 568 1710 635 ﬁet;
1735 586 1921 642 quem—
2022 570 2189 629 brari.

331 657 649 724 admodum,
698 658 843 731 quod
901 668 1058 715 vetus
1108 668 1192 714 est
1236 659 1500 728 ethnicis,
1545 677 1744 718 novum
1787 663 1918 720 olim

329 751 516 809 fuerat.
549 751 690 821 Quid
735 767 864 809 vero
887 795 901 820 ,
940 752 1083 824 quod
1113 753 1301 823 religio
1337 769 1444 809 non
1487 764 1766 826 tempore,
1813 773 1920 829 quo

323 845 509 915 coepit,
536 843 632 900 sed
665 845 772 899 Deo
799 845 938 916 ipso,
966 859 1125 917 quem
1158 855 1466 915 veneratur,
1497 847 1812 905 aestimanda
1838 859 1921 906 est

329 935 526 1008 (Ibid.,
559 954 682 1009 pag.
713 937 862 1008 94)?

398 1030 512 1086 Non
549 1031 798 1088 audiendi
830 1032 992 1104 igitur
1021 1034 1254 1105 amplius
1279 1033 1481 1090 ethnici
1508 1050 1727 1090 rursum
1765 1037 1917 1092 voci-

329 1119 563 1178 ferantes
592 1134 719 1179 ante
765 1123 872 1179 400
919 1139 1096 1180 annos
1127 1125 1328 1180 nullam
1373 1125 1540 1183 fuisse
1568 1128 1918 1184 Christianam

328 1216 740 1287 professionem.
771 1217 890 1274 Jam
916 1219 1060 1275 enim
1086 1219 1214 1275 illud
1233 1235 1304 1276 ex
1330 1221 1488 1278 dictis
1508 1222 1750 1279 funditus
1767 1239 1921 1281 ever-

325 1323 444 1364 sum
467 1324 589 1365 esse
614 1311 732 1381 quis
762 1327 866 1366 nou
890 1312 1115 1368 videat?
1135 1313 1498 1382 Quamobrem
1525 1324 1713 1372 auctor
1735 1327 1921 1375 noster

324 1417 391 1457 ex
420 1401 717 1457 abundanti
747 1412 956 1458 tantum
990 1405 1283 1476 respondet
1307 1415 1434 1462 ante
1463 1408 1630 1462 millia
1669 1425 1920 1464 annorum

323 1495 446 1560 duo,
473 1496 547 1550 uti
571 1495 798 1566 probatu
821 1494 1115 1554 facilimum
1138 1507 1273 1567 erat,
1306 1499 1482 1556 nullos
1503 1515 1727 1570 prorsus
1757 1501 1922 1558 fuisse

321 1586 638 1644 eorumdem
688 1589 966 1660 gentilium
1007 1590 1410 1661 Romanorum,
1455 1607 1551 1649 seu
1603 1593 1917 1651 Latinorum

319 1682 476 1736 deos.

2095 667 2232 735 Quid
2275 685 2440 738 vero,
2488 674 2632 742 quod
2675 675 2908 730 maxima
2949 673 3289 731 ethnicorum
3336 677 3624 750 mysteria,

2027 760 2198 830 pergit
2234 763 2507 818 Arnobius
2536 763 2797 836 (Aruob.,
2827 766 2916 820 lib.
2953 783 3010 832 ll,
3039 784 3161 838 pag.
3193 767 3263 822 95
3285 766 3326 840 ),
3373 769 3426 823 iu
3456 770 3623 823 Sera-

2025 851 2187 922 pidis,
2219 853 2396 923 Isidis,
2428 855 2612 911 Matris
2643 857 2825 923 deum,
2869 859 3210 931 aliorumque
3246 861 3509 916 honorem
3537 875 3632 915 ce-

2027 943 2222 1000 lebrari
2259 946 2450 1015 solita,
2497 948 2565 1004 de
2609 950 2806 1020 quibus
2853 965 2952 1006 nos
2991 953 3118 1007 alibi
3160 955 3368 1023 egimus
3414 953 3575 1024 (tom.
3609 971 3632 1008 1

2026 1040 2304 1108 Apparat.,
2324 1058 2444 1112 pag.
2473 1040 2575 1096 758
2600 1052 2649 1096 et
2672 1059 2802 1113 seq.,
2826 1041 3039 1099 Diasert.
3064 1046 3119 1098 in
3143 1044 3369 1110 Minnc.,
3390 1062 3505 1113 cap.
3533 1045 3628 1111 17,

2027 1144 2126 1188 art.
2149 1135 2200 1201 1,
2223 1145 2270 1190 et
2298 1153 2413 1208 cap.
2437 1135 2528 1202 20,
2553 1147 2652 1190 art.
2677 1137 2700 1190 1
2733 1147 2778 1190 et
2798 1137 2879 1207 2),
2902 1147 2957 1192 et
2978 1137 3112 1192 infra
3137 1139 3312 1194 adhuc
3332 1137 3626 1210 agendum,

2026 1241 2211 1281 eorum
2251 1227 2355 1282 diis
2401 1228 2558 1300 longe
2589 1231 2891 1285 recentoria
2933 1240 3078 1285 sunt.
3126 1231 3206 1284 Ab
3253 1230 3446 1285 iisdem
3493 1245 3626 1300 ergo

2027 1318 2275 1389 ethnicis,
2301 1321 2346 1374 si
2375 1321 2486 1375 suis
2513 1321 2786 1392 principiis
2811 1330 2955 1376 stare
2981 1322 3300 1388 voluissent,
3347 1337 3624 1392 nunquam

2022 1411 2253 1480 admitti,
2287 1422 2341 1468 et
2367 1428 2582 1484 semper
2610 1415 2761 1484 rejici
2790 1413 3080 1470 debebant.

2094 1508 2165 1560 At
2188 1505 2381 1562 saltem
2401 1521 2469 1562 ex
2499 1507 2797 1574 concessis,
2833 1508 3151 1579 inquiebant
3179 1508 3433 1578 gentiles,
3466 1523 3626 1578 aper-

2021 1598 2226 1655 tissime
2256 1600 2524 1671 colligitur
2541 1600 2766 1656 deorum
2789 1612 3099 1658 nostrorum
3141 1602 3457 1672 religionem
3478 1602 3628 1657 chri-

2021 1695 2192 1749 stiana
2213 1709 2334 1749 esse
2357 1694 2514 1765 longe
2533 1695 2918 1766 antiquiorem,
2935 1705 3096 1764 atque
3113 1694 3316 1750 idcirco
3333 1695 3624 1750 veriorem.

389 1775 662 1833 Saturnus
691 1778 838 1833 enim
883 1777 1019 1836 Coeli
1043 1790 1098 1836 et
1127 1779 1342 1837 Hecatae
1387 1781 1558 1850 lilius,
1590 1781 1779 1838 Jovem
1802 1823 1817 1849 ,
1855 1799 1920 1840 ac
2025 1785 2195 1858 Negat
2225 1788 2402 1857 primo
2429 1789 2869 1859 consequentiam
2901 1789 3191 1844 Arnobius.
3225 1787 3439 1843 Sufﬁcit
3475 1789 3626 1845 enim

321 1869 532 1936 Picum,
551 1869 710 1927 Picus
723 1871 988 1936 Faunum,
1010 1873 1229 1930 Faunus
1249 1873 1498 1932 Latinum
1519 1878 1705 1947 genuit
1721 1878 1916 1950 (ibid.).

316 1963 494 2031 Quam
523 1974 704 2021 autem
734 1966 786 2020 id
815 1982 1005 2022 verum
1034 1969 1104 2023 sit
1126 1985 1191 2024 ex
1217 1969 1378 2024 variis
1402 1970 1777 2040 scriptoribus,
1810 1972 1920 2028 his—

317 2071 422 2127 quc
456 2057 796 2128 potissimum
829 2059 1031 2131 Virgilii
1058 2061 1385 2118 carminibus
1411 2061 1679 2133 colligitur
1713 2082 1726 2117 :

942 2197 1050 2248 Rex
1076 2211 1190 2249 arva
1215 2199 1436 2258 Latinus,
1462 2206 1515 2250 et
1536 2201 1690 2249 urbes

413 2259 529 2326 {am
553 2262 718 2326 sgnior
741 2260 886 2326 longa
914 2262 1124 2326 placidas
1143 2263 1189 2310 iu
1217 2276 1346 2326 pace,
1362 2264 1591 2325 regebat.

404 2322 822 2398 lAqucFaunoﬁet
843 2322 1058 2398 Nympha
1081 2322 1306 2398 genitum
1330 2322 1578 2376 Laurente
1603 2325 1782 2398 Marica

403 2387 708 2452 Accipimus,
735 2385 904 2452 Fauno
928 2385 1074 2437 Picus
1087 2385 1254 2452 pater.
1279 2390 1422 2452 isque
1447 2397 1702 2450 parentem

405 2449 507 2509 'l‘e,
533 2449 764 2511 Saturne,
783 2450 972 2500 refert:
996 2458 1050 2500 tu
1073 2449 1327 2514 sanguinis
1343 2449 1550 2500 ultimus
1573 2457 1761 2500 auctor.

721 2554 950 2623 (Virgil.,
973 2551 1060 2607 lib.
1077 2570 1156 2618 vn,
1181 2553 1398 2616 zEneid.,
1427 2567 1552 2605 vers.
1577 2554 1649 2605 45
1661 2561 1706 2606 et
1726 2555 1853 2621 seq.)

313 2685 487 2758 Atqui
507 2685 595 2742 his
625 2685 798 2741 tribus
821 2685 953 2740 viris
982 2685 1132 2751 Pico,
1171 2684 1360 2739 Fauno
1386 2692 1441 2739 et
1467 2683 1681 2749 Latino,
1715 2682 1795 2737 uti
1825 2697 1916 2738 ar-

309 2787 423 2856 guit
470 2785 787 2852 Arnobius,‘
830 2799 937 2839 non
985 2783 1225 2856 longius,
1271 2799 1430 2855 quam
1464 2782 1571 2838 560
1619 2797 1915 2852 annorum,

309 2880 552 2950 spatium
583 2878 846 2950 temporis
871 2889 925 2933 et
953 2878 1076 2934 vita:
1109 2877 1334 2933 concedi
1365 2886 1559 2948 potest.
1602 2875 1790 2931 Nullus
1816 2891 1916 2930 au-

311 2984 418 3028 tem
454 2971 740 3028 dubitandi
772 2972 919 3028 locus
959 2980 1082 3036 est;
1117 2971 1244 3040 quin
1283 2971 1373 3026 ille
1414 2970 1576 3032 ultra,
1627 2984 1786 3038 quam
1820 2984 1916 3024 ne~

310 3080 471 3120 cesse
500 3075 650 3130 erat,
700 3080 770 3121 ne
800 3064 928 3135 quid
971 3064 1172 3119 ethnici
1218 3063 1426 3120 hiscere
1474 3063 1768 3130 auderent,
1812 3061 1916 3116 hoc

310 3159 578 3230 temporis
622 3124 964 3214 intervallum
1025 3156 1358 3226 produxerit.
1421 3154 1554 3211 Nam
1598 3156 1650 3210 in
1696 3124 1914 3209 Eusebii
1943 3124 1988 3187 (ἶ

307 3254 578 3308 chronico
607 3253 777 3307 multo
803 3253 974 3323 magis
996 3252 1078 3307 his
1106 3252 1286 3307 verbis
1313 3248 1913 3324 contraliitur(Euseb.,

309 3346 494 3400 chron.
517 3387 533 3412 ,
565 3344 654 3400 lib.
688 3362 703 3400 ι
748 3354 795 3399 et
826 3344 914 3399 lib.
943 3361 1018 3413 ll,
1053 3345 1122 3399 ad
1149 3361 1273 3399 ann.
1307 3344 1494 3418 838):
1531 3362 1551 3397 t
1589 3343 1799 3399 Primus
1821 3359 1918 3400 rex

308 3443 630 3500 Latinorum
669 3453 790 3514 post
837 3451 1048 3512 captam
1089 3441 1307 3511 Trojam
1344 3439 1567 3496 JEneas.
1615 3440 1755 3496 Ante
1795 3455 1916 3496 eum

307 3538 518 3603 Janus,
565 3537 864 3606 Saturnus,
910 3537 1097 3604 Picus,
1129 3537 1345 3592 Faunus
1370 3545 1735 3606 regnaverunt
1761 3535 1920 3591 annis

307 3636 534 3691 circiter
564 3635 699 3701 15ος
738 3657 757 3690 ι
791 3637 1045 3692 nimirum
1085 3637 1241 3690 annis
1269 3645 1326 3691 ut
1359 3636 1536 3690 minus
1562 3635 1786 3692 totidem
1811 3636 1915 3693 150

311 3744 480 3798 quam
528 3728 801 3784 Arnobius
845 3727 1136 3799 gentilibus
1175 3729 1343 3798 gratis
1385 3729 1677 3783 concessit.
1727 3729 1802 3785 De
1831 3727 1917 3783 his

313 3821 510 3890 primis
554 3820 866 3875 Latinorum
911 3820 1129 3891 regibus
1174 3818 1374 3874 videsis
1416 3819 1732 3890 Dionysium
1768 3819 1915 3875 Hali-

310 3931 667 3971 carnasseum
687 3956 703 3980 ,
748 3916 1037 3969 Auctorem
1065 3913 1268 3984 Origin.
1315 3921 1463 3984 gent.
1494 3927 1656 3977 rom.,
1686 3912 1917 3967 Lactan-

313 4010 478 4074 tium,
515 4007 905 4078 Augustinum,
935 4016 988 4060 ct
1016 4006 1150 4060 alios
1177 4003 1459 4077 (Dionys.,
1493 4005 1582 4058 lib.
1614 4021 1631 4058 ι
1659 4005 1909 4073 Autiquil.

308 4118 441 4156 rom.
464 4143 483 4162 ,
514 4117 636 4171 pag.
666 4099 737 4155 24
761 4111 807 4154 et
833 4100 933 4164 51;
978 4099 1128 4151 Auct.
1166 4096 1309 4168 Orig.
1333 4139 1347 4164 ,
1393 4113 1515 4167 pag.
1546 4095 1688 4162 596;
1725 4094 1870 4150 Lact.
1895 4137 1913 4164 ,

311 4194 398 4248 lib.
434 4211 480 4258 ι,
513 4209 628 4263 cap.
659 4191 750 4259 22,
775 4209 893 4263 pag.
925 4190 1065 4258 £27;
1092 4192 1330 4262 August,
1362 4191 1450 4245 lib.
1479 4204 1609 4244 xvnt
1651 4191 1714 4243 de
1736 4187 1907 4255 Ciait.,

310 4304 426 4358 cap.
470 4286 560 4353 iii,
591 4303 710 4358 pag.
746 4285 847 4342 499
876 4287 916 4357 ).

383 4401 540 4456 Albin.
562 4410 761 4465 autem,
789 4402 964 4472 pergit
985 4402 1275 4469 Arnobius,
1299 4400 1560 4457 Ascanius
1580 4401 1778 4470 aliique
1798 4401 1914 4472 ejus

305 4507 668 4550 successores
694 4494 850 4547 annis
888 4509 1054 4563 pr0pe
1093 4493 1198 4549 420
1239 4501 1602 4564 regnaverunt
1645 4490 1874 4566 (Arnob.
1897 4535 1912 4558 ,

313 4586 400 4639 lib.
435 4601 475 4640 tt
497 4626 512 4651 ,
544 4601 667 4654 pag.
703 4585 804 4652 9i;
842 4595 963 4639 lout.
999 4601 1014 4640 ι
1046 4587 1323 4656 Apparat.,
1356 4587 1408 4638 in
1436 4584 1580 4656 lim).
1608 4582 1664 4639 In
1693 4583 1912 4639 Eusebii

312 4689 496 4734 autem
532 4677 794 4734 cltrouico
837 4680 962 4733 anni
1012 4679 1152 4742 452,
1199 4689 1255 4734 et
1290 4693 1320 4732 a
1362 4675 1640 4733 Clemente
1681 4677 1914 4732 Alexan-

315 4771 476 4826 drino
505 4769 642 4836 422,
672 4777 1072 4840 computantur.
1108 4769 1352 4839 Denique
1389 4783 1420 4822 a
1449 4767 1622 4822 Roma
1662 4767 1908 4836 condita,

317 4869 382 4922 ad
411 4884 568 4922 suam
599 4883 768 4937 usque
811 4876 1024 4922 aetatem
1065 4869 1270 4921 Auctor
1300 4875 1485 4922 noster
1521 4880 1691 4920 annos
1719 4878 1913 4934 prope-

318 4962 536 5015 modum
568 4958 730 5015 1050.
764 4959 1055 5015 Eusebiaui
1097 4973 1228 5013 vero
1266 4957 1506 5013 chronici
1545 4964 1734 5010 auctor
1771 4954 1912 5010 1146

319 5054 538 5109 [luxisse
567 5054 872 5121 perhibent.
903 5054 978 5108 De
1009 5053 1093 5108 his
1116 5053 1277 5108 etiam
1309 5051 1557 5107 omnibus
1585 5049 1785 5120 aliquid
1811 5065 1911 5104 no-

321 5149 550 5202 lavimus
597 5149 649 5202 in
681 5145 978 5202 Clementis
1016 5144 1362 5226 Alexandrini
1389 5144 1762 5214 chronologia.
1804 5141 1912 5199 Sed

317 5240 432 5296 haec
466 5242 682 5298 uberius
703 5242 979 5312 prosequi,
1009 5256 1071 5296 ac
1099 5240 1282 5310 plures
1306 5240 1443 5297 alios
1467 5238 1910 5310 chronographos

317 5333 626 5388 nominibus
645 5335 756 5388 suis
781 5333 1052 5404 appellare
1080 5333 1214 5387 nihil
1235 5347 1459 5387 necesse
1488 5342 1590 5387 est.
1621 5331 1738 5387 Non
1764 5331 1908 5387 enim

318 5425 569 5479 omnibus
610 5425 848 5481 numeris
893 5425 1196 5496 absolutam
1225 5439 1489 5479 annorum
1515 5423 1908 5494 computando-

319 5535 435 5574 rum
460 5520 722 5575 rationem
747 5519 988 5590 sequitur
1006 5519 1297 5584 Arnobius,
1321 5519 1418 5574 sed
1441 5520 1700 5586 ipsosmet
1721 5535 1909 5590 recep—

315 5621 400 5665 tos
423 5612 492 5668 ab
514 5612 744 5667 ethnicis
766 5614 1034 5668 annalium
1059 5614 1351 5682 scriptores
1370 5613 1566 5668 citasse
1597 5622 1904 5680 contentus,

313 5703 421 5759 illis
451 5705 602 5774 plura
635 5707 796 5762 etiam
828 5707 1070 5777 largitur,
1105 5722 1268 5777 quam
1289 5705 1600 5761 desiderare
1633 5717 1906 5776 poterant.

321 5795 735 5854 Evideutissimc
763 5798 929 5870 igitur
951 5814 1016 5854 ex
1049 5797 1130 5854 his
1169 5800 1500 5855 demonstrat
1531 5798 1748 5854 illorum
1778 5799 1912 5856 deos

321 5903 422 5943 non
459 5902 578 5944 ante
621 5908 882 5945 annorum
932 5892 1038 5945 duo
1070 5893 1235 5947 millia
1265 5892 1536 5961 extitisse,
1569 5908 1668 5948 nec
1697 5893 1765 5951 ab
1804 5894 1913 5951 illis

2025 1891 2310 1950 utramque
2331 1879 2621 1951 aliquando
2641 1881 2894 1951 ccepisse,
2924 1891 2980 1936 ut
3010 1896 3104 1951 par
3131 1881 3202 1936 sit
3231 1883 3512 1953 utrobique
3534 1898 3626 1937 ra-

2027 1971 2122 2026 tio.
2144 1970 2280 2039 Quid
2303 1973 2447 2026 enim
2471 1971 2579 2026 duo
2608 1988 2875 2028 annorum
2899 1973 3088 2040 millia,
3118 1987 3238 2027 cum
3266 1973 3478 2029 caeteris
3501 1988 3625 2028 om-

2025 2063 2180 2118 nibus
2207 2075 2364 2118 antea
2396 2065 2595 2135 elapsis
2615 2075 2952 2136 comparata,
2977 2081 3075 2136 pro
3096 2065 3322 2135 alicujus
3349 2065 3624 2138 religionis

2025 2157 2252 2212 veritate
2278 2156 2459 2214 facere
2490 2168 2716 2229 possunt
2739 2160 2764 2212 ἶ)

2100 2250 2300 2306 Deinde
2329 2265 2460 2305 vero
2487 2251 2576 2307 ille
2606 2251 2783 2307 adhuc
2817 2262 3073 2324 pernegat
3109 2269 3140 2308 a
3171 2252 3485 2309 christianis
3514 2253 3623 2308 coli

2023 2343 2224 2414 aliquid
2287 2345 2486 2399 no’vum
2537 2355 2590 2400 et
2640 2340 2980 2402 ethnicorum
3029 2347 3290 2418 religione
3350 2348 3623 2404 recentius

2023 2436 2246 2504 (Arnob.
2272 2478 2287 2503 ,
2326 2437 2413 2491 lib.
2464 2455 2542 2506 ιι,
2585 2457 2704 2511 pag.
2746 2440 2874 2514 95).
2924 2441 3090 2496 Deum
3130 2441 3406 2497 enimvero
3434 2440 3624 2496 colunt

2023 2529 2473 2601 omnipotentem,
2499 2549 2606 2588 non
2629 2534 2788 2588 modo
2806 2535 3260 2604 antiquissimum,
3286 2534 3381 2589 sed
3408 2534 3621 2604 ingeni-

2024 2631 2134 2677 tum
2162 2623 2342 2686 etiam,
2377 2633 2431 2679 et
2451 2636 2735 2692 mteruum,
2769 2641 2832 2680 ac
2858 2641 3037 2680 rerum
3065 2627 3303 2681 omnium
3334 2626 3533 2680 fontem
3563 2636 3623 2682 et

2021 2713 2302 2785 originem.
2329 2714 2469 2770 Nihil
2500 2731 2630 2786 ergo
2658 2732 2853 2771 novum
2876 2717 3150 2772 christiani
3173 2717 3225 2772 in
3249 2716 3505 2772 mundum
3533 2717 3622 2772 in-

2023 2807 2400 2873 troduxerunt,
2435 2808 2530 2863 sed
2561 2809 2703 2879 quod
2731 2825 2852 2865 sero
2879 2810 3183 2865 didicerant
3213 2827 3242 2864 a
3263 2806 3500 2876 Christo,
3526 2811 3622 2880 qui

2021 2902 2273 2958 miseram
2306 2903 2582 2957 hominum
2611 2903 2778 2958 falsos
2806 2903 2940 2958 deos
2964 2903 3290 2969 colentium,
3322 2917 3622 2974 verumque

2022 2994 2192 3050 Deum
2224 2996 2586 3066 ignorantium
2617 2997 2916 3052 cmcitatem
2948 2999 3222 3052 discussit.

2090 3088 2252 3144 Plura
2299 3088 2515 3159 quidem
2554 3089 2830 3145 Arnobius
2870 3090 2939 3146 de
2979 3090 3120 3144 alliis
3165 3089 3474 3145 christiana:
3521 3105 3616 3145 rc-

2022 3181 2232 3252 ligionis
2249 3183 2587 3253 dogmatibus
2604 3184 2675 3240 ibi
2691 3200 2798 3238 non
2820 3184 3060 3255 protulit,
3081 3194 3194 3238 tum
3212 3184 3335 3255 quia
3351 3183 3417 3238 ad
3435 3183 3621 3254 depcl-

2021 3279 2235 3334 lendam
2265 3294 2419 3334 novae
2449 3278 2726 3349 religionis
2755 3279 3206 3334 obtrectationem
3234 3294 3353 3350 qua:
3383 3277 3617 3344 dixerat,

2022 3373 2181 3444 plane
2227 3373 2608 3429 sufﬁciebant:
2655 3383 2766 3428 tum
2809 3373 2934 3443 quia
2966 3373 3122 3444 paulo
3150 3382 3275 3427 ante
3309 3385 3621 3442 supremam

2022 3466 2222 3523 Christi
2252 3466 2607 3532 divinitatem,
2639 3467 2851 3537 aliaque
2888 3465 3135 3537 ejusdem
3178 3464 3486 3520 christiana:
3531 3479 3618 3519 re-

2022 3559 2236 3632 ligionis
2265 3560 2459 3632 placita
2495 3560 2626 3616 alibi
2652 3559 3016 3626 demonstrat,
3047 3560 3187 3616 sicut
3224 3567 3411 3629 postea
3438 3565 3621 3614 osten-

2018 3655 2228 3714 demus.

2635 3794 2866 3853 CAPUT
2905 3795 2994 3853 VI.

2021 3915 2180 3970 Aliud
2205 3915 2472 3987 gentilium
2498 3915 2740 3969 adversus
2768 3914 3101 3969 christianam
3137 3913 3434 3986 religione»:
3462 3929 3618 3984 arguo

2093 4020 2332 4075 utentum,
2358 4026 2422 4065 ea:
2437 4009 2650 4080 publicis
2670 4009 3042 4064 calamitatibus
3063 4009 3296 4080 petitum,
3311 4007 3543 4063 solvitur.

2548 4163 2839 4204 ARTICULUS
2877 4163 3090 4204 PRIIUS.

2020 4283 2335 4335 Ethnicorum
2376 4285 2614 4335 adversus
2649 4284 2930 4336 christiana:
2967 4282 3230 4336 religionis
3251 4283 3514 4333 veritatem
3539 4295 3622 4332 ar-

2083 4359 2396 4409 gumentum,
2422 4361 2485 4398 ex
2514 4350 2663 4398 variis
2685 4347 2906 4409 cladibus
2938 4354 2990 4396 et
3021 4347 3382 4396 calamitatibus
3400 4383 3414 4406 ,
3439 4347 3626 4408 quihus

2083 4403 2246 4472 genus
2267 4403 2530 4460 humanum
2554 4409 2667 4459 olim
2687 4403 3033 4466 divexabatur,
3059 4409 3286 4472 petitum,
3314 4403 3622 4472 proponitur,

1943 4446 1997 4508 D
2083 4446 3434 4536 ἓξίὲἱὶὀᾖὲξῖἓξῖίιῖἱίϋίιέἑεῖεἷρῶἲῖδιιέ⁸61ίιὶἶέίίυἷιιιιῖ
3457 4446 3625 4521 coitio:

2083 4545 2337 4599 tatumque
2358 4537 2524 4586 fuerit.

2091 4686 2254 4742 Aliud
2290 4696 2476 4742 contra
2505 4686 2817 4743 christiaute
2863 4686 3141 4758 religionis
3176 4685 3466 4741 veritatem
3526 4699 3620 4738 ar-

2019 4790 2358 4853 gumentum,
2377 4781 2672 4851 saepissime
2685 4791 2739 4835 et
2757 4780 2823 4835 ad
2840 4795 3092 4836 nauseam
3111 4794 3281 4848 usque
3301 4778 3370 4834 ab
3390 4776 3621 4833 ethnicis

2019 4883 2376 4938 recantatum,
2428 4873 2650 4942 insignis
2678 4881 2732 4927 et
2762 4871 3146 4927 absurdissima
3189 4868 3288 4924 fuit
3323 4868 3618 4933 calumnia,

2017 4983 2122 5037 qua
2172 4965 2532 5031 christianos,
2584 4963 2741 5019 sicuti
2794 4963 2982 5018 scribit
3030 4962 3301 5017 Arnobius
3348 4959 3620 5032 (Arnob.,

2018 5059 2108 5115 lib.
2143 5075 2196 5124 ι,
2224 5074 2344 5129 pag.
2379 5059 2405 5112 1
2436 5067 2483 5111 et
2509 5074 2648 5128 seqq.
2673 5057 2718 5126 ),
2767 5057 2838 5111 ob
2866 5057 3126 5124 rejectum
3167 5053 3620 5123 repudiatumque

2017 5151 2240 5207 deorum
2280 5150 2506 5212 cultum.
2538 5149 2778 5205 omnium
2811 5148 3146 5218 publicarum
3174 5146 3406 5201 cladium
3437 5156 3492 5200 et
3519 5160 3617 5200 ca-

2018 5243 2338 5310 lamitatum,
2379 5243 2575 5314 quibus
2601 5257 2772 5314 genus
2798 5241 3090 5296 humanum
3125 5238 3444 5304 vexabatur,
3487 5253 3616 5292 cau-

2015 5351 2130 5392 sam
2179 5346 2440 5392 essetam
2489 5334 2659 5402 falso,
2707 5351 2868 5406 quam
2916 5333 3174 5388 audacter
3222 5331 3618 5401 praadicabant.

2017 5429 2294 5486 Summam
2335 5429 2612 5484 enimvero
2640 5436 2864 5498 propter
2907 5426 3324 5482 christianorum
3368 5424 3617 5496 impieta—

2017 5532 2149 5589 tem,
2167 5522 2244 5576 uti
2268 5522 2343 5576 illi
2364 5519 2705 5591 jactitabant,
2727 5519 2796 5574 ab
2821 5518 2926 5573 diis
2946 5517 3140 5572 merito
3170 5516 3320 5571 iratis
3349 5515 3619 5587 abjectam

2019 5632 2199 5670 rerum
2231 5625 2565 5671 terrenarum
2587 5628 2792 5679 curam,
2819 5621 2873 5668 et
2897 5610 3034 5665 mala
3057 5611 3256 5676 omnia,
3282 5610 3476 5680 quibus
3498 5607 3616 5662 ubi—

2017 5724 2121 5779 que
2152 5707 2399 5763 homines
2428 5707 2672 5761 solebant
2699 5703 2890 5760 conﬁci
2918 5712 2976 5758 ct
3002 5701 3217 5773 oprimi,
3244 5702 3296 5756 in
3330 5712 3501 5757 totum
3533 5701 3616 5755 in-

2019 5808 2168 5857 vecta
2198 5799 2364 5855 fuisse
2393 5809 2656 5856 terrarum
2688 5798 2896 5853 orbem.

2087 5894 2256 5959 Quam
2285 5900 2464 5948 autem
2499 5891 2750 5962 frequens
2790 5888 3119 5967 iuerit_h:cc
3163 5889 3448 5962 gentilium
3486 5903 3624 5963 quc-
