3904 6326
167 335 275 391 455

1351 333 1805 393 DISSERTATIO
1842 332 2124 391 ΡιιιΕνιΑ

3361 336 3468 395 456

166 450 402 509 rimonia
448 458 507 508 et
540 452 843 517 accusatio,
884 451 930 507 si
973 450 1113 507 scire
1138 449 1299 519 velis,
1326 451 1483 519 audi,
1515 453 1559 508 si
1590 451 1767 519 lubet,
1799 453 1853 514 Α
1948 451 2144 507 Postea
2188 449 2363 507 adhuc
2389 450 2747 524 Symmachus
2789 451 3128 508 sterilitatem
3172 460 3357 518 terrae,
3388 453 3468 508 fa-

164 543 562 600 Tertullianum
598 562 612 598 :
663 561 682 594 ι
721 542 777 599 In
832 542 1013 599 odium
1059 544 1323 599 bonorum
1367 552 1423 601 et
1470 545 1761 616 proborum

168 639 504 708 conspirant,
540 655 561 690 ι
590 636 813 703 ethnici,
853 657 873 689 ι
912 638 1000 710 qui
1033 638 1294 694 adversus
1323 640 1635 712 sanguinem
1676 640 1763 695 in-

168 736 460 786 nocentem
486 728 848 794 conclamant,
877 740 1238 802 praetexentes
1266 744 1397 785 sane
1433 731 1498 785 ad
1530 732 1639 786 odii
1665 731 1764 786 dc-

169 820 472 878 fensionem
505 818 649 876 illam
679 837 893 893 quoque
923 822 1240 886 vanitatem,
1273 822 1415 893 quod
1459 815 1769 878 existiment

168 915 348 972 omnis
390 913 618 984 publicae
661 915 862 982 cladis,
898 916 1076 971 omnis
1116 915 1392 986 popularis
1438 913 1767 970 incommodi

168 1004 497 1061 christianos
547 1020 670 1061 esse
734 1021 975 1062 causam.
1030 1006 1089 1063 Si
1135 996 1347 1063 Tiberis
1415 1005 1657 1062 ascendit
1702 1006 1768 1062 ad

167 1098 407 1165 mania,
458 1097 504 1154 si
534 1097 685 1153 Nilus
725 1115 833 1155 non
875 1099 1150 1156 descendit
1198 1099 1266 1155 ad
1302 1116 1460 1168 arva,
1493 1101 1537 1155 si
1574 1090 1770 1157 ccelum

167 1193 352 1257 stetit,
387 1192 432 1248 si
463 1201 607 1248 terra
636 1194 836 1261 movit,
870 1194 913 1248 si
945 1192 1135 1259 fames,
1169 1195 1213 1250 si
1246 1195 1383 1258 lues,
1415 1196 1593 1250 statim
1629 1194 1786 1251 chri-'

165 1285 375 1343 stianos
406 1285 473 1341 ad
508 1286 739 1342 leonem.
781 1287 984 1342 Tantos
1036 1288 1102 1342 ad
1132 1303 1295 1343 unum
1328 1308 1348 1341 ι
1386 1286 1407 1361 (
1427 1286 1769 1356 Tertullian.,

168 1377 421 1450 Apolog.,
448 1395 566 1449 cap.
594 1378 690 1445 40,
719 1397 819 1452 pag
873 1379 1004 1454 56).
1041 1380 1243 1437 Eadem
1277 1381 1470 1452 repetit
1496 1383 1549 1435 in
1580 1397 1679 1437 suo
1706 1382 1774 1437 ad

167 1469 431 1526 Nationes
491 1469 634 1525 libro
680 1456 900 1544 (Idem,
936 1472 1023 1527 lib.
1083 1489 1100 1528 ι
1139 1473 1208 1527 ad
1250 1470 1499 1543 Nation.,
1552 1491 1670 1545 cap.
1706 1475 1770 1541 9,

168 1581 295 1637 pag.
326 1563 397 1621 54
422 1562 465 1635 ).
513 1564 621 1622 Sed
642 1564 712 1622 de
739 1565 832 1621 illo
862 1566 1012 1637 plura
1032 1583 1063 1622 a
1092 1567 1247 1624 nobis
1273 1582 1374 1624 suo
1403 1568 1522 1625 loco
1551 1568 1775 1626 dicenda

167 1666 317 1712 ευιιι.

242 1736 505 1820 Origenes
556 1765 686 1805 vero
750 1759 1002 1806 testatum
1054 1751 1180 1808 facit
1213 1753 1443 1824 gentiles
1482 1754 1670 1811 eadem
1725 1766 1779 1812 et

1868 560 2120 617 memque
2148 544 2414 615 publicam
2446 543 2654 615 negatis
2687 542 2988 600 Vestalium
3015 542 3474 615 sacer-datumque

1869 635 2205 693 ethnicorum
2272 635 2565 707 privilegiis
2618 635 2891 692 ascribere
2954 651 3063 691 non
3133 622 3397 692 dubitavit
3460 657 3475 693 :

1875 748 1894 781 ι
1931 728 2104 785 Nemo
2136 744 2222 782 nte
2256 736 2406 798 putet
2437 728 2612 783 solum
2657 744 2877 783 causam
2927 727 3250 800 religionum
3301 729 3478 784 tueri:

1869 836 1935 876 ex
1973 818 2281 891 huiusmodi
2321 817 2651 875 facinoribus
2693 829 2812 875 orta
2855 828 2983 875 sunt
3021 828 3219 875 cuncta
3251 819 3481 875 Βοωθηί

1870 914 2083 985 generis
2124 912 2560 967 incommoda....
2602 911 2799 968 Secuta
2830 921 2914 968 est
2942 912 3045 968 hoc
3080 911 3279 969 factum
3308 912 3480 969 fames

1873 1006 2108 1078 publica,
2136 1017 2190 1061 et
2221 1023 2373 1079 spem
2404 1008 2806 1079 provinciarum
2845 1011 3086 1063 omnium
3116 1008 3309 1064 messis
3335 1022 3483 1079 egra

1874 1097 2126 1169 decepit:
2157 1099 2274 1154 Non
2303 1110 2430 1154 sunt
2467 1099 2583 1155 haec
2632 1102 2761 1156 vitia
2796 1111 3159 1156 terrarum....
3190 1102 3483 1172 sacrilegio

1874 1207 2046 1246 annus
2071 1191 2250 1258 aruit;
2282 1207 2504 1248 necesse
2524 1193 2667 1248 enim
2700 1191 2803 1248 fuit
2825 1193 3004 1261 perire
3025 1191 3301 1256 omnibus,
3333 1192 3482 1263 quod

1875 1285 2247 1357 religionibus,
2300 1285 2597 1356 negabatur
2626 1304 2645 1338 ι
2699 1284 2887 1359 (Apud
2926 1286 3191 1353 Ambros.,
3239 1294 3366 1341 tom.
3409 1301 3479 1352 ιι,

1877 1394 1999 1449 pag.
2031 1377 2129 1430 85!
2165 1385 2212 1430 et
2237 1378 2437 1448 σεεμ).
2512 1408 2525 1431 ,ι

1949 1470 2119 1540 Quam
2143 1472 2351 1536 crebra,
2389 1486 2452 1526 ac
2480 1484 2617 1541 pene
2633 1468 2970 1541 quotidiana,
3000 1477 3054 1525 et
3083 1468 3343 1525 diuturna
3366 1458 3482 1524 fue-

1878 1566 1950 1621 rit
1975 1563 2169 1620 stolida
2196 1564 2284 1619 illa
2314 1562 2599 1635 gentilium
2623 1561 2866 1633 querela,
2890 1561 3018 1618 inde
3037 1561 3216 1617 adhuc
3241 1561 3481 1631 conjice,

1880 1658 2023 1731 quod
2050 1656 2252 1714 ethnici
2277 1672 2397 1713 enm
2433 1671 2461 1708 a
2489 1654 2800 1710 chrisuana:
2841 1654 3123 1726 religionis
3158 1654 3385 1710 exordio
3410 1655 3480 1711 ad

1882 1751 2165 1824 Augustini
2188 1765 2358 1820 usque
2406 1757 2646 1820 tempora
2698 1748 2750 1803 in
2782 1763 2879 1804 ore
2915 1764 3131 1820 semper
3169 1749 3478 1805 habuerint.

169 1838 301 1896 olim
324 1849 379 1896 et
403 1856 502 1897 suo
521 1842 697 1898 adhuc
720 1854 963 1916 tempore
984 1842 1120 1900 falsa
1142 1834 1229 1900 illa
1248 1846 1623 1902 criminatione
1644 1840 1767 1904 abu—
1796 1846 1844 1912 B
1870 1840 2039 1909 Audi,
2081 1857 2295 1912 qmeso.
2331 1842 2618 1910 ipsutnmet
2661 1850 2909 1896 sanetum
2941 1840 3091 1894 illum
3142 1840 3426 1895 doctorem
3458 1859 3473 1894 :

169 1948 262 1990 sos
284 1928 450 1991 fuisse
480 1954 493 1991 :
525 1954 545 1988 ι
578 1934 711 1992 Cum
735 1937 851 1993 haec
879 1958 898 1991 ι
929 1939 1118 2008 inquit,
1149 1959 1166 1992 ι
1195 1941 1520 2011 contigerint
1544 1944 1765 2011 mundo,

170 2042 539 2100 consequens,
574 2033 727 2101 quasi
769 2031 1272 2104 derelinquentibus
1302 2033 1611 2091 hominibus
1637 2035 1770 2091 deo-

168 2134 293 2176 rum
321 2108 522 2176 eultum
543 2164 557 2188 ,
593 2132 652 2177 ut
679 2130 897 2193 propter
926 2122 1321 2180 multitudinem
1349 2124 1766 2181 Christianorum

170 2212 354 2269 dicant
380 2212 499 2268 ﬁeri
534 2213 671 2269 bella
691 2256 707 2281 ,
737 2214 925 2281 fames,
969 2225 1024 2270 et
1050 2216 1403 2285 pestilentias.
1436 2216 1770 2289 Frequenter

170 2302 317 2359 enim
349 2294 509 2360 famis
535 2320 696 2360 causa
739 2295 1389 2376 christianos-culparum
1424 2310 1681 2381 gentiles,
1718 2320 1771 2366 et

170 2396 498 2468 quicumque
568 2397 847 2467 sapiebant
891 2415 1011 2470 quae
1056 2401 1291 2471 gentium
1352 2412 1519 2469 sunt,
1571 2404 1666 2458 sed
1718 2412 1773 2459 et

171 2480 606 2562 pesuleutiarum
626 2507 818 2547 causas
836 2492 900 2547 ad
916 2491 1116 2549 Christi
1137 2484 1429 2550 Ecclesiam
1447 2496 1768 2553 retulerunt.

172 2581 391 2639 Scimus
417 2594 598 2640 autem
626 2594 681 2641 ct
708 2575 850 2656 apud
889 2601 988 2642 uos
1033 2598 1193 2643 terra:
1221 2599 1427 2644 motum
1471 2590 1671 2647 factum
1716 2594 1769 2648 in

171 2674 308 2732 locis
330 2676 673 2748 quibusdam,
703 2687 760 2734 et
784 2674 949 2735 factas
978 2680 1141 2738 fuisse
1168 2684 1425 2754 quasdam
1452 2687 1668 2753 ruinas;
1698 2688 1771 2744 ita

173 2778 236 2823 ut
264 2770 356 2840 qui
397 2780 554 2827 erant
593 2770 741 2842 impii
768 2781 922 2827 extra
949 2772 1131 2840 ﬁdem,
1163 2789 1380 2831 causam
1412 2787 1571 2834 terrae
1596 2789 1774 2836 motus

130 2864 131 2867 “
172 2858 423 2920 dicerent
464 2863 833 2934 christianos;
865 2877 1084 2941 propter
1112 2870 1253 2938 quod
1283 2879 1339 2926 et
1371 2874 1773 2941 persecutiones

171 2972 348 3029 passa:
361 2966 487 3013 sunt
501 2948 839 3023 Ecclesiae,et
853 2960 1088 3017 incensae
1105 2974 1249 3019 sunt.
1264 2962 1381 3019 Non
1400 2967 1570 3022 solum
1590 2979 1769 3026 autem

172 3052 277 3118 illi,
310 3052 404 3107 sed
432 3061 487 3106 et
507 3054 597 3122 qui
629 3052 947 3108 videbantur
976 3055 1290 3125 prudentes,
1322 3058 1448 3113 talia
1481 3059 1532 3113 in
1559 3060 1772 3130 publico

175 3146 457 3208 dicerent;
507 3147 631 3217 quia
679 3160 898 3218 prepter
942 3149 1264 3206 christianos
1295 3151 1430 3206 fiunt
1469 3155 1769 3224 gravissimi

1877 1956 1897 1989 ί
1935 1934 2159 2003 Quando
2194 1932 2408 1997 auditis,
2441 1950 2461 1986 ι
2493 1932 2565 1987 ait
2606 1931 2846 2008 (August.
2877 1934 2931 1986 in
2969 1932 3105 1986 titul.
3140 1934 3276 2003 psal.
3309 1949 3474 2000 Lxxx,

1875 2029 1903 2101 ς
1933 2030 1985 2095 1,
2008 2044 2127 2099 pag.
2152 2025 2311 2096 857),
2350 2042 2369 2077 ι
2392 2025 2593 2095 garrire
2618 2010 2988 2094 blasphemos,
3016 2034 3072 2080 et
3098 2025 3279 2082 dicere
3307 2025 3480 2080 abun-

1871 2121 2001 2177 dare
2026 2134 2304 2190 pressuras
2340 2117 2674 2186 temporibus
2719 2117 3070 2183 cltristianis;
3122 2120 3276 2174 scitis
3318 2120 3469 2174 enim

1873 2215 1994 2287 quia
2028 2215 2128 2268 hoc
2153 2216 2337 2267 amant
2365 2210 2548 2266 dicere
2573 2229 2587 2265 :
2617 2210 2671 2265 et
2696 2212 2851 2266 vetus
2884 2212 3130 2283 quidem,
3158 2212 3253 2267 sed
3282 2228 3310 2265 a
3342 2223 3477 2267 temo

1871 2306 2092 2377 poribus
2142 2302 2448 2359 christianis
2494 2303 2659 2373 cmpit
2714 2301 3054 2374 proverbium
3112 2323 3125 2360 :
3178 2302 3302 2358 Non
3342 2303 3476 2374 pluit

1872 2399 2014 2455 Deus
2066 2415 2084 2452 :
2124 2397 2225 2451 duc
2268 2396 2339 2451 ad
2366 2397 2693 2452 christianos.
2741 2396 3076 2469 Qttamtluam
3124 2398 3330 2469 pribre‘s
3375 2401 3478 2454 ista

1874 2491 2145 2557 dixerunt,
2178 2488 2262 2545 isti
2296 2499 2477 2544 autem
2506 2484 2665 2544 modo
2689 2488 2903 2557 dicunt,
2929 2501 2975 2545 et
3001 2491 3119 2560 quia
3150 2491 3277 2561 pluit
3302 2489 3477 2557 Deus,

1874 2585 1974 2639 duc'
2002 2585 2069 2638 ad
2092 2582 2417 2638 christianos.
2456 2603 2474 2636 ι
2524 2582 2653 2651 Quas
2680 2582 2895 2654 Quidem'
2927 2566 3019 2639 ille
3051 2584 3158 2639 non
3195 2585 3370 2639 solum
3406 2584 3478 2641 ibi

1873 2677 2096 2733 uberius
2124 2677 2489 2747 proseQuitur,
2523 2675 2617 2732 sed
2648 2677 2754 2732 alio
2780 2676 2960 2733 adhuc
2987 2677 3040 2732 in
3068 2676 3206 2732 libro
3228 2677 3369 2733 lthnc
3395 2686 3482 2735 re—

1874 2773 2009 2844 petit
2030 2774 2080 2827 in
2123 2770 2342 2826 modum
2371 2789 2385 2825 :
2423 2788 2442 2821 ι
2476 2769 2747 2826 Memento
2779 2780 2960 2826 autem
2989 2787 3077 2827 me
3113 2771 3214 2827 Ista
3241 2780 3482 2827 cumine-

1875 2874 2198 2931 morantem,
2229 2863 2405 2919 adhuc
2434 2873 2619 2919 contra
2652 2864 2932 2934 imperitos
2951 2879 3133 2935 agere,
3160 2879 3228 2920 ex
3251 2879 3479 2936 quorum

1878 2958 2147 3028 imperitia
2168 2958 2296 3012 illud
2320 2972 2534 3028 quoque
2553 2967 2730 3012 ortum
2753 2966 2836 3011 est
2854 2957 3080 3028 vulgare
3102 2958 3446 3028 proVerbium
3466 2978 3484 3014 :

1896 3053 2070 3124 pluvia
2088 3052 2249 3115 desit,
2269 3067 2427 3107 causa
2451 3052 2749 3107 christiani.
2770 3052 2906 3108 Sunt
2920 3068 3172 3125 namque,
3189 3055 3280 3125 qui
3294 3071 3481 3111 eorum

1874 3145 2062 3201 Studiis
2125 3145 2434 3200 liberalibus
2479 3146 2735 3211 instituti,
2787 3155 2971 3201 amant
3016 3146 3324 3214 historiam,
3376 3164 3483 3220 qua

176 3244 339 3295 terra:
360 3240 539 3294 motus
566 3258 585 3290 ι
622 3234 886 3311 (Origen.,
921 3240 1096 3296 Tract.
1122 3243 1217 3309 ~28,
1246 3246 1299 3298 in
1322 3244 1537 3312 Manh.,
1564 3257 1686 3301 ιοηι,
1719 3265 1777 3315 ιι,
1810 3251 1854 3312 C
1887 3239 2145 3295 facillime
2193 3240 2290 3294 ista
2335 3250 2641 3295 noverunt:
2672 3238 2768 3294 sed
2802 3247 2859 3294 ut
2887 3240 3043 3296 nobis
3089 3240 3480 3298 ineruditorum

176 3348 301 3403 pag.
333 3326 465 3403 88).
498 3326 675 3386 Testis
707 3326 861 3388 nobis
889 3324 1066 3390 adhuc
1092 3322 1503 3393 cstLactantius
1531 3338 1776 3395 ethnicos

177 3428 426 3484 eamdem
453 3442 553 3482 suo
577 3429 738 3483 etiam
764 3441 1007 3501 tempore
1029 3432 1294 3489 cecinisse
1316 3434 1660 3501 cantilenam,
1686 3435 1774 3489 ubi

175 3522 271 3578 ille
312 3522 647 3593 objectarum
698 3524 1032 3594 publicarum
1073 3514 1306 3581 cladium
1350 3538 1403 3582 et
1435 3530 1773 3584 miseriarum

174 3620 577 3673 accusationem
626 3620 678 3672 in
712 3620 857 3689 ipsos
904 3619 981 3674 sic
1020 3618 1263 3675 refundit
1298 3638 1310 3674 :
1350 3641 1369 3672 ι
1420 3620 1615 3676 Discite
1656 3621 1776 3677 ideo

174 3708 322 3763 mala
369 3709 549 3764 omnia
594 3709 759 3765 rebus
790 3709 1038 3764 humanis
1078 3711 1320 3781 quotidie
1360 3712 1771 3783 ingravescere,

176 3802 305 3872 quia
336 3801 509 3869 Deus,
557 3802 714 3872 hujus
741 3802 922 3857 mundi
956 3798 1179 3860 cudetur
1207 3818 1261 3859 et
1288 3806 1650 3876 gubernator,
1683 3809 1775 3864 de-

174 3895 401 3952 relictus
433 3906 553 3964 est;
598 3897 721 3967 quia
762 3907 1027 3967 suscepta:
1060 3908 1188 3952 sunt
1202 3934 1219 3963 ,
1251 3909 1443 3955 contra
1490 3914 1651 3971 quam
1697 3902 1775 3959 fas

176 3996 284 4051 est,
318 3989 500 4059 impia:
522 3987 849 4058 religiones;
874 3999 1155 4060 postremo
1181 3992 1307 4061 quia
1332 4007 1400 4047 ne
1428 3993 1534 4048 coli
1555 3994 1774 4064 quidem

175 4080 265 4161 vel
295 4096 326 4135 a
350 4081 532 4151 paucis
574 4081 744 4137 Deum
787 4084 963 4138 sinitis
998 4103 1017 4137 ι
1051 4082 1334 4152 (Laetam,
1365 4087 1452 4141 lib.
1482 4104 1538 4155 v,
1572 4106 1690 4161 cap.
1719 4092 1773 4158 8,

176 4154 302 4245 pag.
326 4173 432 4231 479
457 4184 503 4229 et
531 4191 671 4245 seqq.
698 4176 737 4246 ).
770 4166 827 4232 Si
858 4178 1001 4232 enim
1033 4166 1124 4233 ille
1146 4179 1313 4246 solus,
1338 4154 1645 4239 observatis.
1659 4154 1777 4257 ejus

176 4265 407 4336 legibus,
439 4265 597 4322 sicuti
624 4282 723 4338 par
748 4277 853 4333 est,
881 4269 1172 4340 coleretur,
1212 4287 1319 4328 non
1344 4286 1548 4343 essent,
1580 4277 1773 4349 inquit,

177 4354 565 4425 dissensiones,
610 4358 770 4425 bella,
804 4356 1041 4427 fraudes,
1075 4364 1297 4435 rapinae,
1330 4366 1612 4438 adulteria,
1641 4369 1777 4426 alla-

177 4465 285 4522 que
310 4448 480 4518 mala,
506 4451 702 4521 quibus
730 4453 1020 4510 humanum
1055 4471 1228 4525 genus
1266 4460 1505 4529 seipsum
1536 4463 1773 4519 conficit.

248 4539 361 4596 Nos
389 4556 519 4597 vero
545 4545 924 4599 annotavimns
950 4546 1076 4616 quid
1108 4547 1429 4605 Maximinus
1457 4550 1774 4622 ImperatOr,

1882 3334 2064 3388 turbas
2095 3332 2469 3387 infestissimas
2513 3331 2777 3396 reddant,
2808 3347 2867 3388 se
2908 3342 3071 3389 misse
3096 3334 3477 3401 dissimulant,

1876 3434 2035 3495 atque
2068 3424 2171 3479 hoc
2196 3423 2336 3492 apud
2379 3423 2571 3495 vulgus
2598 3424 2923 3480 confirmare
2958 3426 3230 3493 nituntur,
3260 3428 3477 3493 clades,

1877 3518 2070 3588 quibus
2098 3532 2194 3587 per
2222 3527 2369 3572 certa
2398 3517 2681 3572 intervalla
2706 3518 2951 3573 locorum
2982 3528 3037 3574 et
3062 3528 3363 3590 temporum
3385 3537 3482 3592 ge-

1878 3627 1980 3666 nus
2007 3610 2300 3666 humanum
2324 3621 2537 3681 oportet
2562 3612 2749 3684 alﬂigi,
2776 3629 2939 3669 causa
2962 3614 3211 3670 accidere
3244 3618 3482 3671 nominis

1878 3702 2192 3767 christiani,
2241 3703 2383 3771 quod
2430 3713 2617 3758 contra
2648 3702 2781 3760 deos
2810 3720 2940 3760 suos
2988 3706 3190 3776 ingenti
3221 3706 3359 3761 fama
3378 3741 3394 3772 ς
3423 3718 3481 3763 et

1879 3795 2293 3867 praeclarissima
2346 3797 2663 3851 celebritate
2712 3813 2809 3869 per
2859 3809 3051 3854 cuncta
3094 3799 3413 3857 dill‘tntditur
3450 3823 3470 3855 ι

1879 3888 1897 3960 (
1925 3888 2094 3956 Idem,-
2127 3891 2212 3943 lib.
2245 3905 2281 3944 ll
2310 3889 2373 3944 de
2395 3891 2571 3955 Cinit.,
2604 3907 2721 3963 cap.
2751 3891 2806 3953 5.
2840 3909 2959 3964 pag.
2994 3894 3065 3949 55
3090 3894 3132 3964 ).

1948 3981 2030 4037 Ad
2058 3983 2193 4037 hanc
2219 3992 2397 4039 autem
2429 3984 2790 4053 importunam
2823 4001 2887 4041 ac
2916 3986 3104 4043 falsam
3131 3988 3474 4044 criminatio-

1879 4092 2026 4145 nem,
2046 4079 2250 4133 tamdiu
2268 4077 2532 4150 totiesque
2546 4080 2613 4132 ab
2630 4079 2710 4134 eis
2732 4080 3038 4151 repetitam,
3057 4080 3475 4151 propulsandam

1878 4182 1935 4228 et
1984 4172 2200 4243 penitus
2247 4172 2710 4242 comprimendam
2742 4214 2756 4241 ,
2805 4174 3157 4230 eruditissimi
3202 4175 3478 4245 religionis

1878 4278 2078 4321 nostrae
2113 4265 2431 4322 defensores
2477 4279 2534 4321 et
2576 4277 2834 4322 tractatus
2877 4278 2931 4322 et
2971 4269 3137 4323 llbros
3178 4268 3476 4325 identidem

1880 4359 2187 4416 ediderunt.
2215 4361 2351 4415 Cum
2374 4361 2519 4415 enim
2536 4360 2910 4416 Demetrianus
2932 4361 3257 4417 chrisﬁanos
3295 4364 3474 4433 publi-

1879 4456 2065 4507 carum
2097 4442 2465 4506 calamitatum
2492 4468 2708 4507 causam
2742 4468 2863 4507 esse
2894 4451 3141 4522 latraret,
3172 4455 3476 4527 Cyprianus

1881 4536 2326 4612 Carthagineusis
2380 4532 2666 4614 episcopus
2700 4584 2715 4608 ,
2765 4543 3032 4599 clamosas
3082 4546 3228 4601 illius
3276 4562 3475 4613 voces,

178 4631 493 4689 christianis
536 4633 961 4702 infensissimus,
992 4639 1189 4709 iniquis
1214 4640 1489 4696 civitatum
1519 4646 1773 4702 adversus

1885 4637 2204 4705 ineptasque
2235 4635 2639 4705 objurgationes
2666 4676 2681 4700 ,
2725 4637 2958 4705 primum
2989 4638 3329 4707 spernendus
3355 4654 3477 4695 esse

178 4741 275 4783 eos
294 4722 743 4798 pOslulatiouibus
754 4731 1098 4800 responderit
1113 4741 1128 4803 (
1144 4731 1354 4791 Dissert.
1373 4737 1425 4791 in
1444 4736 1575 4794 Luc.
1595 4737 1777 4808 Cecil.,

178 4836 297 4892 cap.
335 4820 422 4889 15,
451 4830 553 4875 art.
584 4814 639 4887 5,
665 4839 783 4894 pag.
819 4822 983 4896 546).
1024 4825 1093 4880 At
1125 4826 1178 4880 in
1219 4844 1315 4893 ea,
1346 4844 1503 4897 quam
1546 4826 1613 4885 ad
1659 4831 1778 4888 illas

177 4911 428 4968 civitates
472 4911 688 4983 scripsit
718 4910 985 4984 epistola,
1023 4917 1299 4986 audacter,
1339 4928 1475 4976 teste
1508 4914 1776 4988 Eusebio,

178 5004 458 5062 asserebat
483 5006 790 5062 acerbiores
825 5007 1158 5064 calamitates
1187 5010 1477 5082 contigisse
1515 5031 1527 5068 :
1558 5018 1649 5070 Διά
1690 5021 1779 5075 τήν

180 5098 398 5178 ὀλέθριον
422 5098 612 5159 πλάνην
633 5108 725 5161 τῆς
752 5098 997 5156 ὑποκένου
1023 5102 1356 5174 ματαιότητος
1393 5114 1493 5161 τῶν
1535 5109 1780 5180 ἀθεμίτων

179 5194 452 5266 ἀνθρώπων
481 5193 677 5249 ἐκείνων
704 5194 921 5269 ἐγένετο,
948 5196 1094 5254 ἡνίκα
1119 5198 1252 5253 κατὰ
1281 5201 1376 5260 τὰς
1404 5197 1590 5272 ψυχὰς
1617 5204 1780 5258 αὐτῶν

178 5282 494 5352 ἐπεπόλαζε,
526 5284 609 5341 καὶ
629 5284 824 5359 σχεδὸν
870 5288 1026 5343 εἰπεῖν
1058 5289 1125 5344 τὰ
1163 5297 1443 5363 πανταχοῦ
1488 5300 1579 5355 τῆς
1608 5288 1780 5348 οἶκον-

180 5379 336 5449 μὲνης
365 5378 651 5450 αἰσχυναις
682 5377 863 5445 exuas.
897 5378 974 5433 0b
1002 5382 1302 5451 pestilerum
1332 5400 1554 5440 errorem
1582 5385 1782 5443 immis-

180 5468 327 5522 aimw
339 5468 576 5524 vanitatis
597 5468 961 5525 sceleratorum
977 5468 1185 5526 illorum
1204 5473 1469 5529 hominum
1486 5489 1776 5547 evenerunt,

182 5573 283 5627 quo
311 5574 534 5629 temmre
558 5578 702 5616 error
734 5556 822 5616 ille
862 5563 916 5617 in
936 5563 1124 5618 animi:
1156 5560 1361 5619 illorum
1396 5566 1700 5637 pullulavit,
1732 5581 1780 5625 et

184 5648 475 5704 uniuersum
494 5652 863 5722 propemodum
891 5665 1144 5711 terrarum
1160 5658 1330 5712 orbem
1347 5658 1506 5729 probo
1527 5676 1585 5714 ac
1603 5661 1783 5718 decore

185 5739 412 5810 opplevit
480 5738 750 5813 (Enseb.,
818 5740 907 5802 lib.
958 5764 999 5804 ιι
1038 5745 1239 5805 Eccles.
1289 5749 1508 5818 hirtam,
1562 5769 1679 5825 cap.
1724 5752 1779 5825 7,

185 5857 309 5914 pag.
342 5841 451 5898 355
468 5842 510 5914 ).

1882 4729 2162 4785 censebat.
2202 4727 2400 4783 Verum
2438 4730 2546 4796 ille,
2572 4729 3026 4800 quemadmodum
3054 4730 3327 4787 Arnobius
3358 4748 3486 4788 nos-

1884 4833 1967 4878 ter
1994 4822 2342 4895 (Arnob.,lib.
2374 4837 2412 4888 1,
2444 4840 2563 4893 pag.
2584 4808 2659 4892 i),
2693 4838 2762 4877 ne
2793 4838 2850 4878 se
2878 4822 3134 4890 hominis,
3172 4825 3337 4893 impie
3368 4826 3476 4881 Deo

1882 4918 2243 4989 obstrepentis
2268 4959 2283 4985 ,
2314 4917 2644 4973 clamoribus
2673 4918 2816 4972 vinci
2838 4958 2853 4983 ,
2910 4932 2972 4974 ac
3014 4934 3138 4973 cum
3169 4919 3479 4974 cln-istianis

1883 5027 2044 5068 causa
2083 5012 2346 5067 cecidisse
2376 5012 2669 5077 diceretur,
2706 5012 3165 5067 dementissimam
3199 5013 3346 5067 illius
3395 5023 3479 5068 tc-

1885 5107 2190 5163 meritatem
2217 5116 2443 5161 tractatu
2470 5106 2730 5162 adversus
2757 5122 2879 5160 eum
2900 5107 3048 5162 edito
3083 5106 3343 5162 coercuit.
3371 5107 3480 5162 Hu-

1880 5203 2035 5272 jusce
2073 5209 2252 5252 autem
2303 5199 2482 5268 operis
2544 5199 2695 5253 initio
2732 5201 2812 5254 sic
2855 5200 2940 5253 ille
2971 5198 3207 5270 loquitur
3250 5217 3264 5253 :
3320 5221 3339 5251 ι
3369 5199 3476 5255 Sed

1884 5294 2029 5350 enim
2059 5308 2180 5348 eum
2212 5294 2358 5347 dicas
2387 5293 2649 5362 plurimos
2666 5296 2923 5364 conqueri
2945 5335 2959 5358 ,
3007 5293 3149 5365 quod
3183 5293 3324 5350 bella
3354 5310 3477 5351 cre-

1886 5385 2036 5440 brius
2064 5393 2308 5453 surgant,
2331 5383 2475 5453 quod
2500 5383 2635 5449 lues,
2666 5385 2806 5453 quod
2839 5384 3007 5439 fames
3033 5385 3278 5452 smviant,
3303 5387 3478 5458 quod-

1882 5491 1988 5547 que
2021 5476 2221 5529 imb'rcs
2255 5484 2309 5528 et
2341 5466 2549 5545 pluvias
2580 5490 2770 5531 serena
2802 5476 2959 5546 longa
2989 5477 3351 5547 suspendant,
3378 5494 3479 5533 no-

1883 5569 1966 5625 bis
2014 5567 2262 5638 imputari
2294 5608 2310 5635 ,
2369 5578 2546 5623 tacere
2584 5568 2720 5623 ultra
2771 5585 2875 5625 non
2926 5580 3182 5640 oportet;
3238 5588 3307 5627 ne
3363 5573 3476 5643 jam

1886 5678 1994 5718 non
2019 5661 2387 5729 verecundius,
2442 5661 2534 5715 sed
2563 5660 2854 5717 dilidentize
2884 5678 3007 5719 esse
3037 5663 3289 5734 incipiat,
3330 5665 3476 5736 quod

1889 5764 2131 5811 tacemus
2150 5796 2166 5822 ,
2216 5764 2271 5809 et
2309 5753 2435 5809 dum
2461 5754 2869 5810 criminationes
2899 5758 3296 5814 contemnimus
3324 5758 3476 5815 refu-

1902 5860 2019 5907 tare
2038 5891 2055 5920 ,
2086 5847 2363 5906 videamur
2390 5850 2593 5907 crimen
2624 5865 2940 5922 agnoscere.
2970 5850 3291 5924 Respondeo
3319 5855 3482 5926 igitur
