3904 6326
294 318 393 378 457

1525 307 1593 365 IN
1621 305 2011 377 ARNOBWI.
2060 309 2219 369 CAP.
2262 310 2349 369 VI.

3499 306 3606 366 £38

289 442 344 489 et
370 429 485 498 tibi,
508 427 874 496 Demetriane,
895 435 952 485 et
969 427 1212 494 caeteris,
1242 433 1457 495 questu
1488 421 1713 481 forsitan
1742 438 1876 479 oou—
1900 428 1959 491 Α
1981 426 2163 497 gionis
2184 428 2493 484 christiana
2519 428 2744 485 exordio
2760 428 2829 483 ad
2846 440 3001 485 suam
3024 436 3195 500 usque
3219 434 3438 484 atatem
3459 424 3598 482 nihil

288 523 456 581 citasti
474 563 492 593 ,
534 532 593 580 et
625 524 888 581 adversus
908 537 1030 590 nos,
1059 521 1182 578 odia
1211 521 1320 577 tuis
1354 519 1636 576 maledicis
1663 520 1887 575 vocibus

286 617 604 679 seminando
623 654 641 685 ,
681 620 909 677 comites
937 618 1031 673 tibi
1061 617 1269 689 plures,
1295 614 1495 672 radicis
1520 624 1683 686 atque
1711 613 1883 684 erigi-

291 712 373 773 nis
417 720 520 772 tuan
564 712 921 782 pullulatioue
958 709 1168 776 fecisti,
1208 724 1345 778 quos
1389 715 1571 764 tamen
1616 707 1885 763 sermonis

287 804 455 863 nostri
489 803 779 861 admittere
826 802 992 858 credo
1043 803 1333 859 rationem.
1365 821 1386 854 ι
1433 798 1727 874 (Cyprian.
1760 841 1776 867 ,
1812 799 1885 855 ad

289 896 540 962 Demean,
569 910 691 969 pag.
720 894 873 969 186).

358 993 690 1064 Augustinus
714 1006 882 1058 Vero,
925 990 995 1045 de
1033 1003 1141 1060 quo
1176 1004 1279 1045 nos
1319 988 1480 1059 paulo
1509 995 1635 1044 ante
1663 985 1885 1043 diceba-

288 1100 443 1152 mus,
485 1094 671 1155 aperte
710 1084 952 1141 declarat
976 1099 1036 1140 se
1062 1082 1313 1139 eamdem
1367 1081 1439 1136 ob
1481 1092 1704 1137 causam
1745 1092 1880 1134 cou-

284 1177 568 1248 scripsisse
592 1191 720 1234 suos
747 1177 817 1233 de
846 1176 1074 1233 Civitate
1109 1174 1200 1231 Dei
1232 1175 1436 1240 libros,
1464 1188 1695 1243 quorum
1722 1172 1882 1243 quiu-

285 1270 680 1341 queprioribus
726 1268 867 1325 hanc
908 1267 1204 1325 infidelium
1246 1266 1523 1322 hominum
1551 1265 1880 1321 calumniam

285 1363 604 1432 expressius
632 1360 851 1419 refellit.
885 1359 1011 1416 Huic
1033 1369 1213 1415 autem
1237 1369 1363 1415 sunt
1392 1356 1613 1413 totidem
1644 1356 1788 1412 illius
1814 1372 1879 1413 ea

281 1460 347 1517 de
373 1472 437 1516 re
460 1458 626 1516 verba
662 1478 676 1513 ι
711 1478 730 1513 ι
754 1459 963 1515 Interea
1001 1458 1167 1514 lioma
1215 1454 1520 1522 Gothorum
1544 1454 1879 1523 irruptione,

281 1554 556 1626 agentium
581 1553 685 1611 sub
707 1566 834 1623 rege
864 1552 1100 1618 Alarico,
1123 1562 1285 1621 atque
1316 1550 1518 1619 impetu
1542 1559 1747 1619 magna:
1773 1548 1886 1604 cla-

280 1649 364 1705 dis
391 1662 590 1706 eversa
619 1657 707 1706 est
738 1666 753 1703 :
792 1647 948 1718 cujus
985 1647 1326 1705 eversionem
1365 1645 1593 1701 deorqu
1626 1646 1884 1701 falsorum

281 1740 687 1811 multorumque
724 1740 1003 1806 cultores,
1045 1754 1182 1809 quos
1222 1739 1422 1795 usitato
1452 1738 1673 1793 nomine
1716 1753 1888 1809 paga-

1992 529 2189 575 contra
2212 528 2380 575 statas
2392 530 2599 577 natura:
2620 521 2792 593 leges,
2822 535 3000 591 neque
3022 520 3077 577 in
3093 519 3402 584 elementis,
3423 532 3601 588 neque

1995 615 2051 670 iu
2081 615 2237 677 solis.
2272 615 2436 679 lunae,
2470 623 2522 671 et
2551 622 2823 671 astrorum
2852 624 3038 680 cursu,
3076 622 3254 685 neque
3278 613 3335 669 in
3366 623 3603 684 quatuor

1991 712 2119 766 anni
2149 712 2582 779 tempestatibus,
2629 714 2804 781 neque
2856 710 2908 765 in
2959 710 3126 766 solita
3176 717 3340 764 terra:
3386 706 3600 762 anima-

1994 803 2236 873 liumque
2256 801 2626 871 fmcuuditate,
2647 803 2887 874 nequein
2906 802 3139 873 publicis
3159 800 3413 857 humanis
3434 800 3599 857 rebus

1991 906 2049 950 et
2069 895 2374 966 disciplinis
2391 904 2655 951 mutatum
2679 896 2769 951 sit.
2793 894 2993 952 Verum
3015 894 3329 966 superiores
3356 892 3602 965 publicas

1990 986 2330 1043 calamitates
2350 1020 2367 1053 δ
2397 988 2667 1045 rhetorica
2698 987 2869 1059 ﬁgura
2913 989 3076 1059 paulo
3107 987 3332 1044 nimium
3360 985 3619 1057 ampiiii-'

1991 1095 2149 1136 casse
2193 1081 2441 1150 pluribus
2485 1082 2714 1137 fortasse
2757 1081 3064 1145 videretur,
3112 1081 3217 1136 nisi
3271 1094 3594 1149 persuasum

1995 1175 2138 1230 haud
2167 1176 2328 1231 dubie
2361 1177 2437 1230 illi
2466 1174 2663 1232 fuisSet
2689 1176 2874 1242 tcties,
2910 1175 2991 1230 uti
3031 1173 3289 1239 disimus,
3315 1174 3598 1244 repetitam

1990 1269 2061 1323 ad
2088 1271 2321 1327 ethnicis
2341 1272 2789 1327 obtrectationem
2814 1279 2893 1325 tot
2912 1269 3177 1341 exemplis
3204 1283 3327 1324 esse
3346 1267 3601 1324 refellen-

1992 1362 2142 1429 dam,
2174 1366 2236 1419 ut
2269 1364 2336 1420 ad
2374 1363 2666 1431 silendum,
2693 1374 2787 1421 aut
2809 1365 3003 1419 saltem
3033 1363 3102 1418 ad
3128 1361 3441 1433 pudendum
3480 1361 3596 1416 adi-

1989 1469 2267 1531 gerentur:
2298 1460 2667 1529 Quamobrem
2718 1455 3089 1514 Tertullianus
3136 1457 3193 1513 iu
3234 1456 3394 1526 longa
3433 1456 3596 1511 etiam

1993 1552 2346 1619 earumdem,
2398 1566 2518 1623 qua:
2569 1561 2696 1607 ante
2740 1549 2942 1606 Christi
2983 1559 3162 1604 ortum
3217 1547 3598 1618 contigerant,

2001 1643 2240 1700 cladium
2280 1645 2693 1700 enumeratione
2739 1641 2831 1697 diu
2873 1646 3153 1708 versatur,
3195 1654 3297 1695 nec
3335 1642 3496 1694 sectis
3539 1651 3604 1692 ac

1997 1751 2185 1794 noster
2207 1748 2398 1796 auctor
2429 1750 2614 1810 postea
2638 1736 2919 1794 concludit
2953 1753 2967 1791 :
2996 1748 3016 1788 ι
3051 1736 3107 1791 Si
3136 1734 3392 1807 pristinas
3421 1731 3605 1787 clades

280 1850 379 1892 nos
406 1849 688 1899 vocamus,
722 1836 776 1890 in
801 1835 1150 1891 christiaaam
1183 1833 1501 1905 religionem
1543 1832 1751 1888 relerre
1787 1839 1883 1888 eo-
1920 1813 1971 1874 Β
1997 1848 2392 1903 comparemus,
2436 1835 2639 1917 leviora
2681 1848 2824 1888 nunc
2854 1831 3140 1911 accidunt,
3186 1846 3253 1886 ex
3289 1845 3397 1902 quo
3421 1828 3600 1886 chris-

282 1938 478 1986 nantes
503 1968 521 1996 ,
578 1929 740 1985 solito
786 1929 1038 1985 acerbius
1082 1937 1141 1985 et
1187 1928 1426 1983 arnarius
1471 1927 1639 1983 Debui
1691 1934 1883 1982 verum

278 2021 665 2093 biaspltemare
689 2032 991 2093 creperum.
1045 2020 1195 2077 Unde
1242 2035 1345 2090 ego
1370 2018 1731 2074 exardesceus
1763 2018 1888 2075 zelo

281 2116 486 2173 domus
508 2116 627 2184 Dei,
654 2117 917 2172 adversus
937 2129 1124 2170 eorum
1148 2113 1516 2185 blasphemias
1536 2113 1620 2169 vel
1643 2128 1884 2182 errores,

279 2208 447 2266 lihrOs
496 2208 566 2266 de
610 2206 848 2264 Civitate
876 2207 970 2263 Dei
996 2205 1238 2261 scribere
1267 2205 1593 2260 institui.....
1642 2203 1888 2272 Quorum

278 2303 522 2374 quinque
550 2302 706 2372 primi
733 2314 830 2357 eos
886 2299 1184 2363 refellunt,
1234 2297 1329 2369 qui
1378 2310 1468 2355 res
1514 2297 1779 2353 humanas
1808 2297 1884 2354 ita

278 2395 599 2465 prosperari
634 2394 840 2459 volunt,
871 2403 928 2447 ut
953 2390 1021 2447 ad
1053 2391 1158 2447 hoc
1186 2390 1480 2447 multorum
1509 2390 1734 2446 deorum
1763 2391 1888 2446 cul-

276 2495 426 2554 tum,
476 2501 616 2557 quos
663 2485 852 2556 pagani
880 2484 1063 2539 colere
1099 2492 1467 2550 consuerunt,
1517 2483 1885 2538 necessarium

276 2595 397 2637 esse
434 2579 800 2648 arbitrentur,
847 2587 904 2634 et
928 2578 1050 2647 quia
1080 2576 1422 2646 prohibetur,
1455 2575 1594 2629 mala
1623 2575 1729 2630 ista
1751 2589 1885 2630 exo-

278 2675 393 2743 riri,
430 2683 604 2744 atque
653 2672 933 2729 abundare
955 2669 1292 2726 contendunt
1330 2688 1350 2722 ι
1397 2668 1674 2741 (Αιιςιιωι.ς
1705 2668 1794 2724 lib.
1820 2684 1883 2738 ιι,

277 2766 542 2833 Beiram”
572 2783 695 2838 cap.
724 2764 843 2837 45).

341 2859 539 2931 Neque
568 2857 866 2930 Augustino
896 2856 996 2912 bos
1019 2897 1035 2923 ,
1075 2854 1324 2927 quamvis
1344 2854 1574 2909 eximios
1598 2853 1885 2910 excellen-

279 2963 472 3025 tesque
522 2951 690 3008 libros
735 2949 1037 3007 confecisse
1065 2953 1198 3004 satis
1224 2947 1361 3004 fuit:
1403 2946 1502 3004 sed
1540 2944 1791 3003 Orosium
1817 2946 1888 3003 ad

267 3045 594 3107 scribendos
630 3044 855 3099 annales
902 3041 1160 3112 impulit,
1202 3040 1400 3113 quibus
1454 3039 1633 3111 palam
1681 3038 1890 3096 faceret

1999 1928 2176 1981 tianos
2206 1944 2233 1982 ιι
2278 1927 2390 1982 Deo
2419 1908 2570 1982 orbis
2613 1927 2843 1997 accepit;
2888 1908 2969 1981 Ex
3007 1941 3074 1981 eo
3102 1926 3250 1981 enim
3290 1922 3606 1980 innocentia

1997 2019 2182 2074 saeculi
2214 2019 2526 2090 iniquitates
2566 2016 2926 2099 temperarit,
2973 2027 3028 2074 et
3079 2018 3466 2088 deprecatores
3510 2015 3609 2070 Dei

1999 2127 2122 2169 esse
2153 2122 2437 2183 creperum
2472 2133 2492 2167 ι
2528 2111 2889 2182 (Tertullian.,
2917 2112 3165 2183 Apolog.,
3196 2127 3316 2181 cap.
3347 2109 3464 2181 40).
3495 2108 3609 2166 Sed

2000 2204 2116 2261 haec
2145 2206 2253 2270 ille.
2298 2207 2365 2262 de
2394 2222 2502 2278 quo
2533 2222 2632 2262 nos
2675 2221 2774 2263 suo
2814 2207 2970 2274 loco,
3023 2205 3194 2261 fusius
3226 2205 3334 2261 alio
3374 2206 3430 2260 in
3466 2204 3607 2260 libro

1994 2294 2342 2372 ilrdsequiihr
2366 2296 2560 2377 (Idem,
2595 2300 2686 2357 lib.
2717 2302 2781 2357 de
2804 2288 3001 2370 Pallio,
3029 2310 3146 2374 Cap.
3176 2288 3296 2371 27).

2071 2391 2273 2450 Contra
2306 2406 2486 2451 tamen
2516 2386 2843 2466 obji'clebant
2873 2390 3119 2453 ethnici:
3145 2404 3167 2448 ι
3197 2386 3595 2451 Pestilentiae;

2000 2462 2227 2543 Arnobli
2270 2480 2433 2544 verba
2477 2462 2636 2554 sunt,
2676 2507 2694 2540 r
2746 2494 2797 2543 et
2836 2487 3140 2549 siccitates,
3188 2480 3348 2555 bella,
3386 2482 3604 2555 frugum

1999 2578 2262 2650 inopiam,
2288 2579 2549 2647 locustas,
2582 2582 2787 2645 mures,
2824 2587 2880 2635 et
2902 2579 3215 2650 grandines,
3246 2570 3446 2647 resque
3472 2574 3606 2631 alias

1999 2674 2214 2739 noxias,
2240 2670 2439 2743 Quibus
2472 2674 2685 2745 negotia
2732 2672 3082 2728 iucursantur
3108 2669 3367 2736 humana,
3395 2666 3470 2724 dii
3498 2667 3603 2723 im-

1998 2766 2238 2837 portant,
2282 2764 2493 2837 injuriis
2535 2762 2959 2824 Christianorum
3002 2762 3166 2837 atque
3205 2759 3604 2820 offensionibus

1996 2865 2303 2935 etaSpet-ati
2327 2884 2346 2917 ι
2393 2862 2635 2935 (Arnob.,
2674 2861 2763 2917 lib.
2795 2876 2833 2931 ι,
2868 2872 2993 2933 pag.
3019 2862 3097 2932 3).
3157 2854 3265 2917 Sed
3309 2858 3425 2914 haec
3463 2856 3604 2913 ratio

1997 2954 2107 3010 tam
2159 2954 2307 3025 parvi
2358 2955 2602 3027 leviSque
2641 2952 2905 3009 momenti
2951 2952 3193 3008 Arnohih
3234 2950 3351 3006 visa
3388 2954 3505 3018 est,
3536 2958 3599 3005 ut

1996 3054 2198 3121 seipse,
2232 3042 2436 3122 absque
2456 3048 2561 3105 ulla
2590 3047 2983 3115 confutatione,
3008 3046 3264 3102 corruere
3284 3046 3605 3115 perSuasum

276 3139 543 3195 mundum
609 3137 861 3194 omnibus
902 3136 1227 3193 surculorum
1305 3135 1597 3202 aetatibus,
1657 3144 1713 3190 et
1760 3142 1886 3190 ante

1999 3143 2225 3199 omnino
2253 3141 2520 3199 habuerit.
2555 3134 2842 3209 Quomodo
2873 3140 3042 3202 enim.
3070 3138 3265 3209 inquit,
3300 3130 3419 3191 haec
3456 3134 3602 3190 cala-

277 3242 451 3288 ortam
502 3230 855 3287 christianam
901 3228 1262 3299 religionem,
1322 3228 1564 3298 publicas
1607 3228 1887 3298 accepisse

276 3324 642 3393 calamitates,
673 3323 1031 3392 hominesque
1067 3321 1448 3379 communibus
1481 3320 1731 3376 cladibus
1778 3323 1886 3377 mi-

274 3417 429 3474 seriis
455 3425 627 3482 atque
654 3415 910 3470 aerumnis
938 3415 1102 3470 fuisse
1131 3414 1383 3469 afﬂictos.
1421 3413 1546 3469 Haac
1598 3412 1716 3484 ipse
1743 3412 1884 3469 Oro-

274 3511 382 3566 sius
413 3511 469 3565 in
504 3508 853 3564 historiarum
903 3522 1122 3562 suarum
1161 3506 1386 3562 exordio
1413 3504 1672 3578 praefatur
1697 3546 1712 3573 ,
1763 3521 1887 3577 qua:

275 3603 498 3675 quidem
527 3606 730 3674 integra
764 3602 849 3656 hic
868 3599 1178 3657 describere
1208 3599 1330 3670 quia
1358 3599 1571 3671 longius
1598 3598 1738 3654 foret
1761 3637 1778 3664 ,
1815 3597 1886 3653 ad

277 3698 391 3770 ejus
417 3698 637 3763 libros,
687 3697 982 3767 quemlibet
1028 3696 1305 3751 curiosum
1355 3691 1680 3750 mittendum
1710 3692 1885 3748 satius

278 3794 558 3851 duximus.
612 3793 758 3848 Ante
800 3790 1049 3846 Orosiutn
1105 3800 1286 3845 autem
1351 3795 1407 3842 et
1470 3786 1883 3858 Augustinum,

279 3889 559 3945 Arnobius
581 3897 762 3943 noster
790 3886 845 3941 in
876 3885 1041 3952 hisce,
1071 3885 1141 3940 de
1160 3884 1355 3954 quibus
1376 3882 1607 3953 agimus,
1635 3880 1792 3937 libris
1816 3880 1887 3937 ad

282 3982 534 4045 eamdem
560 3980 843 4051 gentilium
876 3979 1325 4035 obtrectationem
1369 3977 1526 4046 plane
1566 3975 1887 4046 penitusque

280 4072 713 4144 reprirueudaut,
756 4072 832 4126 uti
870 4072 1118 4142 superius
1164 4070 1563 4132 annotavimus,
1594 4082 1886 4138 aggressus

280 4178 380 4223 est.
411 4168 553 4235 Quae
583 4166 761 4236 itaque
799 4174 854 4220 et
879 4180 1038 4235 quam
1070 4162 1245 4219 valida
1274 4162 1383 4218 sint
1408 4160 1528 4232 ejus
1566 4169 1886 4232 argumenta

279 4262 409 4330 jam,
434 4262 484 4315 si
512 4258 732 4326 suubct,
763 4258 1025 4314 videams.

897 4402 1191 4449 sancimus
1231 4392 1286 4447 it.

280 4532 644 4599 lZXpendutttur
669 4530 875 4599 singula
887 4529 1103 4599 Arnobii
1115 4536 1402 4599 argumenta
1420 4569 1435 4592 ,
1462 4532 1584 4599 quib

344 4593 680 4653 ethnicorum,
710 4594 1003 4643 christianos
1028 4593 1328 4657 publiCuI‘um
1356 4593 1572 4641 Omnium
1599 4593 1809 4657 cladium
1837 4605 1890 4647 et

339 4659 674 4708 calamitatum
709 4668 904 4719 causam
944 4666 1059 4703 esse
1084 4666 1328 4719 utinquam
1352 4668 1449 4703 non
1488 4656 1889 4719 proclatnantium

344 4720 715 4782 criminationes
735 4718 954 4768 funditus
968 4718 1260 4782 gevertitLac
1281 4718 1523 4782 quomodo
1545 4727 1597 4769 et
1617 4733 1762 4782 quam
1786 4722 1892 4770 evi-

342 4783 527 4832 «tenter
549 4781 856 4831 detinensiret
880 4785 940 4828 ab
966 4779 1075 4842 ipso
1094 4774 1370 4842 christiana:
1396 4774 1650 4842 religionis
1675 4782 1884 4832 exordio

347 4844 406 4896 ad
427 4854 569 4894 suam
593 4857 751 4906 usque
772 4838 1003 4895 tetatent.
1030 4838 1150 4890 nihil
1173 4848 1339 4891 comm
1362 4838 1514 4891 statas
1537 4850 1723 4892 naturre
1747 4844 1891 4906 teges

382 4922 445 4973 ec,
468 4910 517 4973 in
541 4907 686 4962 caelo.
713 4919 807 4956 nec
830 4906 877 4954 in
903 4906 1054 4973 terris
1078 4913 1377 4973 tnunﬂutatum
1395 4918 1410 4963 ;
1428 4906 1610 4973 saepius
1634 4920 1751 4973 vero
1773 4915 1890 4957 ante

347 4960 723 5022 ellri’stianortnn
750 4977 966 5029 ιριιιρυιει
983 4965 1331 5032 genlesfuisse
1350 4960 1475 5032 tame
1495 4960 1756 5032 retire-clas,
1778 4983 1889 5032 per-

349 5037 664 5092 niciosaeque
687 5028 921 5081 accidisse
944 5028 1198 5091 grandinis
1232 5041 1403 5083 casus.
1428 5030 1618 5079 imbres
1656 5028 1887 5093 lapidum,

346 5099 528 5149 siccata
552 5095 771 5155 numina,
800 5099 970 5155 pestes
994 5093 1364 5155 l‘nuestissitnas,
1398 5101 1708 5155 consumptas
1730 5106 1758 5140 ει
1782 5108 1890 5144 mu-

347 5148 489 5210 ribus
509 5166 562 5208 et
578 5148 778 5207 locustis
796 5148 986 5216 fruges,
1010 5154 1246 5203 maximos
1285 5148 1434 5204 terra:
1456 5148 1619 5206 hiatus
1637 5162 1689 5206 et
1712 5163 1887 5206 motus.

359 5287 586 5343 Fatetur
613 5286 841 5356 ingenue
868 5284 1142 5341 Arnobius
1159 5282 1439 5353 gentilium
1468 5284 1892 5354 argumentatio-

296 5398 416 5441 nem
441 5382 622 5454 gravis
661 5381 818 5450 plane
850 5389 905 5434 et
926 5378 1143 5434 maximi
1173 5392 1295 5433 esse
1322 5379 1581 5433 momenti
1620 5392 1685 5433 ac
1710 5378 1891 5435 chris-

296 5474 469 5529 tianos
503 5474 648 5529 omni
678 5471 807 5528 odio
846 5469 1150 5535 habendos,
1183 5481 1344 5539 atque
1369 5469 1507 5526 adeo
1536 5471 1885 5540 reﬁciendam

300 5564 843 5622 etexterminaudam
884 5578 1071 5619 eorum
1118 5561 1457 5631 religionem,
1486 5563 1532 5619 si
1574 5563 1675 5633 ipsi
1716 5564 1889 5632 publi-

302 5671 483 5713 corum
506 5660 791 5721 malorum.
820 5657 1295 5724 calamitatumqno
1319 5656 1557 5710 ninnium
1586 5670 1749 5712 causa
1771 5655 1889 5715 fue-

304 5751 426 5805 rint.
458 5751 560 5806 Sed
587 5752 690 5805 hoc
710 5749 1064 5806 falsissimum
1086 5764 1208 5804 esse
1238 5747 1362 5804 inde
1379 5748 1611 5818 primum
1635 5748 1888 5807 demons-

310 5852 412 5900 trat
443 5842 681 5915 (At°aob.,
713 5843 804 5900 lib.
844 5859 884 5914 ι,
927 5858 1049 5914 pag.
1079 5839 1114 5896 2
1148 5850 1196 5896 et
1236 5839 1313 5913 3),
1344 5841 1487 5913 quod
1514 5841 1585 5899 ab
1614 5841 1731 5913 ipso
1755 5842 1885 5904 reli-

1997 3238 2242 3292 mitatum
2258 3237 2473 3291 nemina
2492 3244 2612 3307 post
2628 3232 2847 3290 chrisiia
2857 3242 2937 3287 me
2949 3226 3227 3302 religionis
3244 3224 3603 3300 primordium

1995 3330 2229 3389 ethnicis
2253 3331 2469 3400 cognita
2513 3343 2636 3384 esse
2669 3332 2983 3399 patuerunt,
3027 3324 3129 3379 tilsi
3159 3328 3317 3380 antea
3352 3322 3600 3393 contige-

1996 3426 2143 3481 rint?
2171 3420 2238 3480 Et
2268 3433 2417 3481 certe
2443 3439 2536 3479 eas
2559 3438 2748 3479 omnes
2781 3424 2933 3494 prius
2963 3416 3229 3477 accidisse
3256 3437 3324 3477 ex
3354 3421 3601 3489 ipsismet

1994 3518 2309 3576 earumdem
2341 3516 2685 3573 ethnicorum
2717 3504 3005 3571 annalibus
3035 3504 3443 3569 evidentissima
3472 3520 3602 3581 pro-

1994 3608 2173 3665 batur.
2208 3608 2362 3679 Quod
2393 3610 2612 3681 quidem
2644 3609 2757 3677 ille,
2796 3605 3249 3679 quemadmodum
3277 3610 3460 3675 posrea
3493 3598 3606 3657 Atto

1992 3705 2265 3774 gusrinus,
2304 3705 2444 3759 facta
2488 3700 2728 3758 cladium
2777 3702 2994 3756 illarum
3026 3698 3477 3763 enumeratione,
3504 3700 3599 3751 us-

1992 3786 2167 3851 tendit
2198 3796 2468 3869 (August.,
2499 3795 2589 3850 lib.
2623 3806 2679 3848 ιιι
2708 3790 2772 3848 de
2809 3791 2988 3860 Civit,
3012 3804 3129 3861 cap.
3163 3788 3253 3857 l7,
3285 3790 3407 3861 pag‘.
3440 3788 3511 3845 73
3552 3799 3603 3843 et

1990 3887 2154 3962 seqq).
2200 3884 2283 3946 Ab
2320 3886 2517 3945 Oresio
2545 3896 2748 3954 autem,
2782 3886 2843 3943 iit
2872 3887 2925 3941 id
2966 3885 3312 3941 manifestum
3341 3883 3603 3940 omnibus

1994 3978 2168 4049 fleret,
2213 3993 2420 4055 septem
2463 3982 2814 4037 historiarum
2856 3976 3046 4046 libros,
3096 3979 3353 4035 hortante
3405 3968 3601 4034 eodem

1993 4064 2294 4145 Augustino
2319 4074 2497 4131 editos
2527 4066 2693 4129 fuisse
2722 4073 2838 4143 jam
2881 4071 3387 4129 anilitadirertimus.
3425 4066 3600 4138 Qualn

1992 4176 2141 4225 recte
2170 4172 2331 4241 p‘orro
2366 4169 2432 4236 id
2460 4170 2709 4233 Orosius,
2742 4166 3050 4237 probaverit
3087 4182 3116 4219 a
3146 4164 3335 4230 nobis,
3381 4156 3493 4219 Deo
3520 4158 3600 4217 fa-

1992 4268 2171 4331 vente,
2209 4271 2394 4334 postea
2436 4276 2535 4317 suo
2564 4262 2685 4317 loco
2714 4259 3130 4316 examinabltur.
3160 4255 3381 4314 Interim
3410 4262 3540 4313 vero
3566 4274 3602 4314 a

1993 4355 2150 4411 nobis
2180 4362 2244 4411 ea
2283 4354 2484 4411 clarius
2530 4348 2865 4411 enucleanda
2904 4360 3051 4418 sunt,
3093 4358 3216 4422 quae
3260 4350 3329 4406 ab
3357 4340 3602 4407 Arnublo

1994 4460 2103 4506 non
2131 4449 2264 4505 satis
2288 4449 2436 4504 clare
2458 4445 2822 4519 esplicantur-

1684 4531 1893 4613 £25318?
1918 4544 1975 4605 Ι)
2068 4543 2261 4599 Narrat
2286 4551 2466 4598 autem
2512 4540 2685 4612 primo
2713 4548 2902 4613 gentes
2944 4537 3088 4594 fame
3126 4550 3273 4609 srepe
3299 4528 3596 4594 confectas.

1992 4637 2065 4692 At
2120 4646 2282 4691 nemo
2333 4643 2455 4699 est,
2505 4634 2597 4703 qui
2647 4631 2859 4687 nesciat
2910 4628 3041 4703 quot
3092 4642 3403 4703 quantaque
3453 4629 3601 4688 illitis

1993 4726 2240 4799 exempla
2268 4724 2323 4782 in
2354 4726 2637 4798 gentilium
2669 4720 2911 4781 hiswriis
2951 4734 3261 4781 Occurrant.
3313 4722 3490 4782 Pauca
3528 4742 3597 4783 ex

1995 4816 2241 4893 pluribus
2264 4820 2308 4875 si
2336 4818 2428 4874 tibi
2461 4816 2689 4888 proferri
2716 4814 2870 4880 velis,
2897 4832 2959 4872 ea
2985 4828 3105 4888 quae
3130 4814 3350 4888 ihsephi
3374 4815 3602 4888 patriar-

1994 4913 2111 4969 cha:
2151 4914 2395 4981 tempore
2436 4910 2557 4976 mit,
2602 4912 2968 4981 praetermissa
3013 4909 3249 4982 (Cenem,
3297 4924 3412 4979 cap.
3450 4908 3516 4966 all
3550 4916 3599 4965 et

1992 5005 2151 5077 ηιμ),
2182 5020 2248 5060 ex
2278 5004 2432 5060 Livio
2459 5003 2639 5060 disces
2667 5013 2868 5059 tantam
2891 5003 3079 5071 fuisse,
3102 5003 3332 5060 Proculo
3357 5003 3599 5075 Geganio

1995 5097 2287 5162 Macerino,
2319 5106 2376 5152 et
2403 5096 2469 5152 L.
2503 5095 2751 5151 Menenio
2779 5094 2986 5150 Lanato
3031 5096 3366 5163 consulibus,
3397 5098 3598 5152 larnem

1991 5190 2310 5265 frugumque
2342 5190 2580 5263 inopiam
2600 5235 2617 5261 ,
2646 5192 2704 5247 ul
2734 5202 2753 5245 ι
2784 5193 2940 5247 multi
2965 5200 3030 5247 ex
3054 5191 3215 5262 plebe
3245 5206 3343 5262 spe
3367 5194 3589 5262 amissa,

1994 5284 2170 5355 potius
2214 5300 2373 5357 quam
2406 5292 2464 5341 ut
2498 5286 2871 5342 eruciareutur
2911 5280 3175 5342 trahendo
3201 5285 3460 5355 animam,
3504 5301 3596 5342 ca-

1996 5379 2195 5449 pitibus
2250 5379 2553 5446 obvolutis,
2598 5394 2660 5437 se
2713 5380 2768 5436 in
2835 5378 3074 5439 Tiberim
3132 5378 3595 5450 praecipitaverint

1993 5471 2156 5545 (ιιι,
2184 5474 2275 5530 lib.
2294 5488 2372 5543 tv,
2402 5492 2523 5548 cap.
2553 5475 2665 5544 l2).
2690 5475 3052 5543 Quamobrem
3081 5475 3307 5547 pulchre
3329 5477 3591 5548 Augusti-

1994 5584 2096 5625 nus
2121 5569 2190 5625 ab
2215 5570 2450 5626 ethnicis
2480 5572 2614 5641 petit
2648 5570 2737 5626 ubi
2768 5581 2895 5627 tunc
2935 5581 3122 5627 essent
3155 5570 3254 5639 dii,
3284 5571 3376 5641 qui
3410 5570 3591 5628 homi-

1991 5662 2146 5718 nibus
2183 5662 2352 5719 cultui
2378 5674 2479 5720 suo
2508 5662 2868 5721 addictissimi
2894 5674 3055 5734 Opem
3098 5663 3302 5721 nullam
3350 5665 3593 5722 tulerunt

1991 5755 2258 5828 (August.,
2289 5756 2379 5811 lib.
2413 5773 2470 5812 ιιι
2508 5756 2779 5823 deﬂvit,
2813 5766 2932 5829 cap.
2960 5758 3051 5823 Π,
3080 5776 3199 5831 pag.
3244 5756 3360 5832 74).
3389 5759 3593 5815 Scribit

1990 5860 2210 5923 quoque
2267 5848 2557 5922 Dionysius
2603 5847 3056 5912 Halicarnasseus
3103 5851 3334 5918 alteram
3381 5858 3593 5925 partem
