3904 6326
335 283 438 337 ὢῗῶ

1605 283 2068 343 DISSERTATIO
2105 285 2390 342 PRIEVIA
3519 302 3604 356 tta

335 399 622 464 lllzeonum,
656 407 792 454 teste
822 397 1119 465 Herodoto,
1142 413 1264 452 cum
1293 397 1384 452 ditt
1409 399 1546 454 fame
1570 399 1930 465 laborassent,
1963 406 2015 461 Λ
2042 409 2157 464 tur,
2191 400 2483 456 humanum
2520 418 2690 473 genus
2732 414 2985 460 usserunt
3024 420 3086 459 ac
3126 404 3435 476 depopulata
3471 424 3597 468 sunt.

333 507 399 545 ea
446 492 664 546 tandem
694 493 915 546 nimium
946 501 1192 562 urgente,
1237 493 1479 562 paternis
1509 495 1743 550 cessisse
1773 494 1935 564 agris,

331 593 387 639 et
417 585 468 638 in
505 582 775 639 Umbriam
805 584 1020 637 venisse
1039 582 1280 654 (Dionys.
1331 583 1597 652 Halicar.,
1632 587 1722 640 lib.
1748 602 1766 640 ι
1793 585 1942 639 Anti-

327 677 458 746 quit.
490 692 644 740 rom.,
680 691 802 744 pag.
841 674 956 744 21).
999 675 1275 746 Denique,
1314 686 1372 729 ut
1411 676 1564 746 plura
1618 677 1934 744 mittamus,

333 775 388 828 in
414 773 721 829 Eusebiano
747 771 1009 827 chronico
1022 772 1089 827 ad
1112 788 1314 827 annum
1341 771 1506 840 2022,
1530 783 1585 829 et
1613 783 1734 841 post
1754 782 1934 829 ortum

332 865 535 920 Christi
572 872 823 918 octavum
856 873 1094 932 notatur,
1124 883 1143 916 ‹
1186 864 1376 930 fames,
1411 865 1582 921 Rome
1618 866 1712 932 ita,
1747 866 1937 936 ingens

337 958 498 1024 facta,
530 965 588 1010 ut
623 957 862 1026 quinque
892 955 1058 1011 modii
1093 956 1460 1012 venderentur
1489 957 1728 1012 denariis
1757 971 1933 1023 xxvu,

333 1051 518 1105 semis.
564 1068 582 1100 ι
634 1045 790 1104 Tunc
831 1059 1010 1103 autem
1053 1049 1475 1104 Christianorum
1519 1065 1716 1106 nomen
1762 1065 1938 1122 neque

333 1141 430 1204 ibi,
464 1155 642 1210 neque
661 1140 791 1194 alibi
816 1139 1056 1194 auditum
1087 1139 1264 1196 adhuc
1291 1140 1488 1196 fuerat.

407 1233 904 1305 Frequentissimos
960 1232 1155 1288 deinde
1210 1233 1488 1304 grandinis
1533 1248 1721 1298 casus,
1777 1243 1939 1305 atque

329 1328 491 1382 etiam
517 1341 709 1381 saxeos
736 1325 936 1381 imbres
957 1334 1116 1380 antea
1141 1325 1403 1381 accidisse
1430 1325 1618 1394 objicit
1643 1325 1937 1381 Arnobius.

331 1418 400 1473 Et
425 1429 570 1473 certe
598 1417 853 1472 Horatius
889 1417 1088 1472 multas
1116 1400 1488 1487 tempestates,
1524 1433 1588 1472 ac
1621 1419 1938 1474 nominatim

331 1513 462 1566 dira:
512 1528 732 1582 prorsus
771 1511 1052 1582 grandinis
1089 1527 1197 1567 non
1242 1513 1296 1568 in
1340 1513 1797 1581 Christianorum,
1841 1515 1937 1571 sed

331 1605 557 1660 occisia
601 1605 894 1674 gentilibus
937 1604 1166 1660 Caesaris
1208 1604 1525 1670 vindictam,
1573 1608 1650 1661 uti
1692 1607 1935 1677 putabat,

337 1699 558 1754 obortas
588 1697 670 1753 his
696 1698 895 1754 cecinit
921 1699 1167 1754 versibus
1201 1719 1214 1754 :

545 1833 654 1881 Jam
677 1835 796 1881 satis
821 1834 968 1882 terris
988 1832 1116 1895 nivis
1140 1839 1289 1895 atque
1311 1833 1432 1883 dirae

550 1895 812 1946 Graudiuis
833 1895 966 1944 misit
989 1893 1160 1953 Pater,
1189 1893 1242 1944 et
1278 1897 1494 1946 rubente

553 1957 776 2007 Dextera
800 1970 964 2005 sacras
981 1957 1223 2015 iaculatus
1245 1970 1388 2007 arces

827 2019 1031 2068 Terruit
1054 2021 1246 2081 orbem,
1276 2027 1374 2069 etc.

1236 2105 1458 2165 (Horat.,
1487 2104 1572 2156 lib.
1596 2122 1630 2169 ι,
1659 2105 1740 2156 od.
1765 2105 1839 2170 2.)

406 2232 617 2288 Deinde
655 2247 783 2288 vero
812 2233 1083 2288 Arnobius
1115 2251 1130 2289 :
1173 2252 1192 2284 ι
1226 2232 1287 2287 In
1312 2234 1510 2292 litteris
1528 2236 1745 2306 priscis,
1789 2257 1808 2288 ι
1855 2235 1935 2290 in-

329 2327 468 2400 quit,
509 2347 526 2378 c
560 2324 1014 2395 comprehensum
1059 2333 1114 2379 et
1140 2327 1500 2395 compositum
1544 2327 1788 2382 videmus
1829 2328 1934 2382 im—

328 2423 457 2476 bres
485 2432 677 2472 saxeos
721 2427 858 2472 totas
888 2432 1029 2484 saepe
1055 2417 1444 2472 comminuisse
1475 2419 1723 2489 regiones
1758 2437 1776 2468 ›
1813 2418 1936 2488 (Ar-

323 2511 474 2578 'uob.,
506 2515 596 2569 lib.
626 2531 664 2579 ι,
692 2531 811 2585 pag.
845 2515 923 2584 ll).
949 2515 1016 2569 At
1047 2513 1280 2584 lapidum
1314 2515 1515 2570 imbres
1539 2526 1664 2570 ante
1691 2513 1938 2570 christia-

332 2623 524 2661 norum
581 2617 826 2677 tempora
892 2616 1160 2662 memorat
1211 2605 1404 2662 Cicero
1456 2625 1469 2660 :
1529 2627 1546 2657 ι
1624 2606 1763 2674 Quid
1809 2622 1933 2662 cum

330 2715 494 2770 saepe,
540 2721 556 2752 ι
589 2700 664 2753 ait
695 2699 804 2765 ille,
841 2717 859 2750 ι
901 2699 1164 2770 lapidum,
1199 2699 1481 2770 sanguinis
1517 2714 1930 2769 nonnunquam,

328 2803 489 2848 terra:
536 2793 843 2858 interdum,
886 2793 1157 2862 quondam
1207 2793 1369 2849 etiam
1420 2793 1575 2848 lactis
1622 2793 1797 2848 imber
1837 2793 1935 2849 de-

327 2883 479 2938 ﬂuxit
517 2903 535 2935 ι
569 2882 730 2955 (Cic.,
779 2884 868 2938 lib.
913 2901 949 2939 Il
988 2884 1050 2938 de
1080 2883 1342 2949 Divinat.,
1389 2902 1511 2956 pag.
1557 2883 1710 2954 271).
1754 2882 1936 2938 Livius

326 2986 506 3032 autem
537 2986 717 3030 narrat
747 2987 870 3044 post
895 2977 1233 3031 Cannensem
1263 2975 1476 3032 cladem
1507 2975 1709 3046 pluisse
1738 2974 1933 3045 lapidi-

327 3072 430 3125 bus
461 3089 474 3124 :
512 3091 530 3122 ‹
563 3068 959 3140 Tempestates,
995 3091 1012 3123 ι
1055 3071 1247 3142 inquit,
1284 3092 1301 3122 ‹
1336 3045 1707 3128 ΐωᾱεείῐιιθτθ.
1741 3070 1797 3124 ln
1834 3070 1932 3124 ΑΙ-
1958 3045 2004 3106 C

329 3163 474 3220 bano
529 3174 713 3220 monte
765 3164 987 3220 biduum
1030 3166 1373 3221 continenter
1427 3165 1696 3235 lapidibus
1748 3165 1930 3235 pluit:

326 3268 467 3313 tacta
505 3258 572 3312 de
607 3257 745 3313 cmlo
773 3259 962 3324 multa,
993 3258 1110 3313 duae
1151 3259 1201 3313 in
1243 3258 1504 3329 Capitolio
1532 3258 1694 3325 ardes,
1731 3259 1931 3314 vallum

326 3353 383 3407 in
414 3353 606 3407 castris
635 3351 816 3405 multis
835 3351 967 3406 locis
989 3368 1150 3422 supra
1171 3351 1505 3417 Suessulam,
1537 3363 1591 3406 et
1611 3352 1718 3406 duo
1741 3352 1933 3422 vigiles

327 3444 618 3500 exanimati
665 3463 678 3498 :
733 3460 922 3498 murus
968 3453 1252 3514 turresque
1296 3444 1543 3515 quaedam
1585 3441 1770 3498 Cumis
1821 3459 1929 3498 non

323 3539 434 3594 icte
483 3539 643 3594 modo
702 3539 1044 3605 fulminibus,
1093 3538 1191 3593 sed
1251 3539 1411 3593 etiam
1461 3538 1707 3596 decussa.
1763 3537 1931 3594 Reate

327 3653 515 3692 saxum
549 3640 738 3709 ingens
776 3637 947 3692 visum
976 3637 1237 3702 volitare;
1273 3636 1365 3691 Sol
1397 3637 1593 3691 rubere
1623 3635 1780 3691 solito
1810 3652 1929 3691 ma-

325 3733 427 3800 gis,
457 3733 860 3803 sanguineoque
914 3730 1105 3786 similis
1143 3749 1162 3780 ι
1216 3727 1377 3799 (Liv.,
1409 3729 1497 3783 lib.
1525 3745 1657 3794 xxv,
1685 3746 1802 3800 cap.
1845 3728 1926 3795 7).

324 3823 604 3880 Testatum
647 3839 861 3893 quoque
902 3821 1027 3876 facit
1068 3823 1341 3892 inspectos
1366 3819 1714 3892 :Sybillarum
1761 3821 1926 3876 libros

324 3925 548 3988 promer
569 3916 811 3971 crebrius
834 3931 939 3969 uno
962 3913 1263 3984 eodemque
1293 3928 1433 3967 anno
1458 3911 1525 3967 de
1551 3912 1691 3968 caalo
1721 3911 1926 3982 lapida-

322 4016 459 4063 tum.
485 4008 651 4063 Paulo
672 4017 830 4064 antea
859 4006 1077 4061 dixerat
1101 4005 1299 4060 factum
1342 4005 1661 4060 novendiale
1685 4019 1921 4071 sacrum,

324 4109 611 4171 propterea
637 4099 779 4170 quod
818 4099 886 4154 de
916 4099 1056 4153 corio
1097 4097 1389 4167 lapidatum
1428 4096 1637 4152 fuisset.
1683 4097 1841 4152 Plura
1881 4097 1928 4152 si

323 4193 480 4261 velis,
504 4193 588 4247 adi
619 4193 911 4259 Tibullum,
937 4191 1210 4246 Valerium
1234 4189 1548 4258 Maximum,
1580 4191 1920 4256 Strabonem,

323 4289 596 4353 Solinum,
637 4297 692 4341 et
727 4287 973 4343 Salmasii
1016 4287 1069 4340 in
1112 4285 1270 4355 hujus
1320 4285 1512 4340 librum
1545 4288 1926 4340 annotationes

323 4379 545 4451 (Idem,
580 4380 668 4433 lib.
700 4397 855 4446 xm,
898 4397 1019 4450 cap:
1048 4382 1146 4444 10;
1176 4378 1398 4444 Tibull.,
1451 4379 1540 4433 lib.
1573 4396 1641 4441 ll,
1693 4379 1821 4448 eleg.
1867 4379 1922 4445 5,

320 4489 456 4528 vers.
491 4475 594 4540 68;
637 4471 811 4527 Valer.
842 4471 1016 4536 Μαπ..
1045 4474 1133 4527 lib.
1168 4490 1205 4538 ι,
1231 4489 1349 4542 cap.
1373 4472 1428 4538 6,
1461 4472 1576 4543 §5;
1603 4472 1804 4537 Strab.,
1833 4471 1920 4526 lib.

322 4581 382 4620 tv
407 4566 622 4636 Geogr.,
648 4583 768 4636 pag.
794 4565 864 4620 82
889 4576 934 4618 ει
959 4583 1122 4637 seqq.;
1153 4565 1351 4632 Solin.,
1381 4581 1500 4634 cap.
1527 4564 1583 4630 2,
1615 4581 1733 4635 pag.
1762 4563 1874 4637 12).

397 4660 480 4714 Ad
512 4658 626 4714 hare
656 4675 784 4714 vero
811 4659 996 4714 scribit
1022 4669 1210 4714 auctor
1237 4669 1423 4714 noster
1455 4677 1468 4712 :
1505 4677 1523 4709 ‹
1559 4657 1806 4713 Flumina
1840 4658 1924 4714 in—

322 4758 502 4829 gentia
533 4757 674 4812 limis
693 4757 958 4812 inaruisse
979 4757 1222 4814 siccatis»
1257 4757 1495 4828 (Arnob.,
1519 4757 1608 4810 lib.
1633 4773 1690 4823 ιι,
1708 4773 1825 4828 pag.
1843 4755 1919 4827 4).

322 4850 476 4919 Quod
508 4865 635 4906 sane
668 4859 865 4924 praeter
888 4851 1023 4906 alios
1061 4849 1313 4923 Virgilius
1356 4850 1443 4906 his
1485 4849 1772 4906 confirmat
1805 4865 1922 4907 car-

321 4945 563 5007 minibus
589 4963 602 4998 :

1008 5081 1192 5131 Videas
1218 5086 1272 5130 et
1293 5083 1492 5130 ﬂumina
1517 5083 1666 5143 sicca,

415 5146 540 5198 Aret
561 5157 701 5207 ager,
729 5145 850 5195 vitio
872 5145 1088 5194 moriens
1107 5144 1212 5195 sitit
1235 5146 1366 5193 aeris
1398 5144 1571 5194 herba.

853 5223 1078 5292 (Virgil.,
1106 5224 1273 5292 Eclog.
1294 5227 1344 5287 7,
1370 5239 1496 5278 vers.
1519 5228 1580 5278 56
1603 5234 1647 5277 et
1669 5229 1825 5293 seqq.)

321 5357 576 5412 Nostrum
603 5365 783 5412 autem
829 5355 896 5410 ad
941 5355 1277 5426 propositum
1323 5354 1454 5408 illud
1494 5355 1730 5409 maxime
1767 5353 1917 5419 facit,

317 5450 462 5520 quod
491 5451 696 5506 Seneca
724 5465 830 5506 non
860 5448 1275 5504 Christianorum
1321 5448 1612 5516 itnpietati,
1660 5448 1922 5518 quemad-

321 5543 542 5598 modum
566 5543 654 5598 alii
685 5543 906 5612 ethnici,
932 5546 1030 5600 sed
1057 5541 1391 5598 naturalibus
1422 5541 1600 5597 causis
1637 5541 1920 5598 fluminum

323 5634 546 5688 ascribit
591 5636 890 5691 siccitatem
949 5637 1182 5704 (Scaea,
1212 5635 1304 5690 lib.
1331 5650 1390 5691 ιιι
1431 5633 1682 5690 Natural.
1709 5643 1915 5705 quiusa,

322 5740 440 5794 cap.
470 5725 538 5778 10
559 5735 602 5778 et
628 5743 763 5795 seqq.
799 5745 918 5798 pag.
945 5727 1097 5798 450).

325 5853 332 5864 ι
397 5817 725 5874 Pestilentiae
750 5818 912 5875 etiam
939 5822 1210 5893 contagia,
1241 5820 1400 5880 sicuti
1430 5821 1704 5881 Arnobius
1743 5821 1918 5893 loqui-

2045 493 2260 564 (Arnob.
2293 495 2390 548 loc.
2415 496 2552 565 cit.).
2585 496 2718 564 Quis
2743 508 2943 562 autem,
2989 499 3182 554 amabo
3211 509 3280 563 te,
3307 500 3355 554 id
3382 501 3599 572 ignorare

2045 593 2240 653 potest,
2265 589 2357 658 qui
2388 591 2647 644 extremis
2673 590 2854 661 digitis
2887 601 3128 647 veterum
3157 595 3439 649 Auctorum
3464 595 3601 663 Livii,

2042 677 2280 744 Eusebii,
2316 681 2511 748 Orosil,
2561 683 2898 755 aliorumque
2943 686 3140 756 scripta
3191 687 3462 756 attigerit?
3506 689 3602 744 Au-

2040 773 2289 842 gustinus
2312 790 2527 846 quoque
2553 775 2744 833 eadem
2777 777 3187 848 argumentandi
3213 779 3412 834 ratione
3436 784 3609 850 premit

2039 865 2312 936 ethnicos,
2347 869 2634 940 pluresque
2664 886 2728 926 ex
2763 872 2928 926 citato
2957 886 2988 926 a
3020 871 3178 927 nobis
3206 871 3355 926 Livio
3373 873 3605 942 pestilen-

2041 958 2145 1014 tias
2176 959 2284 1015 illis
2308 961 2518 1031 objicit.
2544 963 2656 1020 Nec
2680 965 2838 1033 paulo
2868 964 3059 1020 leviori
3084 965 3304 1021 brachio
3331 966 3486 1022 telum
3516 967 3605 1024 hoc

2041 1053 2096 1107 in
2124 1068 2218 1109 eos
2248 1055 2444 1110 vibrari
2475 1066 2649 1126 potest
2676 1072 2743 1112 ex
2770 1059 3018 1128 proxime
3041 1059 3260 1114 laudato
3280 1061 3496 1127 Seneca,
3526 1063 3605 1132 qui

2041 1146 2343 1202 naturalem
2373 1162 2589 1219 quoque
2633 1151 2801 1218 pestis
2835 1151 3101 1207 rationem
3140 1151 3365 1207 reddere
3406 1162 3609 1208 conatur

2045 1237 2206 1309 (Liv.,
2239 1241 2328 1294 lib.
2365 1257 2403 1307 ι,
2439 1258 2558 1312 cap.
2593 1243 2684 1308 51,
2711 1243 2799 1296 lib.
2830 1259 2908 1308 ιιι,
2936 1263 2989 1314 ρ.
3021 1246 3089 1311 6;
3115 1244 3326 1310 Euseb.,
3348 1247 3401 1298 in
3427 1245 3613 1309 chron.;

2047 1332 2243 1398 0rosi.,
2273 1334 2364 1388 lib.
2397 1349 2456 1400 ιι,
2485 1352 2599 1406 cap.
2623 1337 2711 1401 12,
2739 1338 2828 1401 13,
2858 1348 2981 1404 etc.;
3005 1339 3245 1409 August.,
3265 1339 3353 1392 lib.
3381 1354 3430 1392 ιιι
3460 1339 3518 1392 de
3539 1335 3615 1392 Ci-

2040 1428 2155 1492 vit.,
2185 1445 2302 1498 cap.
2332 1430 2420 1496 17,
2447 1446 2566 1501 pag.
2599 1431 2686 1498 74,
2732 1443 2781 1486 et
2820 1449 2938 1505 cap.
2985 1434 3074 1496 3i,
3121 1451 3243 1506 pag.
3281 1434 3381 1498 88;
3426 1432 3613 1502 Scaea,

2041 1520 2131 1574 lib.
2157 1522 2233 1575 Vll
2255 1521 2504 1577 Natural.
2530 1534 2737 1594 quaem,
2757 1541 2873 1595 cap.
2901 1525 2971 1578 27
2993 1536 3041 1580 et
3069 1525 3160 1591 28,
3190 1543 3311 1597 pag.
3339 1526 3490 1596 46⁸5).

2115 1613 2385 1670 Praeterea
2415 1625 2572 1686 urget
2599 1627 2790 1673 auctor
2813 1629 3000 1674 noster
3023 1635 3054 1674 a
3085 1619 3309 1676 locustis
3324 1628 3379 1674 et
3394 1618 3614 1674 muribus

1967 1727 2012 1786 Β
2038 1719 2204 1762 omne
2242 1706 2458 1778 frugum
2502 1725 2676 1780 genus
2723 1725 3003 1766 corrosum
3048 1722 3209 1783 atque
3254 1722 3616 1782 consumptum

2038 1798 2283 1870 (Arnob.,
2314 1800 2402 1854 lib.
2434 1818 2472 1868 ι,
2503 1818 2624 1873 pag.
2653 1803 2734 1872 ὁ).
2755 1803 2972 1859 ALivio
3001 1815 3178 1860 autem
3210 1806 3482 1860 memoria:
3506 1819 3618 1876 pro-

2039 1890 2211 1947 ditum
2239 1893 2466 1966 legimus
2493 1905 2668 1950 tantas
2698 1912 2728 1950 a
2757 1898 2890 1952 mari
2923 1898 3252 1952 locustarum
3281 1899 3449 1954 nubes
3469 1905 3618 1952 vento

2039 1985 2094 2040 in
2120 1987 2367 2057 Apuliam
2400 2000 2624 2060 repente
2654 1989 2833 2045 illatas
2853 2033 2868 2059 ,
2899 1999 2956 2045 ut
2983 1991 3325 2046 examinibus
3347 1991 3458 2045 suis
3473 2005 3619 2060 agros

2039 2079 2146 2133 late
2176 2083 2508 2151 Operuerint,
2531 2092 2692 2154 atque
2720 2084 2787 2138 ad
2817 2099 2935 2139 eam
2969 2083 3176 2155 frugum
3203 2092 3411 2154 pestem
3437 2083 3618 2138 tollen-

2041 2174 2166 2230 dam
2201 2177 2426 2232 missum
2456 2178 2625 2233 fuisse
2652 2178 2714 2232 C.
2746 2178 3009 2234 Licinium
3052 2190 3344 2249 prattorem
3385 2177 3619 2247 designa-

2036 2280 2150 2325 tum
2185 2268 2345 2341 (Liv.,
2391 2271 2480 2326 lib.
2511 2289 2641 2338 χιιι,
2688 2290 2806 2343 cap.
2838 2274 2936 2341 10,
2985 2283 3032 2327 et
3070 2272 3159 2328 lib.
3208 2289 3320 2327 xxx
3346 2313 3363 2338 ,
3402 2288 3515 2342 cap.
3543 2270 3617 2339 2).

2039 2365 2233 2420 Narrat
2260 2367 2478 2437 insuper
2498 2368 2640 2422 circa
2661 2366 2897 2437 Capuam
2917 2384 3134 2424 omnem
3151 2384 3340 2439 agrum
3363 2366 3620 2440 oppletum

2040 2458 2146 2512 alia
2169 2459 2371 2530 ingenti
2399 2461 2710 2516 earumdem
2734 2463 3088 2518 locustrarum
3119 2463 3482 2531 multitudine,
3504 2475 3625 2532 quas

2040 2552 2260 2622 quidem
2293 2557 2434 2608 unde
2461 2555 2808 2611 advenissent
2838 2572 3030 2626 parum
3053 2557 3360 2613 constabat.
3407 2556 3510 2612 Sed
3537 2571 3624 2609 au-

2039 2646 2271 2702 diendus
2317 2661 2402 2704 est
2444 2651 2794 2720 Augustinus,
2822 2651 2913 2722 qui
2951 2665 3018 2706 ex
3048 2651 3147 2705 hac
3185 2651 3538 2716 locustarum,
3567 2663 3624 2702 ac

2042 2742 2312 2810 superiori
2340 2744 2508 2812 pestis
2528 2744 2830 2799 calamitate
2853 2744 3045 2800 eodem
3069 2746 3246 2814 plane,
3277 2755 3444 2815 atque
3464 2746 3628 2797 Arno-

2042 2833 2182 2898 bius,
2213 2835 2377 2890 modo
2403 2847 2591 2892 contra
2634 2838 2861 2905 gentiles
2891 2846 3304 2908 argumentatur
3334 2856 3347 2892 :
3387 2858 3404 2886 σ
3438 2835 3627 2892 Locus-

2042 2937 2216 2984 tarum
2251 2931 2304 2985 in
2345 2932 2557 2996 Africa,
2593 2951 2612 2982 ι
2650 2932 2841 3002 inquit,
2897 2953 2915 2983 ι
2968 2931 3369 2988 multitudinem
3405 2929 3621 3001 prodigii

2040 3023 2272 3078 similem
2297 3024 2481 3090 fuisse,
2506 3039 2628 3078 cum
2650 3023 2762 3094 jam
2787 3034 2932 3080 esset
2953 3025 3133 3096 populi
3159 3025 3391 3079 Romani
3420 3022 3627 3095 provin-

2040 3116 2142 3177 cia,
2176 3115 2370 3171 litteris
2395 3116 2786 3172 mondaverunt
2812 3135 2827 3172 :
2851 3118 3184 3188 consumptis
3222 3119 3373 3172 enim
3396 3115 3629 3187 frugibus

2040 3208 2290 3279 foliisque
2323 3211 2591 3281 lignorum
2638 3212 2860 3280 ingenti,
2891 3222 3052 3281 atque
3095 3210 3465 3266 inaestimabili
3495 3207 3627 3263 nube

2038 3304 2092 3358 in
2125 3318 2274 3358 mare
2296 3303 2484 3359 dicunt
2509 3320 2630 3360 esse
2650 3304 2934 3374 deiectam.
2956 3303 3070 3370 Qua
3085 3314 3295 3358 mortua
3321 3303 3628 3372 redditaque

2038 3396 2325 3460 littoribus,
2373 3407 2536 3468 atque
2577 3398 2702 3454 hinc
2732 3413 2859 3454 aere
2886 3407 3169 3468 corrupto,
3219 3408 3427 3451 tantam
3460 3406 3625 3451 ortam

2035 3491 2420 3560 pestilentiam,
2459 3501 2519 3546 ut
2558 3493 2610 3546 in
2643 3494 2762 3548 solo
2787 3508 2956 3562 regno
2979 3492 3298 3556 Masinissae,
3328 3493 3627 3560 octingenta

2033 3583 2310 3639 hominum
2341 3585 2505 3640 millia
2530 3586 2758 3658 periisse
2778 3585 3104 3648 referantur,
3133 3594 3186 3638 et
3207 3585 3382 3638 multo
3406 3583 3628 3653 amplius

2034 3676 2089 3730 in
2121 3677 2282 3732 terris
2313 3676 2581 3733 littoribus
2631 3677 2961 3748 proximis...
2995 3675 3144 3731 Talis
3172 3677 3359 3744 itaque
3402 3677 3624 3736 vanitas,

2032 3770 2248 3840 qualem
2269 3771 2515 3834 ferimus,
2543 3772 2702 3842 eique
2723 3771 3055 3842 respondere
3077 3770 3486 3840 compellimur,
3513 3768 3629 3840 quis

2033 3866 2226 3922 borum
2256 3881 2362 3922 non
2403 3867 2711 3922 christiana:
2742 3867 2984 3936 religioni
3015 3865 3308 3928 tribueret,
3345 3867 3390 3920 si
3432 3874 3630 3933 tempo—

2032 3959 2184 4014 ribus
2208 3959 2512 4014 christianis
2545 3959 2771 4013 videret.
2795 3980 2821 4010 η»
2849 3959 3116 4029 (August.,
3147 3958 3237 4013 lib.
3270 3974 3333 4013 ιιι
3365 3959 3432 4012 de
3460 3957 3629 4016 Cirin,

2033 4067 2150 4122 cap.
2180 4053 2271 4118 51,
2302 4068 2419 4123 pag.
2451 4052 2568 4123 88).
2611 4051 2813 4107 Eadem
2849 4051 2998 4106 hisce
3035 4051 3102 4106 de
3135 4051 3362 4106 locustis
3406 4048 3634 4121 prodidit

2032 4143 2279 4210 Orosius,
2312 4161 2472 4216 quem
2512 4145 2757 4211 consule,
2807 4147 2947 4198 sicut
2983 4145 3131 4200 etde
3162 4145 3280 4199 aliis
3317 4144 3626 4199 Cornelium

2032 4239 2297 4302 Tacitum,
2342 4249 2503 4310 atque
2541 4240 2703 4294 etiam
2743 4225 3090 4305 Bochartum,
3132 4239 3222 4308 qui
3257 4239 3412 4307 plura
3459 4237 3527 4290 de
3558 4235 3630 4289 lo—

1952 4365 2006 4425 D
2029 4332 2197 4386 eustis
2239 4330 2480 4400 disputat
2524 4331 2725 4403 (,0ros.,
2754 4330 2843 4385 lib.
2874 4347 2928 4393 ν,
2959 4347 3076 4400 cap.
3109 4332 3197 4394 ll;
3237 4330 3399 4384 Corn.
3444 4329 3628 4387 Tacil.,

2033 4423 2123 4478 lib.
2154 4439 2244 4488 xv,
2271 4435 2382 4492 post
2407 4425 2635 4489 initium;
2667 4425 2933 4492 Bochart.,
2964 4425 3050 4478 lib.
3091 4441 3142 4478 tv
3169 4426 3232 4479 de
3255 4441 3398 4480 sacr.
3434 4423 3626 4493 Script.

2031 4519 2212 4582 anim.,
2243 4534 2360 4587 cap.
2391 4519 2416 4571 1
2447 4527 2495 4572 et
2523 4535 2660 4589 seqq.
2687 4519 2730 4592 ).

2103 4609 2454 4680 Prosequitur
2484 4611 2754 4665 Arnobius
2783 4611 2895 4680 (lib.
2928 4629 2965 4674 ι,
3000 4628 3118 4682 pag.
3153 4611 3236 4682 4),
3261 4624 3318 4666 et
3351 4611 3505 4667 addit
3535 4627 3622 4666 ur-

2031 4701 2129 4758 bes
2176 4711 2337 4772 atque
2387 4703 2636 4758 civitates
2680 4703 3022 4758 tremefactas
3070 4703 3425 4759 validissimis
3473 4715 3626 4759 terrai

2028 4795 2286 4860 motibus.
2311 4807 2366 4852 et
2387 4797 2637 4852 maximis
2663 4797 2778 4867 ejus
2810 4797 3044 4852 hiatibus
3069 4798 3424 4868 interceptas.
3449 4797 3625 4854 Testis

2026 4887 2221 4944 horum
2253 4889 2410 4944 nobis
2429 4899 2514 4945 est
2539 4890 2765 4956 Plinius,
2794 4892 2885 4961 qui
2918 4890 2989 4947 de
3019 4892 3254 4947 motibus
3293 4902 3461 4949 terra:
3487 4892 3625 4947 hunc

2023 4983 2216 5038 scribit
2245 4983 2298 5038 in
2324 4983 2542 5038 modum
2574 5002 2587 5037 :
2625 5003 2644 5036 ‹
2682 4983 2858 5039 Motus
2888 4993 3046 5039 terra:
3068 4985 3355 5052 sileantur,
3387 4995 3446 5042 et
3474 4983 3627 5057 quid-

2022 5075 2152 5145 quid
2192 5086 2309 5142 est,
2360 5076 2447 5130 ubi
2488 5076 2680 5132 saltem
2727 5077 2880 5131 busta
2933 5077 3144 5132 urbium
3196 5089 3418 5134 exstant
3470 5076 3623 5133 simul

2023 5181 2088 5222 ac
2119 5176 2276 5222 terra:
2304 5169 2560 5224 miracula
2590 5169 2768 5240 potius
2791 5170 3058 5232 dicamus.
3088 5186 3249 5241 quam
3279 5172 3496 5227 scelera
3526 5186 3622 5226 na-

2024 5268 2160 5314 tura}
2194 5279 2214 5312 ι
2249 5257 2444 5331 (Plin.,
2470 5261 2558 5315 lib.
2595 5277 2628 5316 ιι
2656 5260 2820 5329 llist.,
2845 5275 3041 5329 natur.,
3063 5279 3181 5334 cap.
3202 5262 3292 5326 92,
3315 5280 3440 5335 pag.
3471 5260 3620 5336 239),

2024 5351 2194 5406 multo
2215 5351 2392 5408 minus
2425 5353 2864 5420 christianorum,
2904 5363 2964 5409 ut
3011 5365 3158 5411 recte
3203 5365 3395 5411 auctor
3438 5364 3624 5412 noster

2021 5445 2214 5516 arguit.
2259 5444 2415 5500 Prius
2455 5461 2586 5502 vero
2626 5447 2767 5502 idem
2818 5448 3022 5503 Plinius
3062 5448 3130 5503 de
3181 5459 3418 5519 utroque
3464 5461 3616 5503 terrae

2021 5547 2172 5592 motu
2197 5547 2252 5593 et
2279 5538 2427 5593 hiatu
2456 5558 2468 5593 :
2502 5558 2519 5590 t
2557 5538 2718 5594 Varie
2747 5550 2886 5594 terra
2929 5541 3190 5610 quatitur,
3228 5560 3248 5593 ι
3280 5541 3482 5612 inquit,
3521 5563 3536 5591 ι
3568 5551 3619 5594 et

2022 5631 2156 5685 mira
2195 5631 2426 5685 eduntur
2446 5646 2631 5701 opera,
2661 5633 2788 5686 alibi
2831 5634 3117 5702 prostratis
3155 5635 3451 5697 inmitibus,
3490 5632 3616 5686 alibi

2021 5726 2286 5797 profunde
2317 5727 2463 5782 hiatu
2486 5727 2692 5784 haustis
2731 5749 2750 5781 ι
2787 5728 2978 5797 (Idem.
3027 5731 3202 5785 eodem
3244 5731 3361 5796 lib.,
3401 5749 3520 5802 cap.
3552 5729 3618 5784 79

2021 5831 2070 5878 et
2088 5822 2178 5891 80,
2210 5839 2329 5894 pag.
2362 5822 2462 5881 251
2495 5837 2540 5879 et
2571 5825 2752 5895 seqq).
2774 5823 2948 5895 Atque
2972 5826 3040 5882 ibi
3069 5825 3136 5882 de
3163 5827 3271 5884 illis
3293 5827 3475 5896 plura,
3499 5838 3616 5896 qua?
