3904 6326
185 318 267 375 ιιι
426 309 436 318 ’
1364 312 1428 368 IN
1469 309 1841 382 ARNOBIUM,
1882 310 2035 366 car.
2077 311 2164 368 vi.

3338 309 3442 366 442

176 437 341 505 legere
367 432 586 504 poteris,
637 431 912 488 memoria:
949 429 1222 486 mandavit
1274 429 1469 500 (Idem.
1501 430 1590 485 lib.
1628 430 1743 493 cit.,
1775 434 1828 490 Α
1850 428 2096 498 exempla
2118 428 2249 483 satis
2263 441 2531 499 superque
2557 428 2934 485 demonstrant
2958 429 3092 485 nihil
3106 427 3349 499 potuisse
3371 428 3442 484 ab

181 545 282 597 cap.
305 527 396 592 84,
421 542 534 596 pag.
567 524 721 594 251).
754 525 826 580 At
859 525 1148 579 maximum
1177 533 1299 593 post
1328 523 1605 578 hominum
1636 537 1751 577 me-

187 621 392 676 moriam
428 627 583 673 terrae
609 627 838 681 motum,
867 617 1166 688 imperante
1196 615 1435 680 Tiberio,
1457 615 1750 687 contigisse

182 712 387 775 asserit,
429 710 626 781 quippe
650 724 758 781 quo
785 709 1070 766 duodecim
1113 711 1256 764 Asia:
1287 709 1448 764 urbes
1475 709 1748 763 subversa:

182 807 381 862 fuerint.
414 804 725 858 Memimere
756 804 920 859 etiam
945 802 1104 872 hujus
1127 813 1287 858 terra:
1318 812 1520 868 motus,
1553 800 1749 856 Strabo

178 913 224 957 et
244 900 556 967 Suetonius,
607 910 771 971 atque
811 899 860 954 ei
892 897 1200 968 adjunctnm
1235 907 1393 952 terra;
1423 896 1625 951 hiatum
1666 894 1750 950 his

177 992 373 1048 Tacitus
403 1001 588 1046 narrat
615 992 794 1046 verbis
823 1009 836 1046 :
867 1010 885 1044 ε
926 989 1130 1044 Eodem
1161 1005 1303 1044 anno
1333 988 1617 1044 duodecim
1655 1003 1748 1044 ce-

174 1088 330 1142 lebres
360 1085 503 1140 Asia:
535 1085 696 1140 urbes
733 1085 1025 1154 conlapsae,
1075 1093 1342 1138 nocturno
1389 1094 1548 1138 terra:
1577 1090 1746 1147 motu,

181 1196 272 1250 quo
296 1179 648 1248 improvisior
675 1178 1002 1247 graviorque
1040 1176 1208 1247 pestis
1246 1175 1365 1230 fuit.
1396 1175 1582 1245 Neque
1612 1175 1744 1230 soli-

177 1285 268 1328 tum
298 1274 349 1327 in
379 1272 471 1327 tali
494 1287 626 1328 casu
651 1271 905 1342 eﬂ‘ugium
937 1271 1290 1326 subveniebat
1318 1270 1371 1325 in
1408 1280 1591 1341 aperta
1624 1284 1748 1340 pro-

172 1365 467 1436 rumpendi;
500 1367 624 1436 quia
642 1365 875 1421 diductis
903 1365 1065 1421 terris
1093 1363 1502 1418 hauriebantur.
1531 1363 1746 1418 Sedisse

173 1461 440 1516 immensos
466 1468 704 1527 montes,
735 1459 847 1514 visa
874 1460 930 1513 in
959 1457 1154 1521 arduo,
1184 1472 1305 1528 quae
1334 1455 1489 1526 plana
1511 1457 1743 1524 fuerant,

175 1551 419 1608 ell‘ulsisse
450 1552 596 1607 inter
643 1551 854 1606 ruinam
887 1551 1040 1622 ignes
1086 1558 1393 1604 memorant
1438 1568 1457 1601 ι
1507 1547 1741 1621 (Strabo,

173 1648 242 1701 lib.
266 1663 340 1701 xu
369 1645 589 1717 Geogr.,
614 1665 668 1716 p.
698 1646 839 1710 518;
867 1645 1113 1711 Sueton.,
1138 1645 1193 1699 in
1223 1645 1326 1698 vita
1356 1642 1566 1710 Tiberii,
1595 1641 1740 1714 §49;

1851 521 2080 577 ethnicis
2104 521 2232 591 ﬁngi
2261 519 2570 585 absurdius,
2621 537 2783 592 quam
2825 522 2892 576 iis
2921 519 3179 577 mundum
3214 521 3264 576 in
3295 519 3444 576 chri-

1849 615 2148 668 stianorum
2177 628 2394 683 poenam
2439 615 2646 669 vexari.
2679 613 2879 669 Verum
2903 613 3174 669 Arnobius
3201 623 3262 668 ut
3287 611 3443 669 indo-

1851 706 2036 760 mitam
2062 705 2444 760 insanicntium
2469 704 2748 760 hominum
2782 707 3132 776 petulantiam
3155 704 3445 762 vehemen-

1853 800 1959 852 tius
1978 808 2277 865 coerceret,
2297 798 2418 852 aliis
2447 797 2624 853 adhuc
2648 798 2911 868 exemplis
2940 798 3069 854 illud
3093 799 3306 854 censuit
3323 813 3444 854 esse

1851 890 2188 961 probandum
2221 889 2464 961 (Arnob,
2497 890 2586 944 lib.
2617 906 2658 958 ι,
2683 909 2804 962 pag.
2839 891 2873 945 4
2897 888 3044 961 e15).
3069 891 3238 945 Instat
3265 890 3444 962 itaque

1850 995 1976 1040 ante
1997 984 2416 1039 Christianorum
2444 994 2688 1054 tempora
2720 982 2979 1038 mundum
3041 982 3290 1038 incendio
3313 997 3444 1038 con-

1850 1079 2124 1152 ﬂagrasse,
2151 1081 2312 1135 urbes
2341 1081 2503 1136 maris
2533 1080 2782 1136 ﬂuctibus
2808 1088 3122 1150 coopertas,
3153 1094 3323 1149 genus
3343 1078 3444 1134 hu—

1850 1190 2071 1229 manum
2100 1175 2316 1232 diluviis
2349 1175 2689 1246 absorptum,
2721 1185 2904 1247 atque,
2937 1185 2993 1229 ut
3015 1174 3169 1229 Plato
3197 1172 3445 1245 perhibet

1848 1279 1966 1324 ante
1993 1286 2248 1324 armorum
2294 1271 2458 1325 millia
2497 1270 2689 1337 decem,
2727 1269 2796 1324 ab
2825 1268 3096 1324 Atlantica
3129 1267 3303 1325 insula
3331 1282 3441 1324 ma-

1847 1380 2005 1435 gnam
2037 1364 2282 1435 erupisse
2327 1364 2608 1420 hominum
2662 1363 3085 1428 multitudinem,
3135 1378 3255 1432 quic
3286 1361 3444 1417 innu-

1849 1474 2031 1515 meras
2059 1460 2304 1515 nationes
2332 1458 2575 1514 funditus
2591 1458 2792 1514 delevit
2819 1465 2874 1513 et
2896 1457 3174 1513 exstinxit.
3193 1456 3244 1512 Is
3263 1466 3442 1511 autem

1848 1551 2089 1607 Platonis
2116 1552 2270 1606 locus
2319 1551 2373 1606 in
2423 1550 2542 1621 ejus
2593 1550 2799 1606 'I‘imzco
2827 1550 3088 1617 occurrit,
3121 1548 3212 1605 ubi
3243 1548 3334 1604 ille
3376 1563 3443 1604 ex

1847 1644 2085 1716 antiquis
2125 1644 2482 1716 scriptoribus
2513 1653 2695 1700 narrat
2735 1660 2804 1700 ex
2840 1659 2903 1698 ea
2944 1643 3214 1699 Atlantica
3242 1643 3438 1711 insula,

172 1738 343 1805 Tarit.,
375 1739 467 1792 lib.
500 1756 539 1794 ιι
566 1739 784 1806 Annal.,
815 1738 937 1809 §7).
965 1737 1022 1792 lu
1040 1736 1256 1794 Eusebii
1285 1746 1463 1791 autem
1487 1735 1746 1792 chronico
1775 1758 1822 1817 Β
1847 1755 2005 1811 quam
2030 1739 2201 1807 Lybia
2230 1749 2287 1796 et
2313 1740 2440 1796 Asia
2465 1739 2724 1810 majorem
2775 1739 2940 1794 fuisse
2986 1739 3081 1804 ait,
3134 1738 3328 1794 iactam
3357 1736 3444 1791 iu-

174 1834 265 1886 biec
289 1831 354 1886 ad
386 1832 682 1902 septimum
710 1830 916 1886 Tiberii
948 1845 1148 1885 annum
1173 1828 1502 1896 referuntur,
1545 1844 1608 1883 ac
1648 1838 1746 1885 tre.

173 1926 318 1980 decim
343 1926 608 1996 collapste
634 1925 796 1981 urbes
823 1925 937 1980 suis
967 1925 1037 1980 ibi
1055 1924 1396 1995 appellantur
1417 1923 1743 1979 nominibus.

173 2018 383 2074 Plurium
413 2027 601 2073 autem
633 2028 793 2074 terra:
822 2027 1086 2084 motuum,
1110 2017 1202 2087 qui
1222 2016 1588 2086 superioribus
1614 2023 1744 2070 aeta-

175 2113 289 2168 tibus
316 2114 636 2169 acciderant
665 2113 725 2168 lit
747 2113 944 2168 ibidem
968 2113 1191 2168 mentio.
1223 2112 1462 2183 Denique
1491 2119 1548 2165 ut
1577 2110 1744 2166 multa

170 2217 434 2274 taceamus,
465 2205 683 2275 Cicero,
706 2204 876 2262 Ctelio
906 2215 1043 2262 teste
1070 2207 1255 2270 citato,
1281 2213 1466 2260 narrat
1493 2223 1509 2255 ι
1546 2204 1745 2274 eoipso

173 2308 406 2371 tempore,
449 2320 471 2352 ι
533 2314 643 2371 quo
672 2299 974 2375 Flaminius
1013 2309 1200 2354 contra
1245 2297 1600 2354 Hannibalem
1647 2312 1747 2368 pu-

172 2393 363 2464 gnabat,
399 2413 418 2446 ‹
455 2402 642 2448 tantos
672 2402 832 2449 teri-te
870 2404 1049 2448 motus
1093 2393 1146 2448 iu
1189 2391 1510 2463 Liguribus,
1547 2390 1742 2458 Gallia,

169 2488 624 2561 compluribusque
651 2489 858 2555 insulis,
890 2498 1107 2558 totaque
1129 2487 1280 2543 Italia
1300 2488 1472 2542 iactos
1497 2500 1620 2540 esse
1637 2527 1653 2550 ,
1684 2493 1746 2540 ut

171 2584 310 2638 multa
339 2584 542 2654 oppida
574 2583 900 2650 corruerint,
935 2581 1116 2638 multis
1143 2583 1276 2638 locis
1304 2582 1453 2637 labes
1483 2581 1621 2636 facta
1650 2580 1740 2647 sit,

172 2673 474 2748 ﬂuminaque
513 2677 565 2731 in
607 2679 906 2732 contrarias
946 2686 1126 2747 partes
1174 2677 1453 2742 lluxerint,
1488 2687 1650 2746 atque
1688 2677 1740 2730 in

169 2783 329 2824 omnes
352 2785 510 2826 mare
537 2769 852 2826 inﬂuxerit»
897 2771 1056 2841 (Cia,
1089 2769 1179 2825 lib.
1204 2788 1218 2825 ι
1243 2771 1308 2825 de
1333 2770 1588 2836 Divinat.,
1623 2787 1744 2842 pag.

169 2864 273 2932 9.68,
297 2867 388 2921 lin.
424 2866 506 2923 40
531 2878 579 2921 et
606 2865 792 2940 καφ).
833 2866 941 2924 Sed
975 2867 1110 2922 alias
1139 2881 1241 2922 nec
1268 2868 1505 2922 minores
1533 2866 1747 2938 quidem

171 2957 480 3016 calamitates
517 2959 609 3014 ille
633 2970 816 3030 postea
847 2968 1097 3016 recenset
1123 2959 1312 3033 (Ibid.,
1338 2977 1460 3032 pag.
1490 2960 1618 3022 271,
1651 2961 1746 3014 lin.

1848 1833 2089 1903 gentium
2120 1833 2398 1903 cupiarum
2432 1834 2810 1904 irruptiouem,
2843 1847 2946 1902 qua
2987 1831 3151 1886 varia:
3195 1830 3445 1886 nationes

1851 1924 1903 1978 in
1935 1925 2255 1979 servitutem
2283 1925 2515 1980 redacta:
2545 1936 2670 1980 sunt
2701 1924 2902 1998 (Plato,
2937 1935 3060 1978 tom.
3105 1940 3183 1989 ut,
3233 1921 3438 1988 Titum,

1851 2035 1971 2089 pag.
1995 2019 2066 2072 25
2091 2030 2138 2073 et
2165 2018 2284 2091 25).
2311 2018 2417 2074 Sed
2444 2028 2627 2089 postea
2650 2018 2996 2085 diluviorum,
3036 2029 3303 2088 terraeque
3327 2031 3444 2072 mo—

1850 2123 2000 2168 tuum
2044 2124 2180 2169 aestu
2229 2128 2448 2170 omnem
2498 2114 2814 2172 bellicosam
2844 2113 2991 2169 illam
3019 2123 3255 2185 gentem,
3284 2121 3445 2183 atque

1847 2209 2017 2278 ipsam
2055 2207 2284 2263 insulam
2319 2223 2414 2278 per
2441 2208 2600 2264 unius
2639 2217 2845 2263 tantum
2877 2207 3054 2264 noctis
3083 2216 3138 2262 et
3178 2206 3288 2262 diei
3317 2219 3465 2276 spa-'

1847 2302 1979 2357 tium
2006 2303 2261 2358 ﬂuctibus
2310 2304 2478 2358 maris
2521 2303 2860 2372 absorptum,
2909 2312 2964 2358 et
3017 2301 3150 2357 nihil
3194 2301 3351 2373 plane
3377 2316 3445 2356 ex

1851 2393 1979 2461 illis,
2008 2397 2110 2451 nisi
2139 2397 2234 2451 luti
2267 2390 2526 2467 reliquias
2585 2397 2956 2466 comparuisse
3002 2395 3256 2465 amplius.
3300 2394 3444 2450 Idem

1849 2504 2014 2560 porro
2041 2490 2286 2547 Platonis
2314 2492 2466 2546 locus
2492 2507 2602 2546 non
2631 2491 2804 2546 solum
2835 2506 2865 2546 a
2898 2490 3073 2546 Plinio
3103 2499 3157 2546 ct
3181 2489 3446 2546 Strabone

1849 2584 2068 2646 citatur,
2100 2600 2288 2639 verum
2327 2585 2489 2640 etiam
2518 2600 2548 2639 a
2575 2585 2934 2652 Tertulliano,
2968 2585 3056 2656 qui
3082 2583 3206 2639 inde
3257 2583 3446 2639 absur—

1849 2677 1972 2733 dam
2003 2678 2349 2735 ethuicorum
2397 2680 2943 2750 argumentationem,
2991 2677 3444 2750 quemadmodum

1850 2770 2146 2834 Arnobius,
2179 2771 2380 2826 refellit
2429 2781 2485 2827 et
2528 2773 2743 2827 evertit.
2791 2771 3009 2827 Scimus
3058 2771 3279 2842 quidem
3330 2772 3445 2826 haec

1851 2863 2128 2919 nonnullis
2171 2864 2350 2918 minus
2400 2865 2636 2930 veritati,
2684 2878 2846 2935 quam
2887 2863 3087 2920 fabulis
3126 2861 3298 2918 videri
3326 2877 3448 2932 pro-

1850 2957 2002 3028 piora
2035 2957 2229 3030 (Plin.,
2275 2958 2365 3012 lib.
2393 2974 2430 3014 ιι
2474 2957 2616 3013 Hist.
2644 2967 2841 3026 natur.,
2884 2974 3003 3028 cap.
3041 2959 3131 3024 90,
3163 2973 3283 3028 pag.
3307 2955 3442 3022 238;

169 3049 222 3104 27
256 3061 296 3106 et
332 3053 533 3123 seqq.).
571 3052 936 3121 Quamobrem
966 3053 1237 3124 "Apuleius
1266 3070 1278 3107 :
1306 3072 1325 3106 ι
1357 3053 1684 3120 lmmodicis,
1717 3070 1736 3106 ι
1769 3079 1813 3142 C
1853 3048 2057 3117 Strab,
2083 3051 2229 3107 lib.n
2263 3050 2476 3122 Geogr.,
2507 3068 2630 3122 pag.
2661 3051 2755 3107 101
2782 3068 2798 3117 ;
2829 3048 3166 3117 Tertullian.,
3199 3049 3443 3120 Apolog.,

169 3144 240 3210 ait,
269 3164 286 3196 ‹
319 3146 654 3202 tremoribus
684 3155 950 3202 terrarum
977 3146 1282 3203 dissiluisse
1305 3146 1550 3210 humum,
1575 3156 1630 3202 et
1658 3145 1742 3200 in-

171 3247 410 3310 terceptas
459 3239 632 3295 urbes
673 3255 798 3295 cum
846 3240 1058 3311 populis
1103 3255 1250 3311 saepe
1293 3241 1665 3311 cognovimus.
1719 3259 1738 3294 ι

171 3330 514 3388 Tertullianus
537 3343 740 3398 autem,
760 3333 952 3389 eodem
975 3333 1134 3404 plane
1154 3343 1474 3403 argumento
1499 3332 1745 3388 ethnicos

173 3423 462 3493 refellendo,
498 3427 588 3482 his
617 3426 852 3498 objectat
877 3425 1212 3482 Corinthium
1239 3441 1387 3481 mare
1408 3435 1556 3481 motu
1589 3435 1746 3482 terra:

173 3518 456 3576 exhaustum
488 3519 706 3594 (Apul.,
757 3520 847 3575 lib.
873 3521 936 3575 de
957 3519 1176 3586 Mundo,
1204 3535 1327 3591 pag.
1360 3521 1496 3586 408;
1540 3519 1745 3575 Tertul-

172 3611 294 3679 lian.,
325 3615 576 3684 Apolog.,
603 3631 719 3684 cap.
749 3612 865 3686 40).

225 3705 441 3762 Tantum
471 3720 644 3777 porro
664 3705 840 3773 abest,
871 3714 928 3760 ut
951 3706 1034 3760 his
1060 3715 1116 3761 et
1166 3706 1434 3762 similibus
1465 3705 1745 3762 inordina-

173 3799 226 3851 tis
265 3800 470 3855 casibus
540 3809 729 3854 contra
789 3799 1426 3869 religionischristiana:
1467 3801 1746 3855 veritatem

174 3891 346 3962 aliquid
397 3891 606 3948 confici
653 3892 858 3962 possit;
910 3893 1041 3963 quin
1073 3893 1253 3962 potius
1289 3891 1580 3947 Cleanthes
1605 3893 1746 3962 apud

172 3981 461 4041 Ciceronem
494 4001 566 4039 ex
596 3984 706 4039 illis
730 3984 1010 4040 concludit
1039 3985 1308 4039 inanimis
1352 3985 1628 4040 hominum
1659 3985 1745 4040 in-

175 4074 400 4133 formatas
423 4091 555 4134 esse
582 4077 838 4143 deorum,
861 4086 918 4132 et
960 4078 1040 4131 vis
1083 4076 1363 4147 cujusdam
1419 4079 1657 4134 caelestis
1683 4093 1748 4134 ac

177 4167 339 4226 divina:
379 4177 639 4228 notiones
686 4170 898 4243 (Cicer.,
932 4171 1022 4225 lib.
1067 4187 1101 4225 ιι
1144 4170 1208 4224 de
1245 4169 1372 4224 Nat.
1428 4172 1591 4238 deor.,
1626 4189 1744 4243 pag.

175 4261 295 4334 215).
328 4265 523 4320 Melius
552 4263 911 4334 proculdubio
939 4264 1097 4318 unius
1135 4263 1428 4334 aequissimi
1479 4275 1532 4318 et
1563 4265 1743 4319 omni-

177 4359 379 4423 potentis
408 4358 513 4412 Dei
541 4356 789 4410 uotioues
817 4355 1065 4411 dixisset.
1099 4355 1206 4411 Sed
1229 4357 1280 4410 in
1301 4357 1443 4410 hunc
1467 4357 1742 4413 Ciceronis

178 4447 324 4506 locum
363 4454 592 4508 consule
645 4453 1015 4523 Lescalopieri
1074 4454 1514 4518 observationes,
1565 4470 1630 4509 ac
1676 4454 1744 4510 de

181 4548 312 4597 terra:
354 4546 597 4599 motibus
646 4556 700 4600 et
752 4545 1006 4612 hiatibus,
1055 4561 1350 4618 eorumque
1388 4547 1669 4603 eﬂectibus
1693 4558 1748 4604 et

180 4640 329 4691 causis
356 4639 584 4695 Senecae
631 4638 824 4705 libros,
867 4649 1028 4710 atque
1084 4636 1245 4696 eiiam
1297 4641 1618 4698 Strabonem
1654 4642 1747 4713 qui

177 4725 373 4794 plurima
421 4746 637 4796 eorum,
686 4747 808 4801 qum
849 4731 994 4786 dicta
1044 4743 1171 4787 sunt
1224 4735 1472 4803 exempla
1527 4735 1748 4804 protulit

181 4816 390 4890 (Scaea,
419 4823 514 4883 lib.
547 4839 605 4878 vr
643 4823 834 4878 Natur.
877 4836 1084 4893 quwst.,
1127 4842 1245 4896 pag.
1289 4826 1400 4882 454
1444 4837 1490 4880 et
1533 4843 1665 4897 seq.,
1696 4836 1746 4881 et

179 4925 273 4980 cap.
307 4913 369 4970 21
401 4928 448 4972 et
485 4933 652 4987 scqq.,
702 4933 820 4987 pag.
865 4918 967 4972 451
1003 4927 1051 4971 ει
1107 4934 1286 4989 scqq.;
1340 4917 1550 4985 Strabo,
1591 4918 1683 4974 lib.
1728 4935 1745 4973 ι

187 5001 368 5077 Gcogr.,
396 5027 517 5082 pag.
547 5011 638 5077 58,
661 5021 710 5066 et
734 5027 900 5080 seqq.,
924 5021 971 5066 et
995 5011 1164 5081 alibi).
1230 4999 1236 5012 ’

741 5166 1033 5206 ARTICULUS
1072 5167 1151 5206 111.

185 5279 467 5358 Quibusaliis
490 5289 734 5351 exemplis
764 5291 1011 5358 Arnobius
1051 5293 1433 5358 ostendataute
1467 5295 1743 5358 christiante

232 5346 466 5420 religionis
485 5346 708 5420 exortum
734 5355 906 5420 plures
951 5357 1186 5420 accidisse
1213 5355 1448 5420 publicas
1491 5356 1742 5406 calamita-

234 5415 316 5481 tes.
340 5414 573 5481 incendia,
594 5413 796 5469 diluvia.
824 5417 906 5465 ubi
931 5419 993 5467 tle
1015 5420 1168 5467 insula
1195 5413 1453 5477 Atlantica,
1477 5428 1528 5468 et
1551 5433 1742 5481 compu-

239 5476 338 5541 tatis
358 5487 392 5541 ai
405 5477 566 5541 mundi
605 5480 810 5527 exordio
842 5482 1009 5531 annis:
1036 5482 1154 5529 item
1179 5494 1290 5530 cum
1338 5482 1516 5530 belluis
1559 5476 1740 5541 praelia,

239 5535 423 5604 achella
448 5540 650 5604 maxima
691 5543 819 5590 inter
844 5543 1067 5604 Assyrios
1109 5551 1161 5592 et
1203 5543 1499 5596 Bactrianos.
1539 5535 1664 5595 Nino
1690 5535 1741 5594 et

240 5596 472 5667 Zoroastre
512 5600 732 5658 ducibus,
777 5596 968 5666 aliaque
1018 5605 1304 5667 Alexandri,
1330 5614 1477 5667 atque
1503 5605 1742 5656 Romano-

242 5670 344 5733 rum.
367 5659 506 5715 bella.
541 5676 597 5711 ac
626 5675 734 5723 post
758 5659 922 5716 natum
961 5667 1204 5718 Christum
1253 5659 1335 5717 res
1366 5659 1570 5717 ﬂuxisse.
1596 5667 1742 5733 longe

241 5730 373 5780 magis
392 5736 660 5788 prosperas.

253 5849 365 5911 Quae
387 5850 636 5913 hactenus
661 5858 942 5916 retulimus
997 5860 1331 5932 publicarum
1376 5861 1741 5919 calamitatum

1849 3160 1964 3213 cap.
2000 3144 2090 3211 40,
2118 3154 2165 3198 et
2192 3143 2280 3198 lib.
2313 3145 2419 3198 tad
2462 3142 2618 3210 Nat.,
2649 3143 2766 3216 cap.
2803 3145 2858 3212 9,
2887 3161 3008 3214 pag.
3048 3143 3141 3209 54,
3181 3154 3227 3198 et
3265 3144 3353 3199 lib.
3384 3145 3449 3197 de

1850 3234 2050 3299 Pallio,
2085 3253 2201 3306 cap.
2229 3236 2306 3308 2).
2325 3235 2431 3292 Sed
2459 3237 2637 3292 valere
2653 3252 2869 3306 semper
2893 3237 3123 3294 debebat
3149 3236 3288 3307 apud
3315 3251 3446 3307 gen-

1851 3329 1973 3386 tiles
2002 3329 2236 3386 Platonis
2255 3332 2566 3398 auctoritas,
2616 3347 2716 3386 nec
2740 3333 2899 3404 plane
2930 3333 3203 3388 immerito
3245 3333 3324 3388 eis
3345 3347 3445 3401 0p-

1850 3424 2087 3495 ponitur.
2134 3423 2338 3480 Deinde
2391 3439 2523 3480 vero
2572 3424 2951 3497 Theucydides
2978 3441 3008 3481 a
3037 3427 3243 3482 Seneca
3294 3426 3446 3481 testis

1849 3517 2144 3572 submersa:
2185 3516 2434 3587 ejusdem
2464 3517 2654 3573 insulae
2697 3519 3000 3590 appellatur
3032 3519 3147 3573 huic
3176 3519 3228 3574 in
3257 3518 3439 3574 verba.

1854 3628 1872 3660 ι
1907 3607 2285 3680 Theucydides
2341 3612 2416 3664 ait
2479 3609 2621 3665 circa
2648 3609 3055 3680 Pel0ponesiaci
3077 3610 3202 3666 belli
3234 3623 3445 3682 tempus

1848 3701 2153 3756 Atalantam
2190 3701 2418 3757 insulam
2447 3711 2540 3756 aut
2568 3712 2759 3769 totam,
2808 3711 2902 3757 aut
2946 3712 3093 3758 certe
3119 3703 3350 3758 maxima
3378 3717 3445 3758 ex

1851 3803 2004 3866 parte
2025 3795 2306 3850 sullusam.
2346 3816 2364 3848 ι
2410 3796 2551 3864 Quin
2598 3797 2762 3852 etiam
2807 3796 2933 3852 huic
2959 3795 3283 3867 suﬂragatur
3311 3799 3444 3852 Am-

1853 3890 2060 3943 mianus
2080 3889 2423 3945 Marcellinus
2442 3890 2674 3962 (Scaea,
2697 3892 2786 3945 lib.
2813 3906 2867 3946 vr
2887 3889 3080 3946 Natur.
3097 3901 3302 3961 quiest,
3321 3908 3441 3961 cap.

1848 3980 1940 4047 24,
1970 3998 2091 4052 pag.
2133 3981 2272 4046 894;
2316 3982 2433 4036 Am.
2477 3981 2740 4050 Marcell.,
2775 3982 2866 4036 lib.
2902 3998 3034 4049 xvu,
3063 3999 3178 4053 cap.
3214 3985 3267 4048 7,
3319 4000 3438 4055 pag.

1854 4073 2005 4146 169).
2036 4073 2142 4129 Sed
2172 4074 2218 4129 si
2240 4076 2454 4146 utrique
2479 4076 2642 4132 Iidem
2674 4077 2877 4133 habere
2904 4076 3080 4133 adhuc
3107 4078 3271 4146 nolis,
3291 4078 3440 4146 audi,

1851 4170 1898 4223 si
1930 4167 2098 4237 lubet,
2134 4169 2396 4225 Senecam
2426 4171 2565 4226 alios
2595 4171 2801 4227 similes
2851 4188 3009 4227 casus
3046 4183 3390 4228 enarrantem
3425 4193 3438 4227 :

1855 4282 1873 4314 α
1914 4262 2058 4318 Idem
2112 4263 2322 4328 Sidoni,
2369 4284 2388 4317 ›
2427 4267 2502 4319 uti
2558 4265 2856 4336 inquiebat,
2892 4285 2910 4317 ι
2945 4266 3209 4322 accidisse
3257 4268 3440 4323 crede.

1847 4356 1958 4414 Nec
1989 4358 2054 4412 ad
2087 4359 2188 4412 hoc
2219 4357 2446 4414 testibus
2468 4373 2602 4428 opus
2623 4369 2726 4413 est.
2784 4359 3126 4414 Meminimus
3150 4360 3296 4415 enim
3325 4370 3440 4416 ter-

1848 4451 1924 4507 ris
1953 4451 2172 4507 interno
2197 4461 2346 4506 motu
2379 4451 2624 4516 divulsis,
2671 4453 2788 4506 loca
2845 4451 3074 4523 disjecta
3118 4463 3174 4507 et
3221 4469 3445 4526 campos

1849 4545 2125 4602 interiisse
2155 4565 2174 4599 ι
2214 4545 2447 4618 (Seuec.,
2482 4545 2571 4599 lib.
2613 4562 2662 4600 iv
2705 4543 2902 4600 Natur.
2955 4557 3161 4617 qurest.,
3195 4564 3314 4616 cap.
3351 4548 3441 4616 32,

1851 4657 1973 4711 pag.
2005 4639 2147 4705 299;
2188 4640 2304 4694 Am.
2338 4639 2604 4707 Marcell.,
2627 4640 2717 4694 lib.
2746 4656 2875 4704 xvu,
2906 4657 3022 4710 cap.
3068 4641 3121 4706 7,
3151 4658 3270 4712 pag.
3291 4641 3442 4714 269).

1852 4735 1950 4803 Qui
1973 4735 2128 4806 plura
2148 4735 2400 4802 voluerit,
2421 4735 2570 4789 illurn
2592 4734 2771 4790 adhuc
2788 4735 2915 4790 alibi
2938 4734 3208 4790 dicentem
3228 4736 3441 4792 audiat:

1853 4847 1874 4881 ς
1909 4828 2172 4896 Helicem,
2198 4829 2495 4898 Burinque,
2533 4848 2553 4880 ι
2586 4827 2670 4884 vel
2703 4837 2760 4882 ut
2785 4829 2860 4883 ait
2889 4829 3253 4894 Marcellinus,
3290 4851 3308 4880 ι
3340 4829 3444 4884 lle-

1847 4922 1953 4977 lice
1981 4933 2037 4977 et
2066 4923 2229 4988 Bura,
2283 4931 2423 4978 totas
2478 4937 2628 4977 mare
2679 4925 3002 4994 acccpit.....
3050 4922 3223 4994 Supra
3250 4924 3440 4994 oppida

1847 5013 1956 5068 duo
1983 5015 2264 5085 navigatur
2305 5013 2456 5069 :duo
2490 5024 2690 5080 autem,
2739 5031 2858 5084 qum
2893 5016 3166 5078 novimus,
3211 5031 3332 5086 qua:
3374 5015 3439 5070 ad

1851 5109 2094 5164 notitiam
2128 5117 2368 5164 nostram
2401 5109 2663 5164 memoria
2691 5109 2886 5164 litteris
2930 5120 3140 5167 servata
3172 5110 3438 5180 perduxit.

1847 5201 2020 5266 Quam
2049 5201 2214 5255 multa
2245 5201 2348 5255 alia
2366 5201 2491 5256 aliis
2513 5201 2647 5256 locis
2677 5217 2855 5258 mersa
2901 5204 3063 5257 sunt!
3105 5202 3249 5269 Quot
3271 5215 3441 5272 p0pu-

1846 5294 1928 5350 los
1952 5305 2045 5350 aut
2071 5304 2210 5349 terra
2243 5296 2294 5349 in
2324 5309 2407 5362 se,
2437 5305 2531 5349 aut
2556 5285 2705 5350 mare
2745 5296 2993 5350 inclusit!
3032 5315 3052 5348 ι
3083 5295 3316 5369 (Scaea,
3346 5294 3416 5348 ibi

1847 5389 1982 5453 dem,
2009 5404 2126 5451 cap.
2158 5389 2252 5454 95,
2286 5405 2404 5460 pag.
2439 5387 2595 5461 894.)
2640 5389 2797 5444 Prius
2825 5403 2956 5444 vero
2986 5399 3258 5443 auctorem
3284 5403 3440 5443 suum

1845 5483 2105 5538 citaverat
2135 5481 2545 5537 Callisthenem.
2581 5482 2780 5537 Eadem
2799 5481 2868 5536 de
2890 5481 3116 5542 Sidone.
3137 5491 3296 5550 atque
3322 5481 3443 5535 aliis

1847 5577 2289 5631 inundationibus
2335 5575 2531 5633 Strabo
2555 5585 2842 5642 memorat,
2875 5591 3034 5645 quem
3061 5576 3200 5629 sicut
3229 5586 3282 5630 et
3311 5574 3442 5631 Ovi-

1848 5673 2018 5738 dium,
2050 5688 2344 5742 rursusque
2370 5671 2633 5728 Seuccam
2665 5683 2720 5724 et
2752 5671 2982 5724 Plinium
3031 5669 3181 5724 adire
3209 5670 3442 5740 quilibet

1851 5767 1989 5822 haud
2021 5782 2165 5836 aegre
2212 5767 2408 5836 poterit
2457 5764 2684 5838 (Strab.,
2730 5765 2819 5818 lib.
2856 5781 2868 5818 I
2912 5763 3125 5835 Geogr.,
3167 5781 3289 5836 pag.
3335 5766 3438 5832 58;

1853 5860 2030 5929 Ovid.,
2058 5860 2149 5916 lib.
2183 5876 2249 5915 xv
2282 5859 2606 5928 Metamorph
2637 5900 2652 5926 ,
2681 5873 2854 5913 versus
2871 5857 2975 5914 261
3006 5867 3052 5913 et
3071 5873 3202 5927 ειεηά
3230 5857 3439 5926 Scaea,
