3904 6326
541 268 647 325 445

1808 269 2113 328 DISSERT;

2224 270 2264 328 υ
2301 270 2583 330 ΡΩίΕῩΙΑ
3689 283 3769 339 ut

537 385 628 441 lib.
661 384 778 454 ιιι,
800 401 915 459 cap.
961 387 1052 451 29,
1085 401 1204 460 pag.
1235 386 1375 454 897;
1403 385 1574 456 Plan,
1606 388 1696 443 lib.
1739 403 1800 453 ιι,
1838 395 1956 458 cap.
1983 388 2053 443 93
2078 399 2125 443 et
2154 391 2208 451 Α
2234 390 2286 444 in
2317 390 2464 445 circo
2493 389 2684 446 leones
2715 388 2928 446 solutos
2954 387 3145 457 "dedit,
3196 407 3318 448 cum
3361 391 3580 464 alioquin
3604 395 3767 467 alligati

537 482 628 546 94.
657 497 773 554 pag.
804 478 914 538 938
941 493 989 537 et
1013 483 1170 553 seg.).

612 576 808 632 Verum
836 591 1092 648 quanam,
1125 577 1335 650 rogabit
1379 579 1591 648 aliquis,
1626 580 1838 634 ratione
1866 579 2136 634 Arnobius

538 669 723 726 dicere
769 673 963 740 potuit.
999 673 1114 727 haec
1135 687 1255 742 qua:
1294 674 1363 727 de
1406 673 1673 728 Atlantica
1717 672 1889 727 insula
1930 681 2132 739 narrat,

538 769 664 822 ante
711 766 902 822 decem
948 767 1246 838 contigisse
1298 782 1560 822 annorum
1608 768 1813 822 millia?
1868 766 2135 837 Numquid

541 855 827 930 ignorabat
854 875 886 913 ιι
913 858 1229 915 ehristianis
1260 861 1433 914 multo
1474 861 1689 914 brevius
1715 876 1743 912 a
1775 861 1956 914 mundi
1982 875 2136 914 crea-

538 953 688 1008 tione
717 965 982 1008 annorum
1011 957 1244 1026 spatium
1275 955 1599 1025 computari.
1645 955 1752 1009 Sed
1786 956 1944 1008 facile
1975 956 2137 1009 solvi-

500 1048 504 1052 '
535 1051 624 1100 tur
653 1045 812 1117 hujus
840 1046 1174 1103 difﬁcultatis
1204 1048 1399 1104 nodus.
1422 1047 1537 1102 Non
1571 1049 1714 1100 enim
1747 1063 1900 1102 suam
1929 1048 1999 1102 ibi
2031 1049 2136 1102 Ar-

538 1140 758 1203 nobius,
786 1141 880 1195 sed
914 1140 1172 1208 Platonis,
1205 1144 1404 1198 ibidem
1425 1157 1453 1196 a
1482 1157 1541 1198 se
1567 1143 1736 1204 citati,
1766 1143 1989 1211 protulit
2015 1143 2136 1212 opi-

537 1233 781 1296 nionem,
813 1235 902 1301 qui
933 1231 1272 1289 Sacerdotem
1301 1235 1493 1291 Soloni
1539 1237 1614 1289 sic
1649 1236 1954 1305 loquentem
1981 1237 2135 1290 indu—

533 1324 836 1392 ciblPlato,
867 1328 918 1381 in
948 1326 1126 1389 Timaa,
1159 1337 1281 1383 tam.
1313 1343 1390 1393 ιιι,
1441 1345 1559 1398 pag.
1588 1328 1681 1396 25)
1725 1350 1736 1383 :
1779 1339 1879 1389 Τῆς
1920 1334 2003 1383 καὶ
2055 1332 2133 1383 ἐν-

531 1419 644 1474 θάδε
675 1418 1067 1493 διακοσμήσεως
1115 1424 1237 1499 παρ’
1265 1425 1381 1495 ἡμῖν
1420 1424 1468 1476 ἐν
1517 1432 1622 1483 τοῖς
1646 1424 1798 1499 ἱεροῖς
1833 1426 2128 1498 γράμμασιν

531 1527 738 1570 mnu
743 1533 785 1586 χ
791 1515 926 1570 ιλίων
946 1517 1066 1570 ἐτῶν
1088 1519 1294 1592 ἀριθμὸς
1311 1518 1617 1592 γέγραπται.
1636 1522 1756 1592 περὶ
1790 1516 1844 1572 δὲ
1864 1525 1962 1571 τῶν
1986 1539 2129 1572 swa-

532 1607 766 1677 κισχιλιᾱ
780 1605 866 1666 ἔτη
889 1610 1163 1681 γεγονότων
1185 1609 1401 1664 πολιτῶν
1418 1629 1501 1664 σοι
1518 1607 1728 1667 δηλώσω
1758 1608 1841 1664 διὰ
1863 1609 2123 1683 βραχέων.

2237 486 2514 551 darentur,
2546 485 2614 539 ad
2660 485 3026 542 conﬁciendos
3053 501 3148 542 eos
3190 487 3365 542 missis
3393 503 3422 541 a
3451 505 3567 558 rege
3593 489 3768 546 Boccho

2233 577 2658 646 jacuiatoribus?
2703 578 2837 633 Nam
2887 588 2941 634 et
2971 579 3283 650 Pompeium
3336 581 3552 649 primum
3581 581 3628 636 in
3653 583 3772 639 circo

2237 671 2650 741 elephantorum
2696 674 3067 742 duodeviginti
3120 691 3350 744 pugnam
3393 675 3628 742 edidisse,
3653 695 3772 733 cout-

2239 765 2419 820 missis
2452 783 2601 821 more
2631 767 2799 836 prarlii
2831 766 3004 821 noxiis
3039 767 3368 833 hominibus,
3398 768 3462 821 ad
3508 769 3653 823 ullam
3681 787 3771 826 rem

2238 859 2432 913 bonam
2466 860 2733 928 pertinet?
2764 859 3022 929 Princeps
3045 861 3298 925 civitatis,
3327 870 3381 915 et
3410 861 3542 915 inter
3566 865 3772 932 antiquos

2240 951 2531 1021 principes.
2564 962 2620 1006 ut
2643 952 2784 1008 fama
2807 953 3044 1018 tradidit,
3075 955 3332 1008 bonitatis
3356 955 3580 1020 eximite,
3608 972 3773 1012 mento-

2239 1043 2405 1097 rabile
2439 1048 2640 1114 putavit
2685 1045 2984 1116 spectaculi
3027 1062 3222 1118 genus,
3257 1064 3394 1101 novo
3422 1064 3564 1103 more
3591 1050 3776 1119 perdere

2239 1136 2503 1194 homines.
2570 1141 2907 1211 Depugnant,
2956 1156 3144 1209 parum
3175 1151 3295 1207 cst;
3343 1141 3774 1214 lanciuantur,pa-

2239 1246 2355 1285 rum
2379 1242 2483 1287 est.
2515 1232 2718 1303 Ingenti
2753 1234 2898 1288 mole
2921 1234 3234 1288 animalium
3283 1234 3613 1289 obieruntur.
3634 1237 3776 1292 Satius

2237 1335 2357 1379 erat
2403 1325 2502 1379 ista
2538 1331 2588 1379 in
2619 1327 2950 1381 oblivionem
2986 1327 3096 1390 ire;
3131 1343 3198 1381 ne
3241 1328 3364 1397 quis
3411 1340 3586 1397 p05tea
3625 1340 3776 1398 potens

2235 1417 2491 1481 disceret,
2528 1421 2898 1490 invideretquc
2933 1423 3010 1476 rei
3043 1423 3263 1476 minime
3296 1423 3556 1477 humanas.
3588 1427 3778 1494 Uquan—

2238 1520 2348 1564 tum
2377 1512 2626 1582 caliginis
2657 1516 2930 1568 nn-ntibus
2959 1516 3209 1569 immanis
3238 1515 3425 1584 objicit
3451 1532 3627 1586 magna
3647 1518 3780 1573 [eiici-

2237 1605 2353 1657 tas!
2398 1603 2494 1659 ille
2520 1615 2580 1659 se
2609 1620 2770 1675 supra
2797 1621 2983 1660 rerum
3017 1616 3264 1661 naturam
3297 1624 3418 1662 esse
3445 1617 3549 1662 tum
3576 1611 3775 1678 Cletiitiil,

530 1701 652 1756 1am
683 1713 798 1756 vero
828 1715 1121 1757 nostrarum
1169 1713 1339 1756 rerum
1367 1713 1531 1758 status
1559 1704 1672 1768 quis
1697 1703 1821 1756 olim
1853 1704 2005 1773 fuerit
2033 1719 2125 1755 an—
2158 1716 2204 1775 Β
2231 1711 2353 1750 cum
2381 1707 2456 1750 tot
2485 1699 2805 1753 miserorum
2834 1699 3112 1754 hominum
3141 1711 3390 1755 catervas
3434 1705 3531 1767 sub
3551 1703 3649 1757 alio
3669 1705 3776 1759 cutio

536 1803 720 1847 norum
760 1804 874 1848 octo
923 1797 1139 1849 millium
1171 1797 1326 1850 serios
1354 1797 1406 1848 in
1444 1797 1630 1848 nostris
1678 1796 1836 1848 sacris
1878 1795 2020 1849 libris
2048 1811 2128 1848 re-

532 1898 799 1942 censentur
819 1905 837 1943 ι
861 1903 1039 1944 novem
1064 1900 1233 1943 autem
1260 1889 1426 1944 millia
1448 1906 1702 1943 annorum
1723 1891 1924 1955 seriem,
1946 1889 2126 1959 quibus

534 1981 615 2034 illi
641 1982 861 2052 majores
889 1983 1190 2036 exstiterunt
1220 1981 1308 2034 tibi
1336 1982 1546 2036 breuiter
1573 1981 1948 2034 demonstrabo.

603 2073 685 2127 Ex
727 2073 911 2128 mundi
950 2088 1102 2140 vero,
1151 2089 1216 2129 ac
1262 2075 1599 2145 potissimum
1648 2074 1900 2129 Sodoma:
1937 2083 1992 2127 ct
2021 2071 2129 2127 Gn-

529 2167 770 2224 morrhte
818 2169 1080 2224 incendiis
1127 2169 1488 2224 Tertulliauus
1536 2167 1781 2223 ethnicos
1832 2167 2125 2237 redarguit,

526 2262 986 2332 quemadmodum
1013 2277 1114 2318 suo
1153 2264 1272 2317 loco
1315 2262 1683 2318 ostendemus.
1717 2262 1828 2318 Nec
1860 2263 2016 2330 ittijus
2046 2263 2126 2315 in-

525 2356 1004 2429 cendiilosephus
1033 2367 1239 2414 tantum
1289 2357 1619 2412 mentionem
1670 2357 1818 2423 fecit,
1865 2357 1957 2412 sed
2004 2356 2122 2425 ipse

525 2449 688 2503 etiam
738 2449 844 2516 his,
893 2459 952 2504 ut
997 2449 1234 2516 videtur,
1285 2451 1465 2505 verbis
1514 2448 1795 2505 Cornelius
1845 2449 2118 2504 Tacitus:

530 2559 550 2593 ι
581 2541 694 2612 Ego
714 2541 967 2598 Judaicas
989 2543 1263 2612 quondam
1293 2543 1457 2598 urbes
1489 2545 1608 2614 igne
1635 2545 1840 2599 caelesti
1866 2545 2124 2615 ﬂagrasse

522 2637 886 2714 concesserim
927 2654 946 2688 ι
982 2635 1340 2708 (Tertullian.,
1398 2637 1645 2706 Apolog.,
1686 2653 1801 2706 cap.
1834 2636 1925 2702 40,
1957 2647 2003 2690 et
2031 2637 2121 2692 lib.

523 2725 586 2780 de
615 2724 784 2794 Pall.,
809 2745 927 2798 cap.
955 2728 1025 2794 Ως
1059 2728 1301 2799 Joseplt.,
1335 2728 1422 2781 lib.
1455 2743 1469 2782 ι
1500 2728 1748 2789 Antiauit.
1771 2728 1979 2795 .ludai.,
2002 2743 2119 2797 cap.

495 2801 611 2877 ’23.
657 2832 701 2875 α
747 2823 839 2878 lib.
893 2839 924 2876 ν
971 2825 1034 2878 de
1059 2823 1194 2879 Bell.
1221 2822 1458 2889 Judaic.,
1487 2839 1602 2892 cap.
1630 2823 1664 2878 5
1691 2840 1706 2889 ;
1741 2822 1933 2892 Tacil.,
1968 2823 2056 2878 lib.
2088 2841 2122 2880 ν

519 2911 744 2981 Histor.,
774 2923 888 2987 post
907 2917 1073 2985 iuit.).

2234 1791 2375 1844 natis
2407 1790 2600 1845 belluis
2625 1793 2909 1860 objiceret,
2939 1808 3062 1848 cum
3107 1794 3307 1848 bellum
3342 1797 3480 1852 inter
3508 1806 3606 1851 tam
3631 1799 3777 1867 dispa-

2232 1884 2310 1936 ria
2341 1883 2589 1937 animalia
2621 1886 3009 1948 committeret,
3060 1902 3182 1941 cmn
3235 1889 3285 1940 in
3318 1899 3601 1958 conspectu
3629 1891 3773 1960 populi

2232 1975 2458 2030 Rornani
2483 1977 2710 2032 multum
2735 1982 3011 2050 sanguinis
3039 1980 3312 2048 funderet,
3348 1999 3468 2038 mox
3499 1985 3611 2053 plus
3635 1986 3773 2053 ipsum

2232 2068 2456 2124 fundere
2483 2080 2788 2126 coacturus.
2824 2089 2843 2123 ι
2883 2073 2937 2128 Si
2962 2076 3082 2142 quis
3123 2084 3300 2129 tamen
3335 2079 3616 2130 eorttendat
3639 2080 3776 2130 Arno-

2232 2161 2378 2215 bium
2429 2179 2534 2217 non
2581 2163 2650 2218 de
2701 2166 2824 2230 hoc,
2858 2167 2952 2221 sed
2995 2166 3062 2220 de
3100 2167 3368 2237 superiori
3406 2169 3663 2226 hominum
3681 2184 3775 2223 cutn

2233 2255 2427 2309 belluis
2444 2258 2744 2312 certamine
2774 2275 2896 2314 esse
2928 2260 3364 2331 intelligendum,
3395 2261 3517 2317 huic
3547 2278 3642 2317 non
3664 2262 3776 2316 mul-

2230 2359 2339 2402 tum
2363 2351 2800 2420 repugnabitmts.

2299 2442 2557 2499 Ultimum
2590 2463 2753 2514 porro
2780 2450 3067 2518 gentilium
3109 2463 3511 2521 argumentum,
3556 2467 3616 2506 ex
3638 2451 3778 2508 bello-

2226 2549 2343 2590 rum
2369 2537 2673 2608 frrquentia
2709 2542 2958 2610 petitmn,
2993 2543 3118 2598 inde
3148 2543 3326 2612 primo
3372 2545 3462 2600 ille
3509 2546 3654 2600 diluit
3680 2545 3776 2611 (Ar-

2225 2631 2369 2693 nob.,
2401 2632 2490 2686 lib.
2517 2649 2554 2699 ι,
2586 2649 2703 2704 pag.
2738 2635 2817 2705 5),
2869 2636 3010 2705 quod
3059 2637 3308 2707 ingentes
3353 2640 3617 2695 hominum
3643 2641 3778 2709 copia:

2225 2739 2295 2777 ex
2330 2725 2596 2781 Atlantica
2627 2727 2801 2782 insula
2823 2743 3186 2800 emergentes,
3211 2725 3214 2728 ’
3240 2732 3550 2788 innumeras
3577 2735 3778 2787 nationes

2224 2817 2650 2889 proiligavcrint,
2698 2838 2761 2877 ac
2807 2822 3129 2879 deleverint.
3166 2824 3274 2880 Sed
3307 2825 3378 2881 de
3411 2827 3492 2882 his
3514 2827 3657 2898 paulo
3679 2836 3776 2881 ante

2222 2911 2481 2968 diximus.

592 3007 774 3079 Pergit
822 3010 1110 3077 Arnobius,-
1154 3012 1336 3081 aitqne
1383 3021 1509 3065 ante
1557 3009 1904 3078 christianos,
1939 3035 1962 3063 ¢
1991 3027 2115 3067 cum
2143 3036 2186 3099 ρ
2229 3098 2232 3099 ν
2292 3005 2538 3064 Secundo
2560 3010 2741 3080 itaque
2771 3013 3041 3068 Arnobius
3082 3013 3381 3085 gentilibus
3407 3013 3585 3084 objicit
3605 3010 3763 3084 (Ibid)

520 3099 652 3155 ieris
701 3100 864 3163 bella,
912 3113 966 3157 et
1014 3103 1198 3172 praelia
1249 3120 1370 3159 cum
1423 3103 1668 3158 leonibus
1705 3113 1857 3172 gesta
1904 3116 2050 3161 sunt.
2091 3125 2111 3158 ι

518 3191 762 3263 (Arnob.,
787 3195 878 3248 lib.
902 3209 940 3262 ι,
973 3213 1092 3268 pag.
1125 3197 1200 3267 5).
1235 3202 1303 3250 At
1334 3196 1403 3250 ibi
1435 3197 1480 3252 si
1510 3196 1578 3251 de
1629 3199 1849 3261 tiraeliis,
1890 3215 2009 3270 qua:
2040 3201 2118 3254 in-

519 3294 726 3340 structo
749 3285 1024 3342 hominum
1055 3291 1323 3355 exercitu,
1355 3304 1477 3344 cum
1509 3289 1640 3344 feris
1661 3301 1717 3346 et
1746 3291 1942 3346 belluis
1967 3301 2119 3346 cotu-

519 3380 682 3434 missa
711 3379 950 3446 luerunt,
979 3389 1172 3436 testem
1225 3382 1524 3449 desideres,
1559 3382 1652 3436 tibi
1675 3383 1741 3438 A.
1775 3383 1982 3438 Gellius
2002 3385 2111 3437 cito

515 3469 664 3526 dabit
691 3469 1054 3537 Tuberonem,
1085 3475 1176 3543 qui
1209 3477 1486 3530 memoria:
1519 3477 1795 3531 mandavit
1846 3475 2108 3546 Regulum

515 3565 654 3636 apud
705 3566 1001 3636 Bagradam
1053 3568 1276 3623 ﬂuvium
1330 3568 1410 3626 in.
1439 3569 1622 3624 Africa
1656 3570 1847 3639 positis
1868 3571 2060 3624 castris
2094 3588 2108 3624 :

519 3675 541 3708 ι
575 3657 827 3714 Przelium
850 3662 1059 3730 grande
1082 3674 1245 3732 atque
1270 3678 1399 3718 acre
1437 3664 1628 3718 iecisse
1658 3663 1920 3718 adversus
1946 3679 2108 3718 unum

512 3763 819 3820 serpentem
871 3753 984 3808 illic
1015 3756 1398 3825 stabulantem,
1443 3758 1712 3812 inusitata:
1736 3759 2108 3823 immanitatis,

512 3857 744 3913 eumque
773 3861 963 3917 magna
996 3850 1158 3903 totius
1186 3851 1458 3905 esercitus
1490 3851 1852 3913 conilicnone.
1884 3851 2110 3906 ballistis

509 3949 671 4008 atque
703 3941 990 4008 catapultis
1017 3943 1107 3996 diu
1137 3956 1527 4015 Oppugnatum,
1561 3945 1787 4016 ejusque
1837 3945 2108 4000 interfecti

508 4032 740 4098 corium,
791 4035 1010 4103 longum
1063 4038 1227 4106 pedes
1268 4048 1486 4094 centum
1543 4051 1597 4095 et
1642 4040 1830 4109 viginti
1881 4039 2107 4097 Romam

509 4127 725 4183 misisse
764 4146 784 4181 ι
819 4127 1000 4201 (Gell.,
1059 4131 1146 4187 lib.
1179 4149 1233 4188 νι
1273 4132 1429 4187 Noct.
1489 4133 1669 4202 Attia,
1715 4151 1830 4206 cap.
1883 4137 1938 4202 5,
1984 4153 2106 4206 pag.

506 4220 661 4292 568).
723 4222 922 4278 Eadem
968 4239 1032 4280 ex
1083 4226 1236 4280 Livio
1285 4238 1469 4282 narrat
1516 4227 1764 4284 Valerius
1819 4229 2102 4298 Maximus,

508 4323 671 4383 atque
717 4317 878 4369 etiam
913 4317 1138 4385 Plinius,
1182 4320 1273 4389 qui
1321 4336 1433 4374 rem
1483 4331 1664 4376 notam
1713 4339 1837 4376 esse
1889 4325 2104 4390 asset-it,

508 4403 635 4458 item
667 4407 893 4475 Seneca,
926 4409 1172 4476 Orosius,
1205 4411 1418 4478 Florus,
1473 4425 1527 4468 et
1569 4417 1659 4468 alii
1691 4415 1896 4486 (ναῖεν.
1930 4415 2105 4482 Mam,

508 4497 599 4552 lib.
628 4515 666 4564 I,
722 4518 840 4570 cap.
873 4503 927 4560 8.
978 4503 1006 4571 §
1044 4507 1128 4570 i9,
1165 4521 1284 4575 pag.
1341 4507 1438 4569 77;
1492 4505 1660 4573 Plin.,
1696 4507 1785 4565 lib.
1829 4524 1922 4563 VIII
1961 4508 2099 4564 Hisl.

506 4603 705 4657 natum.
747 4611 862 4660 cap.
907 4596 991 4658 14,
1044 4614 1162 4667 pag.
1199 4598 1342 4662 133;
1393 4598 1602 4664 Seneca,
1647 4602 1796 4670 epist.
1844 4602 1933 4670 82,
1981 4619 2098 4673 pag.

507 4685 646 4749 456;
681 4684 856 4753 οισι,
888 4689 975 4741 lib.
1007 4704 1082 4754 Iv,
1112 4706 1228 4759 cap.
1262 4692 1334 4756 8;
1372 4691 1546 4759 Firth,
1576 4693 1664 4746 lib.
1700 4707 1756 4758 ιι,
1785 4711 1903 4762 cap.
1937 4694 2016 4767 ἓ).

579 4778 653 4833 At
681 4779 724 4833 si
756 4781 1029 4836 Arnobius
1052 4781 1119 4834 de
1158 4784 1547 4847 cortarpinibus
1573 4796 1715 4856 agat,
1760 4787 1956 4856 quibus
1995 4788 2108 4857 gla-

505 4872 745 4928 diat0tes
774 4887 827 4928 et
875 4875 1100 4929 athleta:
1128 4893 1250 4931 cum
1270 4878 1517 4933 leonibus
1557 4892 1608 4932 et
1637 4880 1758 4934 aliis
1785 4879 1977 4936 belluis
2012 4897 2105 4950 pu-

506 4968 742 5038 gnaturi,
773 4969 824 5022 ιιι
858 4983 1078 5023 arenam
1109 4969 1534 5031 descendebant,
1565 4971 1632 5026 de
1669 4973 1732 5026 iis
1766 4972 1991 5028 forsitan
2019 4975 2104 5028 irt—

507 5061 832 5133 teiligendus
871 5072 974 5128 est,
1027 5075 1259 5133 quorum
1307 5067 1614 5134 spectacula
1671 5065 1820 5137 Sylla
1863 5077 1917 5122 et
1946 5068 2104 5121 Pom-

507 5157 659 5226 peius
689 5156 890 5225 alitque
917 5157 1205 5211 dederunt.
1263 5160 1331 5211 At
1379 5166 1579 5228 praeter
1617 5174 1702 5222 ea,
1753 5171 1873 5228 qua:
1913 5159 1982 5214 de
2022 5159 2106 5212 his

504 5251 832 5319 spectaculis
861 5250 991 5304 alibi
1038 5251 1330 5319 attigimus,
1360 5251 1559 5305 vide-sis
1587 5251 1844 5318 Plinium,
1880 5252 2104 5307 Dionem

503 5340 775 5407 Cassium,
797 5352 960 5412 atque
993 5343 1044 5396 in
1069 5345 1262 5411 primis
1285 5343 1547 5398 Senecam
1562 5342 1809 5413 (Dissert.
1830 5345 1885 5397 in
1907 5344 2102 5398 Minue.

507 5435 714 5502 (ictam,
745 5452 864 5505 cap.
897 5437 953 5502 9,
985 5449 1084 5490 art.
1119 5437 1186 5496 2;
1224 5435 1394 5503 Plin.,
1439 5438 1527 5491 lib.
1561 5453 1652 5492 vuI
1707 5439 1900 5493 Natar.
1953 5440 2102 5505 Irish,

503 5545 620 5598 cap.
656 5531 744 5595 16,
773 5547 892 5600 pag.
935 5531 1067 5596 I60;
1101 5529 1203 5584 Dio
1231 5529 1400 5586 Cum.
1434 5530 1521 5584 lib.
1553 5547 1714 5586 xxxix
1749 5530 1887 5584 Hist.
1921 5531 2103 5598 Hann;

505 5623 714 5688 Senem,
743 5625 829 5678 lib.
865 5626 927 5678 de
951 5624 1143 5681 Brevit.
1172 5636 1310 5692 vute,
1346 5642 1464 5688 cup.
1495 5627 1562 5680 15
1593 5635 1640 5680 et
1674 5627 1764 5689 M,
1795 5643 1912 5696 pug.
1949 5625 2097 5698 707),

504 5713 595 5783 qui
640 5715 778 5769 hanc
809 5717 1184 5774 crudelitatem
1230 5721 1308 5776 sic
1358 5721 1634 5789 exagitat:
1670 5738 1688 5772 ι
1722 5718 1860 5774 Num
1912 5721 2103 5775 ethoc

513 5821 837 5878 quemquam
881 5817 1075 5870 curare
1123 5814 1423 5884 permittas,
1457 5813 1600 5884 quod
1630 5813 1837 5885 primus
1864 5812 1922 5871 L.
1957 5814 2106 5887 Sylla

2223 3098 2365 3154 inter
2399 3103 2654 3172 Assyrios
2683 3114 2736 3158 et
2762 3104 3096 3172 Bactrianos,
3147 3107 3284 3162 Nino
3336 3118 3390 3162 et
3420 3107 3685 3162 Zoroastre
3702 3105 3775 3158 du-

2219 3191 2394 3257 cibus,
2429 3209 2534 3249 non
2565 3195 2708 3250 ferro
2741 3201 3114 3252 tantummodo
3134 3210 3188 3254 et
3212 3199 3442 3267 viribus,
3473 3199 3562 3254 sed
3592 3195 3775 3265 magicis

2219 3287 2381 3342 etiam
2418 3291 2626 3344 artibus
2653 3291 2840 3359 praiio
2867 3293 2995 3345 olim
3026 3292 3390 3348 decertatum.
3428 3298 3493 3346 At
3524 3293 3663 3346 testis
3702 3301 3775 3341 nov

2221 3380 2302 3436 bis
2326 3392 2407 3435 est
2427 3383 2690 3438 Eusebius
2716 3383 3060 3440 Zoroastrem
3087 3402 3300 3456 magum
3361 3399 3486 3440 tunc
3525 3379 3775 3439 Bactrianis

2215 3475 2538 3543 impetaSse,
2584 3493 2704 3530 cum
2727 3479 2870 3547 apud
2916 3477 3172 3549 Assyrios
3203 3479 3372 3534 Ntuus
3403 3486 3644 3550 regnaret
3668 3474 3774 3547 (Eu-

2213 3567 2340 3631 seb.,
2372 3567 2458 3620 lib.
2483 3585 2515 3622 χ
2536 3567 2950 3641 Prwpar.evang
2980 3613 2995 3639 ,
3024 3587 3139 3642 cap.
3173 3572 3226 3635 9,
3259 3590 3385 3642 pag.
3413 3573 3558 3641 ιδιι.
3585 3570 3634 3623 in
3660 3567 3772 3621 illius

2211 3668 2392 3713 autem
2425 3659 2688 3714 chronico
2740 3661 2875 3727 inec,
2911 3679 3032 3732 quae
3061 3665 3127 3718 ad
3181 3680 3294 3719 rem
3330 3678 3568 3721 nostram
3609 3662 3772 3719 condu-

2213 3764 2340 3805 cere
2368 3753 2642 3819 videntur,
2673 3755 2834 3810 verba
2860 3755 3088 3827 legimus
3123 3774 3135 3809 :
3167 3775 3186 3808 ι
3228 3757 3550 3813 Zoroastres
3600 3770 3768 3824 magus,

2214 3859 2305 3897 rex
2356 3843 2790 3911 Baetriauornm,
2832 3849 3011 3902 clarus
3063 3849 3314 3916 habetur,
3359 3853 3616 3905 adversus
3643 3863 3768 3916 quem

2210 3933 2379 3989 Ninus
2407 3937 2699 3993 dimicavit.
2743 3957 2762 3992 ι
2803 3940 2959 4006 Quod
2986 3941 3205 4010 quidem
3233 3941 3400 4014 Tragi
3431 3943 3656 4012 Pompei,
3682 3940 3765 3993 Au-

2213 4029 2431 4099 gustini,
2465 4030 2796 4103 Hieronymi,
2832 4044 2885 4088 et
2912 4033 3090 4090 Orosii
3139 4040 3474 4092 auctoritate
3518 4037 3766 4090 coniirma-

2215 4133 2300 4178 tur
2329 4123 2418 4195 (lu
2448 4125 2676 4180 chronic.
2706 4127 2775 4180 ad
2801 4127 3024 4184 Annum.
3059 4130 3124 4192 7;
3155 4129 3343 4202 Trog.,
3373 4133 3465 4187 lib.
3491 4148 3537 4196 I;
3562 4131 3765 4199 August.

2213 4218 2302 4274 lib.
2348 4236 2437 4274 χιιι
2477 4222 2538 4275 de
2567 4221 2744 4287 (linit,
2776 4240 2892 4292 cap.
2946 4225 3036 4291 ii,
3088 4241 3210 4296 pag.
3251 4224 3392 4294 654;
3424 4225 3704 4295 Hierongm.
3729 4221 3768 4271 in

2213 4329 2330 4384 cap.
2365 4331 2401 4370 ιι
2424 4313 2587 4382 Oscae,
2621 4331 2793 4372 versus
2821 4317 2878 4385 2,
2907 4335 3029 4390 pag.
3058 4319 3221 4388 1251,
3261 4337 3382 4376 nov.
3430 4321 3587 4387 edit.;
3625 4318 3765 4379 Orata.

2213 4407 2302 4460 lib.
2335 4424 2372 4474 I,
2401 4425 2517 4477 cap.
2553 4409 2634 4482 4).

2284 4501 2670 4559 Verumtamen
2689 4503 2776 4558 his
2800 4505 2958 4574 plane
2997 4504 3273 4562 adversari
3302 4507 3518 4563 videtur
3544 4505 3765 4562 Diodorus

2211 4594 2446 4659 Siculus,
2480 4597 2571 4666 qui
2600 4597 2685 4652 ubi
2717 4597 2840 4652 Nini
2868 4599 3128 4655 adversus
3159 4601 3475 4658 Bactrianos
3503 4598 3763 4672 expeditio-

2211 4703 2333 4740 nem
2367 4688 2648 4756 describit,
2681 4691 2871 4745 horum
2919 4691 3112 4747 ducem
3171 4709 3276 4749 non
3319 4684 3762 4750 Zoroastrem.58d

2209 4781 2505 4852 Oxyartcnt
2536 4785 2771 4854 appellat
2823 4787 3066 4857 (Diodor.
3099 4787 3294 4854 Sicul.,
3341 4789 3429 4846 lib.
3461 4805 3496 4847 ιι
3528 4783 3760 4842 Βὶὸιὶοιιιη

2210 4892 2330 4945 pag.
2363 4876 2430 4931 66
2455 4890 2500 4930 et
2544 4878 2732 4949 καφ).
2789 4879 2996 4935 Deinde
3025 4893 3158 4936 Veto
3203 4883 3337 4936 nihil
3385 4885 3538 4952 plane
3582 4874 3757 4946 ιιιδιεὶοίι

2210 4984 2385 5038 neque
2419 4971 2618 5025 insoliti
2649 4986 2714 5024 eo
2739 4973 2790 5026 in
2819 4973 3005 5040 prailio
3052 4976 3455 5042 animadvertit,
3480 4976 3572 5032 sed
3596 4973 3766 5042 Oxyar-

2210 5063 2278 5118 tis
2304 5073 2508 5118 tantutn
2534 5074 2704 5119 artem
2733 5075 2789 5121 et
2813 5067 3114 5133 solertiam,
3147 5087 3249 5140 qua
3274 5087 3396 5126 cum
3427 5082 3620 5138 partem
3639 5079 3764 5120 exer-

2207 5155 2346 5208 citus
2375 5155 2495 5210 Nini
2521 5157 2572 5210 in
2604 5158 2862 5227 quasdam
2887 5161 3129 5216 locorum
3183 5167 3463 5235 angustias
3501 5159 3759 5234 pertraxis-

2207 5260 2310 5315 set,
2344 5252 2478 5305 inito
2506 5255 2821 5318 certamine,
2853 5256 3054 5326 iugavit
3090 5257 3293 5322 h05tes,
3327 5270 3638 5328 centumque
3663 5251 3761 5307 mii-

2211 5342 2276 5396 lia
2309 5357 2372 5397 ex
2405 5344 2468 5398 iis
2503 5343 2718 5401 occidit.
2757 5347 2863 5403 Sed
2912 5348 3002 5403 illc
3059 5361 3243 5420 postea
3276 5367 3305 5406 a
3338 5351 3474 5405 Nino
3498 5353 3653 5404 victus
3675 5342 3759 5398 est.

2207 5437 2324 5493 Huc
2350 5439 2579 5506 accedit,
2615 5443 2754 5511 quod
2787 5442 2969 5512 plures
3000 5443 3202 5500 fuerint
3230 5447 3303 5500 uti
3328 5445 3549 5510 Plinius,
3580 5440 3757 5498 Snidas.

2207 5541 2257 5586 et
2289 5531 2377 5586 alii
2407 5534 2716 5601 observant,
2747 5535 3051 5591 Zoroastris
3084 5539 3299 5593 nomine
3329 5536 3626 5608 nuncupati.
3657 5531 3758 5586 Sca-

2211 5625 2347 5694 liger
2378 5635 2559 5681 autem
2580 5625 2780 5681 Laertti
2807 5630 3117 5683 testimonio
3141 5631 3372 5700 probare
3395 5639 3608 5685 conatur
3633 5622 3755 5690 (SM-

2211 5720 2325 5789 lig.,
2352 5721 2402 5772 in
2426 5718 2616 5775 Chion.
2648 5721 2863 5789 Euseb.,
2889 5742 3012 5794 pag.
3045 5725 3157 5795 15),
3190 5739 3336 5789 cum,
3368 5725 3455 5794 qui
3479 5735 3648 5787 magns
3669 5715 3760 5776 iuit,

2213 5809 2413 5878 Xerse,
2448 5822 2608 5884 atque
2641 5814 2845 5872 idcirco
2875 5815 3014 5873 Nino
3038 5816 3201 5874 etiam
3250 5817 3432 5874 multis
3455 5812 3760 5873 saeulisesse
