3904 6326
552 327 658 382 447
1841 317 2144 382 DISSERT.

2245 319 2296 375 [0
2336 319 2618 376 ΡΒᾸΕἮΑ
3686 327 3763 384 448

552 453 600 496 et
641 441 720 512 7).
751 439 917 497 Nobis
954 440 1236 496 enimvero
1284 439 1490 498 sufiicit
1529 441 1748 498 illorum
1772 486 1786 508 ,
1845 439 1938 510 qui
2003 437 2141 492 mala
2173 440 2220 496 Α
2247 433 2642 488 medicamento
2669 427 3015 505 (Dioscorid.,
3061 433 3152 486 lib.
3180 447 3254 499 tv,
3281 448 3394 506 cap.
3418 433 3530 502 146,
3558 447 3599 492 et
3621 439 3693 496 lib.
3710 457 3764 509 vi,

551 534 733 590 omnia
775 533 1087 591 christianis
1117 533 1442 602 attribuunt,
1490 533 1680 590 falsam
1726 534 2002 606 depulisse
2044 535 2144 590 ob-
2256 545 2374 598 cap.
2404 525 2518 598 55).
2550 525 2658 581 Cur
2686 533 2863 582 autem
2898 526 3375 598 venenatajcreata
3406 529 3532 595 sint,
3571 530 3676 587 alibi
3703 535 3766 588 vi-
3847 558 3849 600 ε

553 627 952 683 trectatiouem.
985 627 1126 696 Quid
1163 637 1377 696 autem,
1419 628 1465 684 si
1507 643 1574 684 ex
1607 629 2004 685 elementorum
2035 631 2146 700 agi-
2247 620 2522 676 debimus.

551 721 756 777 talione
777 763 793 786 ,
845 720 1087 778 siderum
1142 723 1378 779 motibus
1421 763 1437 787 ,
1490 732 1654 792 atque
1698 723 1942 778 materiae
1989 723 2106 778 iece
2128 763 2143 786 ,
2319 714 2560 785 Denique
2584 711 2792 768 nullum
2809 752 2826 778 ς
2849 713 2926 767 ait
2951 711 3222 768 AmOiJiuS
3239 753 3256 779 ,
3279 721 3474 768 natura:
3494 713 3654 770 vitium
3679 726 3764 783 est,
3849 758 3851 778 .

551 818 972 874 nocentissimos
1000 818 1395 890 pestilerosque
1422 834 1688 886 vapores,
1732 828 1791 874 ut
1833 817 1996 873 docet
2031 815 2146 873 se...
2247 811 2292 866 si
2339 809 2568 864 ovilibus
2616 817 2671 863 et
2705 807 2908 862 laniciis
2940 805 3225 862 insidietur
3274 805 3460 877 lupus,
3489 815 3542 863 et
3576 822 3760 880 serpens

551 926 722 976 neca,
751 907 1071 980 exhalante,
1124 910 1403 967 oriantur?
1434 909 1679 985 (Senec.,
1707 909 1797 965 lib.
1846 926 1918 965 vn
1948 907 2142 964 Natur.
2247 919 2435 961 morsu
2488 903 2763 959 hominem
2809 899 3023 957 occidat
3073 900 3330 972 (Arnob.,
3377 900 3460 954 lib.
3492 916 3543 968 ι,
3587 919 3689 974 pag.
3711 903 3771 974 8).
3851 959 3853 992 Ι

550 1017 755 1077 quarm,
788 1023 908 1079 pag.
943 1004 1100 1076 465.)
2248 997 2383 1053 Vide
2413 1006 2589 1052 autem
2619 1004 2798 1052 utrum
2839 993 2913 1050 ibi
2958 993 3050 1050 ille
3088 992 3158 1048 ad
3198 993 3298 1049 hos
3323 1006 3429 1048 non
3453 993 3773 1050 collineaverit

625 1099 894 1154 Praeterea
944 1114 1066 1170 quae
1120 1097 1471 1163 hominibus,
1529 1097 1709 1155 omnia
1757 1099 2147 1155 commoditate
2253 1090 2453 1162 Virgilii
2487 1105 2724 1146 versus:

551 1207 649 1248 sua
689 1192 1070 1264 metientibus},
1121 1194 1259 1249 mala
1289 1193 1560 1256 videntur.
1586 1207 1780 1264 reapse
1812 1193 1912 1264 ipsi
1945 1192 2144 1247 mundo

2344 1209 2413 1257 Ac
2439 1210 2591 1259 veluti
2614 1209 2760 1272 pleno
2783 1209 2926 1271 lupus
2942 1207 3198 1258 insidiatus
3220 1206 3358 1258 ovili.

552 1286 694 1341 bona
741 1297 866 1342 sunt
896 1286 1114 1358 (Arnob.
1139 1329 1156 1356 ,
1186 1285 1362 1360 ibid.).
1397 1287 1608 1342 Diluvia
1633 1287 1900 1358 siquidem
1928 1286 2146 1342 mundi-
2743 1288 2972 1358 (Virgil.,
2999 1289 3084 1343 lib.
3108 1289 3384 1354 v1.£neid.,
3407 1302 3510 1341 vers
3544 1290 3635 1354 59).

551 1393 660 1448 que
689 1377 1144 1449 conﬂagrationes
1172 1394 1202 1433 a
1236 1378 1465 1434 Platone
1491 1393 1600 1435 non
1630 1379 1819 1436 mundi
1849 1379 2144 1451 pernicies,
2250 1397 2320 1453 Et
2343 1397 2448 1454 alio
2478 1399 2531 1453 ίο
2561 1395 2700 1453 libro
2730 1417 2744 1452 ε

551 1471 648 1527 sed
671 1511 687 1534 ,
715 1471 855 1527 sicut
884 1471 954 1528 ab
977 1471 1212 1544 Origene
1232 1514 1247 1537 ,
1277 1482 1332 1528 et
1355 1489 1384 1527 a
1412 1473 1568 1528 nobis
1595 1472 1724 1528 alibi
1757 1472 2109 1529 observatum
2129 1515 2144 1540 ,
2972 1512 3027 1561 Si
3053 1512 3139 1562 ubi
3164 1509 3393 1560 Iniciam
3415 1522 3557 1559 cum

552 1564 795 1636 ejusdem
823 1566 1007 1622 mundi
1028 1566 1273 1638 purgatio
1293 1576 1590 1622 censentur
1620 1565 1895 1637 (Plato,in
1927 1565 2141 1631 Timaeo,
2901 1573 3104 1642 (Lib.in
3129 1573 3326 1639 Georg.,
3353 1585 3476 1623 vers.
3499 1571 3621 1634 58L.)

553 1669 673 1712 tam.
700 1674 789 1726 ιιι,
823 1677 877 1728 p.
908 1657 1002 1724 29.,
1020 1669 1066 1713 et
1097 1660 1188 1714 lib.
1213 1675 1270 1715 ιιι
1296 1659 1360 1714 de
1378 1659 1532 1732 Leg.,
1555 1669 1677 1714 tam.
1709 1675 1767 1726 ιι,
1801 1677 1921 1732 pag.
1953 1659 2080 1728 676,
2098 1670 2144 1715 et

2251 1682 2492 1754 Simplici
2516 1683 2778 1754 siquidem
2801 1682 2982 1738 lanicii
2999 1681 3218 1737 nomine
3238 1690 3461 1753 uterque
3475 1696 3615 1748 oves,
3630 1693 3779 1751 agnos,

552 1766 729 1821 seqq.;
781 1748 966 1822 θήρ..
1022 1751 1114 1806 lib.
1161 1767 1214 1806 Iv
1253 1761 1419 1806 contr.
1465 1749 1638 1816 Cels.,
1688 1770 1807 1825 pag.
1842 1752 1984 1820 175;
2045 1752 2144 1808 Sn-

2253 1789 2613 1846 vervecesque
2634 1774 3072 1843 comprehendit.
3099 1775 3335 1845 Superbi
3355 1789 3513 1844 porro
3531 1782 3583 1829 et
3601 1773 3777 1827 nimium

551 1860 643 1914 per
686 1842 947 1899 dissertat.
989 1844 1044 1899 in
1087 1843 1504 1914 Minnc.0ctav.,
1535 1863 1652 1916 cap.
1683 1862 1738 1913 ι,
1768 1857 1868 1900 art.
1896 1847 1976 1917 4).
2006 1845 2144 1912 Quid

2253 1868 2554 1938 arrogantis
2612 1867 2846 1923 hominis
2895 1866 3166 1924 Arnobius
3230 1882 3354 1923 esse
3402 1876 3659 1922 asseverat
3698 1865 3783 1920 Deo

553 1950 706 2003 vero,
733 1934 877 2007 quod
907 1944 1241 2008 temperatus
1267 1938 1401 1992 solis
1426 1937 1610 2004 ardor,
1638 1949 1696 1994 ut
1725 1940 1801 1994 ait
1840 1939 2142 2008 Arnobius,

2249 1976 2366 2017 eam
2384 1934 2540 2016 'l‘errc
2570 1960 2969 2027 conditionem,
3002 1969 3062 2017 ut
3105 1959 3249 2033 quod
3305 1961 3584 2033 unicuique
3621 1959 3784 2032 placet.
3861 1949 3863 1958 ί

552 2029 740 2084 tuultis
797 2029 1054 2101 prodest,
1099 2047 1260 2102 quem
1286 2031 1486 2104 aliquis
1513 2043 1695 2089 tamen
1737 2034 2144 2104 voluptuarius,
2258 2055 2310 2110 id
2338 2055 2594 2109 ωηιξηυο
2621 2053 2798 2110 facere
2825 2054 3044 2111 debeat.

550 2137 618 2178 eo
644 2126 839 2180 torreri
865 2123 1093 2194 solitus,
1127 2126 1289 2181 nimis
1321 2126 1695 2195 moderatum,
1739 2138 1832 2184 aut
1858 2129 1962 2184 sibi
1993 2129 2144 2201 peni-

2321 2145 2428 2201 Sed
2468 2155 2816 2201 contumaces
2839 2144 3070 2211 ethnici,
3105 2144 3239 2200 nihil
3267 2146 3446 2202 adhuc
3471 2145 3782 2206 remittentes,

551 2225 638 2272 tus
691 2216 932 2274 ablatum
977 2219 1350 2289 conqueritur.
1404 2219 1479 2275 lbi
1509 2231 1689 2276 autem
1739 2221 1808 2276 od
1854 2221 2006 2278 illum
2044 2223 2144 2279 Ar-

2250 2236 2526 2292 instabant
2569 2252 2675 2292 non
2716 2237 2890 2293 solum
2934 2246 3090 2306 ante,
3123 2237 3218 2294 sed
3269 2248 3395 2309 post
3443 2238 3787 2294 disseminatam

551 2310 746 2366 nobius
802 2311 994 2368 alludit
1049 2326 1295 2379 morem,
1357 2327 1466 2384 quo
1515 2313 1643 2369 olim
1703 2313 1897 2369 molles
1941 2313 2144 2370 ethnici

2249 2330 2597 2388 christianam
2652 2331 3002 2404 religionem,
3064 2347 3128 2388 ac
3192 2342 3418 2404 propter
3480 2331 3788 2392 christianos,

551 2412 677 2459 ante
705 2402 885 2459 cibum
911 2405 1196 2474 exerceri,
1227 2419 1291 2460 ac
1314 2415 1502 2476 postea
1527 2405 1595 2460 ad
1626 2405 1799 2461 solem
1821 2405 1906 2459 vel
1937 2406 2142 2478 ignem,

2249 2438 2373 2479 cum
2411 2424 2534 2479 aliis
2581 2402 2871 2494 permistos
2897 2466 2912 2491 ,
2957 2423 3096 2478 bella
3128 2402 3424 2479 inielieiter
3467 2431 3637 2494 gesta,
3668 2434 3790 2488 agros

550 2497 638 2554 vel
669 2497 923 2555 balneum
969 2500 1092 2571 ungi
1116 2507 1530 2555 consueverant.
1567 2498 1717 2556 Unde
1743 2499 1960 2557 Persius
1994 2518 2008 2554 :

2248 2517 2535 2573 sterilitate
2578 2516 2854 2583 incultos,
2909 2524 3073 2584 atque
3126 2525 3350 2572 enectos
3390 2516 3530 2571 fame
3573 2513 3793 2569 homines.

829 2613 1038 2665 Assiduo
1060 2619 1230 2666 curata
1249 2613 1460 2666 cuticula
1481 2613 1606 2665 sole.
2249 2608 2448 2664 Verum
2499 2618 2605 2664 tam
2663 2609 2786 2664 leve
2839 2607 3063 2663 rationis
3122 2617 3458 2663 momentum
3497 2605 3563 2660 ab
3605 2603 3793 2659 Arnobio

620 2720 689 2778 Et
719 2722 880 2792 paulo
914 2731 1035 2792 post
1069 2741 1083 2779 τ
2248 2700 2411 2757 facile
2430 2699 2895 2757 destruitur.Nam
2916 2709 2972 2754 ιιι
2990 2700 3127 2755 scite
3149 2699 3239 2754 ille
3260 2699 3462 2792 arguit,
3483 2695 3796 2792 siAlemanni,

2249 2791 2320 2848 de
2350 2793 2546 2863 quibus
2573 2792 2842 2848 Eusebius
2872 2801 2928 2848 et
2972 2792 3097 2858 alii,
3154 2800 3380 2864 propter
3417 2789 3700 2846 habitantes
3731 2800 3795 2839 se-

641 2834 705 2884 At
725 2837 770 2886 si
793 2841 972 2888 unctus
992 2849 1164 2901 cesses
1187 2845 1242 2887 et
1263 2837 1387 2901 ligas
1403 2840 1459 2901 in
1483 2845 1600 2888 cute
1623 2837 1800 2888 solem.
2250 2834 2320 2848 “"
2350 2834 2546 2901 """_’":'
2571 2834 2842 2901 fww'“
2873 2834 2953 2901 "ﬂ
2972 2834 3097 2901 "'"V’
3129 2834 3352 2901 f‘f'f":

1109 2882 1836 2964 (ξ’ἐιῖεξοεῖιίἶῖὶξῖεἷᾶίῖἷὰ
1855 2901 1960 2964 55.)
2248 2901 2370 2942 cum
2419 2886 2781 2953 christianos,
2830 2902 2859 2940 a
2914 2885 3174 2940 Romanis
3222 2886 3354 2943 victi
3393 2895 3551 2952 sunt,
3599 2882 3794 2938 eamdem

2251 2977 2494 3048 profecto
2514 2978 2584 3033 ob
2617 2978 2881 3032 rationem
2903 2976 3120 3048 ipsimet
3137 2976 3370 3033 Romani
3396 2992 3517 3033 cum
3538 2972 3794 3032 christianis

2252 3070 2528 3142 permisti,
2561 3071 2701 3126 vinci
2745 3069 3053 3128 debuerunt
3102 3069 3322 3141 (Arnob.
3348 3113 3363 3137 ,
3396 3070 3487 3125 lib.
3534 3085 3585 3133 ι,
3635 3083 3735 3138 pag.
3772 3063 3796 3118 9

619 3002 896 3060 Iuvenalis
926 3020 1060 3061 vero
1093 3022 1107 3058 :

639 3116 818 3184 gastris
839 3118 976 3169 bibat
997 3131 1202 3169 vernum
1225 3123 1474 3170 contracta
1497 3121 1708 3184 cuticula
1729 3120 1904 3184 solem,

639 3156 953 3245 ljﬂ'ugiatq'ue
973 3189 1155 3245 togam,
1168 3183 1267 3245 jam
1287 3156 1488 3232 nune
1498 3156 1702 3244 imiimi,
1729 3156 1904 3234 Emi"

2248 3174 2294 3218 et
2337 3180 2517 3234 seqq.;
2551 3163 2739 3217 Euseb.
2763 3205 2777 3226 ,
2807 3164 2860 3217 in
2891 3162 3122 3226 Chron.,
3151 3164 3219 3217 ad
3245 3179 3374 3217 ann.
3406 3162 3545 3218 1277
3575 3170 3616 3215 et
3653 3156 3796 3218 1516).

642 3241 988 3306 Ἐτοίὶίθιϋθθί
1011 3241 1183 3298 Vadas:
1238 3305 1418 3327 "mw
1486 3307 1601 3327 ηιμ
1648 3241 1704 3327 ,
1754 3307 1799 3327 ,η
1852 3307 1912 3327 ευ
1942 3313 1958 3327 ι
2175 3290 2218 3327 ρ
2251 3254 2308 3310 Si
2340 3270 2521 3310 mures
2570 3265 2625 3310 et
2670 3254 2928 3319 locustae,
2977 3254 3161 3309 Asiam
3202 3269 3263 3308 ac
3303 3253 3520 3327 Syriam
3563 3249 3798 3322 aliquando

1238 3305 1460 3368 (lavem,
1480 3307 1618 3360 satir.
1645 3309 1723 3370 12,
1749 3307 1802 3359 in
1846 3307 1961 3374 ﬁn.)
2175 3290 2218 3350 C

2201 3332 2219 3350 λ
2253 3348 2609 3412 infestarunt,
2638 3363 2732 3402 cur
2769 3361 2876 3402 non
2906 3345 3222 3417 Hispaniam
3248 3361 3473 3417 quoque
3502 3361 3564 3400 ac
3591 3342 3797 3401 Galliam.

2251 3440 2340 3496 ubi
2373 3440 2624 3496 similiter
2654 3440 2835 3510 plures
2859 3439 3127 3510 degebant
3151 3439 3472 3494 christiani?
3501 3437 3556 3494 Si
3582 3436 3738 3493 Getuli
3760 3445 3799 3487 et

2255 3534 2563 3605 Tangitani,
2597 3534 2688 3605 qui
2719 3535 2793 3589 uti
2824 3533 2983 3600 Mela,
3019 3533 3233 3601 Strabo,
3267 3532 3511 3599 Plinius,
3543 3530 3800 3587 Sallustius.

2249 3629 2449 3700 aliique
2472 3629 2760 3700 perhibent
2784 3672 2798 3695 ,
2831 3627 3028 3684 Africa:
3052 3628 3235 3700 populi
3264 3639 3460 3694 erant,
3492 3627 3743 3690 siccitate,
3765 3633 3802 3675 ot

2248 3723 2500 3780 ariditate
2521 3765 2536 3789 ,
2566 3723 2652 3779 vel
2677 3722 2820 3778 fame
2841 3723 2929 3778 alii
2952 3723 3270 3794 gravissime
3298 3723 3545 3778 afﬂictati
3570 3730 3705 3784 sunt,
3729 3732 3802 3771 cur

2249 3815 2452 3883 Mauri,
2477 3826 2530 3872 et
2553 3815 2842 3875 Nomades.
2875 3825 2930 3871 et
2955 3815 3047 3871 alii
3073 3830 3424 3872 communem
3454 3799 3577 3872 cuin
3599 3811 3803 3870 christiao

547 3880 750 3979 denm}
795 3881 1099 3979 Γξάυηάπθ
1120 3926 1135 3949 ν
1166 3900 1250 3979 εκ,
1275 3898 1344 3979 09
1371 3883 1640 3979 ξοηθξηυιξ
1660 3884 1910 3979 (ξίιξηοθον
1942 3886 2031 3941 “b-
2089 3905 2142 3955 ιν
2250 3908 2334 3962 uis
2361 3880 2522 3963 vitam
2548 3917 2792 3978 agentes,
2825 3917 3170 3962 mcssuerunt
3194 3917 3416 3979 segetes
3447 3901 3799 3978 amplissimas?

547 3993 668 4048 pag.
702 3975 780 4047 8).
821 3975 1188 4033 Tertullianus
1209 3977 1472 4049 siquidem
1502 3977 1645 4033 haud
1672 3976 1985 4035 dubitanter
2009 3983 2144 4038 scri-

2248 4001 2457 4057 Eodem
2483 3975 2800 4056 Ambrosius
2827 4009 3148 4071 argumento
3175 3975 3434 4071 gentilem
3465 3975 3800 4073 Symmachum

547 4069 692 4164 Im}
759 4087 777 4120 ί
839 4067 1052 4164 Ββνθω
1092 4069 1245 4135 lues’
1279 4077 1334 4125 et
1374 4067 1547 4164 tam?
1573 4113 1587 4135 ’
1625 4079 1683 4164 δη
1718 4069 1894 4164 bella}
1945 4079 2003 4126 ⁸⁸
2045 4086 2143 4127 VO‘
2246 4094 2436 4150 eadem
2487 4094 2845 4164 objectantetn
2895 4067 3097 4148 refellit
3141 4067 3338 4163 (βιαία,
3387 4093 3479 4148 lib.
3507 4067 3577 4158 vi;
3623 4089 3800 4151 Strab.,

547 4160 764 4232 “sines
803 4161 1121 4260 θίνίίθψίηξ
1161 4176 1260 4232 pro
1314 4161 1581 4260 remedio,
1607 4161 1954 4260 d‘fl’mnqa.
1996 4173 2144 4260 E'n‘
2251 4189 2344 4244 lib.
2395 4205 2507 4244 xvu
2554 4160 2788 4260 beam”
2843 4205 2962 4260 pag.
2993 4160 3158 4252 819;:
3191 4185 3370 4252 Plin.,
3416 4187 3506 4242 lib.
3548 4204 3612 4254 ιι,
3642 4202 3738 4254 cap.
3759 4181 3801 4238 Ξ.

547 4268 710 4324 quam
754 4262 976 4309 tonsura
1012 4254 1361 4310 inolescentis
1396 4255 1614 4326 generis
1656 4254 1876 4310 humani
1911 4273 1932 4308 ι
1984 4255 2140 4329 (Ter-

2248 4301 2370 4356 pag.
2402 4283 2541 4350 627,
2573 4294 2621 4338 et
2650 4254 2737 4338 lib.
2775 4254 3050 4352 xxi,'cap.
3086 4282 3185 4346 13,
3227 4299 3352 4353 pag.
3388 4281 3492 4347 13;
3537 4279 3718 4336 Salust.
3756 4273 3802 4325 de

548 4347 780 4412 (alliam,
813 4349 904 4403 lib.
933 4347 997 4403 de
1033 4349 1235 4418 Anim.,
1265 4365 1382 4419 cap.
1415 4349 1528 4421 30).

2245 4347 2392 4432 Beilo
2420 4347 2657 4449 Μάνη,
2686 4377 2838 4446 longe
2882 4347 3179 4446 postvinit.;
3213 4347 3454 4430 Ambros.
3483 4418 3498 4440 ,
3540 4374 3679 4446 epist.
3723 4367 3800 4428 l8,

622 4439 786 4493 Addit
810 4449 1001 4544 aucto:
1028 4450 1212 4496 noster
1240 4442 1512 4544 immerito
1553 4442 1801 4544 concludi
1847 4453 2140 4512 veratrum,
2247 4469 2371 4540 §19
2401 4480 2448 4523 ει
2473 4439 2802 4544 ,ξᾳφέραθί
2849 4439 3010 4540 εδδ),
3066 4487 3086 4531 η

549 4534 604 4633 id
625 4545 739 4633 fis"
774 4535 926 4633 υιέιῖξ
963 4534 1204 4633 Ριίξήιξδν
1237 4535 1539 4592 elleborum
1574 4535 1877 4633 ide°_'_‘as‘3i_
1908 4537 2142 4633 “""Ade'
2248 4534 2271 4540 ν
2319 4562 2461 4618 Nihil
2731 4534 2944 4616 veritati
2973 4534 3160 4632 imagis
3217 4560 3558 4617 contrarium
3587 4573 3646 4613 ac
3671 4568 3804 4624 repu‘

551 4625 880 4752 bui’sselq'uia
913 4627 1577 4752 ltaninibnsuvenenosum
1597 4628 1908 4752 est(A:n0b.
1933 4671 1948 4695 ,
1971 4629 2138 4752 (ita.
2171 4692 2226 4752 D
2249 4670 2424 4728 guaus
2451 4656 2576 4726 tingi
2604 4625 2834 4726 poterat
2862 4654 3098 4709 absurda
3132 4654 3220 4709 illa
3269 4654 3620 4710 ethnicorum
3659 4645 3804 4704 crimi-

551 4723 690 4794 p.8;
728 4719 873 4775 Plin.
898 4763 912 4786 ,
946 4721 1035 4776 lib.
1069 4738 1169 4776 xxv
1207 4721 1546 4788 Hist.gnamr.
1571 4768 1584 4790 ,
1621 4740 1738 4791 cap.
1761 4723 1813 4791 5,
1842 4740 1962 4794 pag.
1983 4723 2134 4795 591).

2251 4747 2508 4813 natione,
2559 4764 2659 4816 qua
2715 4747 2810 4800 has
2850 4746 3193 4801 calamitates
3239 4762 3270 4799 a
3321 4746 3432 4800 diis
3479 4745 3557 4800 ira
3598 4743 3647 4798 in
3695 4737 3808 4794 chri-

553 4816 769 4872 llomini
794 4817 991 4887 quippe
1009 4816 1056 4871 si
1086 4817 1385 4873 veneﬁcum
1419 4818 1522 4883 sit,
1546 4819 1727 4890 capris
1751 4829 1807 4874 et
1846 4821 2144 4877 coturnici-

2250 4843 2454 4897 stianos
2494 4840 2728 4896 incensis
2755 4839 2930 4894 illatas
2953 4855 3224 4910 nunquam
3256 4853 3362 4894 non
3389 4835 3802 4894 vociferabantur.

553 4911 651 4966 bus
671 4954 686 4977 ,
723 4921 781 4965 ut
809 4911 957 4966 canit
981 4911 1265 4967 Lucretius
1288 4955 1304 4980 ,
1333 4912 1553 4984 prodest
1583 4932 1596 4966 ς

2251 4933 2450 4990 Verum
2491 4935 2604 4988 haec
2632 4931 2868 4988 Aruohio
2907 4933 3039 4986 satis
3087 4947 3193 4986 non
3241 4930 3462 4986 fuerunt
3487 4974 3502 4994 ,
3549 4945 3610 4986 ac
3638 4923 3803 4995 duplici

642 5025 898 5099 Praeterea
923 5028 1062 5099 nobis
1080 5036 1329 5099 veratrum
1353 5035 1437 5099 est
1453 5042 1566 5078 acre
1593 5043 1878 5082 venenum:
2251 5027 2429 5084 adhuc
2471 5037 2790 5099 argumento
2853 5026 3111 5080 insulsam
3159 5026 3298 5079 hanc
3342 5025 3698 5096 opinationem
3735 5031 3805 5070 rc-

644 5090 709 5139 Δί
731 5092 889 5153 capris
910 5090 1084 5153 adipes
1108 5093 1517 5193 af
1903 5178 1916 5193 ,
1941 5180 1955 5193 κ
2250 5123 2385 5177 lellit
2427 5090 2643 5193 (Arnob.
2663 5162 2676 5185 ,
2714 5118 2802 5173 lib.
2837 5135 2886 5184 ι,
2919 5136 3038 5190 pag.
3075 5115 3156 5188 9).
3187 5118 3318 5171 Nam
3369 5090 3615 5188 quamvis
3654 5123 3804 5167 verum

1173 5171 1411 5236 (anret.,
1432 5171 1516 5225 lib.
1545 5191 1608 5238 tv,
1631 5176 1764 5227 circa
1804 5178 1960 5242 med.)

549 3409 647 3466 His
677 3409 861 3481 itaque
889 3411 1024 3466 solis
1047 3411 1213 3468 ardor
1234 3421 1398 3468 tanta:
1424 3414 1688 3485 voluptati
1714 3423 1866 3482 erat,
1885 3422 2145 3486 quantum

547 3503 637 3559 alii
667 3517 790 3559 cum
817 3503 920 3558 sibi
948 3505 1244 3561 obnoxium
1273 3507 1678 3562 existimabant.

620 3599 802 3670 Pergit
829 3599 1105 3655 Arnobius
1137 3601 1293 3656 nobis
1314 3617 1422 3658 non
1448 3617 1573 3658 esse
1601 3614 1939 3675 compertum
1963 3615 2144 3660 utrum

546 3691 895 3763 pestilentiae.
925 3691 1135 3758 morbi,
1171 3693 1369 3760 fames,
1403 3706 1458 3750 et
1484 3696 1604 3750 alia:
1628 3696 1895 3767 ejusmodi
1922 3699 2145 3754 calami-

548 3797 689 3844 tates
713 3804 818 3844 non
851 3788 973 3844 ideo
1012 3789 1412 3858 interveniant;
1461 3799 1520 3846 ut
1573 3807 1694 3862 qua:
1741 3793 1794 3846 in
1834 3794 2036 3849 mundo
2065 3795 2145 3849 vi—

2253 5226 2428 5279 esset,
2479 5211 2622 5284 quod
2679 5225 2889 5280 tamen,
2948 5214 3020 5266 uti
3071 5227 3196 5266 mox
3251 5210 3593 5274 videbimus,
3645 5205 3805 5261 falsum

551 5301 833 5357 Rationem
872 5301 919 5356 si
958 5317 1201 5372 quaeras,
1236 5303 1376 5359 hanc
1418 5304 1605 5361 reddet
1633 5306 1728 5362 tibi
1773 5307 2096 5364 Ambrosius
2128 5328 2143 5365 :
2250 5324 2374 5365 esse
2401 5309 2712 5371 contendit,
2747 5307 2880 5362 deos
2922 5317 3146 5378 propter
3172 5319 3426 5374 acceptas
3457 5322 3488 5376 a
3535 5295 3806 5359 christianis

557 5417 575 5447 ‹
617 5396 965 5452 llelleborum
1011 5397 1168 5466 periti
1203 5397 1496 5468 loquuntur
1535 5414 1712 5454 escam
1755 5415 1911 5468 esse,
1952 5412 2006 5457 et
2044 5401 2148 5457 ali-
2251 5400 2475 5472 injurias
2529 5400 2607 5454 ira
2664 5399 3022 5467 inﬂammari,
3078 5399 3402 5470 iniquissimi
3455 5411 3600 5452 certe
3637 5395 3806 5448 forent.

550 5491 784 5542 muniam
848 5490 1220 5554 coturnicum,
1280 5505 1347 5544 eo
1403 5490 1546 5561 quod
1621 5493 1849 5547 naturali
1906 5493 2141 5563 quodam
2252 5494 2297 5549 si
2361 5493 2413 5547 in
2466 5507 2650 5548 carum
2692 5493 2952 5548 ultionem
2983 5506 3090 5547 non
3121 5492 3293 5546 solum
3341 5489 3694 5550 christianos,
3731 5477 3806 5535 sed

553 5591 982 5650 temperatncnto
1035 5585 1115 5637 sui
1159 5583 1402 5654 corporis
1447 5583 1554 5638 vim
1588 5584 1764 5654 pabuli
1817 5586 1989 5640 noctis
2027 5587 2141 5641 evi-
2250 5589 2412 5642 etiam
2443 5589 2724 5653 ethnicos,
2759 5587 2863 5642 hoc
2888 5598 3006 5651 est,
3057 5597 3114 5641 ut
3147 5587 3219 5640 illi
3249 5585 3627 5658 opinabantur,
3655 5583 3806 5634 sonlt‘s

553 5685 668 5729 tcnt
717 5695 735 5726 ι
803 5675 1101 5749 (Ambros.,
1163 5677 1254 5732 lib.
1318 5693 1374 5732 ιιι
1460 5677 1594 5732 "ex.
1619 5722 1633 5744 ,
1694 5696 1811 5749 cap.
1845 5679 1913 5745 9,
1963 5679 1991 5751 §
2035 5681 2141 5744 '59,
2249 5690 2301 5734 et
2331 5679 2574 5735 insontes
2600 5679 2710 5735 ullo
2736 5680 2941 5750 absque
2971 5678 3285 5734 discrimine
3312 5677 3558 5749 puniant.
3597 5672 3649 5729 Si
3688 5667 3805 5725 enim

552 5766 812 5837 11119.58).
851 5769 1192 5826 Dioscorides
1219 5787 1386 5839 vero,
1437 5769 1691 5842 illiusque
1736 5771 2003 5842 interpres
2038 5771 2143 5827 Μει-
2251 5775 2361 5827 veri
2393 5783 2546 5827 erant
2573 5772 2684 5839 dii,
2723 5781 2976 5842 poterant
3018 5773 3202 5844 utique
3227 5771 3469 5826 cultores
3491 5780 3616 5822 suos
3649 5757 3804 5860 potni-

552 5859 751 5915 thiolus
791 5861 988 5919 docent
1017 5863 1318 5924 elleborum
1355 5867 1535 5924 album
1568 5866 1752 5924 multis
1789 5866 1992 5924 morbis
2022 5880 2144 5924 esse
2251 5865 2350 5920 bus
2377 5867 2653 5921 cunntlare
2687 5865 2840 5918 bonis
2863 5907 2876 5929 ,
2906 5880 2969 5918 ac
3009 5864 3157 5919 solos
3208 5859 3560 5924 christianos,
3602 5853 3694 5910 sibi
3738 5853 3803 5904 in-
