3904 6326
127 267 202 328 M9
1345 253 1407 312 IN
1448 249 1671 312 ΑΙὶΝΟΗ

1778 247 1825 318 πί,
1866 247 2020 308 CAP.
2054 250 2141 308 Vl.

3254 250 3359 308 450

133 373 323 442 feusos,"
350 371 589 432 omnibus
631 369 1030 427 calamitatibus
1076 378 1132 426 et
1171 370 1404 426 miseriis
1433 387 1530 443 pro
1556 388 1667 428 me-
1695 376 1746 437 Α
1773 369 1880 424 lum
1935 369 2159 438 publicis
2195 365 2628 432 calamitatibus,
2673 365 2767 422 sed
2819 365 2888 420 ab
2927 363 3162 421 ethnicis
3200 367 3362 423 etiam

136 473 212 526 rito
249 468 451 541 punire,
478 480 671 522 vexare
693 508 707 531 ,
741 479 959 520 necare.
990 462 1103 518 Non
1143 478 1274 534 ergo
1314 462 1383 519 ad
1417 479 1514 519 eos
1554 463 1669 534 ple-

134 561 315 617 ctendos
355 566 632 628 expectare
658 555 926 612 debebam
975 555 1146 610 multo
1199 555 1371 610 levius
1410 565 1466 610 et
1520 556 1670 608 infir-

130 658 237 710 mius
262 651 557 710 eorumdem
609 650 893 721 gentiliqu
943 649 1206 704 auxilium
1237 666 1250 702 :
1291 669 1309 702 ι
1339 648 1607 720 Numquid
1645 669 1663 701 ι

131 750 241 804 enim
273 766 290 799 ι
309 747 358 801 in
381 760 475 800 vos
501 765 522 797 ι
547 742 798 816 gentiles,
820 741 1386 813 aitArnohius(lbid.,
1412 759 1533 814 pag.
1551 742 1667 813 11),

132 840 421 907 «suavium,
465 846 521 894 ut
568 837 839 893 intestinis
896 834 1209 891 uulneribus
1274 835 1560 901 concitati,
1614 835 1669 889 in

126 935 334 990 ultionem
362 930 698 1002 consurgatis
728 930 965 985 illorum.
992 929 1134 999 Ergo
1161 928 1394 984 humana
1437 925 1668 999 patroci-

122 1030 186 1083 nia
204 1026 268 1082 dii
301 1036 570 1098 quaerunt,
625 1033 681 1082 et
731 1024 835 1079 nisi
887 1031 1067 1080 vestra
1115 1021 1320 1079 fuerint
1367 1024 1671 1079 assertione

121 1121 336 1191 protecti,
384 1119 560 1176 idonei
626 1133 733 1174 non
785 1126 912 1173 sunt
967 1116 1107 1187 ipsi,
1159 1115 1250 1186 qui
1297 1116 1658 1186 propulsare,

121 1214 367 1272 defendere
396 1229 525 1270 suas
571 1213 790 1270 valeant
827 1211 1205 1268 contumelias.
1259 1210 1398 1277 Quin
1426 1211 1590 1266 immo
1624 1209 1671 1266 si

125 1325 268 1367 rerum
305 1320 388 1366 est
432 1307 626 1365 ardere
664 1308 791 1364 illos
817 1307 931 1375 ira,
959 1304 1253 1376 permittite
1279 1305 1386 1360 illis
1431 1313 1668 1375 potesta-

120 1413 197 1458 tem
231 1403 338 1469 sui,
369 1401 666 1458 defendant
692 1416 755 1457 se
791 1401 930 1471 ipsi,
962 1408 1123 1470 atque
1162 1399 1215 1456 in
1247 1398 1506 1454 ultionem
1553 1414 1670 1453 nta-

117 1497 284 1566 iestatis
334 1494 560 1553 offensa:
612 1494 896 1551 intestinas
939 1500 1165 1548 exorant
1215 1490 1672 1563 experianturquc

119 1589 317 1644 virtutes.
353 1606 374 1640 ι

169 1683 344 1740 Verum
401 1681 671 1739 Heraldus
709 1682 847 1738 hanc
895 1679 1418 1754 argumentationem
1460 1679 1672 1736 levissi-

1771 464 2096 529 excruciari,
2142 475 2196 517 et
2246 460 2476 516 interfici
2528 459 2846 531 patiebatur.
2901 458 3018 514 Non
3074 459 3216 515 enim
3269 475 3365 515 ea-

1773 557 1894 612 dem
1921 567 2042 612 erat
2083 555 2500 610 christianorum
2540 566 2700 625 atque
2727 553 3010 626 gentilium
3050 554 3119 609 de
3164 553 3240 608 ira
3271 553 3366 609 Dei

1772 649 1977 720 opinio.
2031 647 2234 704 Deinde
2276 663 2407 704 vero
2436 647 2666 703 ethnicis
2715 647 2872 718 longe
2916 646 3162 719 dispares
3209 654 3368 702 erant

1771 741 2087 808 christiani,
2118 741 2207 811 qui
2239 739 2544 795 fatebantur
2572 739 2704 795 nihil
2745 740 2847 796 sibi
2895 739 2962 795 ad
3021 740 3159 796 hanc
3200 741 3366 795 vitam

1775 836 2094 907 promissum
2122 851 2135 890 :
2172 855 2190 886 ‹
2219 833 2361 888 Nihil
2383 835 2527 889 enim
2548 875 2564 900 ,
2588 853 2607 886 ›
2650 834 2822 905 inquit
2847 833 3119 890 Arnobius
3151 832 3264 905 (lib.
3295 849 3330 889 ll
3351 874 3366 899 ,

1773 944 1894 1000 pag.
1929 927 2055 1000 98),
2107 945 2125 977 ‹
2165 937 2250 983 est
2280 927 2434 982 nobis
2475 926 2799 997 promissum
2839 926 2905 982 ad
2935 925 3075 984 hanc
3103 927 3306 993 vitam,
3344 946 3364 978 ι

1771 1022 1866 1079 sed
1895 1021 1960 1076 ad
2001 1022 2271 1089 futuram,
2319 1037 2480 1094 quam
2522 1021 2733 1077 beatam
2775 1031 3147 1092 expectamus.
3193 1021 3370 1092 Atque

1770 1116 1897 1172 inde
1921 1116 2193 1172 concludit
2225 1133 2239 1171 :
2276 1135 2294 1167 ‹
2331 1115 2513 1187 Itaque
2552 1116 2681 1183 ista,
2710 1131 2868 1185 quam
2900 1113 3078 1171 dicitis
3104 1157 3119 1183 ,
3169 1130 3358 1186 perse-

1772 1210 2006 1268 cutionis
2027 1211 2325 1280 asperitas,
2369 1210 2620 1266 liberatio
2664 1217 2849 1264 nostra
2883 1217 3000 1275 est,
3045 1224 3152 1264 non
3186 1224 3372 1280 perse-

1772 1305 1953 1362 cutio:
2005 1321 2106 1360 nec
2151 1319 2364 1375 pcenam
2418 1304 2634 1360 vexatio
2676 1302 2902 1370 inferet,
2947 1301 3044 1359 sed
3089 1302 3156 1357 ad
3197 1301 3371 1358 lucem

1772 1397 2034 1455 libertatis
2077 1396 2286 1454 educet.
2344 1415 2363 1450 ι
2412 1397 2614 1454 Eadem
2661 1412 2878 1468 quoque
2925 1406 3010 1452 est
3056 1393 3372 1450 Tertulliani

1773 1493 2094 1564 responsio,
2145 1501 2200 1546 ut
2265 1506 2365 1546 suo
2432 1491 2551 1546 loco
2615 1489 2964 1546 ostendemus
3018 1487 3271 1562 (Dissert.
3319 1487 3374 1542 in

1773 1583 2117 1652 Tertullian.,
2165 1601 2282 1656 cap.
2339 1583 2441 1650 16,
2491 1593 2594 1639 art.
2637 1583 2716 1655 5).
2749 1582 2894 1639 Nihil
2932 1598 3063 1654 ergo
3110 1581 3378 1638 adversus

1773 1679 2097 1736 christianos
2139 1678 2350 1749 objecta
2399 1677 2466 1734 ab
2507 1677 2740 1734 ethnicis
2791 1677 2868 1731 ira
2919 1675 3142 1732 deorum
3196 1675 3376 1731 facere

117 1790 220 1830 utam
243 1785 292 1831 et
319 1775 524 1830 nullius
555 1774 816 1830 momenti
841 1789 966 1831 esse
993 1781 1214 1842 censet,
1235 1773 1564 1844 omninoque
1592 1789 1670 1829 as-
1701 1783 1748 1842 Β
1777 1781 2008 1842 poterat.

117 1875 340 1936 pernatur.
385 1866 501 1923 Sed
527 1882 664 1937 qua,
700 1874 886 1938 putas,
930 1866 1178 1922 ratione?
1223 1866 1356 1934 Quia
1399 1866 1540 1922 Deus
1582 1882 1668 1922 re-

115 1973 313 2030 servata,
341 1962 558 2033 inquit,
591 1960 692 2017 sibi
721 1959 941 2032 perjurii
972 1975 1123 2031 paena
1149 2001 1165 2027 ,
1197 1959 1312 2015 vult
1339 1959 1669 2030 impietatem

1843 1888 2080 1959 Denique
2105 1897 2296 1944 auctor
2325 1896 2513 1946 noster
2547 1886 3052 1958 palam-aperteque
3081 1891 3364 1942 asseverat

1770 1981 1916 2038 dictu
1955 1981 2177 2036 omnino
2205 1997 2329 2039 esse
2358 1981 2655 2038 absurdum
2703 1982 2837 2038 deos
2862 2024 2877 2049 ,
2927 1983 3003 2037 uti
3045 1981 3210 2038 iidem
3255 1979 3374 2035 eth-

115 2054 340 2110 liomiuum
367 2056 443 2150 ab
464 2055 715 2150 ipsismet
753 2053 1061 2150 hominibus
1089 2054 1301 2150 puniri.
1333 2053 1404 2109 At
1430 2053 1475 2108 si
1515 2054 1670 2150 plane
1767 2075 1876 2130 ηίεί
1905 2075 2215 2146 samem";
2235 2117 2250 2142 ,
2281 2091 2473 2132 revera
2499 2075 2658 2131 irasci
2685 2074 2901 2150 (Arnob.
2927 2117 2941 2142 ,
2970 2075 3060 2130 lib.
3094 2091 3144 2139 ι,
3176 2092 3231 2143 p.
3254 2073 3372 2143 11).

119 2150 287 2205 inﬁrma
311 2191 324 2215 ,
355 2149 675 2220 nulliusque
702 2147 958 2220 ponderis
986 2148 1058 2203 sit
1087 2147 1204 2203 haec
1233 2148 1630 2218 argumentatio
1651 2190 1666 2213 ,

113 2243 482 2316 redargueudus
512 2254 595 2299 est
625 2244 962 2316 Cyprianus,
1011 2243 1103 2314 qui
1150 2242 1342 2299 eodem
1405 2243 1563 2313 plane
1617 2251 1672 2298 et

111 2335 264 2391 acriori
302 2337 475 2393 modo
501 2336 906 2392 Demetrianum
937 2335 1184 2406 aliosque
1230 2335 1460 2408 gentiles
1490 2336 1671 2391 insec-

121 2440 226 2484 tatur
252 2447 264 2482 :
296 2449 313 2482 ι
335 2430 390 2487 Si
418 2429 588 2501 quid,
628 2448 648 2482 ›
677 2429 751 2484 ait
772 2429 895 2494 ille,
917 2447 936 2480 ‹
966 2428 1069 2484 diis
1099 2427 1206 2484 tuis
1233 2428 1672 2499 numinisetpo-

112 2525 274 2579 tcstatis
307 2535 422 2590 est,
447 2524 561 2595 ipsi
605 2526 658 2580 in
703 2524 964 2580 ultionem
994 2538 1146 2578 suam
1179 2533 1435 2594 surgant,
1483 2523 1582 2594 ipsi
1613 2537 1673 2578 se

111 2635 177 2673 sua
191 2621 454 2691 majestate
487 2618 798 2676 defendant.
819 2620 928 2674 Aut
947 2618 1075 2689 quid
1095 2627 1354 2690 praestare
1368 2615 1671 2673 colentibus

113 2724 320 2782 possunt,
367 2713 469 2786 qui
521 2730 584 2770 se
633 2713 701 2770 de
747 2729 856 2769 non
902 2711 1213 2769 colentibus
1263 2711 1533 2769 vindicare
1564 2727 1672 2767 non

111 2807 326 2871 possunt?
353 2806 502 2862 Nam
531 2806 579 2862 si
609 2822 708 2874 eo,
753 2806 842 2876 qui
871 2805 1194 2868 vindicatur.
1225 2805 1393 2875 pluris
1432 2815 1516 2862 est
1541 2805 1632 2860 ille
1651 2845 1668 2872 ,

111 2898 173 2966 qui
196 2898 448 2968 vindicat,
494 2910 551 2953 tu
583 2899 684 2955 diis
716 2898 819 2954 tuis
848 2900 1023 2968 major
1044 2913 1126 2954 es.
1152 2896 1210 2954 Si
1238 2906 1415 2952 autem
1447 2896 1510 2952 iis
1537 2912 1673 2968 quos

110 2991 240 3059 colis,
285 2993 460 3061 major
497 3008 587 3060 es,
621 3008 728 3048 non
758 3000 818 3047 tu
857 2992 984 3047 illos
1032 2990 1250 3059 colere,
1281 2991 1377 3046 sed
1425 2992 1492 3046 ab
1539 2992 1673 3061 ipsis

111 3087 246 3154 potius
267 3086 366 3144 coli
393 3086 577 3144 debes
595 3095 651 3142 et
681 3087 894 3155 timeri,
919 3097 978 3142 ut
1005 3084 1280 3142 dominus.
1297 3085 1352 3142 Si
1375 3085 1498 3141 illos
1514 3085 1673 3141 lresos

1773 2168 2059 2226 lndecoros
2087 2171 2367 2226 enimvero
2398 2171 2740 2237 tribuebant,
2777 2171 2882 2227 diis
2922 2172 3036 2226 suis
3080 2170 3375 2227 iracundia:

1773 2271 1988 2330 motus,
2024 2263 2241 2334 iniquos
2267 2279 2332 2321 ac
2378 2265 2630 2321 belluinis
2660 2265 2821 2337 plane
2863 2267 3092 2322 similes.
3123 2265 3285 2338 Atqui
3327 2265 3375 2322 si

1772 2355 1844 2411 dii
1877 2355 2105 2412 fuissent
2145 2358 2286 2414 beati
2335 2366 2390 2414 et
2434 2359 2769 2415 immortales
2791 2401 2806 2427 ,
2849 2375 2958 2415 non
2989 2369 3241 2431 poterant
3264 2360 3374 2416 uti-

1774 2464 1878 2518 que
1906 2449 1990 2504 his
2017 2465 2240 2520 prorsus
2283 2451 2566 2523 culpandis
2609 2455 2708 2507 ira:
2747 2452 2986 2509 motibus
3024 2452 3373 2510 inflammari.

1773 2543 1874 2612 Qui
1897 2545 2041 2600 enim
2074 2544 2386 2615 hujusmodi
2413 2545 2696 2602 affectibus
2722 2548 3013 2617 agitantur,
3045 2547 3192 2604 leves
3217 2557 3372 2614 sunt,

1773 2651 1838 2692 ac
1874 2636 2034 2692 modo
2082 2639 2284 2708 quieti,
2336 2637 2498 2694 modo
2545 2640 2704 2703 irati,
2750 2640 2949 2710 saepius
3007 2654 3137 2696 vero
3189 2640 3376 2711 injusti

1775 2729 1988 2800 quando
2031 2729 2168 2786 alios
2221 2731 2466 2786 insontes
2509 2731 2742 2799 lmdunt,
2797 2740 3036 2802 tuncque
3077 2732 3201 2787 aliis
3240 2748 3373 2788 son-

1777 2822 1918 2878 tibus
1961 2825 2123 2879 etiam
2175 2824 2505 2880 irascuntur.
2557 2825 2754 2881 Totum
2797 2841 2960 2895 porro
3006 2825 3166 2898 hujus
3212 2842 3373 2898 argu-

1777 2917 2122 2974 mentationis
2149 2918 2315 2974 robur
2340 2928 2397 2974 et
2425 2918 2635 2989 pondus
2661 2934 2772 2975 non
2813 2920 2867 2974 in
2897 2934 2965 2975 eo
3012 2920 3247 2989 positum
3291 2931 3377 2977 est

1776 3009 1920 3081 quod
1966 3010 2083 3080 ipse
2128 3010 2197 3066 de
2245 3011 2341 3067 Dei
2386 3011 2535 3078 veri,
2571 3011 2640 3068 de
2689 3026 2797 3083 quo
2849 3011 2987 3067 infra
3033 3012 3174 3085 (cap.
3229 3030 3394 3086 seq..-

1777 3112 1877 3157 art.
1920 3102 2018 3173 5),
2063 3103 2159 3158 sed
2187 3103 2330 3175 quod
2360 3103 2565 3160 ethnici
2611 3103 2682 3160 de
2736 3104 2962 3162 deorum
3019 3121 3242 3162 suorum
3295 3109 3374 3164 ira

114 3179 213 3234 ultio
237 3190 403 3238 vestra
433 3179 728 3248 defendit,
779 3180 1052 3252 quomodo
1098 3189 1154 3236 et
1189 3179 1425 3246 clausos,
1455 3193 1523 3235 ne
1577 3193 1672 3249 pe-
1704 3174 1750 3238 C
1782 3174 2233 3267 ρηεάίοεωηιωξ,

114 3283 253 3339 reant,
301 3273 478 3330 tutela
527 3273 785 3330 custodit.
835 3272 1040 3329 Pudeat
1106 3273 1252 3343 ipsos
1299 3272 1480 3329 colere
1541 3287 1679 3343 quos

118 3365 354 3435 defendis;
397 3367 609 3440 pudeat
656 3367 879 3425 tutelam
925 3368 992 3423 de
1036 3367 1103 3422 iis
1150 3382 1410 3438 sperare,
1461 3381 1596 3438 quos
1622 3375 1678 3422 tu

109 3459 196 3530 ipse
220 3465 379 3519 tueris
430 3483 450 3516 ›
494 3461 763 3535 (Cyprian.
805 3462 874 3516 ad
913 3461 1164 3530 Demetr.,
1195 3478 1316 3533 pag.
1359 3458 1510 3531 191).

179 3553 620 3611 Condemnandus
669 3563 754 3611 est
805 3569 1018 3626 quoque
1056 3553 1402 3621 Lactantius,
1451 3553 1677 3609 Arnobii

112 3645 360 3717 discipulus
383 3691 398 3715 ,
431 3647 536 3721 qui
562 3647 753 3704 eodem
780 3648 944 3704 modo
984 3649 1248 3720 arguebat
1273 3647 1469 3704 frustra
1500 3649 1676 3703 ethni-

112 3754 176 3794 cos
206 3757 233 3796 a
265 3741 516 3816 diiszsuis
557 3751 848 3812 expectare
872 3742 1127 3810 tutelam,
1156 3742 1249 3814 qui
1278 3742 1490 3814 seipsos
1531 3743 1674 3800 tueri

109 3845 187 3886 non
210 3834 400 3889 valent.
457 3833 535 3889 Et
577 3834 736 3903 paulo
785 3842 951 3905 post:
980 3835 1114 3908 Cum
1157 3835 1400 3901 ethnici,
1455 3835 1667 3907 inquit,

115 3928 354 3992 tpuniunt
393 3926 776 3997 deprehensos
806 3927 862 3982 in
915 3927 1236 3999 sacrilegio,
1278 3927 1379 3998 ipsi
1421 3927 1490 3983 de
1542 3926 1674 3983 deo-

109 4033 198 4075 rum
249 4038 468 4080 suorum
545 4030 814 4093 potestate
869 4021 1138 4077 diffidunt.
1207 4020 1315 4076 Cur
1366 4023 1510 4076 enim
1566 4019 1672 4075 illis

111 4114 402 4180 potissimum
457 4130 575 4171 non
621 4115 934 4186 relinquunt
994 4113 1289 4170 ulciscendi
1315 4113 1396 4170 sui
1442 4115 1621 4169 locum
1649 4155 1666 4180 ,

110 4207 141 4259 si
167 4224 246 4264 eos
286 4225 447 4281 posse
493 4209 695 4281 aliquid
732 4209 1103 4264 arbitrantur?
1141 4226 1161 4260 ι
1197 4206 1404 4280 (Lact.,
1457 4208 1548 4262 lib.
1599 4209 1668 4271 Il,

113 4316 202 4372 pag.
232 4303 328 4359 134
348 4313 395 4358 et
426 4302 580 4372 l58.)
622 4301 890 4374 Numquid
917 4317 1046 4373 ergo
1072 4300 1336 4358 Heraldus
1369 4300 1468 4356 hos
1506 4301 1671 4357 alios-

112 4409 189 4463 que
218 4397 562 4454 doctissimos
605 4396 862 4452 Ecclesiae
900 4395 1087 4450 Patres
1111 4436 1130 4463 ,
1176 4403 1338 4448 tanta:
1388 4393 1670 4465 imperitia:

113 4493 442 4549 autcmeitatis
488 4491 791 4558 incusabit,
839 4500 900 4546 ut
953 4490 1135 4561 quanti
1180 4489 1298 4545 haec
1325 4500 1669 4561 argumenta-

113 4580 167 4636 tio
190 4585 252 4639 sit
300 4585 597 4656 ponderis,
631 4600 738 4640 non
765 4583 1039 4640 viderint?
1079 4581 1347 4653 Numquid
1394 4598 1523 4638 vero
1573 4583 1672 4639 He-
1698 4576 1752 4637 D

109 4677 257 4733 raldus
280 4679 396 4750 ipse
425 4695 536 4735 non
579 4677 715 4733 vidit
765 4677 888 4733 illos
938 4677 1339 4748 argumentari,
1379 4685 1438 4730 ut
1484 4678 1670 4745 aiunt,

110 4769 160 4823 ad
207 4771 512 4842 hominem,
559 4782 722 4845 atque
767 4788 830 4828 ex
881 4772 998 4843 ipsa
1047 4771 1330 4843 gentilium
1379 4771 1670 4842 opinione,

112 4877 191 4930 qua
228 4867 496 4925 docebant
531 4868 664 4923 deos
700 4881 830 4922 suos
861 4865 972 4930 ira,
1019 4880 1140 4935 qua:
1175 4879 1236 4920 se
1273 4863 1569 4920 ulciscendi
1611 4866 1674 4920 li-

112 4953 210 5014 bido
250 4971 363 5030 est,
390 4963 444 5018 in
476 4961 806 5019 christianos
844 4959 925 5014 sic
965 4973 1153 5014 revera
1182 4957 1439 5022 accendi,
1473 4968 1530 5013 ut
1579 4973 1672 5014 eo-

111 5061 204 5104 rum
231 5069 387 5110 causa
442 5054 694 5110 maximis
741 5051 1136 5109 calamitatibus
1178 5060 1234 5108 et
1266 5067 1393 5118 eos,
1425 5061 1479 5107 et
1505 5053 1674 5122 ipsosv

112 5154 200 5199 met
232 5147 458 5216 gentiles
507 5146 667 5202 simul
721 5144 1063 5217 affligerent?
1111 5143 1303 5200 Nonne
1355 5143 1482 5200 inde
1525 5152 1673 5200 recte

113 5237 350 5295 concludit
397 5239 668 5295 Arnobius
706 5238 872 5303 deos,
906 5239 950 5293 si
977 5238 1048 5292 ita
1084 5238 1205 5293 irati
1237 5238 1378 5304 sint,
1418 5236 1674 5293 debuisse

119 5323 202 5384 hoc
221 5333 464 5389 maxima:
503 5331 795 5388 iracundia:
834 5332 1034 5402 impetu
1061 5345 1251 5402 pinnas
1275 5330 1344 5386 de
1368 5330 1498 5386 solis
1533 5329 1676 5385 chri-

115 5420 306 5492 stianis,
347 5441 445 5482 eos
474 5425 918 5496 aspernantibus,
949 5425 1128 5480 divina
1173 5439 1269 5480 sua
1309 5422 1544 5494 potentia
1582 5439 1673 5479 su-

117 5525 258 5583 mere,
286 5533 462 5589 neque
492 5534 613 5576 sese
655 5517 950 5575 ulciscendi
986 5515 1131 5574 vices
1161 5516 1388 5571 infirmis
1430 5515 1676 5570 commit-

118 5611 212 5661 tere
256 5609 594 5668 hominibus?

175 5700 270 5760 Nec
293 5706 539 5778 estquod
581 5708 704 5779 quis
743 5707 966 5778 obiiciat
1010 5706 1112 5764 hoc
1159 5713 1535 5777 argumentum
1579 5718 1676 5773 po-

118 5796 261 5854 tuisse
300 5801 595 5871 retorqueri
623 5801 678 5860 in
716 5800 1046 5860 christianos
1070 5841 1086 5870 ,
1116 5813 1252 5873 quos
1279 5799 1422 5856 Deus
1449 5812 1556 5855 non
1583 5811 1673 5854 so-

1847 3313 2189 3384 Quapropter
2208 3313 2296 3368 vix
2316 3331 2346 3369 a
2376 3329 2437 3370 se
2465 3314 2758 3385 impetrare
2802 3329 2964 3386 posse
2989 3315 3285 3388 signiﬁcat,
3315 3327 3372 3372 ut

1779 3407 1968 3464 credat
1995 3407 2136 3463 hanc
2161 3407 2331 3464 fuisse
2381 3407 2790 3477 prudentiorum
2830 3409 3170 3466 ethnicorum
3201 3409 3378 3466 homi-

1779 3519 1907 3559 num
1937 3503 2246 3573 opinionem
2276 3501 2425 3573 (ifn‘d.
2459 3520 2513 3573 p.
2546 3502 2661 3574 15).
2687 3503 2937 3559 Putidum
2985 3504 3168 3577 itaque
3199 3507 3379 3577 potius

1777 3594 2050 3650 existimat
2071 3610 2195 3651 esse
2223 3593 2566 3650 mendacium
2595 3595 2664 3650 ab
2691 3594 3087 3666 haruspicibus,
3121 3597 3376 3666 fatidicis,

1777 3687 1982 3753 ariolis,
2015 3687 2227 3742 vatibus
2259 3697 2315 3742 et
2363 3687 2611 3743 fanatieis
2641 3686 2764 3743 ideo
2793 3689 3110 3756 confictam,
3143 3706 3211 3747 ne
3238 3699 3378 3747 tem-

1776 3784 1882 3856 plis
1909 3782 2020 3838 suis
2042 3785 2324 3853 sacrisque
2351 3781 2602 3846 desertis,
2636 3783 2805 3852 stipes
2829 3784 3161 3851 amitterent,
3191 3800 3324 3855 quas
3349 3800 3379 3840 a

1775 3877 2175 3933 consultoribus
2206 3876 2318 3930 suis
2346 3875 2431 3931 vel
2461 3875 2584 3930 aliis
2605 3890 2801 3945 cogere
2850 3877 3099 3933 solebant
3130 3877 3378 3950 (Arnob.,

1776 3970 1865 4026 lib.
1889 3985 1928 4034 ι,
1959 3986 2078 4040 pag.
2111 3967 2223 4039 15).
2247 3968 2412 4022 Minui
2446 3968 2591 4022 enim
2621 3978 2924 4038 cmperant,
2952 3977 3009 4026 et
3052 3986 3083 4024 a
3131 3971 3382 4040 paucissi-

1776 4063 1878 4117 mis
1903 4061 2195 4134 gentilibus
2224 4059 2609 4132 erogabantur,
2643 4068 2927 4131 postquam
2974 4060 3027 4115 in
3056 4061 3380 4118 immensum

1773 4157 1948 4212 crevit
1970 4155 2690 4212 christianorumnumerus.
2717 4154 2792 4210 De
2814 4153 2918 4208 hoc
2947 4165 3127 4209 autem
3145 4155 3383 4211 maximo

1773 4267 1873 4308 suo
1900 4250 2100 4306 damno
2129 4247 2606 4320 conquerebantur
2640 4248 2692 4302 in
2732 4246 2924 4320 primis
2950 4245 3198 4313 lenones,
3226 4246 3383 4302 sicuti

1774 4343 2237 4401 aitTertullianus
2261 4341 2529 4414 (Tertulf.,
2561 4341 2781 4413 Apolog.
2803 4356 2922 4411 cap.
2946 4338 3061 4410 45),
3090 4339 3380 4411 aquarioli,

1776 4437 2150 4509 perductores,
2205 4436 2408 4501 sicarii,
2466 4433 2767 4500 venenarii,
2820 4433 2983 4504 magi,
3042 4432 3379 4504 haruspices,

1775 4529 1952 4596 arioli,
1988 4527 2378 4592 mathematici,
2407 4526 2478 4582 de
2520 4526 2716 4598 quibus
2768 4540 2868 4580 suo
2915 4526 3038 4582 loco
3077 4525 3385 4596 disputabi-

1777 4640 1916 4680 mus.
1943 4623 2114 4680 Nemo
2139 4634 2319 4679 autem
2361 4621 2680 4677 diffitebitur
2704 4619 2955 4676 ethnicos
3005 4618 3268 4689 majorem
3299 4619 3384 4676 his

1775 4715 2166 4789 posterioribus
2194 4716 2450 4773 habuisse
2498 4715 2684 4779 fidem,
2715 4714 2803 4783 qui
2852 4712 3150 4784 praadicare
3179 4713 3379 4779 futura,

1776 4826 1868 4870 aut
1895 4829 2156 4885 responsa
2179 4812 2404 4867 deorum
2430 4825 2493 4867 se
2513 4809 2643 4866 dare
2658 4807 3001 4880 iactitabant.
3017 4806 3380 4877 Quamobrem

1775 4909 1881 4964 illis
1930 4909 2086 4964 facile
2139 4905 2436 4963 credebant
2509 4903 2897 4960 mentientibus
2939 4902 3199 4958 mundum
3259 4901 3383 4959 ideo

1774 5001 2022 5056 maximis
2047 4998 2278 5069 opprimi
2304 4997 2719 5062 calamitatibus,
2747 4996 2870 5068 quia
2900 4995 3180 5052 chriSIiani
3202 4998 3375 5062 novis,

1774 5092 1932 5149 sicuti
1988 5091 2359 5157 venditabant,
2410 5105 2522 5145 suae
2573 5089 2852 5160 religionis
2905 5089 3380 5160 superstitionibus

1776 5188 1910 5242 iram
1932 5186 2342 5244 concitaverunt
2361 5183 2612 5240 deorum.

1849 5304 2018 5360 Porro
2039 5310 2221 5358 autem
2249 5301 2404 5368 satis,
2423 5301 2500 5356 uti
2531 5308 2805 5372 putamus,
2835 5313 2903 5354 ex
2933 5296 3195 5354 hactenus
3223 5293 3382 5350 dictis

1776 5396 1996 5451 cuilibet
2017 5392 2358 5449 manifestum
2389 5406 2511 5448 esse
2531 5391 2695 5446 debet
2724 5389 3010 5461 impudens
3037 5388 3171 5443 illud
3203 5386 3381 5443 ethni-

1778 5503 1964 5543 corum
1996 5485 2360 5551 mendacium,
2394 5483 2573 5540 etalia
2604 5482 2673 5538 ab
2720 5482 2788 5536 iis
2830 5481 3091 5536 adversus
3124 5478 3381 5534 cbristia-L

1778 5597 1901 5637 nam
1934 5580 2252 5652 religionem
2284 5576 2520 5647 objecta,
2551 5575 2618 5632 ab
2643 5572 2885 5630 Arnobio
2916 5571 3156 5628 funditus
3185 5570 3380 5638 everti,

1781 5687 1839 5734 et
1865 5675 2235 5732 invictissimis
2263 5672 2534 5728 rationum
2563 5667 2854 5724 momentis
2897 5664 3259 5722 demonstrari
3288 5679 3382 5718 so-

1778 5770 1887 5829 lant
1921 5770 2059 5826 hanc
2083 5766 2502 5826 christianorum
2532 5761 2850 5835 religionem
2885 5774 3008 5818 esse
3027 5773 3232 5816 veram.
3250 5758 3383 5829 Quae
