3904 6326
559 222 657 289 tsi
1850 216 2310 299 uesaniam
2346 222 2626 300 ranam
3697 254 3780 312 ne

554 356 736 405 autem
764 347 907 405 illius
931 348 1276 415 documenta,
1302 360 1357 406 et
1379 350 1651 420 quomodo
1671 351 1739 408 ab
1759 366 1826 409 eo
1856 353 2071 422 tradita,
2095 370 2158 411 ac
2183 370 2236 429 Α
2262 373 2400 423 rum,
2440 369 2494 415 et
2534 358 2689 430 quasi
2736 372 2838 414 nos
2884 367 3107 429 cernat,
3154 359 3342 417 faciem
3383 361 3693 424 sublevamus
3728 372 3782 427 ad

554 454 889 514 propugnata
907 442 1124 510 iuerint,
1148 440 1258 513 jam
1283 442 1580 498 videmnus.

2255 452 2450 506 etelum
2482 470 2500 503 ι
2538 450 2779 520 (Amob.,
2821 452 2914 508 lib.
2962 468 3024 514 ιι,
3072 469 3195 525 pag.
3221 455 3335 526 45).
3382 456 3540 524 Quam
3571 476 3706 530 porro
3743 467 3782 522 id

1456 598 1517 629 Ἣ
2255 561 2442 601 verum
2468 545 2557 610 sit,
2592 558 2643 601 te
2672 545 2888 602 docebit
2910 546 3022 617 jam
3045 547 3243 603 citatus
3272 564 3299 603 a
3329 551 3478 605 nobis
3495 550 3685 625 Cicero,
3711 561 3785 629 qui

1158 598 1387 655 CAPUT
1429 598 1541 656 VII.
2008 662 2015 667 η
2254 598 2447 694 alicubi
2470 598 3688 711 tanta:'.‘6.;..;;.";..;saginas};
3712 598 3786 707 ἶιῖί

556 734 935 801 Examinanlur
970 746 1167 791 asserta
1201 737 1264 790 ab
1302 737 1527 791 Arnobio
1552 736 1847 792 christiana!
1892 736 2153 808 religionis
2252 734 2434 789 vinam
2466 735 2819 791 arbitrantur.
2849 735 2959 792 Nec
2986 751 3117 791 vero
3144 736 3196 791 id
3222 738 3508 794 collocutio
3533 741 3785 813 hominum,

910 831 1213 903 documenta
1241 848 1302 885 ac
1328 833 1548 902 primum
1571 832 1635 887 de
1664 830 1790 888 Deo.
2255 838 2347 881 aut
2390 842 2690 883 consensus
2717 827 2900 892 efﬁcit,
2934 843 3041 883 non
3076 827 3335 887 institutis
3376 832 3551 902 opinio
3588 844 3661 891 est
3687 851 3791 891 con-

2256 919 2496 985 firmata,
2549 937 2654 975 non
2698 920 2929 989 legibus.
2959 921 3119 976 Omni
3142 933 3321 979 autem
3355 924 3405 978 in
3450 940 3509 980 re
3544 929 3786 985 consensio

2255 1013 2497 1068 omnium
2549 1014 2787 1083 gentium
2818 1014 2902 1069 lex
2937 1024 3144 1070 natura:
3181 1015 3413 1086 putanda
3456 1028 3536 1073 est
3568 1037 3587 1072 ι
3620 1019 3789 1094 (Circa,

550 1104 1010 1183 Quibusrat‘ionutn
1039 1101 1772 1183 momentisA‘t-nobiusgDeum
2256 1105 2387 1162 tib.t
2425 1104 2665 1174 Tuacul.,
2701 1124 2819 1179 pag.
2856 1106 2977 1173 H9,
3016 1107 3107 1162 lin.
3142 1109 3336 1177 penult.
3365 1121 3411 1165 et
3436 1127 3587 1183 seqq.,
3627 1123 3665 1168 et
3702 1116 3794 1183 lib.,

609 1175 870 1224 monstret.
896 1168 1076 1230 quidve
1096 1168 1323 1219 statuerit
1345 1168 1411 1217 de
1428 1166 1562 1219 illius
1584 1174 1779 1227 natura,
1796 1174 1848 1217 et
1868 1180 2016 1229 quam
2038 1179 2156 1229 per-
2257 1214 2291 1230 __
2319 1201 2382 1230 Α,
2411 1198 2559 1230 ,Μη-
2636 1166 2738 1230 _'_,_'_
2768 1166 2890 1230 ’,ωε
2948 1166 3017 1230 ,ξ-
3070 1166 3165 1230 00',
3234 1201 3415 1230 “MM
3461 1166 3596 1230 ,λ’-,ξ
3635 1166 3794 1230 4;"
3868 1190 3869 1215 :

611 1198 2021 1300 ξ’,ῖῑτδξῗξλέξιυτζῖεῑιζῖῖιῖξδξῖςῖεῖςςςτοέξξηεῖέιῑιητξδξ
2033 1198 2157 1300 fit};
2257 1214 2293 1254 ιι
2318 1198 2756 1300 detegit.”
2786 1200 2915 1300 525.
2940 1201 3038 1300 te».
3070 1201 3189 1300 sa.
3233 1201 3417 1300 usque
3451 1204 3509 1300 Δεει
3537 1205 3599 1261 ab
3615 1220 3689 1300 to
3712 1208 3790 1262 ειη-
3868 1212 3869 1257 ;

610 1290 860 1367 innuerim
874 1293 1098 1355 quaedam
1114 1292 1222 1353 ejus
1238 1290 1497 1355 responsio
1515 1306 1543 1341 ει
1564 1291 1855 1355 quibusdam
1878 1290 2156 1353 reprehen-
2254 1293 2554 1365 prudenter
2589 1294 2792 1350 dictum
2838 1294 3137 1362 arbitreris,
3169 1295 3315 1366 quod
3346 1295 3414 1351 ab
3450 1296 3561 1367 ipso
3583 1298 3692 1353 alibi
3720 1315 3788 1355 rc-

609 1354 772 1408 datur.
893 1354 903 1355 7
1592 1354 1595 1355 ν
2256 1354 2484 1458 petitum
2506 1390 2770 1445 invenies.
2803 1354 3661 1457 Quamobrem-Arnobius'alicubl
3682 1354 3789 1447 haud

547 1488 555 1529 ’-
619 1483 858 1539 Primum
892 1483 1246 1553 proculdubio
1276 1498 1340 1539 ac
1371 1484 1727 1555 praecipuum,
1761 1497 1869 1554 quo
1898 1481 2155 1538 fundatur
2256 1478 2567 1539 dubitanter
2594 1491 2872 1539 asseverat
2903 1497 3028 1538 eum
3058 1497 3181 1539 esse
3231 1494 3495 1540 amentem
3517 1526 3532 1552 ,
3572 1499 3629 1539 ac
3663 1487 3792 1541 stulte

548 1585 657 1631 tota
686 1577 1131 1645 cbristianorum,
1182 1587 1238 1634 et
1281 1577 1562 1648 gentilium
1591 1576 1784 1647 religio
1823 1575 2148 1641 destruitur,
2255 1576 2623 1647 deSperatum,
2651 1576 2741 1647 qui
2768 1576 2938 1633 Deum
2963 1576 3227 1633 exsistere
3250 1576 3485 1648 ambigat
3512 1593 3526 1632 :
3555 1576 3673 1633 satis
3693 1592 3790 1633 vero

545 1670 925 1727 documentum
975 1681 1097 1739 est,
1159 1688 1321 1727 unum
1382 1672 1659 1726 dumtaxat
1720 1670 2151 1740 omnipotentem
2256 1686 2379 1726 esse
2421 1670 2646 1735 homini,
2679 1679 2736 1728 et
2760 1670 2805 1726 si
2835 1670 2939 1725 alia
2987 1670 3198 1742 ignoret
3237 1671 3392 1727 illum
3441 1680 3793 1742 agnoscerc,ct

550 1763 721 1819 Deum
775 1766 1060 1821 exsistere.
1105 1766 1377 1821 Arnobius
1407 1775 1587 1820 autem
1642 1764 1696 1819 id
1744 1764 2151 1821 cvidentissime
2180 1777 2228 1838 Β
2257 1768 2397 1823 hanc
2440 1782 2705 1822 summam
2756 1781 2878 1823 esse
2905 1767 3184 1823 scientiam
3219 1785 3233 1820 :
3271 1786 3293 1818 ι
3336 1766 3514 1823 Rebus
3537 1810 3552 1833 ,
3589 1787 3609 1819 ι
3639 1766 3791 1838 inquit,

543 1857 881 1914 demonstrat
914 1875 981 1919 ex
1014 1861 1182 1929 ipsius
1206 1859 1490 1915 ell'ectibus
1518 1860 1762 1928 (Arnob.,
1796 1860 1889 1916 lib.
1916 1876 1954 1923 ι,
1978 1860 2148 1931 p.16,
2261 1878 2281 1912 ι
2318 1876 2386 1915 ex
2406 1859 2680 1924 omnibus,
2713 1876 2834 1930 quae
2879 1867 3118 1931 augustae
3158 1860 3401 1915 continet
3425 1859 3692 1915 divinitatis
3716 1858 3793 1915 ob-
3868 1884 3869 1889 π

545 1952 707 2005 etlib.
739 1968 800 2020 ιι,
857 1970 979 2025 pag.
1027 1953 1141 2023 ὦ),
1196 1954 1377 2008 innata
1428 1954 1636 2009 cunctis
1681 1952 1991 2008 hominibus
2032 1953 2153 2023 ejus
2254 1954 2505 2022 scuritas,
2547 1954 2721 2009 solum
2759 1955 2928 2009 Deum
2954 1968 3076 2010 esse
3116 1954 3467 2011 indubitalem
3491 1998 3504 2022 ,
3538 1954 3690 2010 solum
3721 1968 3792 2009 ve-

540 2045 684 2108 idea,
717 2057 773 2105 et
806 2047 1104 2117 agnitione,
1153 2063 1218 2107 ac
1267 2046 1454 2101 intima
1504 2046 1745 2101 omnium
1793 2047 2148 2107 conscientia.
2254 2062 2398 2113 rum,
2428 2056 2484 2103 et
2512 2047 2580 2103 de
2599 2063 2707 2117 quo
2737 2049 2917 2105 nullus
2950 2049 3225 2121 ambigere
3256 2049 3362 2105 nisi
3390 2062 3571 2105 amens
3596 2047 3736 2118 possit
3754 2056 3795 2101 et
3868 2066 3869 2069 η

538 2136 888 2209 Singulorum
916 2139 1060 2195 enim
1091 2140 1290 2194 animis
1327 2139 1466 2195 adeo
1495 2139 1677 2204 insita,
1710 2139 1799 2195 vel
1854 2139 2036 2209 potius
2063 2138 2150 2192 in-
2252 2139 2649 2211 desperationis
2695 2143 2918 2210 insanae,
2962 2158 3121 2214 quem
3163 2145 3296 2201 satis
3333 2144 3404 2201 sit
3433 2145 3600 2209 scire,
3625 2140 3795 2198 utnihil

540 2240 667 2285 nata
690 2239 778 2287 est
803 2248 867 2288 ea
897 2235 1067 2296 notio,
1100 2243 1158 2286 ut
1184 2232 1343 2288 facile
1374 2243 1674 2304 agnoscant
1699 2247 1760 2287 se
1806 2247 1836 2286 a
1876 2234 1988 2287 [leo
2019 2246 2151 2287 vero
2254 2235 2397 2289 aliud
2430 2234 2668 2299 noveris,
2700 2237 2884 2308 sisque
2925 2253 3107 2294 veram
3148 2249 3205 2294 et
3230 2240 3519 2294 maximam
3562 2237 3789 2293 scientiam
3868 2234 3869 2295 ἶ

538 2326 819 2393 accepisse
865 2340 975 2385 non
1023 2326 1197 2379 solum
1236 2325 1382 2395 quod
1433 2324 1540 2380 siut
1582 2324 1849 2391 homines,
1905 2323 2052 2394 quod
2083 2324 2154 2379 vi-
2254 2329 2665 2393 consecutus,in
2683 2331 3566 2404 Deorerumcapitectcognitione
3591 2331 3790 2388 defixus!

544 2432 672 2486 vant
695 2461 712 2485 ,
769 2421 983 2491 spirent
1005 2464 1019 2485 ,
1074 2430 1415 2487 moveantur,
1465 2420 1561 2476 sed
1609 2420 1753 2491 quod
1800 2428 1944 2476 totus
1987 2420 2150 2477 etiam
2254 2421 2359 2477 Sed
2386 2420 2504 2477 haec
2530 2422 2783 2491 superius
2810 2439 2838 2476 a
2870 2422 3032 2479 nobis
3060 2423 3283 2495 probata
3304 2467 3321 2492 ,
3359 2440 3499 2480 nunc
3530 2422 3680 2479 fusius
3698 2435 3795 2493 pro.

542 2517 798 2585 muudus,
825 2517 932 2584 sol,
966 2518 1118 2582 luna,
1161 2517 1454 2581 elementa,
1488 2527 1656 2579 terra,
1689 2525 1994 2586 eademque
2036 2530 2154 2573 om-
2252 2513 2403 2584 scqui
2432 2527 2655 2569 necesse
2683 2529 2790 2570 non
2834 2515 3048 2570 videtur
3089 2516 3334 2588 (Arnob.,
3384 2515 3472 2570 lib.
3502 2531 3558 2581 ιι,
3598 2530 3703 2587 pag.
3726 2512 3793 2578 86,

544 2614 631 2668 nia
656 2614 726 2669 ab
756 2615 846 2668 illo
872 2623 1056 2669 creata
1085 2614 1211 2671 sint.
1255 2613 1480 2683 ejusque
1514 2612 1853 2683 providentia
1897 2621 2152 2683 regantur
2253 2618 2377 2661 (om.
2411 2624 2426 2661 I
2471 2606 2752 2678 Apparat.,
2796 2624 2917 2679 pag.
2944 2607 3086 2676 688,
3129 2618 3180 2665 et
3220 2609 3578 2676 diaserlal.,r‘n
3615 2608 3794 2674 lium,

541 2718 595 2761 et
615 2708 1082 2763 administrentur.
1133 2707 1189 2762 lu
1241 2708 1400 2777 hujus
1446 2722 1575 2762 vero
1605 2707 1907 2777 argumenti
1949 2706 2152 2762 conﬁr-
2250 2715 2369 2772 ϐαρ.
2403 2701 2584 2767 3,0".
2615 2702 2695 2771 5).

536 2802 836 2857 matinuetn
863 2801 1002 2857 scite
1028 2801 1325 2872 subjungit,
1363 2800 1467 2856 hoc
1510 2801 1640 2856 nulli
1667 2817 1736 2857 ex
1764 2799 2152 2857 commentitiis
2322 2795 2392 2850 At
2421 2794 2572 2851 vides
2596 2805 2743 2851 certe
2763 2812 2923 2867 quam
2952 2797 3231 2868 perspicue
3255 2794 3399 2854 Deus
3420 2798 3492 2855 ibi
3517 2797 3584 2854 ab
3602 2792 3794 2852 Arnobio

537 2894 817 2963 gentilium
843 2894 946 2948 diis
976 2908 1136 2964 posse
1176 2894 1418 2949 attribui.
1443 2893 1579 2948 Nam
1619 2895 1798 2949 cuncti
1840 2895 1939 2948 hos
1957 2907 2149 2947 omnes
2249 2888 2460 2945 dicatur
2500 2905 2681 2947 rerum
2710 2891 2948 2946 omnium
2976 2899 3156 2962 caput,
3186 2891 3342 2948 solus
3371 2906 3528 2947 verus
3552 2889 3679 2946 Deus
3704 2885 3795 2960 (Ar-

1081 979 1381 1033 auricuws
1405 980 1614 1023 pullus.

540 2986 700 3051 deos,
731 2988 889 3046 sicuti
916 2996 974 3042 et
994 2987 1255 3043 mundum
1278 2995 1431 3043 certe
1455 2986 1691 3057 quodam
1721 2997 1968 3059 tempore
1995 2994 2148 3041 ortos
2249 2982 2395 3049 nob.,
2438 2982 2529 3040 lib.
2564 3000 2601 3052 ι,
2645 3002 2767 3057 pag.
2801 2985 2916 3059 13).
2950 2985 3093 3040 Alibi
3128 3000 3262 3042 vero
3310 3000 3419 3041 non
3448 2986 3615 3040 minus
3638 2983 3795 3037 diserte

538 3095 664 3136 esse
684 3079 1099 3151 proﬁtebantur.
2248 3077 2317 3131 ab
2357 3077 2451 3133 illo
2490 3078 2793 3150 appellatur
2833 3079 3134 3159 ingenitus,
3180 3080 3537 3147 immortalis,
3586 3074 3794 3139 internus,

613 3172 842 3227 Tantum
869 3187 1050 3229 autem
1081 3173 1132 3228 in
1163 3172 1264 3228 hac
1284 3172 1755 3243 argumentatione
1778 3170 2011 3236 roboris,
2034 3172 2144 3229 evi-
2173 3174 2219 3238 ρ
2251 3170 2622 3242 incorporeus,
2672 3174 2946 3245 qualitatis
2994 3184 3048 3230 et
3075 3175 3395 3245 quantitatis
3438 3186 3640 3246 expers,
3666 3168 3792 3224 incir-

538 3265 760 3332 dentite,
792 3275 848 3327 et
876 3266 1282 3338 perspicuitatis
1307 3281 1430 3327 esse
1455 3277 1675 3331 censet;
1734 3275 1793 3322 ut
1841 3266 2086 3336 quamvis
2111 3281 2142 3319 a
2246 3267 2608 3337 cumscriptus
2630 3309 2646 3333 ,
2678 3269 2999 3341 immensus,
3042 3270 3158 3326 sine
3185 3269 3315 3333 situ,
3358 3279 3529 3335 motu,
3555 3278 3606 3324 et
3631 3264 3791 3326 habitu,
3868 3264 3869 3339 ι

538 3362 753 3421 cunctis
771 3361 1080 3425 hominibus
1111 3363 1392 3430 ignoretur
1421 3362 1562 3432 quis,
1583 3360 1779 3429 nimiis.
1801 3368 2144 3431 quantusque
2247 3360 2486 3413 omnium
2517 3344 2697 3416 rerum
2725 3362 2876 3418 locus
2900 3372 2956 3418 et
2985 3363 3240 3433 spatium,
3288 3363 3460 3434 prima
3496 3376 3666 3427 causa,
3704 3358 3792 3411 fons

536 3454 608 3511 sit
638 3455 814 3520 Deus;
860 3451 919 3515 in
966 3453 1187 3513 dubium
1236 3464 1440 3521 tamen,
1473 3469 1541 3519 an
1588 3453 1683 3508 ille
1727 3453 1819 3519 sit,
1863 3468 1892 3506 a
1927 3452 2143 3511 nemine
2245 3468 2449 3520 rerum,
2478 3466 2626 3510 sator
2650 3457 2976 3512 saeculorum
3003 3473 3068 3513 ac
3100 3466 3430 3528 temporum,
3474 3469 3636 3529 pater,
3662 3450 3796 3510 domi-

536 3564 685 3609 sana:
710 3551 908 3615 mentis
934 3548 1155 3607 homine
1177 3550 1358 3607 vocari
1376 3548 1563 3619 possit.
1586 3547 1705 3605 lam
1735 3562 1887 3612 vero,
1910 3547 1966 3607 in
1981 3562 2143 3617 supe-
2246 3560 2367 3608 nus,
2397 3556 2610 3602 creator
2639 3548 2902 3614 omnium,
2947 3560 2998 3605 et
3033 3550 3402 3619 omnipotens.
3451 3550 3538 3621 qui
3562 3548 3625 3603 ab
3661 3541 3793 3600 bomi-
3868 3541 3869 3621 1

536 3643 665 3699 riori
700 3652 883 3699 nostra
912 3643 979 3699 de
1029 3644 1243 3699 Minucii
1274 3643 1471 3726 Felicis
1499 3642 1727 3699 Octavio
1757 3642 2141 3705 dissertatione
2245 3640 2403 3695 nibus
2434 3655 2534 3696 nec
2574 3642 2741 3696 videri
2766 3651 2943 3712 p0test
2972 3658 3073 3699 nec
3097 3644 3359 3713 explicari
3392 3642 3577 3718 (ιδιά,
3603 3656 3708 3713 pag.
3727 3636 3791 3726 Π,

541 3737 681 3808 (cap.
714 3738 769 3802 3,
802 3747 903 3795 art.
929 3738 1008 3808 5),
1031 3737 1372 3797 OSIettdimtts
1393 3724 1500 3793 non
1525 3738 1689 3799 modo
1710 3736 1886 3805 illum,
1912 3737 2008 3797 sed
2027 3736 2083 3808 Β]

2329 3748 2343 3797 ;
2374 3735 2464 3788 lib.
2492 3749 2547 3799 ιι,
2580 3751 2703 3805 pag.
2730 3734 2823 3800 ts,
2850 3734 2943 3800 61,
2964 3734 3058 3802 τι,
3081 3734 3170 3801 75,
3194 3735 3294 3799 95;
3320 3736 3415 3792 lib.
3444 3751 3523 3803 ιιι,
3548 3724 3794 3805 1:09.101);

535 3832 783 3901 prianttttt
835 3833 1020 3897 etiam,
1080 3828 1509 3895 Tertullianum,
1558 3829 1921 3895 Lactantittm,
1974 3830 2141 3889 immo
2240 3826 2374 3897 Quis
2417 3839 2632 3896 autem,
2688 3829 2845 3884 nobis
2889 3828 3222 3893 tacentibus,
3263 3830 3394 3885 inde
3448 3844 3556 3885 non
3600 3820 3795 3901 agnoscit

533 3921 806 3981 ethnicum
851 3938 1064 3993 quoque
1121 3922 1437 3985 Ciceronem
1500 3923 1691 3979 eadem
1746 3924 1957 3983 ratione
2026 3934 2135 3979 tam
2242 3934 2400 3991 quam
2447 3928 2595 3975 recte
2616 3920 2710 3977 ille
2736 3920 2966 3976 divinam
2998 3914 3349 3991 explicave’rit
3377 3930 3792 3989 naturam.quatt-

531 4025 683 4077 certo
702 4059 720 4084 ,
752 4031 913 4087 quam
938 4015 1219 4075 evidenter
1243 4016 1650 4087 demonstrasse
1681 4033 1847 4077 unum
1877 4018 2143 4077 danunt
2241 4019 2403 4084 taque
2431 4013 2728 4086 diligentia,
2761 4024 2817 4071 et
2846 4023 3048 4087 quanto
3075 4015 3256 4071 studio
3278 4016 3462 4072 omnia
3483 4014 3613 4081 fere,
3639 4019 3689 4067 et
3709 4006 3793 4065 siu-

530 4125 654 4169 esse
675 4110 866 4176 Deum,
886 4109 1042 4180 cuius
1065 4108 1272 4169 munita
1298 4119 1564 4179 potestate
1582 4111 1761 4169 omnia
1784 4121 1967 4173 creata
1989 4120 2136 4179 sunt,
2240 4106 2364 4176 gula
2396 4107 2488 4162 Dei
2511 4107 2764 4162 attributa
2790 4106 3113 4163 recenseat?

533 4218 597 4259 ac
622 4203 959 4273 providentia
988 4203 1223 4263 mirabili
1253 4203 1642 4272 gubernantur.
1670 4207 1739 4267 At
1767 4205 1836 4261 de
1856 4204 2140 4271 Lactantio
2316 4202 2390 4257 De
2418 4200 2482 4257 iis
2516 4215 2676 4271 porro
2701 4202 2824 4271 quia
2850 4201 2978 4257 alibi
3006 4201 3146 4257 haud
3193 4202 3371 4260 semel
3426 4197 3792 4272 disputavimus.

532 4308 589 4354 et
613 4298 954 4361 Tertulliauo
980 4299 1186 4370 aliquid
1217 4297 1397 4357 adhuc
1426 4297 1566 4355 infra
1613 4298 1924 4359 dicendum.
1955 4300 2138 4368 l’rzep-
2241 4292 2468 4350 sufﬁciat
2495 4295 2732 4348 animum
2761 4293 2827 4348 ad
2856 4292 2987 4349 illud
3018 4295 3244 4350 rationis
3284 4303 3614 4352 momentum
3642 4290 3791 4345 adven
3868 4290 3869 4370 ᾖ

537 4401 682 4453 terea
711 4394 986 4455 Arnobius
1022 4392 1220 4453 διίεώό
1269 4392 1412 4451 haud
1441 4392 1758 4453 dubitanter
1804 4392 2135 4461 pronuntiat,
2241 4398 2377 4456 tere,
2425 4402 2534 4458 quo
2559 4387 2765 4442 Auctor
2810 4399 2996 4444 noster
3035 4389 3360 4446 catholicam
3411 4390 3479 4446 de
3524 4388 3792 4458 incorporea
3868 4378 3869 4423 ἶ

533 4484 675 4554 quod
703 4485 751 4543 si
790 4485 907 4545 ﬁeri
952 4495 1155 4555 posset,
1189 4494 1247 4541 ut
1297 4484 1593 4547 animantia
1661 4483 1900 4554 ipsaeque
1947 4497 2139 4552 sensus
2198 4546 2203 4551 ἱ
2240 4480 2357 4535 sive
2391 4479 2654 4548 spirituali
2696 4479 2791 4534 Dei
2823 4491 3011 4536 natura
3042 4483 3370 4537 sententiam
3409 4490 3586 4538 tuetur
3618 4493 3673 4534 ac
3697 4488 3790 4546 pro-
3868 4508 3869 4511 η

528 4588 783 4648 expertes
807 4589 1065 4636 creaturae
1114 4579 1401 4650 quemdam
1432 4578 1661 4639 ederent
1703 4579 1852 4637 vocis
1877 4578 2134 4645 sonitum,
2163 4575 2219 4636 1)
2247 4579 2487 4642 pugnat:
2523 4590 2543 4624 ι
2573 4572 2824 4635 Nostra.»
2848 4574 3019 4643 inquit
3043 4572 3287 4646 (Arnob.,
3319 4574 3518 4639 (iniu.
3543 4587 3654 4643 pag.
3676 4562 3790 4633 107).
3868 4624 3869 4631 η

533 4679 645 4727 tum
676 4670 820 4727 illico
838 4672 1091 4741 magistra
1118 4687 1183 4727 ac
1207 4671 1345 4735 duce
1384 4679 1576 4727 natura
1617 4685 1784 4731 unum
1814 4670 2004 4735 Deum,
2048 4684 2140 4729 so-
2244 4682 2265 4716 ι
2299 4663 2367 4717 de
2398 4663 2502 4718 hoc
2530 4664 2795 4720 sententia
2834 4664 2958 4719 talis
2988 4675 3093 4720 est.
3139 4665 3405 4721 Naturam
3443 4677 3648 4720 omnem
3681 4654 3788 4714 divi-
3868 4678 3869 4729 ξ

530 4762 750 4832 lumque
777 4779 957 4823 rerum
997 4766 1236 4819 omnium
1288 4775 1590 4823 creatorem
1623 4762 1885 4821 exsistere
1937 4761 2139 4821 clama-
2238 4770 2384 4823 nam.
2416 4771 2537 4827 quae
2560 4771 2735 4828 neque
2754 4770 2878 4811 ϐεδε
2904 4757 3132 4827 (imperil
3158 4759 3475 4829 aliquandi»,
3501 4772 3596 4814 nec
3614 4750 3790 4809 νὶιθιοω

530 4863 656 4920 rent
688 4855 926 4926 (Arnob..
961 4858 1051 4912 lib.
1081 4873 1122 4924 1,
1146 4873 1268 4928 pag.
1300 4856 1411 4925 l8).
1440 4855 1577 4923 Quin
1604 4856 1767 4919 etiam
1796 4853 1843 4909 si
1872 4854 2135 4911 Clementi
2238 4850 2305 4906 ad
2334 4851 2623 4907 terminum
2655 4852 2727 4905 sit
2754 4850 3045 4921 aliquando
3076 4862 3302 4907 ventura
3327 4895 3343 4919 ,
3379 4848 3698 4907 lineamentis
3721 4855 3791 4897 ω’
3868 4906 3869 4915 χ

530 4947 898 5009 Alexandrino
941 4949 1252 5015 credamus,
1305 4949 1642 5013 Xenocrates
1671 4957 1727 5009 et
1771 4945 2130 5018 Democritus,
2238 4960 2363 5000 rere
2386 4944 2701 5017 corporeis,
2735 4959 2911 5015 neque
2933 4945 3070 5000 ullas
3097 4944 3398 5001 formarum
3436 4944 3631 5016 efﬁgies
3656 4933 3792 5011 pOSSi'

529 5042 983 5117 quemadmodum
1010 5042 1139 5103 alibi
1175 5057 1204 5096 a
1234 5042 1394 5103 nobis
1419 5041 1765 5107 observatum
1797 5049 1900 5107 est,
1933 5039 2133 5109 doctae-
2235 5036 2388 5104 dere,
2408 5036 2603 5107 quibus
2618 5038 2826 5092 extima
2853 5038 3289 5110 circumscriptio
3316 5038 3666 5095 membrorum
3684 5028 3792 5087 solet

531 5145 661 5191 runt
682 5150 804 5191 esse
831 5135 1067 5205 aliquam
1096 5137 1149 5188 in
1180 5134 1344 5195 mutis
1368 5133 1732 5199 animantibus
1762 5132 1857 5189 Dei
1885 5133 2131 5201 notitiam
2234 5141 2552 5201 coagmenta
2600 5130 2777 5187 linire.
2810 5132 3083 5203 Quidquid
3128 5135 3273 5190 enim
3307 5134 3419 5190 tale
3467 5142 3577 5198 est,
3607 5121 3791 5186 mortale

528 5246 594 5287 ac
618 5230 982 5303 cognitionem
1018 5227 1191 5293 (Tom.
1226 5244 1260 5287 ιι
1287 5228 1569 5303 Αρρμταεη
1601 5228 1691 5297 tib.
1723 5243 1800 5295 tu,
1840 5228 2042 5299 dissert.
2073 5227 2129 5294 ‘2,
2236 5238 2359 5280 esse
2386 5224 2730 5290 arbitramur,
2762 5232 2818 5281 et
2844 5227 3040 5294 labile;
3090 5242 3189 5283 nec
3235 5226 3487 5284 obtinere
3523 5226 3789 5297 ρθηκῑιιδω

528 5339 647 5396 cap.
677 5322 731 5390 6,
761 5331 863 5385 art.
886 5323 938 5389 l,
968 5339 1093 5394 pag.
1119 5320 1272 5392 848).
2236 5315 2511 5373 credimus
2538 5319 2832 5381 :evitatem,
2863 5318 3007 5389 quod
3030 5321 3293 5376 extremis
3320 5318 3611 5376 coercitum
3631 5307 3790 5368 ﬁnibus

601 5416 823 5473 Cunctis
851 5424 1033 5481 autem
1064 5415 1374 5479 hominibus
1402 5414 1513 5481 illa,
1538 5416 1617 5471 ait
1635 5415 1925 5483 Arnobius,
1952 5415 2023 5477 ita
2052 5415 2135 5473 in-
2238 5412 2543 5466 necessaria
2572 5410 2952 5467 circumcludit
2986 5415 3325 5469 extremitas.
3366 5432 3389 5466 ι
3418 5410 3558 5469 Nihil
3594 5403 3790 5498 ρωῖθξίίξ

530 5517 655 5579 nata
686 5519 789 5578 est,
822 5520 881 5575 ut
910 5522 1101 5567 omnes
1125 5508 1444 5577 naturaliter
1472 5509 1642 5575 Deum
1672 5509 1945 5576 invocent,
1977 5523 2132 5567 eum-
2238 5519 2301 5559 ca
2328 5504 2740 5560 ratiocinatione
2786 5504 2852 5560 ad
2898 5505 3281 5562 stabiliendum
3325 5507 3681 5576 incorporeas!
3712 5493 3787 5550 Dei

531 5616 637 5670 que
660 5608 854 5663 testem
885 5600 1259 5667 constituant:
1292 5617 1312 5657 ι
1345 5599 1517 5670 Quem
1555 5614 1767 5667 omnes,
1801 5599 1995 5670 inquit,
2037 5614 2135 5654 na-
2239 5605 2484 5653 naturam
2526 5597 2734 5652 ﬁrmius
2772 5607 2826 5654 et
2852 5598 3197 5655 loculentius.
3239 5598 3413 5655 Recte
3450 5596 3588 5654 enim
3608 5591 3787 5656 ιιιερω

535 5691 777 5759 turaliter
823 5691 1045 5761 scimus,
1093 5691 1209 5765 sive
1254 5706 1377 5753 cum
1425 5690 1791 5763 exclamamus
1825 5707 1839 5743 :
1882 5689 1927 5745 Ο
1954 5690 2132 5745 Deus!
2240 5701 2390 5748 certo
2415 5700 2471 5747 et
2499 5691 2607 5748 ﬁxo
2635 5694 2807 5762 ponit,
2838 5691 3099 5766 quidquid
3121 5706 3446 5766 corporeum
3470 5698 3570 5756 est,
3594 5684 3671 5741 vel
3689 5692 3787 5736 cor-

535 5782 647 5836 sive
672 5796 796 5837 cum
826 5782 977 5838 illum
1009 5792 1202 5840 testem
1245 5783 1416 5841 Deum
1457 5782 1832 5841 constituimus
1860 5782 2139 5856 improbo-
2242 5784 2390 5855 poris
2437 5783 2780 5841 lineamentis
2815 5800 2880 5841 ac
2919 5773 3089 5843 forma
3133 5784 3500 5857 componitur,
3542 5774 3789 5837 ιιιυιοεεθ
