3904 6326
521 243 626 300 4δὸ
1806 229 2252 293 DISSERTATIO
2287 228 2567 288 PREVIA
3659 244 3742 300 ,εδδ

521 363 619 419 sed
645 362 766 434 quia
800 359 932 416 illud
961 374 991 416 a
1019 356 1273 423 Petavio,
1303 353 1666 413 Thomassiuo
1686 397 1702 423 ,
1741 365 1796 412 et
1821 356 1941 411 aliis
1970 356 2111 410 anli-
2142 363 2194 422 Α
2219 359 2341 417 εει,
2373 367 2434 407 se
2477 349 2855 422 cognoscendo
2884 350 3065 406 omnia
3095 364 3161 407 ac
3206 350 3438 424 singula,
3481 359 3710 424 praeterita
3729 403 3743 427 ,

521 457 757 528 cipatum
787 463 890 522 est,
924 453 993 509 ab
1023 453 1087 508 iis
1119 449 1459 522 proferendis
1489 449 1743 505 duximus
1776 465 1897 503 esse
1926 463 2117 517 super-
2222 444 2508 512 prinsentia
2536 458 2600 498 ac
2625 444 2798 498 futura
2825 444 3124 513 cognoscit.
3149 446 3220 498 At
3243 445 3489 502 inﬁnitam
3511 464 3617 506 esse
3637 451 3747 508 hanc

521 549 819 606 sedendum
864 548 1013 616 (tam.
1039 562 1056 600 ι
1082 547 1356 617 Apparat.,
1375 542 1465 596 tib.
1492 559 1529 606 t,
1565 543 1768 598 dissert.
1796 542 1884 606 10,
1913 557 2031 609 cap.
2063 541 2114 605 1,
2220 535 2585 605 cognitionem
2610 577 2625 604 ,
2657 535 2899 602 nullique
2923 536 3012 590 alii
3040 548 3348 608 competere
3369 580 3381 604 ,
3410 541 3520 604 quis
3549 558 3744 614 negave-

522 643 548 713 §
576 644 630 707 5,
658 651 704 696 et
736 640 826 697 lib.
867 657 945 706 nt,
975 640 1234 694 dissertat.
1268 638 1324 705 2,
1356 654 1475 708 cap.
1503 639 1558 703 6,
1589 647 1693 692 art.
1732 638 1784 702 1,
1817 654 1937 708 pag.
1975 636 2114 700 948;
2221 629 2290 683 rit
2312 629 2335 680 τ’
2355 629 2494 697 Quin
2527 629 2693 684 immo
2715 629 2763 685 ei
2797 630 2876 684 sic
2902 631 3117 701 propria
3143 641 3258 698 est,
3288 641 3345 686 ut
3367 633 3636 690 doctissimi
3655 638 3749 706 qui-

522 735 730 800 Petam,
765 735 852 790 tib.
894 751 911 788 ι
953 733 1204 804 Theolog.
1237 733 1436 805 dogm.,
1477 749 1595 803 cap.
1621 731 1676 798 6,
1718 731 1746 802 §
1779 732 1847 787 10
1873 741 1920 784 ει
1952 747 2113 800 scqq.,
2219 721 2343 776 dam
2377 723 2637 777 Ecclesite
2679 733 2860 794 patres
2899 725 3139 781 divinum
3181 725 3323 782 illius
3346 726 3568 784 Verbum
3590 745 3647 786 ex
3671 731 3751 788 bac

521 846 644 901 pag.
675 829 747 885 45
773 839 820 883 ει
846 826 1036 899 seqq.).
2218 814 2354 886 ipsa,
2388 816 2685 886 procedere
2713 818 3043 874 existiment.
3079 820 3194 888 Qua
3225 820 3432 890 quidem
3457 822 3521 878 de
3543 823 3754 892 opinione

593 924 895 980 Observare
925 933 1105 979 tamen
1137 921 1294 978 nobis
1319 921 1496 977 adhuc
1522 921 1703 985 liceat,
1744 919 1888 992 quod
1919 919 1987 975 ab
2019 921 2117 974 Ar-
2219 906 2356 962 alius
2383 909 2742 981 opportunior
2770 910 3078 967 disserendi
3112 911 3264 968 locus
3292 911 3516 968 dabitur.

523 1019 684 1076 nobio
713 1017 1004 1084 asserilur,
1049 1018 1241 1085 Deum,
1277 1017 1490 1073 tametsi
1523 1016 1673 1070 nullo
1703 1016 1811 1071 ﬁne
1851 1025 1946 1072 aut
1990 1015 2115 1071 loco

520 1115 963 1183 circumscriptus
987 1124 1040 1169 et
1066 1113 1366 1169 immensus
1392 1113 1494 1181 sit,
1523 1112 1765 1167 omnium
1795 1122 1972 1168 tamen
2025 1127 2118 1168 re-
2408 1184 2443 1200 ν
2767 1186 2775 1194 ⁸
2833 1186 2847 1200 _
3065 1187 3078 1200 .
3139 1191 3148 1199 .
3229 1188 3270 1200 ἢ
3314 1191 3322 1200 ,

522 1224 640 1264 rum
671 1217 728 1265 et
757 1209 934 1264 locum
971 1221 1092 1263 esse
1134 1215 1192 1262 et
1219 1207 1454 1277 spatium
1475 1248 1489 1272 ,
1530 1206 1616 1261 his
1651 1205 1877 1276 pulchre
1918 1205 2057 1261 conli

2054 1210 2118 1260 η.-
2408 1184 2577 1234 L'trum
2603 1197 2721 1235 sana
2738 1186 2804 1236 sit
2819 1186 3025 1238 Arnobii
3048 1187 3111 1239 de
3137 1191 3208 1239 ira
3229 1188 3327 1239 Dei
3350 1193 3596 1242 sententia.

523 1304 657 1359 mari
678 1301 1000 1359 Tertulliani
1029 1302 1208 1358 verbis
1233 1320 1246 1357 :
1287 1321 1306 1353 ‹
1337 1301 1435 1356 Est
1464 1301 1605 1356 Deus
1628 1301 1996 1370 omnipotens,
2024 1299 2117 1371 qui
2291 1309 2425 1366 Tota
2451 1313 2678 1369 Arnobii
2716 1313 2784 1369 de
2815 1315 2891 1368 ira
2926 1315 3021 1371 Dei
3060 1316 3358 1388 disputatio
3389 1336 3565 1390 parum
3608 1321 3758 1377 οτιιιο.

523 1407 694 1453 totum
740 1397 928 1454 orbem
977 1411 1142 1452 manu
1181 1394 1540 1468 apprehendit
1584 1395 1734 1451 velut
1763 1395 1986 1460 nidum.
2029 1395 2118 1449 cui
2217 1402 2356 1460 doxa
2406 1408 2676 1462 nonnullis
2716 1408 2949 1464 videtur.
2985 1409 3183 1466 Contra
3229 1413 3455 1483 gentiles
3492 1414 3651 1479 enim,
3687 1417 3756 1485 qui

522 1491 719 1546 cwlum
749 1491 997 1557 thronus,
1025 1500 1079 1546 et
1108 1497 1251 1546 terra
1280 1488 1600 1555 scabellum,
1626 1489 1679 1543 in
1710 1503 1818 1558 quo
1838 1488 2016 1543 omnis
2037 1487 2117 1543 lo-
2217 1498 2348 1554 deos
2377 1514 2534 1565 suos,
2580 1501 2739 1556 siculi
2783 1501 3017 1557 vidimus
3047 1503 3187 1576 (εαρ,
3233 1523 3433 1577 super”
3464 1517 3558 1562 οη,
3583 1507 3652 1578 4),
3676 1509 3756 1561 iui.

522 1599 640 1651 cus.
664 1599 771 1638 non
797 1587 911 1654 ipse
937 1583 990 1638 in
1017 1582 1160 1649 loco,
1191 1582 1285 1653 qui
1312 1580 1688 1637 universitatis
1711 1590 1951 1636 entrema
1977 1581 2116 1635 linea
2219 1591 2467 1661 placabili
2515 1593 2566 1647 in
2614 1594 2946 1651 christianos
2986 1597 3265 1654 iracundia
3306 1599 3614 1655 inﬂammari
3654 1617 3761 1654 nun-

521 1683 606 1731 est
635 1694 654 1728 ι
688 1673 1045 1746 (Tertullian.,
1094 1675 1215 1728 adu.
1255 1673 1458 1740 Prax.,
1499 1690 1616 1744 cap.
1659 1672 1757 1738 16,
1798 1690 1918 1744 pag.
1961 1672 2063 1729 648

2217 1699 2378 1756 quam
2413 1701 2519 1740 non
2549 1687 2934 1757 clamitabant,
2979 1691 3057 1746 sic
3083 1701 3526 1763 argumentatur:
3558 1711 3576 1742 ι
3603 1691 3693 1747 Cur
3713 1702 3757 1748 ut

522 1768 679 1824 Prius
721 1784 850 1823 vero
893 1782 995 1823 nec
1033 1767 1212 1823 minus
1240 1767 1521 1823 enucleati!
1563 1765 1900 1836 Theophilus
1927 1766 2117 1820 Amm"
2146 1782 2194 1841 B
2221 1777 2382 1834 irasci
2414 1780 2630 1850 p0pulis
2655 1782 2965 1840 christianis
2997 1786 3409 1856 angustissimos
3435 1786 3553 1842 illos
3577 1786 3758 1843 adseve-

522 1861 769 1927 chenns,
823 1861 941 1917 huic
999 1861 1066 1947 ad
1118 1861 1440 1932 Autolycum
1491 1860 1785 1930 scripserat
1843 1859 1894 1913 in
1955 1858 2117 1913 verba
2220 1870 2352 1924 ratis
2383 1871 2552 1939 deos;
2598 1873 2666 1928 ita
2711 1891 2816 1930 non
2862 1875 3176 1947 advertitis,
3215 1894 3323 1934 non
3355 1879 3540 1935 videtis
3577 1878 3760 1935 affectus

522 1955 780 2026 (Tlteoplt.
804 1995 818 2020 ,
869 1957 959 2010 lib.
1002 1945 1040 2010 it
1078 1955 1147 2010 ad
1190 1955 1397 2020 Autol.,
1442 1971 1562 2025 pag.
1596 1949 1690 2024 81)
1722 1971 1736 2007 :
1766 1958 1897 2009 Θεοῦ
1933 1951 1988 2007 δὲ
2026 1975 2064 2009 τι

2222 1979 2380 2035 quam
2417 1976 2621 2035 turpes,
2654 1984 2817 2040 quam
2851 1971 3133 2028 indecoras
3165 1973 3479 2030 numinibus
3505 1974 3760 2030 attribuatis

522 2047 746 2119 ὑψίστου
773 2051 861 2103 καὶ
891 2049 1339 2120 παντοκράτορος,
1371 2049 1457 2102 καὶ
1485 2053 1578 2102 τοῦ
1608 2043 1751 2107 ὄντος
1781 2052 1910 2102 Θεοῦ
1931 2086 1944 2110 i
1976 2050 2064 2101 τοῦ

2223 2057 2500 2113 insanias?
2528 2060 2667 2129 Quid
2691 2073 2776 2118 εει
2805 2064 2948 2119 enim
2975 2065 3121 2120 aliud
3151 2066 3334 2133 irasci,
3362 2083 3515 2138 quam
3546 2067 3759 2131 insanire,

522 2139 634 2196 é'art
670 2147 741 2214 μὴ
787 2142 938 2214 μόνον
985 2143 1044 2198 τὸ
1092 2143 1394 2213 παντάχοσε
1440 2135 1600 2207 εἶναι,
1651 2139 1775 2194 ἀλλὰ
1819 2143 1905 2194 καὶ
1951 2144 2064 2194 πάνι

2222 2165 2381 2220 quam
2413 2151 2623 2219 furere,
2655 2171 2813 2225 quam
2845 2157 2896 2211 in
2929 2157 3150 2214 ultionis
3185 2135 3461 2215 libidinem
3490 2158 3633 2225 ferri,
3656 2168 3700 2214 ct
3721 2159 3760 2212 in

522 2236 724 2311 ἐῳρᾷν,
763 2239 850 2291 καὶ
878 2237 1082 2291 πάντῶν
1113 2237 1334 2298 ἀκούειν,
1365 2232 1442 2289 ὅτι
1482 2241 1578 2305 μὴν
1623 2232 1749 2304 μηδέ
1801 2234 1860 2288 τὸ
1889 2235 1938 2287 ἐν
1975 2234 2064 2288 τόπ

2221 2245 2443 2301 alterius
2471 2246 2672 2303 doloris
2703 2266 2940 2316 crucem,
2979 2272 2998 2304 ιι
3036 2251 3087 2307 id
3115 2265 3228 2321 εει,
3261 2255 3587 2319 cruciatum,
3620 2272 3636 2304 ι
3661 2251 3761 2308 effe-

526 2332 827 2403 χωρεῖσθαι⁸
877 2332 919 2383 εἰ
957 2327 1011 2384 δὲ
1049 2334 1120 2401 μή
1154 2349 1233 2402 γε,
1273 2331 1456 2401 μείζων
1483 2328 1510 2382 ὁ
1536 2335 1726 2405 χωρῶν
1770 2328 1927 2389 τόπος
1957 2330 2068 2382 αὐτ(

2224 2336 2322 2390 rati
2357 2341 2588 2408 pectoris
2618 2341 2945 2399 alienatione
2986 2344 3404 2401 bacchari?.....
3435 2347 3529 2403 Ubi
3553 2347 3679 2402 enim
3704 2353 3765 2399 est

524 2425 866 2497 εὐρεθησεται,
905 2429 1079 2496 μεῖζον
1108 2445 1209 2499 γαρ
1236 2425 1349 2478 ἐστι
1384 2423 1443 2478 τὸ
1475 2429 1686 2499 χωροῦν
1723 2429 1816 2478 τοῦ
1843 2444 2066 2497 χωρουμ

2226 2431 2386 2498 υΙΙιιε,
2417 2434 2556 2489 sicut
2585 2437 2920 2505 sapientibus
2958 2438 3191 2507 videtur,
3225 2440 3471 2508 aﬂ'ectns,
3494 2441 3561 2496 ibi
3585 2456 3764 2497 necesse

523 2538 630 2571 νου.
663 2519 788 2580 Θεὸς
817 2520 919 2592 γὰρ
950 2520 1010 2572 οὐ
1037 2525 1311 2594 χωρεῐται,
1345 2516 1448 2572 ἀλλ’
1479 2518 1635 2579 αὐτὸς
1678 2520 1793 2573 ἐστι
1831 2518 1991 2577 τόπος
2020 2540 2065 2572 τι

2225 2539 2453 2585 estesse
2485 2534 2810 2601 passionem.
2854 2536 2950 2593 Ubi
2984 2539 3163 2609 passio
3191 2541 3296 2595 sita
3324 2550 3426 2607 est,
3458 2542 3766 2610 perturbatio-

524 2609 669 2666 ὀλων.
701 2607 801 2664 Dei
829 2610 1068 2664 altissimi
1113 2618 1160 2663 et
1193 2609 1592 2679 omnipotentis,
1622 2619 1669 2664 et
1707 2609 1996 2664 exsistentis
2026 2609 2123 2663 Itoc
2226 2636 2348 2674 nem
2387 2634 2814 2682 consentaneum
2863 2638 2950 2684 est
2986 2607 3285 2701 ‘consequi.
3342 2607 3770 2704 Ubi‘perturbatio

521 2703 669 2798 quasi
708 2703 974 2773 proprium
1004 2712 1111 2798 est.
1155 2713 1210 2798 tu
1252 2720 1355 2758 non
1383 2703 1551 2798 scium
1578 2703 1764 2798 u_bique
1807 2704 1906 2770 δίε,
1951 2718 2124 2798 "etum
2225 2723 2328 2781 est,
2361 2715 2432 2770 ibi
2458 2717 2614 2772 dolor
2642 2729 2696 2775 ει
2721 2721 2989 2792 aegritudo
3021 2732 3123 2778 est.
3161 2723 3259 2780 Ubi
3291 2725 3448 2781 dolor
3475 2703 3526 2782 et
3553 2725 3767 2798 aegritudo

522 2796 699 2850 omnia
736 2813 961 2866 prtesens
996 2796 1233 2865 inspiciat
1269 2805 1318 2850 et
1348 2795 1552 2850 audiat.
1591 2794 1854 2850 Praeterea
1890 2811 1981 2850 nec
2011 2795 2060 2849 lo

2320 2849 2332 2873 ,
2364 2808 2725 2867 imminutioni
2757 2822 2811 2868 et
2835 2815 3169 2882 corruptioni
3209 2817 3321 2888 jam
3371 2819 3518 2874 locus
3556 2831 3645 2874 est.
3667 2819 3767 2885 Qua:

522 2891 745 2960 θηρίων,
776 2890 970 2961 alioqui
998 2891 1143 2945 ιοσιιε
1170 2891 1260 2960 qui
1293 2891 1464 2961 ἱρειιηι
1493 2889 1661 2960 σαρξί,
1701 2906 1761 2945 ϐο
1791 2892 1957 2960 major
1983 2891 2124 2944 ἕηυε-
2226 2899 2333 2955 duo
2362 2902 2406 2956 si
2450 2915 2674 2971 vexant,
2707 2907 2860 2961 adest
2890 2907 3096 2963 vicinus
3127 2909 3412 2976 interitus,
3459 2927 3598 2967 mors
3626 2909 3767 2964 omnia
3860 2889 3861 2908 ἔ

528 2983 744 3037 niretur.
775 2982 917 3036 Nam
961 2983 1016 3037 id
1043 2983 1179 3052 quod
1215 2984 1355 3054 capit
1383 3000 1476 3051 eo,
1513 2983 1652 3054 quod
1677 2984 1912 3054 capitur,
1955 2985 2070 3054 maji

2228 2996 2417 3051 liniens
2456 3017 2473 3048 ι
2507 2999 2749 3070 (Arnob.,
2779 3001 2869 3058 lib.
2896 3020 2933 3070 ι,
2958 3021 3078 3076 pag.
3107 3004 3218 3076 10).
3250 3007 3413 3078 Atqui
3443 3006 3552 3063 hinc
3573 2983 3768 3076 ἱρξὲἷέξῖ,

523 3085 618 3130 est.
652 3075 784 3131 Deus
808 3077 944 3131 enim
974 3076 1086 3132 loco
1117 3092 1436 3148 nequaquam
1466 3077 1920 3144 circumscribitur,
1949 3093 2065 3131 veru

2228 3090 2402 3162 inquit
2431 3091 2729 3162 Heraldus,
2765 3075 3068 3154 Stoicorum
3102 3101 3289 3171 opinio
3309 3075 3508 3174 ,_cujus
3536 3075 3770 3156 falsitatem

522 3175 634 3241 ipse
682 3181 757 3226 est
799 3171 1030 3226 omnium
1074 3171 1238 3227 locus.
1285 3171 1652 3238 Quamobrem
1687 3172 1957 3243 Autolyco
1987 3171 2064 3242 obj

2227 3187 2306 3242 sic
2332 3185 2642 3243 Lactantius
2670 3191 2943 3262 patefecit,
2971 3203 3028 3248 ut
3057 3198 3195 3249 hanc
3218 3171 3446 3251 Arnobii
3473 3193 3769 3267 przeceptoris

523 3264 687 3357 cienti
721 3263 887 3357 Deum
907 3307 922 3329 ,
960 3264 1036 3320 uti
1075 3280 1230 3321 sacra
1261 3263 1538 3334 δοτίριιιηι
1573 3263 1912 3329 ίεειίίὶοίηυτ»
1937 3264 1995 3357 ri"
2025 3279 2119 3334 βει-
2225 3280 2308 3335 ειιί
2328 3283 2654 3338 sententiam
2685 3286 3072 3355 perstrinxisse
3097 3288 3369 3344 videatur.
3393 3263 3767 3357 Quamvisenim

524 3355 706 3411 radiso
731 3356 1059 3422 ambulasse,
1091 3358 1387 3429 respondet
1407 3357 1459 3412 id
1487 3358 1591 3413 dici
1614 3357 1682 3414 de
1712 3357 1887 3414 Verbo
1913 3356 2059 3412 divin

2227 3371 2320 3428 ille
2361 3374 2558 3431 alicubi
2605 3390 2814 3434 asserat
2858 3380 2992 3436 iram
3021 3398 3126 3437 non
3161 3382 3359 3440 decere
3395 3385 3652 3439 hominem
3674 3398 3767 3455 gra-

523 3466 552 3504 τι
601 3465 711 3520 (Ιυο
751 3459 809 3505 εἴ
850 3465 1080 3521 Persona
1133 3450 1311 3506 Ρείτίε
1356 3462 1633 3521 assumpta
1673 3460 1791 3517 εει,
1844 3461 1898 3506 θῑ
1942 3451 2122 3506 omnia
2224 3481 2345 3521 vein
2373 3482 2435 3522 ac
2458 3469 2783 3540 sapientem,
2808 3472 2935 3528 alibi
2969 3485 3145 3531 tamen
3172 3478 3413 3533 ostendit
3440 3478 3596 3534 Deum
3627 3450 3771 3531 revera

521 3555 704 3602 creata
731 3557 875 3602 sunt.
900 3549 972 3602 At
991 3549 1136 3610 Θεὸς,
1168 3547 1360 3616 inquit,
1395 3551 1481 3602 καὶ
1505 3552 1676 3620 πατὴρ
1705 3555 1805 3602 τῶν
1826 3546 1948 3602 ὅλων
1973 3550 2063 3619 ex.

863 3587 875 3600 .
900 3549 972 3602 Αι
991 3549 1136 3610 Θεὸς,
1168 3547 1360 3616 inquit,
1395 3551 1481 3602 καὶ
1505 3552 1676 3620 πατὴρ
1705 3555 1805 3602 τῶν
1826 3546 1948 3602 ὅλων
1973 3550 2121 3619 ἀχώ·
2224 3559 2405 3616 ίιιεερί,

522 3643 676 3716 ρητός
715 3643 860 3708 ἐστι,
902 3643 988 3696 καὶ
1012 3643 1064 3696 ἐν
1098 3642 1243 3713 τόπῳ
1282 3643 1388 3713 οὐχ
1419 3642 1732 3717 εὑρίσκεται,
1769 3643 1827 3695 οὐ
1866 3643 1967 3716 γάρ
2007 3643 2064 3695 ἐσ

2295 3653 2400 3709 Sed
2433 3655 2522 3711 illa
2558 3657 2771 3714 Heraldi
2819 3661 3126 3718 criminatio
3175 3663 3368 3720 frivola
3412 3667 3568 3738 plane
3605 3674 3707 3730 est,
3732 3671 3771 3717 ct

521 3735 681 3798 τόπος
721 3745 814 3797 τῆς
839 3738 1234 3798 ,καταπαύσεως
1264 3738 1445 3791 αὐτοῦ.
1484 3735 1621 3790 Deus
1648 3737 1999 3789 universorum
2029 3752 2061 3804 p

2232 3747 2417 3812 puerili
2459 3749 2857 3824 amphibologia
2898 3754 3130 3810 laborat.
3176 3755 3258 3811 Ira
3309 3735 3570 3830 siquidem
3609 3755 3774 3812 duobus

523 3838 598 3883 ter
625 3829 738 3884 loco
781 3846 871 3884 nec
899 3829 1204 3898 includitur,
1247 3846 1404 3901 neque
1443 3828 1638 3884 inloco
1684 3828 1972 3894 invenitur,
2018 3843 2120 3882 non
2223 3841 2395 3896 modis
2419 3843 2716 3914 accipitur,
2767 3861 2833 3901 ac
2876 3850 3107 3918 primum
3155 3839 3185 3904 α
3231 3828 3497 3908 δίοθιζοηθ
3525 3851 3770 3907 άεηηίιυιιε

522 3924 657 3978 enim
682 3935 754 3978 est
785 3923 952 3988 locus,
978 3924 1032 3977 in
1056 3940 1157 3995 quo
1179 3924 1287 3994 ipse
1310 3923 1558 3991 quiescat.

2228 3952 2248 3986 ι
2277 3934 2469 3990 Libido
2497 3937 2749 4005 puniendi
2779 3938 2916 4009 ejus,
2941 3942 3032 4012 qui
3060 3941 3309 3999 videatur
3339 3945 3544 4000 iresisse
3565 3941 3729 4013 injuria
3754 3956 3767 3988 ι

592 4016 734 4084 Quid
757 4016 958 4072 clarius
988 4026 1043 4072 et
1087 4016 1263 4087 aptius
1291 4015 1595 4086 desiderari
1641 4023 1822 4086 potest
1849 4014 1915 4070 ad
1949 4014 2118 4070 stabi-

2235 4025 2436 4099 ZCicer.,
2485 4029 2576 4085 lib.
2607 4047 2660 4085 tv
2706 4030 2959 4100 Tuscut.,
2993 4051 3113 4106 pag.
3146 4036 3250 4092 166
3271 4079 3287 4104 ,
3337 4039 3433 4093 lin.
3467 4037 3543 4108 8).
3586 4033 3704 4104 Quid
3727 4029 3777 4084 sit

523 4110 760 4166 liendam
809 4125 996 4166 veram
1041 4120 1206 4181 atque
1253 4109 1614 4166 orthodoxam
1665 4109 1891 4166 Arnobii
1947 4107 2120 4165 nostri
2221 4133 2402 4178 amem
2427 4122 2597 4179 libido
2619 4127 2662 4180 si
2687 4126 2754 4181 ab
2777 4127 2897 4197 ipso
2917 4144 3165 4199 (lamas;
3201 4149 3219 4182 ι
3250 4130 3372 4196 Esi,
3403 4151 3422 4184 ,
3457 4131 3639 4202 inquit,
3667 4126 3776 4179 .im.

521 4203 848 4270 doctrinam,
869 4204 962 4275 qui
984 4203 1114 4259 alibi
1140 4201 1317 4260 adhuc
1337 4213 1654 4260 constanter
1681 4213 1981 4270 asseverat,
2006 4203 2120 4259 veri
2222 4215 2497 4272 modum
2528 4221 2790 4290 appeiiiio
2817 4221 3023 4292 Opimii
3062 4224 3241 4295 magni
3273 4225 3400 4281 boni
3423 4267 3438 4292 ,
3477 4201 3656 4281 τδίίοηί
3693 4235 3772 4275 non

523 4298 619 4353 Dei
651 4298 930 4392 proprium
961 4314 1114 4392 esse;
1166 4307 1226 4354 ut
1269 4300 1451 4355 omnia
1479 4298 1532 4353 vi
1564 4314 1660 4355 sua
1688 4299 1980 4392 compleat,
2017 4315 2121 4354 non
2221 4309 2602 4383 obiemperans
2633 4333 2652 4366 )
2704 4314 2878 4388 (Idem
2899 4359 2913 4381 ,
2963 4317 3054 4372 lib.
3100 4335 3189 4385 ιιι,
3239 4337 3364 4392 pag.
3410 4321 3541 4385 151,
3572 4319 3654 4372 lin.
3685 4312 3772 4381 10).

524 4390 779 4461 Paruum
807 4392 1044 4463 αερὶαηι,
1079 4390 1285 4463 inquit.
1318 4392 1372 4447 id
1411 4401 1526 4460 εει,
1559 4408 1831 4462 “unquam
1877 4391 2117 4459 ἀίνίειιε,
2220 4401 2581 4469 Quamobrem
2635 4423 2661 4459 ιι
2710 4406 2915 4464 Seneca
2965 4409 3162 4466 dicitur
3204 4390 3433 4468 allectus
3479 4412 3691 4468 maxime
3721 4420 3772 4460 cx

523 4483 608 4539 vel
631 4491 690 4539 ut
707 4483 836 4540 alibi
859 4485 994 4541 dixit
1011 4486 1251 4559 (Arnob.,
1277 4487 1367 4542 lib.
1386 4503 1462 4553 vt,
1483 4505 1604 4559 pag.
1629 4486 1734 4543 492
1754 4497 1801 4542 et
1821 4505 1941 4560 pag.
1962 4487 2115 4560 204),
2220 4495 2468 4552 omnibus
2493 4507 2627 4553 teter
2653 4515 2714 4554 ac
2743 4501 2980 4569 rabidus,
3008 4504 3098 4574 qui
3129 4512 3276 4560 totus
3305 4505 3601 4561 concitatus
3630 4504 3672 4556 in
3695 4500 3764 4552 im-

525 4578 797 4646 partititer,
831 4580 1060 4646 atquein
1098 4580 1323 4635 membra
1351 4581 1563 4646 divisus,
1596 4581 1690 4638 sed
1717 4582 1916 4653 ubique
1952 4591 2115 4650 totus,
2147 4581 2202 4643 D
2227 4597 2350 4659 petu
2380 4588 2584 4646 doloris
2613 4606 2718 4660 est,
2746 4601 2802 4648 et
2827 4611 2985 4665 quem
3023 4615 3042 4648 ι
3073 4597 3319 4653 nonnulli
3361 4598 3624 4670 sapientes
3651 4594 3772 4649 dixe-

523 4671 597 4726 ita.
626 4680 683 4726 ut
713 4685 816 4727 nec
858 4671 1028 4738 adsit,
1061 4688 1161 4728 nec
1202 4674 1333 4728 absit
1367 4691 1386 4728 :
1413 4690 1599 4730 verum
1630 4675 1954 4746 ubicumque
1985 4693 2122 4746 ιιι-τε·-
2226 4691 2353 4736 runt
2378 4681 2597 4738 brevem
2622 4685 2921 4742 insaniam»
2957 4689 3192 4760 (Senec.,
3223 4691 3312 4746 lib.
3340 4708 3356 4746 ι
3381 4693 3444 4746 de
3465 4690 3573 4756 Ira,
3617 4705 3714 4757 cap.
3736 4684 3772 4748 ii

524 4780 654 4820 setis
675 4805 691 4831 ,
722 4779 916 4821 omnes
943 4780 1010 4821 ex
1041 4781 1383 4839 quacumque
1415 4768 1600 4823 mundi
1642 4778 1794 4838 parte
1841 4769 2127 4841 loquentes.
2225 4776 2314 4831 lib.
2341 4793 2398 4845 ιι,
2432 4794 2547 4850 cap.
2570 4781 2661 4848 55,
2683 4790 2730 4836 et
2760 4783 2850 4837 tib.
2878 4800 2960 4850 ιιι,
2989 4801 3107 4855 cap.
3136 4786 3170 4841 '5
3197 4796 3242 4841 et
3274 4787 3356 4857 4).
3384 4787 3494 4843 Nec
3515 4783 3667 4842 semel
3686 4777 3778 4851 qui-

523 4857 729 4927 audiat,
751 4867 914 4928 atque
938 4873 1126 4914 eorum
1157 4861 1346 4916 tacitas
1367 4862 1566 4917 mentis
1593 4862 1951 4930 cogitationes
1982 4863 2123 4919 anti-
2224 4871 2344 4927 dem
2380 4873 2645 4943 pessimos
2689 4875 3100 4950 horrendosque
3137 4879 3256 4950 ejus
3285 4881 3513 4937 elfectns
3543 4871 3776 4934 describit.

523 4953 701 5024 οίραιει
728 4952 1040 5023 εοεηίιίοηθ
1069 4954 1380 5025 Ρτοερίείὲῑο
2227 4969 2564 5038 Augustinus
2607 4987 2739 5027 vero
2785 4972 2987 5041 aliquid
3021 4974 3286 5045 superiori
3329 4973 3600 5031 Ciceronis
3631 4962 3782 5025 deﬁni-

599 5045 863 5101 l’raeterea
892 5048 1055 5102 docet
1083 5055 1308 5110 rectam.
1341 5048 1561 5120 dignam
1595 5049 1725 5118 Deo,
1758 5058 1815 5106 et
1841 5066 1962 5121 qua:
1992 5051 2120 5107 reli—
2224 5061 2357 5117 noni
2405 5064 2628 5135 insuper
2675 5065 2871 5136 adjecii
2901 5085 2912 5120 ε
2961 5086 2980 5119 ι
3015 5068 3190 5138 ipsum
3240 5069 3398 5135 imm,
3434 5089 3450 5121 ι
3483 5069 3580 5132 aii,
3629 5083 3644 5114 ι
3670 5054 3775 5115 nihil

522 5139 737 5210 gionem
767 5140 1048 5195 constituit
1079 5139 1218 5196 hanc
1243 5155 1365 5197 esse
1409 5143 1735 5199 sententiam
1758 5185 1773 5209 ,
1808 5161 1911 5216 qua
1937 5144 2119 5201 credi-
2225 5157 2372 5214 aliud
2411 5175 2562 5226 esse,
2612 5177 2770 5231 quam
2805 5160 3100 5218 ulciscendi
3147 5163 3430 5219 libidinem
3459 5173 3654 5219 veteres
3675 5153 3780 5210 deﬁ-

523 5249 644 5290 ιιιυε
671 5232 826 5288 illum
854 5233 991 5289 nihil
1020 5233 1226 5290 habere
1255 5234 1461 5291 homini
1493 5237 1692 5305 simile,
1725 5238 1857 5294 nihil
1889 5255 2119 5310 εκερεεο
2227 5253 2444 5310 nierum
2467 5295 2482 5321 ν
2517 5256 2764 5324 quamvis
2800 5272 3187 5326 nonnunquam
3219 5257 3415 5323 homo,
3461 5256 3546 5311 ubi
3574 5248 3781 5306 vindicia)

525 5335 640 5382 1³Υο
682 5328 1022 5385 θΧῑΐῙηδθευε
1062 5328 1392 5396 ειάνεηίθηε,
1433 5332 1583 5387 1ιιιηο
1630 5332 1760 5399 irin.
1794 5333 2118 5404 νοιυριθῑίϐν
2228 5345 2408 5400 nullus
2447 5356 2530 5402 est
2569 5363 2796 5413 sensus,
2841 5350 3002 5404 etiam
3031 5349 3194 5404 rebus
3226 5349 3478 5404 inanimis
3513 5349 3775 5402 irascatur,

527 5421 768 5515 honoris,
800 5424 1134 5490 ambitionis,
1168 5426 1437 5482 mercedis
1459 5426 1674 5493 aﬂ’ectu,
1705 5427 1788 5483 vel
1810 5429 1973 5484 animi
1999 5446 2123 5500 per-
2227 5438 2494 5511 (Angust.,
2530 5441 2618 5495 tib.
2655 5458 2749 5497 xiv
2777 5442 2840 5495 de
2867 5441 3043 5504 Civit.,
3071 5459 3186 5514 cap.
3215 5443 3302 5508 15,
3329 5461 3450 5515 pag.
3475 5440 3614 5508 567).

527 5514 837 5572 turbatione
863 5519 1070 5575 moveri
1098 5538 1112 5575 :
1145 5519 1364 5590 etquod
1396 5521 1469 5576 illi
1501 5522 1780 5590 proprium
1813 5532 1915 5586 est,
1946 5541 2040 5579 sua
2072 5541 2124 5580 se
2299 5531 2457 5587 Nulla
2505 5543 2684 5590 autem
2733 5533 3013 5589 dubitandi
3065 5536 3206 5589 ratio
3253 5543 3335 5590 est
3356 5578 3369 5601 ,
3403 5514 3540 5604 quin
3581 5531 3679 5584 lucc
3719 5525 3776 5576 ira

526 5610 574 5664 vi
613 5626 794 5677 nosse,
842 5611 946 5668 hoc
967 5621 1086 5682 est,
1133 5615 1373 5686 seipsum
1419 5624 1654 5684 quantus
1681 5616 1965 5688 qualisque
2005 5627 2121 5689 est,
2231 5625 2371 5680 mala
2401 5625 2472 5681 sit
2498 5635 2553 5682 et
2580 5627 2954 5697 improbanda.
2986 5627 3118 5682 Nam
3152 5638 3208 5682 ut
3240 5637 3386 5684 recte
3411 5625 3562 5682 docet
3584 5617 3775 5676 Ambro-

527 5705 788 5774 perl’ecte,
820 5723 1028 5780 suaque
1069 5709 1122 5764 vi
1149 5723 1484 5780 cognoscere
1514 5708 1632 5785 (tib.
1661 5725 1758 5778 vit,
1793 5727 1916 5783 pag.
1946 5710 2055 5766 222
2078 5721 2126 5768 et
2228 5717 2380 5774 sius:
2418 5737 2437 5771 ι
2469 5718 2787 5776 Potentibus
2836 5721 2912 5776 ira
2959 5737 3054 5777 sua
3083 5721 3266 5793 gravis
3304 5729 3410 5788 est,
3440 5713 3678 5789 improbis
3702 5723 3778 5764 ne-

525 5798 682 5872 212).
709 5803 776 5858 Et
801 5814 950 5860 recte
964 5803 1218 5879 quidem;
1241 5821 1366 5862 nam
1393 5806 1556 5874 Deus,
1585 5805 1679 5878 qui
1699 5808 1939 5864 omnium
1963 5821 2128 5865 causa
2229 5813 2418 5885 quitia,
2459 5812 2620 5883 justis
2641 5812 2966 5873 conditionis
3013 5815 3328 5871 inﬁrmitas»
3359 5814 3630 5887 (Ambros,
3654 5802 3726 5859 lib-
3747 5812 3776 5854 ιι

2818 1065 3113 1106 Αιιτιευιῠε
3149 1065 3228 1106 Ill.
