3904 6326
251 275 340 330 457
1456 291 1521 346 lN
1561 291 1932 361 ARNOBIUM,
1975 299 2125 356 CAP.
2173 304 2282 360 Vll.

3400 328 3502 386 458

247 395 302 448 de
339 394 574 466 interpelf.
629 395 776 462 Job.,
823 415 944 470 cap.
987 402 1042 468 ϐ,
1086 400 1114 475 ς
1158 403 1246 468 16,
1279 422 1396 478 pag.
1429 407 1578 480 6'52).
1603 411 1798 480 Quam-
1833 425 1882 481 Α
1908 431 2026 486 pag.
2053 418 2206 492 2‘25),
2237 441 2257 473 ι
2286 439 2455 492 poenae
2477 431 2933 502 constitutionem,
2956 453 3066 494 non
3084 448 3287 497 motum
3312 445 3502 501 animiv

243 485 405 540 obrem
435 502 462 540 a
491 486 750 560 theologis
801 491 1144 550 scholasticis
1197 506 1422 552 vocatur
1454 502 1650 568 passio,
1682 518 1803 572 qua:

242 579 419 649 aliquid
460 579 646 635 saltem
678 581 981 654 imperfecti
1028 603 1210 643 secum
1259 604 1476 661 semper
1522 595 1796 663 importat.

241 671 486 728 Arnobius
525 683 702 728 autem
741 675 810 731 de
860 677 960 734 hac
1006 680 1118 750 ipsa
1171 684 1525 752 proculdubio
1564 686 1802 755 disputat

236 761 322 826 ira,
349 778 500 833 quam
532 763 746 821 Ethnici
776 767 882 824 diis
907 772 1018 826 suis
1047 773 1286 831 tribuere
1312 793 1419 832 non
1449 780 1794 835 verebantur.

236 853 378 910 Visne
404 855 532 911 illud
573 859 668 914 tibi
697 861 816 918 aliis
845 863 967 935 ejus
1009 867 1190 923 verbis
1237 871 1490 938 probari?
1533 871 1653 928 Cito
1677 877 1800 931 ’ὴωο

230 946 580 1016 proferemus:
613 971 633 1004 ι
664 952 733 1008 Et
778 954 824 1008 si
871 957 1244 1016 definitionem
1290 973 1565 1022 teneamus
1612 968 1795 1038 illam,

226 1055 364 1111 quam
401 1044 748 1112 pertinaciter
787 1051 1102 1109 meminisse
1129 1059 1382 1113 convenit
1421 1075 1519 1116 nos
1557 1076 1794 1133 semper,

226 1136 480 1193 universos
517 1141 822 1198 animorum
862 1145 1084 1202 affectus
1113 1149 1327 1221 ignotos
1355 1152 1460 1209 diis
1488 1169 1630 1222 esse,
1664 1173 1795 1213 con-

223 1239 525 1301 sectaneum,
553 1246 634 1290 est
663 1237 887 1295 credere
931 1258 1220 1314 numquam
1269 1246 1399 1302 deos
1429 1249 1586 1305 irasci
1618 1268 1631 1304 :
1663 1255 1793 1322 quin

222 1324 366 1380 immo
387 1327 594 1383 nullum
616 1331 868 1388 allectum
900 1337 1067 1406 magis
1089 1353 1210 1395 esse
1230 1341 1298 1395 ab
1319 1340 1402 1397 his
1427 1341 1608 1414 longe,
1633 1362 1792 1416 quam

219 1417 294 1486 qui
333 1417 456 1474 feris
485 1430 541 1476 et
583 1422 778 1480 belluis
829 1429 1124 1497 proximus,
1162 1432 1339 1487 turbat
1380 1439 1794 1505 tempestatibus

220 1507 483 1575 patientes,
509 1523 564 1568 et
594 1514 658 1569 ad
687 1517 982 1584 periculum
1018 1521 1344 1578 interitionis
1374 1526 1594 1583 inducit.
1627 1529 1796 1597 Quid-

217 1600 324 1670 quid
367 1604 509 1658 enim
556 1619 788 1664 vexatur
826 1611 1053 1682 alicujus
1090 1616 1165 1668 rei
1206 1633 1271 1671 ex
1317 1627 1486 1683 motu,
1537 1623 1793 1683 possibile

217 1637 324 1670 ψηυ
367 1637 509 1658 cum.
561 1637 787 1664 νυδειιυι-
826 1637 1053 1682 alicujus
1091 1637 1165 1668 rel
1206 1637 1271 1671 ex
1317 1637 1486 1683 mutu,
1572 1637 1792 1680 assume

215 1703 411 1749 constat
439 1711 562 1752 esse
609 1707 663 1754 et
709 1699 898 1772 fragile
925 1723 937 1756 :
970 1706 1113 1774 quod
1146 1708 1376 1777 passioni
1408 1637 1792 1785 frag‘gitatique

214 1787 518 1858 subjectum,
556 1791 607 1847 id
640 1809 865 1851 necesse
910 1807 994 1852 est
1041 1814 1162 1856 esse
1203 1804 1431 1860 mortale
1460 1821 1474 1858 :
1506 1807 1585 1862 ira
1615 1818 1792 1865 autem
1825 1815 1872 1874 B

215 1889 370 1945 vexat,
401 1889 456 1936 et
498 1883 768 1954 patientes
811 1903 871 1944 se
911 1890 1092 1945 solvit.
1125 1891 1268 1964 Ergo
1295 1909 1416 1950 esse
1447 1899 1673 1953 mortale
1705 1899 1793 1954 di-

211 1974 416 2030 cendum
448 1987 558 2040 est,
586 1980 730 2049 quod
779 1984 1123 2052 passionibus
1153 1989 1451 2060 subjectum
1492 2003 1575 2048 est
1622 1994 1734 2049 iraa.
1768 2018 1784 2045 ι

218 2066 435 2136 (Amab.,
464 2070 562 2126 lib.
589 2089 686 2139 vn,
711 2091 829 2146 pag.
871 2076 1030 2149 2M.)
1057 2079 1196 2147 Quid
1226 2093 1405 2139 autem
1437 2087 1553 2142 falsi
1583 2099 1678 2144 aut
1717 2092 1795 2146 vi-

208 2161 312 2216 tiosi
342 2160 392 2217 in
424 2162 533 2238 hac
557 2172 1046 2240 argumentatione,
1081 2190 1203 2244 qua».
1230 2192 1297 2231 ex
1328 2179 1393 2232 iis
1417 2181 1643 2245 eruitur,
1671 2199 1791 2254 quae

207 2249 397 2309 Ethnici
441 2256 518 2311 de
542 2257 770 2315 deorum
802 2278 1022 2319 sacrum
1053 2267 1104 2320 in
1131 2269 1460 2327 christianos
1486 2275 1584 2337 ira,
1622 2277 1791 2332 illius-

203 2360 293 2413 que
339 2347 705 2419 iniquissimis
758 2357 992 2412 motibus
1044 2375 1334 2431 numquam
1389 2380 1499 2420 non
1545 2369 1790 2424 vendita-

204 2436 313 2494 bant
335 2440 358 2493 ?

262 2529 408 2588 Aliud
434 2550 579 2591 vero
605 2546 690 2594 est
715 2555 885 2610 genus
931 2542 1044 2610 irae,
1075 2561 1235 2612 quam
1279 2550 1484 2622 antiqui
1532 2553 1790 2612 Ecclesiae

204 2620 393 2692 Patres,
421 2642 497 2682 ac
526 2639 710 2698 postea
738 2632 1049 2690 scholastici
1079 2637 1312 2711 theologi
1338 2620 1472 2698 nihil
1498 2647 1638 2700 aliud
1670 2663 1793 2704 esse

202 2712 404 2782 docent,
439 2718 554 2775 nisi
583 2721 804 2778 offensa:
839 2733 896 2780 et
933 2738 1170 2798 acceptae
1201 2730 1412 2802 injuria:
1440 2751 1648 2807 mquam
1669 2780 1684 2805 ,
1727 2755 1792 2796 ac

203 2809 303 2864 sine
336 2812 510 2867 animi
554 2817 964 2885 perturbatione
1005 2822 1262 2879 ultionem
1285 2867 1300 2892 ,
1343 2828 1431 2882 vel
1457 2831 1662 2898 juStum
1691 2833 1790 2888 de-

201 2901 308 2960 bitae
336 2921 520 2976 patum
549 2909 852 2981 infligendte
892 2914 1176 2983 judicium.
1221 2919 1476 2977 Libenter
1501 2936 1683 2981 autem
1713 2928 1788 2981 fa-

202 3004 360 3054 tentur
385 3001 566 3057 Deum
591 3019 658 3060 eo
680 3006 842 3062 modo
871 3009 1050 3065 irasci.
1079 3011 1210 3066 Nam
1243 3031 1262 3065 ι
1295 3015 1370 3069 ira
1397 3017 1512 3082 Dei,
1546 3039 1564 3071 ι
1591 3021 1668 3074 ait
1688 3023 1791 3075 Au-

203 3092 424 3160 guSIinus
450 3095 578 3167 (lib.
604 3113 694 3164 xv,
721 3098 785 3153 de
814 3097 988 3168 Civit.,
1014 3120 1130 3174 cap.
1157 3106 1250 3171 25,
1282 3125 1401 3179 pag.
1436 3110 1592 3181 409),
1629 3132 1649 3163 ‹
1680 3128 1788 3168 non

200 3185 524 3250 perturbatio
550 3188 716 3244 animi
743 3191 862 3262 ejus
886 3205 989 3260 est,
1017 3196 1110 3250 sed
1132 3197 1416 3266 judicium,
1445 3217 1551 3272 quo
1581 3203 1787 3275 irroga-
1815 3214 1859 3277 C
1892 3199 1944 3254 in
1974 3201 2085 3257 Deo
2109 3220 2228 3259 eam
2261 3223 2381 3264 esse
2412 3211 2546 3268 iram
2570 3255 2586 3280 ν
2627 3233 2748 3287 quae

201 3282 272 3330 tur
297 3292 447 3346 paena
483 3292 732 3349 peccato.
766 3303 786 3335 ι
817 3286 989 3341 Antea
1015 3303 1144 3344 vero
1170 3289 1431 3362 Origenes
1461 3294 1623 3351 Celso
1652 3299 1788 3368 obji-

199 3365 340 3423 cienti
361 3369 638 3429 humanos
663 3374 756 3431 irae
785 3377 1028 3449 aliosque
1055 3380 1282 3438 affectus
1309 3384 1362 3438 in
1394 3388 1563 3442 sacris
1588 3391 1790 3446 nosuis

207 3459 494 3534 Scripturis
542 3466 654 3522 Deo
691 3470 948 3539 attribui,
981 3475 1274 3544 respondet
1303 3478 1510 3534 illarum
1538 3493 1788 3538 auctores

198 3568 332 3612 more
358 3557 517 3628 loqui
568 3559 868 3628 hominum,
917 3573 972 3620 et
1017 3566 1266 3622 utilitatis
1311 3568 1552 3639 ipsorum
1599 3588 1785 3641 causa,

197 3647 277 3703 sed
314 3665 511 3706 verum
557 3651 910 3710 scribentium
955 3670 1172 3713 sensum
1203 3659 1270 3716 ab
1297 3661 1516 3718 homine
1560 3665 1786 3734 spiritali

197 3737 335 3797 facile
376 3743 652 3814 dig-nosci.
705 3744 840 3801 Tum
885 3750 1230 3806 continenter
1273 3752 1472 3822 adjecit
1519 3756 1783 3828 (angam,

197 3830 271 3885 lib.
295 3849 368 3900 tv,
394 3845 541 3890 cont.
573 3835 727 3904 Cels.,
763 3856 889 3910 pag.
913 3839 1046 3914 211)
1083 3843 1304 3920 εὀργήν
1345 3842 1431 3902 οὖν
1476 3849 1784 3923 ὀνομάζομεν

197 3931 327 3986 Θεῡῦ.
356 3928 414 3981 οὐ
443 3929 610 3988 πάθος
635 3927 680 3984 δ’
707 3931 867 3986 αὐτοῦ
897 3933 1054 3992 αὐτὴν
1084 3928 1209 3989 εἶναι
1249 3938 1427 4010 φάμεν,
1461 3940 1586 3996 ἀλλά
1609 3965 1659 3997 τι
1684 3966 1788 3998 πα-

195 4016 636 4090 ραλαμϐανόμενον
689 4023 760 4083 εἰς
809 4027 899 4081 τήν
949 4021 1034 4080 διὰ
1090 4030 1511 4105 σκυθρωποτέρων
1571 4035 1784 4107 ἀγωγῶν

197 4110 470 4180 παίδευσιν,
509 4121 617 4174 τοῖς
642 4116 710 4170 τὰ
734 4115 922 4172 τοσάδε
953 4121 1040 4173 καὶ
1073 4119 1242 4176 τοιάδε
1271 4125 1614 4200 ἡμαρτηκόσι.
1645 4127 1784 4198 Ergo

197 4217 298 4259 cum
323 4207 456 4262 iram
485 4205 590 4261 Dei
628 4209 972 4277 nominamus,
1004 4229 1105 4267 non
1133 4214 1376 4282 a/fectum
1404 4220 1514 4289 ejus
1543 4221 1780 4289 dicimus,

196 4300 271 4353 sed
312 4301 567 4372 quiddam
609 4307 856 4358 severiore
889 4307 1163 4377 disciplina
1209 4312 1466 4383 castigans
1522 4315 1779 4383 homines,

197 4401 256 4448 tot
284 4398 544 4470 tantisque
569 4399 790 4468 peccatis
819 4398 1080 4454 obnoxios.
1113 4402 1307 4460 Plures
1335 4407 1410 4461 uti
1439 4409 1778 4466 Ambrosiqu

197 4487 417 4562 aliosque
445 4490 698 4546 similiter
727 4492 1008 4564 loquentes
1039 4496 1293 4555 inducere
1323 4516 1606 4569 possemus
1632 4505 1781 4569 (Am-

197 4579 340 4650 bros.,
367 4583 459 4638 lib.
485 4583 551 4637 de
581 4582 712 4652 Noe,
741 4601 856 4658 cap.
891 4589 946 4653 4,
975 4587 1002 4660 §
1026 4591 1080 4655 9,
1111 4608 1233 4664 pag,
1262 4593 1412 4667 251).
1447 4595 1554 4654 Sed
1583 4602 1707 4671 quia
1728 4603 1782 4658 id
1808 4616 1862 4678 ι)

196 4670 392 4743 longius
423 4675 602 4742 foret,
634 4677 747 4732 sola
789 4679 1136 4749 subjiciemus
1183 4685 1298 4741 haec
1343 4686 1527 4744 Hilarii
1573 4670 1780 4751 verba:

203 4763 380 4822 «Ultio
425 4769 720 4825 constituta
769 4771 846 4828 ira
895 4789 1018 4830 esse
1064 4775 1156 4832 Dei
1202 4780 1473 4850 creditur;
1520 4801 1627 4842 non
1657 4790 1783 4860 quia

196 4857 592 4919 indemutahilis
619 4864 708 4920 illa
735 4866 852 4931 Dei,
879 4877 932 4922 et
953 4869 1131 4938 quieta
1153 4881 1343 4929 natura
1375 4886 1521 4932 motu
1550 4857 1783 4951 impetus

198 4955 378 5010 turbidi
406 4957 738 5024 incalescat;
774 4960 867 5015 sed
896 4961 1038 5030 quod
1067 4963 1179 5030 ille,
1211 4967 1303 5037 qui
1327 4983 1422 5036 per
1445 4974 1781 5032 constitutio-

197 5060 306 5103 nem
333 5065 513 5120 pcenae
562 5063 780 5109 maneat
809 5055 862 5109 in
909 5070 1068 5126 poem
1089 5101 1104 5124 ,
1144 5061 1340 5116 sentiat
1376 5063 1476 5118 sibi
1507 5078 1781 5128 auctorem

197 5137 344 5213 hujus
373 5145 780 5202 constitutionis
811 5149 1030 5205 iratum.
1062 5152 1230 5210 Poena
1259 5157 1400 5212 enim
1429 5161 1680 5228 patientis
1705 5166 1781 5222 ira

197 5246 307 5291 esse
331 5236 574 5293 creditur
613 5239 973 5299 decernentis.
1005 5247 1178 5316 Atque
1216 5248 1286 5304 ita
1327 5251 1575 5310 irascitur
1610 5258 1780 5329 Deus,

198 5338 308 5381 cum
351 5344 450 5399 per
480 5345 656 5400 paenae
694 5333 936 5391 dolorem
980 5330 1113 5393 iram
1143 5339 1346 5398 decreti
1379 5345 1431 5400 in
1461 5363 1521 5402 se
1550 5354 1784 5411 sentiant

198 5430 308 5474 esse
339 5422 548 5491 puniti,
592 5441 712 5496 qua:
751 5443 856 5483 non
899 5445 996 5500 per
1037 5431 1461 5494 demutationem
1493 5451 1698 5500 natura;
1730 5448 1782 5503 in

200 5512 322 5572 iram
343 5535 408 5574 ex
440 5521 801 5591 placabilitate
847 5539 1117 5584 commota
1143 5541 1258 5599 est,
1297 5536 1390 5592 sed
1423 5553 1490 5594 ex
1519 5546 1784 5601 constitu-

202 5609 334 5699 tione
363 5631 539 5685 petente
582 5620 662 5675 ira
706 5622 776 5676 sit
813 5624 1119 5693 puniendis.
1162 5647 1182 5679 ›
1240 5627 1465 5699 (Hilam,
1511 5635 1684 5695 Tract.
1733 5644 1787 5697 in

204 5697 392 5759 Psalm.
420 5724 481 5775 ιι,
510 5708 536 5780 §
565 5711 656 5780 l7,
687 5716 944 5787 1109.35.)
977 5717 1160 5788 Neque
1204 5697 1258 5776 id
1295 5697 1460 5780 semél
1489 5729 1618 5786 dixit
1647 5751 1660 5787 ε
1689 5737 1786 5791 sed

203 5795 253 5850 in
274 5798 350 5855 ira
372 5802 466 5859 Dei
485 5845 500 5871 ,
531 5804 700 5878 inquit
723 5808 902 5867 adhuc
931 5809 1124 5884 (lbid.,
1147 5815 1201 5869 in
1229 5817 1413 5887 psalm.
1436 5827 1666 5900 vaut,§
1693 5830 1783 5900 19,

631 5900 904 5965 ΡΑτιιοι.
955 5904 1028 5964 V.

1909 509 1974 564 ad
2006 512 2262 570 ultionem
2311 520 2711 581 exardesccntis
2756 529 3043 598 significari
3070 550 3214 604 saepe
3247 541 3502 595 tractavi-

1911 619 2048 660 mus.
2083 626 2100 656 ›
2137 609 2335 666 Verum
2360 615 2628 673 Arnobius
2657 623 2892 692 loquitur
2919 625 2986 680 de
3018 627 3093 681 ira
3124 645 3230 684 non
3264 633 3362 688 hoc
3385 634 3506 704 qni-

1906 693 2057 762 dem,
2112 699 2206 755 sed
2256 704 2434 772 priore
2488 717 2691 766 tantum
2741 715 3043 786 significatu
3094 735 3354 792 accepta,
3400 742 3503 797 qua

1903 785 2117 844 Ethnici
2159 791 2290 849 deos
2316 810 2444 852 suos
2470 785 3144 877 inflammariigarriebant.
3177 819 3348 886 Atque
3402 819 3506 875 hoc

1901 877 2022 948 ipso
2049 897 2235 952 sensu,
2268 887 2393 943 alibi
2421 893 2613 949 asserit
2658 897 2857 965 Deum,
2892 921 2910 952 ε
2943 905 3083 972 quod
3128 909 3342 976 swpius,
3368 931 3386 963 ι
3419 913 3502 966 in-

1901 972 2034 1040 quit,
2069 994 2088 1027 t
2122 977 2321 1035 dictum
2352 993 2456 1052 est,
2488 1004 2594 1042 non
2627 991 2916 1050 ardescere
2950 997 3148 1055 irarum
3183 1003 3436 1061 flammis.
3475 1029 3494 1062 ι

1852 1132 1856 1134 _
1899 1064 2141 1136 (Arnob,
2161 1073 2250 1127 lib.
2274 1091 2366 1142 vu,
2391 1096 2510 1149 pag.
2533 1081 2683 1152 222.)
2709 1084 2874 1143 Recte
2897 1099 3073 1146 autem
3099 1093 3236 1152 hanc
3254 1098 3306 1152 in
3333 1100 3499 1157 Deum

1900 1157 2032 1214 iram
2064 1163 2261 1221 cadere
2289 1184 2395 1224 non
2423 1187 2580 1240 posse
2610 1191 2907 1248 asseverat,
2939 1199 3142 1256 eosque
3167 1205 3359 1247 revera
3390 1211 3498 1252 non

1897 1271 2018 1312 esse
2048 1259 2197 1326 deos,
2232 1267 2320 1335 qui
2349 1282 2409 1321 ea
2444 1273 2840 1333 excandescere
2867 1280 3207 1341 dicebautur.
3237 1359 3240 1362 _

1969 1347 2072 1405 Ubi
2121 1353 2295 1423 enim,
2330 1358 2486 1416 sicuti
2529 1366 2688 1432 paulo
2715 1379 2871 1424 antea
2917 1359 3329 1447 annotavimus,
3365 1383 3504 1443 dixit

1898 1440 2078 1509 irasci,
2115 1447 2247 1502 nihil
2281 1467 2402 1508 esse
2439 1455 2582 1512 aliud
2611 1475 2771 1530 quam
2801 1463 3058 1532 insanire,
3093 1471 3292 1538 furere,
3325 1475 3374 1530 in
3417 1479 3499 1533 ul-

1898 1534 2099 1592 tionem
2135 1540 2368 1598 lihidinis
2399 1547 2524 1603 ferri
2566 1562 2620 1606 et
2647 1553 2932 1623 bacchari,
2977 1534 3315 1621 continenter
3343 1569 3497 1640 adje-

1895 1627 1967 1681 cit
1999 1647 2012 1680 :
2049 1649 2067 1681 ‹
2100 1631 2212 1688 Hoc
2253 1651 2382 1708 ergo
2408 1640 2478 1694 dii
2511 1645 2690 1715 magni
2732 1662 2960 1716 norunt,
3008 1659 3413 1730 perpetiuntur,
3445 1673 3500 1720 et

1893 1723 2133 1778 sentiunt
2177 1729 2320 1797 quod
2367 1731 2524 1800 ferte,
2575 1738 2718 1805 quod
2766 1741 2985 1808 belluas,
3013 1723 3172 1817 quod
3204 1723 3498 1811 mortiferae

1898 1815 2174 1872 continent
2207 1833 2471 1878 venenato
2510 1828 2560 1881 in
2593 1829 2755 1885 dente
2784 1815 3101 1902 nutricesi»
3139 1842 3212 1915 (id
3246 1857 3346 1912 est,
3381 1863 3501 1904 ser-

1895 1913 2086 1986 pentes
2107 1924 2372 1967 venenum
2397 1916 2452 1970 in
2480 1933 2615 1989 aqua
2645 1922 2950 1993 fundentes,
2976 1930 3042 1986 de
3066 1913 3259 2003 quibus
3281 1937 3495 2009 Cicero,

1895 1995 2176 2072 Lucanus)
2223 2014 2276 2058 et
2318 2007 2409 2062 alii
2458 2028 2477 2061 ς
2507 2013 2649 2081 quod
2701 2015 2936 2075 levitatis
2967 2023 3021 2077 in
3069 1995 3323 2094 homine,
3353 1995 3498 2104 quod

1894 2100 2110 2150 terreno
2153 2096 2207 2151 iu
2237 2100 2512 2159 animante
2536 2107 2804 2177 culpabile
2831 2126 2946 2178 est,
2981 2131 3245 2186 praestans
3277 2109 3364 2180 illa
3396 2145 3495 2183 na-

1896 2193 2051 2252 tura,
2099 2198 2154 2242 ct
2198 2190 2250 2244 in
2300 2205 2571 2264 perpetua:
2602 2201 2814 2257 virtutis
2855 2205 3109 2266 firmitate
3157 2217 3495 2288 consistens,

1892 2275 2032 2332 scire
2068 2297 2085 2330 ιι
2138 2281 2233 2352 (al.
2277 2288 2523 2359 sentire),
2578 2310 2597 2343 ‹
2635 2309 2980 2356 asseveratur
3019 2317 3048 2357 a
3099 2308 3251 2363 vobis
3309 2331 3327 2362 ι
3373 2313 3499 2386 (Ar-

1893 2369 2036 2435 nob.,
2063 2370 2154 2426 lib.
2181 2390 2218 2440 ι,
2253 2394 2372 2450 pag.
2408 2397 2471 2447 x;
2504 2383 2693 2452 Cicer.,
2741 2389 2831 2443 lib.
2877 2409 2928 2446 ιν
2982 2396 3227 2455 Academ.
3290 2369 3496 2479 quiest”

1894 2462 2137 2532 pag.55;
2187 2465 2413 2538 Lucam,
2439 2472 2528 2529 lib.
2558 2492 2632 2543 lx,
2660 2495 2789 2535 vers.
2819 2483 2968 2556 772),
3003 2490 3256 2550 nimirum
3282 2462 3498 2567 g'entili:

1892 2553 1992 2608 bus
2021 2558 2109 2626 qui
2137 2559 2243 2614 diis
2277 2566 2471 2622 vestris
2504 2569 2756 2637 tribuitis,
2785 2553 3039 2646 quidquid
3069 2585 3146 2639 ira
3178 2589 3231 2643 in
3259 2553 3494 2650 huomini-

1891 2644 1992 2700 bus
2021 2658 2076 2702 et
2104 2651 2299 2710 belluis
2327 2659 2452 2713 mali
2498 2659 2699 2719 habere
2743 2644 3096 2737 dignos-citur.
3128 2644 3493 2743 Quid

1893 2737 1946 2791 in
1976 2748 2086 2795 tota
2110 2741 2211 2799 hac
2229 2754 2696 2819 argumentatione
2716 2761 2862 2830 carpi
2893 2773 3091 2833 potest,
3118 2737 3259 2839 quod
3290 2791 3394 2830 non
3424 2779 3498 2834 sit

1894 2843 2082 2886 sanum
2129 2845 2181 2889 ct
2229 2839 2636 2900 orthodoxum?
2683 2846 2879 2906 Contra
2922 2856 3179 2916 Ethnicos
3225 2866 3494 2926 Arnobius

1892 2920 2072 2990 docet,
2103 2928 2334 3001 totisque
2362 2935 2561 3005 ingenii
2587 2939 2792 2998 viribus
2815 2946 3193 3012 demonstrare
3214 2963 3495 3020 cuntendit

1893 3012 1946 3067 in
1976 3031 2159 3072 verum
2185 3019 2351 3078 Deum
2383 3028 2576 3085 cadere
2605 3047 2712 3087 non
2737 3049 2896 3104 posse
2918 3043 3163 3100 vitiosam
3194 3049 3349 3117 ἰτειιη,
3377 3070 3498 3124 pra-

1895 3121 2099 3179 vosque
2124 3111 2265 3169 illius
2293 3127 2471 3173 motus
2501 3131 2558 3177 et
2581 3123 2822 3183 eﬁ'ectus.
2855 3133 2920 3184 At
2960 3149 3250 3209 numquam
3280 3111 3498 3216 negavit

2780 3222 2851 3275 sit
2880 3235 3084 3282 rectum
3135 3247 3306 3300 poena:
3347 3239 3488 3296 inlli-

1887 3295 2080 3364 senda:
2099 3296 2384 3369 judicium,
2409 3316 2464 3359 et
2486 3307 2631 3374 justa
2660 3311 2884 3370 offensae
2913 3295 3148 3392 alicujus
3168 3325 3323 3382 ultio.
3351 3332 3489 3398 Quid

1889 3396 2066 3443 autem
2109 3391 2305 3449 citatus
2342 3398 2410 3451 ab
2455 3398 2688 3459 l-leraldo
2716 3404 3028 3469 Lactantius
3054 3391 3122 3470 de
3157 3417 3238 3474 ira
3269 3391 3490 3485 Dei‘do-

1889 3481 2076 3548 cuerit,
2106 3499 2205 3540 suo
2232 3487 2352 3544 loco
2380 3491 2780 3564 indagabimus.

2491 3646 2788 3692 ARTICULUS
2827 3655 2899 3696 ιν.

1892 3750 2063 3804 Utrum
2080 3755 2626 3858 Arnobiusncqe‘dlidsrit
2639 3769 2798 3858 Deum
2821 3789 2946 3858 esse.
2959 3786 3176 3837 omnium
3197 3804 3306 3842 cum
3326 3808 3487 3858 paena:

2265 3832 2367 3874 tum
2391 3828 2548 3892 culpze
2573 3834 2811 3886 malorum
2838 3828 3109 3898 auctorem:

1959 3963 2226 4067 Quosdam
2246 3971 2432 4030 audire
2458 3977 2612 4034 nobis
2634 3982 2898 4055 videmur,
2926 3993 3015 4063 qui
3042 3997 3341 4061 Arnobium
3371 4025 3487 4079 gra-

1887 4053 2088 4110 vissimi
2115 4059 2168 4112 in
2193 4073 2289 4117 sua
2318 4063 2384 4118 de
2411 4067 2500 4122 Dei
2525 4075 2915 4143 omnipotentia
2943 4085 3306 4156 disputatione
3334 4053 3486 4158 extare-

1886 4145 1962 4200 ris
2001 4149 2256 4208 audacter
2301 4157 2637 4220 insimulant.
2671 4167 2862 4228 Nonne
2892 4180 3057 4244 enim,
3091 4183 3356 4261 inquiunt,
3385 4196 3484 4252 ali-

1884 4253 2042 4308 quem
2073 4242 2273 4301 inducit
2302 4249 2402 4304 sibi
2439 4253 2823 4330 objicientem;
2858 4268 2901 4321 si
2934 4242 3481 4342 Dcivoluntate,om-

1886 4332 1972 4451 nlja
2003 4334 2434 4451 fiant,'nihilque
2471 4349 2590 4404 sine
2632 4351 2722 4406 illa
2775 4358 2887 4414 fieri
2931 4376 3126 4434 queat,
3156 4332 3280 4429 inde
3304 4332 3477 4451 vsequi

1887 4422 2037 4480 illum
2078 4429 2340 4486 malorum
2392 4439 2668 4510 omnium,
2711 4449 2906 4518 quibus
2950 4454 3196 4516 homines
3240 4422 3480 4537 quotidie

1885 4615 2244 4670 attentissime
2272 4618 2363 4677 ille
2390 4626 2572 4683 animo
2599 4635 2875 4705 expendit,
2898 4615 3213 4708 persuasum
3234 4615 3347 4709 sibi
3355 4673 3478 4717 esse

1885 4703 2122 4764 declarat
2150 4726 2211 4766 ea
2241 4717 2377 4770 mala
2408 4734 2583 4791 neque
2617 4741 2684 4781 ex
2724 4729 3038 4806 elementis,

1886 4814 2003 4921 :lm
2027 4803 2384 4909 inaequalitate
2406 4816 2535 4870 oriri
2562 4818 2752 4889 (Idem,
2775 4825 2867 4881 tib.
2898 4845 2956 4897 tt,
2980 4803 3100 4906 pag.
3120 4803 3189 4894 8D
3210 4851 3258 4895 et

1885 4891 2002 4948 Non
2037 4898 2178 4952 enim
2225 4901 2342 4959 ﬁeri
2398 4922 2558 4976 posse
2587 4923 2776 4985 putat,
2829 4932 2884 4976 ut
2929 4891 3296 4996 qumvsensum
3332 4891 3477 5011 j’u’dil-

1885 4985 2133 5060 Ciumque
2163 5009 2266 5049 non
2313 4997 2546 5072 habent,
2593 5011 2749 5065 noxia
2779 5014 2886 5069 sint
2925 5031 2978 5073 et
3021 5025 3306 5090 malitiosa.
3332 4985 3477 5101 JQuid

1884 5094 2014 5151 ergo
2040 5084 2106 5138 ad
2138 5085 2253 5144 haec
2281 5092 2385 5148 sibi
2414 5097 2624 5168 objecta
2654 5104 2744 5160 ille
2767 5121 2954 5178 postea
2987 5125 3310 5191 respondet?

1884 5189 2014 5231 sane
2040 5179 2204 5248 aliud,
2233 5185 2333 5239 nisi
2362 5201 2548 5258 parum
2581 5196 2847 5260 interesse
2875 5209 3200 5286 sciamusne,
3229 5237 3295 5276 an
3325 5227 3475 5296 igno-

1884 5285 2067 5327 remus
2091 5290 2211 5345 qute
2257 5282 2380 5336 mali
2406 5301 2565 5343 causa
2594 5293 2682 5370 sit,
2715 5296 2888 5354 Unum
2927 5307 3123 5379 quippe
3153 5316 3290 5372 scire
3323 5282 3477 5382 trobis

1887 5361 2062 5382 ,ΗΜΛ
2223 5371 2234 5382 .
2260 5371 2271 5382 .

2664 5361 2669 5370 ι
2943 5361 2959 5373 ,
3023 5361 3037 5377 ,
3061 5361 3078 5379 ,
3103 5361 3119 5364 -
3153 5361 3290 5372 --ην
3323 5361 3477 5382 ..νυιο

1885 5361 2134 5422 sufﬁcere
2158 5371 2452 5432 arbitratur
2475 5382 2609 5438 nihil
2636 5401 2664 5438 a
2698 5388 2807 5444 Deo
2837 5398 3080 5466 noxium,
3106 5407 3376 5468 exitiabile
3423 5429 3479 5476 et

1889 5460 2218 5520 mortiferum
2249 5473 2515 5537 proficisci
2535 5520 2547 5543 ,
2588 5479 2828 5555 nihilque
2854 5491 2923 5543 ab
2948 5507 3013 5548 eo
3039 5497 3153 5554 fieri
3177 5545 3190 5563 .
3226 5508 3326 5562 nisi
3363 5527 3480 5569 om-

1890 5553 2051 5659 nibus
2076 5559 2339 5632 salutare,
2371 5567 2556 5637 dulce,
2586 5553 2844 5649 Optabile,
2871 5596 3083 5654 gratum
3130 5605 3181 5650 et
3201 5553 3485 5668 jucundis-

1890 5660 2106 5706 snmum.
3201 5660 3219 5668 ⁷
3382 5660 3427 5710 "‘-

1962 5741 2150 5802 Nonne
2178 5759 2354 5808 autem
2399 5765 2509 5814 tota
2529 5803 2543 5826 ,
2579 5763 2761 5833 aiunt,
2798 5767 2897 5826 hac
2937 5774 2989 5830 in
3017 5783 3263 5844 oratione
3288 5795 3483 5868 caligat

1971 5843 2176 5868 hannI-I:I
2218 5844 2238 5868 Δ
2257 5863 2312 5868 ..μ
2329 5849 2372 5868 -l
2396 5851 2404 5863 ι
2618 5858 2628 5868 .
2826 5864 2838 5868 _

1892 5845 1946 5892 ει
1969 5843 2180 5900 excutit
2206 5844 2495 5924 Arnobius,
2526 5858 2728 5914 malum
2753 5864 2927 5936 culpa:
2951 5885 2979 5926 a
3008 5876 3151 5933 malo
3175 5897 3347 5952 poma:
3375 5843 3482 5956 lim;

2724 5955 2799 6024 15
