3904 6326
431 271 540 332 ιδθ

1709 251 2164 316 DISSERTATIO
2201 249 2482 310 PMVIA

3584 248 3673 306 ιω

432 383 852 460 distinguendo?
879 381 1013 452 Quis
1039 393 1273 450 namque
1309 377 1364 432 in
1405 375 1574 432 sacris
1603 375 1806 430 nostris
1837 373 2019 442 Scrip-
2049 385 2102 444 Α
2127 369 2272 424 Deus
2315 369 2496 438 itaque
2543 364 2684 422 sicut
2719 371 2778 419 et
2810 359 3058 420 Christus
3099 357 3368 418 neminem
3403 359 3556 432 cogit,
3595 365 3676 420 sed

437 487 570 540 turis
601 498 706 538 non
741 481 898 550 plane
927 477 1143 547 hospes,
1174 489 1237 530 ac
1269 473 1585 544 peregrinus
1605 515 1620 538 ,
1653 473 1862 526 nesciat
1901 468 2029 522 ntali

435 579 638 648 culpze,
671 576 782 629 Deo
812 571 1176 643 permittente,
1207 565 1504 628 diabolum,
1535 564 1664 619 mali
1699 579 1828 618 vero
1853 575 2030 632 ptente

441 661 788 736 peccantibus
817 657 1055 726 inﬂictae,
1085 657 1374 726 ipsummet
1405 653 1594 717 Deum,
1623 659 1772 706 recto
1799 663 1928 704 sane
1949 649 2031 718 ju-

433 758 574 813 dicio
602 769 724 812 esse
749 751 1063 808 auctorem?
1093 747 1282 805 Nonne
1321 747 1484 802 etiam
1527 743 1658 800 illud
1689 743 1898 798 discere
1929 755 2028 811 po-

433 850 531 904 tuit
559 865 624 904 ex
654 845 1008 910 Tertulliano,
1032 843 1124 914 qui
1148 841 1364 914 quidem
1393 839 1483 894 ubi
1512 837 1772 892 adversus
1803 835 2029 890 Marcio-

432 945 516 998 nis
543 943 612 998 de
639 941 782 998 malo
809 939 910 994 deo
939 937 1204 992 malorum
1247 941 1468 988 auctore
1493 945 1734 986 errorem
1763 927 2023 994 disputat,

427 1039 502 1094 ibi
533 1038 669 1094 scite
697 1046 984 1102 utrumque
1013 1029 1144 1084 illud
1177 1027 1376 1082 malum
1406 1024 1723 1096 diStinguit:
1762 1041 1780 1072 ε
1817 1020 1926 1074 Nos
1947 1061 1964 1086 ,
1998 1037 2018 1072 ι

427 1133 633 1204 inquit,
670 1149 690 1181 σ
725 1127 962 1184 adhibita
992 1124 1336 1180 distinctione
1366 1121 1643 1190 utriusque
1679 1117 1901 1182 formae,
1933 1130 2024 1170 se-

429 1227 629 1298 paratis
659 1223 814 1279 malis
841 1219 1042 1287 delicti,
1074 1229 1128 1274 et
1160 1217 1315 1272 malis
1339 1214 1608 1286 supplicii,
1637 1212 1798 1266 malis
1819 1209 2018 1280 culpae,

427 1332 484 1377 et
521 1319 678 1376 malis
717 1331 916 1390 ptume,
948 1329 1103 1369 suum
1135 1311 1332 1380 cuique
1359 1309 1496 1378 parti
1525 1306 1814 1362 definimus
1839 1314 2024 1358 aucto-

429 1429 547 1470 rem
582 1431 596 1468 :
627 1409 892 1466 malorum
921 1405 1138 1479 quidem
1181 1402 1384 1473 peccati
1420 1409 1476 1455 et
1501 1401 1670 1470 culpae
1707 1396 1978 1452 diabolum
2007 1413 2022 1450 :

427 1509 693 1562 malorum
733 1517 862 1558 vero
892 1497 1136 1571 supplicii
1173 1507 1227 1552 et
1267 1510 1441 1564 poena:
1489 1493 1654 1548 Deum
1685 1499 2022 1553 creatorem;

430 1609 488 1654 ut
533 1598 620 1652 illa
671 1609 796 1666 pars
841 1589 1059 1648 malitia:
1105 1589 1424 1660 deputetur,
1461 1585 1562 1638 ista
1587 1583 1839 1652 iustitiae,
1881 1579 2024 1635 mala

425 1691 708 1748 condentis
745 1685 943 1758 judicia
971 1686 1231 1740 adversus
1263 1682 1400 1736 mala
1428 1680 1632 1734 delicti.
1663 1679 1738 1732 De
1773 1677 1856 1732 his
1891 1691 2023 1746 ergo

2133 475 2324 518 omnes
2351 459 2633 530 aequaliter
2665 467 2842 524 vocat,
2875 465 2930 514 et
2955 455 3163 512 cunctis
3187 455 3254 510 ad
3279 465 3340 510 se
3363 455 3590 512 veniendi
3613 457 3680 512 fa-

2133 555 2206 608 cit
2241 561 2586 624 potestatem.
2625 550 2684 606 Si
2714 551 2836 620 quis
2863 564 2994 620 ergo
3029 563 3140 606 non
3181 547 3376 614 veniat,
3405 547 3538 603 illius
3567 563 3681 606 sane

2133 665 2244 704 non
2287 648 2382 703 Dei
2421 647 2578 715 culpa
2621 655 2724 704 est.
2761 645 2920 716 Atqui
2953 661 3020 700 ex
3045 644 3147 700 hac
3175 644 3563 699 ratiocinatione
3581 645 3683 700 evi-

2133 742 2326 798 denter
2375 741 2648 812 colligitur
2681 739 2978 796 Arnobium
3015 737 3312 795 credidisse
3349 737 3482 792 mala
3515 737 3680 808 culpae,

2129 835 2334 900 delicti,
2367 845 2422 890 et
2449 835 2688 902 malitia},
2719 847 2822 890 non
2853 849 2922 890 ex
2955 833 3084 897 Deo,
3117 830 3216 887 sed
3241 845 3305 886 ex
3335 830 3493 884 libera
3519 845 3686 899 prava-

2131 945 2236 999 que
2257 930 2492 986 hominis
2517 928 2794 984 voluntate
2817 926 3085 998 proficisci
3111 945 3127 982 :
3157 925 3294 980 mala
3321 934 3490 980 autem
3515 939 3686 992 omne,

2133 1023 2206 1076 uti
2237 1022 2440 1078 dictum
2465 1031 2572 1086 est,
2597 1021 2666 1078 ab
2691 1037 2758 1078 eo
2783 1021 3000 1092 quidem
3029 1018 3218 1090 infligi,
3245 1019 3340 1074 sed
3359 1027 3570 1088 cogente
3585 1033 3690 1088 pec-

2131 1117 2366 1172 cantiqu
2419 1116 2653 1180 malitia,
2707 1130 2868 1186 quam
2923 1114 3240 1184 impunitam
3289 1110 3547 1168 dimittere
3595 1127 3689 1166 non

2131 1220 2325 1282 potest.
3395 1265 3400 1272 ι

2201 1302 2402 1359 Contra
2429 1313 2608 1360 tamen
2627 1303 2849 1373 objiciet
2875 1303 3072 1374 aliquis
3095 1301 3389 1358 Aruobium
3418 1307 3696 1356 constanter

2129 1411 2358 1466 negasse
2383 1397 2546 1452 ullam
2572 1397 2895 1452 calamitatis
2923 1411 3140 1452 causam
3169 1409 3330 1464 posse
3357 1407 3590 1463 umquam
3611 1391 3692 1446 ho-

2131 1492 2370 1548 minibus
2409 1492 2478 1547 ab
2516 1493 2634 1561 ipso
2677 1491 2788 1546 Deo
2829 1490 3040 1546 inferri.
3087 1490 3298 1544 Diserte
3337 1486 3586 1558 siquidem
3620 1485 3697 1540 ille

2132 1585 2484 1656 pronuntiat:
2507 1584 2816 1656 «Quidquid
2855 1584 3000 1655 potis
3035 1595 3120 1638 est
3151 1597 3372 1638 causam
3411 1579 3701 1636 calamitatis

2131 1661 2516 1752 inferreﬁluid
2545 1681 2617 1734 sit
2635 1680 2873 1748 primum
2903 1677 3196 1732 videndum
3219 1686 3322 1739 est,
3351 1684 3404 1730 et
3423 1673 3490 1728 ab
3515 1671 3602 1726 Dei
3621 1685 3700 1724 no-

424 1794 636 1842 (πθῖηοτ
665 1783 946 1854 Ρΐοίίιθίιπ
987 1777 1170 1842 malis,
1200 1792 1318 1846 qui”
1345 1781 1652 1842 εοιιενυιιιιι
1675 1769 1862 1840 ,ἱιιάίοί-
1887 1769 2020 1836 Quin
2053 1785 2100 1844 Β
2126 1775 2272 1830 mine
2319 1775 2632 1844 longissima
2683 1774 2848 1830 debet
2891 1771 3186 1828 diﬂcritate
3231 1771 3442 1841 seponi.
3479 1787 3500 1821 δ
3531 1766 3701 1840 (Idem,

425 1882 642 1954 quidem
673 1877 813 1934 mala
857 1876 962 1931 illis
1003 1875 1142 1930 mala
1187 1881 1341 1936 sunt,
1371 1869 1566 1940 quibus
1611 1865 2022 1936 rependuntur:

421 1985 676 2030 caeterum
699 1985 800 2026 suo
825 1969 1044 2024 nomine
1067 1966 1229 2028 bona,
1256 1979 1358 2034 qua
1377 1961 1545 2032 justa,
1573 1969 1627 2016 et
1653 1959 1920 2014 bonorum
1939 1956 2028 2012 de-

425 2074 678 2140 fensoria,
709 2081 765 2128 et
789 2069 1112 2124 delictorum
1141 2063 1383 2129 inimica,
1413 2067 1576 2128 atque
1621 2059 1671 2112 in
1703 2057 1806 2112 hoc
1833 2056 2029 2112 ordine

423 2167 536 2222 Deo
579 2165 760 2236 digna.
793 2181 812 2214 ι
845 2157 1208 2232 (Tertullian.,
1239 2155 1327 2208 lib.
1361 2171 1419 2220 ιι,
1447 2153 1567 2206 adu.
1597 2150 1884 2216 Marciam,
1908 2165 2026 2217 cap.

425 2237 512 2324 ὶι,
547 2275 666 2328 pag.
698 2253 853 2325 464.)
884 2253 980 2307 Cui
1009 2251 1226 2322 quidem
1273 2248 1390 2302 lucc
1431 2245 1650 2300 uberius
1683 2241 2030 2313 prosequenti

424 2363 480 2409 ct
517 2351 780 2408 usserenti
819 2347 1180 2417 sum-agantur
1227 2341 1521 2412 Origenes,
1585 2337 1916 2408 Augustinus
1975 2343 2032 2390 et

426 2447 515 2502 alii
539 2459 734 2516 magno
759 2455 985 2498 numero
1005 2449 1059 2494 et
1079 2451 1350 2494 consensu
1371 2433 1560 2488 Patres
1585 2430 1864 2491 Ecclesizc,
1889 2443 2027 2499 quos

425 2541 480 2598 in
515 2557 592 2606 re,
625 2537 759 2594 nulli
789 2533 1080 2605 incognita,
1115 2531 1202 2585 hic
1231 2527 1506 2599 appellare
1533 2523 1664 2580 nihil
1695 2535 1918 2576 necesse
1941 2529 2029 2576 est

429 2638 604 2710 (Orig.
627 2677 642 2702 ,
677 2634 764 2688 lib.
809 2649 882 2698 vr,
927 2641 1092 2684 contr.
1137 2627 1274 2682 Cels.
1295 2665 1310 2689 ,
1343 2640 1462 2693 pag.
1495 2619 1635 2682 524;
1663 2617 1903 2688 August,
1933 2615 2025 2670 lib.

427 2743 595 2790 contr.
625 2729 918 2792 Adimant.,
945 2741 1060 2794 cap.
1092 2721 1196 2786 26,
1223 2715 1374 2790 etc.).
1403 2713 1672 2784 Numquid
1701 2727 1831 2782 ergo
1857 2713 2034 2766 Amo-

429 2827 550 2882 bius
577 2827 692 2880 [nec
721 2819 1006 2892 ignoravit,
1035 2825 1126 2872 aut
1147 2814 1192 2868 si
1223 2819 1500 2880 comperta
1523 2805 1732 2870 habuit,
1761 2820 1858 2859 cur
1879 2801 2032 2856 brevi

429 2917 809 2990 explicatione,
841 2913 926 2968 vel
955 2907 1186 2978 duplicis
1213 2903 1338 2959 mali
1375 2899 1745 2960 distinctione,
1777 2911 1884 2950 non
1921 2893 2031 2948 sol-

429 3015 506 3070 vit
537 3012 760 3082 hujusce
787 3003 1120 3064 difficultatis
1145 2997 1386 3054 nodum?
1415 2992 1685 3062 Numquid
1713 3003 2032 3060 persuasum

433 3108 508 3164 illi
537 3079 672 3169 erat,
703 3101 846 3172 quod
871 3115 901 3152 a
929 3096 1174 3168 proxime
1211 3093 1376 3146 citato
1399 3087 1632 3156 Origene
1663 3084 1868 3138 dictum
1895 3079 2032 3149 legi-

2137 1869 2226 1922 lib.
2257 1883 2354 1932 vn,
2389 1883 2513 1938 pag.
2553 1866 2709 1936 228.)
2751 1865 2942 1922 Nonne
2983 1875 3163 1921 autem
3197 1863 3284 1918 his
3327 1864 3414 1918 ille
3454 1862 3622 1918 verbis
3659 1861 3704 1913 in

2135 1963 2464 2032 ipsissimum
2506 1961 2728 2018 olfendit
2757 1959 3048 2015 Marcionis
3085 1967 3354 2023 errarem,
3387 1971 3491 2026 quo
3517 1955 3705 2025 garrie-

2135 2055 2229 2110 but
2253 2055 2418 2110 Deum
2443 2054 2662 2124 quidem
2685 2054 2954 2108 bonorum
2975 2063 3100 2107 esSe
3117 2061 3420 2115 auctorem,
3451 2047 3580 2102 mala
3601 2061 3708 2102 vero

2133 2149 2340 2214 omnia,
2379 2161 2735 2218 quiscumque
2769 2146 2898 2212 sint,
2937 2159 3012 2201 ex
3033 2143 3144 2199 alio
3163 2141 3404 2214 quodam
3431 2140 3569 2196 malo
3589 2137 3712 2209 prin-

2141 2245 2286 2314 cipio
2319 2241 2605 2298 manasse?

2213 2337 2412 2390 Verum
2443 2335 2538 2405 qui
2573 2335 2644 2388 ita
2677 2341 3111 2404 argumentatur,
3141 2332 3190 2386 is
3219 2330 3468 2402 profectio
3501 2327 3712 2382 animum

2139 2446 2244 2482 non
2278 2430 2410 2484 satis
2439 2428 2675 2482 advertit
2701 2427 3001 2482 Arnobium
3043 2426 3116 2480 ibi
3155 2426 3468 2496 opinionem
3497 2421 3714 2477 refellere

2135 2521 2440 2592 gentilium,
2473 2521 2568 2590 qui
2597 2520 2764 2574 stulte
2789 2517 3194 2574 contendebant
3221 2516 3362 2572 alios
3391 2516 3520 2571 deos
3553 2523 3716 2568 natura

2135 2631 2232 2672 sua
2263 2616 2433 2670 bonos
2455 2631 2580 2670 esse
2606 2624 2662 2669 et
2691 2627 3003 2685 prosperos,
3037 2612 3174 2666 alios
3209 2625 3338 2666 vero
3369 2609 3538 2664 malos
3565 2615 3614 2661 et
3639 2601 3717 2658 ad-

2139 2722 2350 2772 versos,
2377 2715 2541 2776 atque
2581 2707 2688 2762 hos
2726 2705 2991 2760 maiorum
3025 2703 3267 2758 omnium
3301 2711 3358 2758 et
3385 2700 3721 2757 calamitatum

2147 2817 2270 2870 quae
2313 2815 2440 2855 vera
2477 2799 2616 2853 mala
2659 2798 2906 2854 Ethnicis
2935 2797 3278 2862 ridebantur,
3313 2809 3435 2852 esse
3473 2803 3718 2854 auctores;

2153 2905 2208 2950 ta
2237 2904 2420 2950 tamen
2443 2905 2505 2948 ut
2531 2892 2743 2958 hostiis,
2769 2889 3077 2956 sacriﬁciis,
3103 2891 3338 2958 aliisque
3365 2881 3724 2958 superstitiosis

2145 2989 2342 3044 ritibus
2383 2987 2602 3057 placati,
2635 2986 2704 3041 de
2735 2986 2894 3056 malis
2927 2983 3125 3040 ﬁerent
3153 2985 3306 3051 boni,
3339 2993 3434 3038 aut
3465 2989 3606 3038 certe
3639 2978 3723 3032 ho-

2139 3084 2274 3137 mini
2307 3091 2416 3138 non
2449 3091 2730 3136 nocerent.
2775 3079 3048 3134 Arnobius
3091 3085 3220 3132 vero
3251 3076 3480 3132 tametsi
3523 3074 3726 3128 fateatur

435 3211 520 3258 tur
546 3219 560 3256 :
589 3197 644 3254 Si
675 3197 798 3268 quis
827 3194 961 3249 alios
1001 3191 1151 3245 locus
1187 3198 1272 3243 est
1314 3186 1366 3238 in
1407 3183 1568 3237 rebus
1597 3178 1844 3234 humanis
1871 3189 2029 3230 scru-
2061 3183 2107 3248 [ζ
2137 3175 2464 3232 christianos
2505 3174 2697 3229 iisdem
2729 3181 2894 3243 atque
2921 3171 3182 3226 Ethnicos
3211 3167 3452 3240 opprimi
3477 3163 3727 3222 calamita-

437 3305 548 3352 tatu
577 3290 814 3348 difﬁcilis
843 3297 1048 3341 natura:
1077 3289 1299 3343 nostrae,
1329 3279 1474 3332 inter
1499 3275 1597 3329 bos
1623 3272 1818 3326 merito
1843 3281 2034 3323 nume.

437 3386 547 3443 rari
591 3391 767 3455 potest
803 3379 1068 3434 malorum
1111 3374 1283 3442 origo.
1319 3389 1338 3422 >
1373 3367 1566 3440 (0rig.,
1611 3367 1700 3418 lio.
1743 3379 1830 3428 1v,
1861 3369 2030 3415 contr.
2075 3401 2090 3412 .

439 3478 610 3542 Ccls.,
655 3492 774 3547 pug.
821 3473 975 3542 207.)
1013 3469 1102 3522 Sic
1151 3474 1330 3520 autem
1379 3462 1472 3516 ille
1519 3473 1696 3530 graec
1741 3456 2030 3525 loquitur:

439 3573 592 3648 Εἴπερ
631 3572 716 3624 οὐν
743 3565 889 3628 ἄλλος
925 3586 1002 3625 τις
1033 3561 1192 3620 τόπος
1221 3566 1320 3613 τῶν
1357 3559 1406 3610 ἐν
1448 3557 1729 3626 ἀνθρώποις
1757 3551 2038 3616 ἐξετάσεως

440 3666 694 3738 δεόμενος,
725 3657 1042 3735 δυσθήρατός
1065 3655 1177 3708 ἐστι
1197 3659 1258 3723 τῇ
1281 3654 1429 3723 pluton
1459 3651 1621 3721 ἡμῶν,
1653 3651 1702 3701 ἐν
1727 3648 1929 3706 τούτοις
1953 3645 2040 3697 καὶ

441 3762 472 3818 ἡ
499 3767 602 3814 τῶν
629 3761 796 3810 κακῶν
822 3731 1036 3822 collect»
1056 3741 1330 3818 ἂνγὲνισις.
1355 3741 1470 3795 Non
1493 3753 1716 3810 prorsus
1743 3737 1921 3805 inepta
1943 3733 2044 3789 tibi
2088 3731 2094 3746 '

445 3854 671 3907 fortasse
697 3846 962 3902 videbitur
987 3843 1102 3896 haec
1128 3840 1288 3902 ratio,
1316 3837 1358 3890 si
1393 3849 1683 3905 parumper
1704 3829 2044 3886 animadver-

451 3955 531 4002 tas
577 3943 716 3997 hanc
757 3939 825 3994 de
865 3936 991 3991 mali
1039 3933 1244 4006 origine
1290 3929 1644 4000 qumtioaem
1681 3940 1842 3980 unam
1871 3939 1936 3978 ex
1981 3924 2046 3977 iis

453 4037 693 4094 Arnobio
719 4035 910 4100 videri,
931 4031 999 4088 de
1023 4047 1124 4102 qua
1149 4029 1287 4082 inter
1309 4041 1366 4080 se
1385 4023 1751 4095 digladientur
1773 4019 2042 4082 homines,

456 4133 698 4203 nihilque
722 4129 854 4184 certi
880 4143 910 4182 τι
939 4142 996 4180 se
1023 4123 1184 4178 statui
1209 4135 1374 4194 posse
1399 4117 1750 4174 confitentur.
1777 4117 2053 4184 Quaprop-

461 4240 543 4284 ter
583 4242 651 4282 ne
676 4225 888 4294 longius
928 4217 1306 4288 disputationis
1343 4214 1486 4268 tilum
1519 4211 1754 4273 ducere,
1797 4217 1853 4262 et
1889 4215 2048 4262 extra

463 4321 787 4394 propositam
815 4333 844 4371 a
869 4331 929 4370 se
955 4315 1025 4372 ibi
1051 4313 1120 4368 de
1147 4311 1323 4365 anima
1351 4307 1706 4378 quaestionem
1735 4303 1932 4356 diutius
1961 4317 2054 4354 va-

459 4417 572 4488 gari
601 4421 902 4482 cogeretur,
927 4407 1054 4462 satis
1083 4405 1183 4458 sibi
1219 4418 1338 4458 esse
1373 4400 1576 4470 putavit
1611 4397 1784 4467 palam
1811 4395 2056 4450 Ethnicis

465 4509 710 4566 omnibus
727 4504 1002 4560 declarare
1031 4499 1134 4554 hoc
1161 4513 1322 4552 unum
1349 4511 1378 4550 a
1399 4495 1713 4549 cbristianis
1733 4501 1883 4544 certo
1905 4488 2058 4549 sciri,

2137 3273 2304 3335 tibus,
2335 3287 2396 3326 ac
2433 3271 2542 3327 Deo
2571 3271 2940 3340 permittente,
2977 3269 3344 3324 atrocissimis
3375 3264 3646 3336 suppliciis
3671 3259 3731 3314 ob

2141 3365 2288 3420 illius
2321 3365 2728 3420 confessionem
2765 3361 2836 3419 ab
2867 3363 3115 3417 Ethnicis
3155 3363 3340 3416 vexari
3377 3370 3434 3415 et
3465 3353 3728 3417 trucidari;

2145 3456 2263 3512 huic
2283 3467 2492 3521 tamen,
2515 3457 2594 3511 uti
2627 3457 2880 3526 superius
2907 3455 3166 3519 vidimus,
3185 3465 3304 3508 non
3327 3451 3472 3507 mala
3493 3447 3729 3521 iprofecto,

2145 3552 2244 3606 sed
2293 3553 2430 3606 bona
2474 3565 2597 3607 esse
2639 3553 2853 3614 asserit,
2891 3551 3094 3620 quibus
3125 3549 3192 3604 ad
3229 3549 3506 3604 libertatis
3541 3553 3734 3600 teter-na:

2143 3645 2324 3700 lucem
2341 3647 2667 3701 educantur.
2695 3643 3034 3716 (Μακέων.
3065 3659 3122 3711 ιι,
3151 3653 3275 3713 pug.
3295 3641 3542 3710 '98,enp.
3568 3641 3735 3708 inpetu

2147 3753 2249 3796 nrt.
2279 3743 2311 3796 4
2323 3741 2362 3809 .·)

2217 3833 2393 3888 Recte
2435 3833 2682 3904 quidem,
2711 3833 2949 3904 inquies,
2989 3834 3044 3887 si
3101 3831 3377 3888 Arnobius
3407 3823 3739 3885 Ethnicorum

2153 3939 2400 3983 errorem
2415 3929 2749 3993 refellendo,
2771 3929 2914 3982 intra
2937 3928 3185 3982 \‘E’l‘l’tﬂﬁs
3199 3927 3477 3981 terminos
3499 3931 3616 3978 Sese
3637 3931 3741 3974 con-

2149 4019 2429 4078 senuisset.
2469 4021 2582 4076 Sed
2613 4021 2714 4076 ille
2749 4021 3064 4090 generalem
3115 4020 3251 4074 hanc
3289 4018 3561 4089 nulloque
3597 4011 3742 4069 limite

2155 4113 2620 4182 circumscriptam
2656 4113 2860 4182 profert
2883 4113 3244 4168 assertionem
3261 4130 3282 4164 τ
3307 4131 3328 4163 ι
3343 4107 3618 4180 IQuidquid
3635 4105 3742 4160 mite

2161 4217 2262 4274 est,
2297 4207 2676 4278 placido-mque
2703 4217 2920 4274 natura,
2953 4207 3024 4261 :r'b
3053 4205 3291 4263 nocendi
3325 4206 3516 4277 procul
3544 4211 3620 4258 est
3641 4213 3741 4262 usu,

2159 4311 2214 4356 et
2237 4303 2566 4371 cogitatione
2587 4303 2907 4358 discretum.
2935 4317 2955 4352 ι
2983 4301 3228 4374 (Amob.,
3255 4299 3346 4355 lib.
3367 4315 3473 4367 vn,
3501 4313 3615 4370 pug.
3637 4291 3742 4354 2‘28.

2163 4406 2208 4450 et
2249 4399 2416 4468 seqq.)
2457 4397 2596 4464 Quin
2637 4409 2768 4452 vero
2811 4396 3008 4451 ibidem
3047 4391 3255 4466 adjecit
3295 4412 3410 4450 non
3451 4391 3619 4463 magis
3653 4383 3747 4442 fieri

2169 4505 2358 4561 posse;
2395 4501 2452 4544 ut
2473 4493 2562 4560 qui
2597 4501 2788 4547 natura
2819 4507 2914 4546 sua
2945 4489 3125 4546 bonus
3158 4499 3258 4556 est,
3293 4491 3452 4546 alteri
3485 4495 3682 4548 noceat,
3705 4486 3747 4532 et

467 4605 636 4662 Deum
665 4599 788 4654 tnali
819 4613 918 4652 nec
941 4609 1158 4650 causam
1193 4606 1335 4656 esse.
1373 4603 1476 4644 nec
1501 4597 1800 4642 ωιϐιθΐθιη·
1831 4581 2062 4638 Diflilel‘i-
2089 4581 2146 4644 Ι)
2169 4587 2372 4657 aliquid
2397 4575 2586 4640 afferat
2625 4587 2775 4653 muli,
2801 4595 3046 4658 quarunt
3067 4579 3488 4657 'ignis'in‘frigus
3519 4586 3744 4637 mutetur.

469 4711 644 4756 tamen
675 4710 778 4750 non
823 4703 1103 4763 possumus
1133 4687 1274 4742 hanc
1297 4685 1365 4739 de
1395 4683 1520 4738 mali
1553 4689 1774 4736 auctore
1799 4675 2062 4746 disquisi-

468 4793 668 4848 tionem
697 4787 765 4840 ibi
793 4785 861 4838 ab
888 4783 1002 4852 ipso
1049 4779 1290 4850 potuisse
1325 4776 1523 4830 clarius
1563 4769 1857 4840 explicari;
1891 4783 2064 4836 (tuan-

471 4881 756 4954 doquidetn
787 4878 878 4932 ille
907 4878 956 4930 in
987 4875 1090 4928 hoc
1125 4871 1314 4927 eodem
1341 4869 1484 4934 loco,
1508 4866 1560 4920 in
1589 4865 1691 4920 alia
1719 4865 1857 4919 scitu
1883 4862 2063 4916 minus

471 4977 650 5048 digna,
685 4987 782 5028 nec
809 4971 874 5024 ad
908 4967 1204 5022 institutum
1233 4963 1301 5016 tle
1340 4961 1517 5016 animo
1547 4971 1854 5014 sermonem
1892 4955 2064 5025 magis

471 5066 846 5132 conducentia,
877 5062 1032 5132 longe
1059 5056 1316 5114 excurrit.

541 5163 724 5234 Neque
752 5169 929 5216 tamen
961 5154 1274 5210 inanimum
1305 5149 1530 5206 inducas
1563 5147 1692 5202 illud
1729 5148 1948 5202 otnnino
1979 5147 2064 5200 in-

469 5273 672 5320 tactum
721 5257 789 5312 ab
827 5269 892 5308 eo
933 5249 1190 5318 relinqui.
1235 5247 1428 5300 Postea
1469 5245 1610 5300 enim
1647 5251 1834 5312 aperte
1871 5243 2070 5296 asserit

471 5359 662 5416 Deum,
699 5349 913 5406 tametsi
949 5344 1289 5411 omnipotens
1323 5340 1412 5406 sit,
1443 5339 1642 5392 nemini
1675 5335 2064 5405 umquam-vim

471 5452 538 5504 ad
569 5443 895 5502 credendum
933 5447 1024 5492 aut
1059 5433 1326 5506 agendum
1369 5433 1566 5488 inferre
1603 5430 1847 5502 (Arnob.,
1875 5428 1966 5482 lib.
1999 5443 2060 5490 ll,

473 5558 591 5612 pag.
641 5536 732 5598 88,
779 5543 824 5586 rt
867 5525 1053 5600 πηῷ).
1099 5526 1152 5582 Si
1197 5540 1356 5596 quem
1409 5523 1552 5577 enim
1596 5522 1818 5578 invitum
1863 5517 2068 5588 aliquid

470 5645 630 5704 agere
665 5637 902 5696 cogeret,
937 5638 1040 5677 non
1071 5620 1240 5690 gratia
1279 5615 1638 5686 proculdubio
1667 5615 1826 5678 foret,
1855 5615 1952 5668 sed
1985 5613 2066 5666 vis

471 5737 522 5781 et
567 5721 849 5793 injustitia,
889 5733 992 5786 qua
1023 5713 1282 5770 voluntati
1327 5713 1531 5776 liberte,
1565 5708 1632 5764 ad
1677 5709 1728 5764 id
1769 5709 1914 5778 quod
1955 5725 2060 5761 non

473 5819 603 5888 vult,
645 5832 708 5872 ac
748 5812 964 5886 refugit,
1007 5809 1272 5882 agendum
1323 5805 1620 5863 necessitas
1668 5803 2062 5874 imponeretur.

2171 4683 2312 4752 Ergo
2353 4681 2444 4736 ille
2479 4695 2664 4736 revera
2709 4683 2921 4738 censuit
2961 4681 3156 4748 Deum,
3193 4689 3392 4735 'natur'a
3429 4689 3527 4733 Sua
3559 4677 3746 4729 bonum.

2173 4776 2302 4828 nulli
2351 4789 2512 4844 posse
2553 4775 2722 4830 ullum
2765 4785 2975 4844 patum,
3018 4773 3369 4838 calamitatis,
3405 4781 3496 4825 aut
3537 4756 3752 4834 supplicii

2171 4869 2373 4922 malum
2411 4883 2616 4932 creare,
2645 4881 2746 4922 nec
2785 4867 2941 4937 hujus
2971 4883 3094 4922 esse
3125 4881 3344 4921 causam
3387 4873 3442 4918 et
3483 4867 3746 4918 auctorem.

2171 4959 2328 5026 Quod
2357 4963 2487 5015 sane
2513 4961 2570 5014 in
2601 4959 2890 5014 marcionis
2919 4973 3163 5013 errorem
3197 4956 3418 5012 recidit.

2251 5055 2320 5108 At
2355 5063 2502 5107 certe
2536 5051 2931 5121 quantumlibet
2974 5049 3250 5121 generalis
3275 5048 3530 5103 videntur
3555 5041 3638 5099 illa
3667 5039 3750 5096 Ar-

2171 5147 2321 5200 nobii
2349 5145 2665 5215 propositio,
2691 5145 2760 5198 ad
2779 5143 3048 5198 Ethnicos
3073 5149 3393 5207 tantum,"et
3417 5147 3600 5195 eorum
3621 5145 3754 5203 spec-

2177 5251 2256 5294 tat
2277 5237 2774 5310 "falsns'npiniones,
2795 5239 2896 5309 ’q'ui
2925 5247 3025 5308 pro
3043 5245 3206 5293 ’certo
3225 5235 3514 5306 puniebant
3541 5231 3664 5287 deos
3695 5227 3754 5279 ita

2179 5341 2368 5388 natura
2409 5343 2503 5388 sua
2539 5343 2632 5387 aut
2661 5331 2854 5398 bonos,
2891 5331 3186 5392 autmalos
3227 5345 3384 5396 esse;
3409 5337 3475 5383 'ut
3511 5339 3604 5396 pro
3629 5317 3754 5377 libilo

2179 5445 2241 5482 ac
2269 5429 2374 5482 ulla
2397 5430 2516 5482 sine
2545 5443 2704 5482 causa
2737 5427 2856 5496 pios
2888 5425 3140 5481 homines
3157 5433 3223 5479 ‘et
3257 5423 3477 5493 impios,
3497 5419 3688 5490 ‘probos
3712 5418 3755 5465 et

2181 5523 2456 5593 iui-probos
2471 5517 2870 5576 calamitatibus
2885 5531 2936 5575 et
2955 5521 3197 5575 miseriis
3213 5517 3582 5573 indifferenter
3597 5513 3756 5567 obrue

2175 5627 2319 5672 rent.
2355 5615 2434 5670 Ad
2467 5619 2582 5670 haec
2608 5631 2756 5683 vero,
2787 5615 3060 5685 de'pwuis
3095 5613 3266 5669 etiam
3305 5623 3362 5667 et
3399 5607 3644 5666 utrumuis
3669 5599 3757 5654 ille

2178 5713 2438 5782 loquitur,
2495 5721 2616 5780 quin
2665 5705 2828 5766 bonis
2855 5711 3092 5781 -'piisque
3135 5705 3466 5764 iltomiu‘ib'ns
3514 5697 3751 5759 accidunt.

2175 5807 2406 5876 quisque
2433 5813 2556 5860 'non
2581 5802 2731 5870 muti,
2757 5801 2862 5861 sed
2889 5799 3116 5875 semper
3131 5785 3525 5871 'borri‘aliquid,
3553 5792 3623 5851 uti
3650 5797 3754 5846 mox
