3904 6326
258 240 348 302 ιω

1534 242 1605 299 av
1642 222 2000 303 annostot:
2034 243 2195 305 CAP.
2237 248 2353 312 vn.

3426 269 3564 342 ttae

274 358 822 428 dicebamus,"secum
861 368 1174 432 apponant.
1213 359 1345 430 Qua:
1403 360 1549 416 enim
1596 362 1777 433 i'mpiis
1806 372 1860 418 et
1888 369 1942 430 Α
1966 362 2106 420 ﬁniri
2126 370 2598 426 nosomnemcitra
2613 374 3093 444 reprehensionem
3114 379 3360 450 ignorare
3379 399 3561 455 posse,

269 453 525 513 sceleratis
570 453 904 525 inlliguntur,
944 455 1060 509 haec
1092 454 1295 509 divina:
1336 452 1564 523 justitia:
1605 469 1701 510 eos
1749 470 1850 525 pu-

268 546 451 604 nientis
479 547 649 603 bonos
673 561 795 602 esse.
826 544 1052 602 eﬂ'ectus
1079 544 1287 601 inﬁcias
1314 560 1473 601 nemo
1502 544 1681 601 iverit.
1705 544 1848 612 Quid

266 650 432 696 autem
453 638 504 696 in
534 647 641 694 tota
670 638 758 693 illa
786 638 1025 695 auctoris
1055 638 1229 694 nostri
1254 639 1723 710 argumentatione
1747 654 1842 695 oc-

265 733 440 799 currit,
471 732 613 805 quod
646 748 750 790 non
782 733 851 789 sit
882 734 1039 802 plane
1063 748 1279 801 sanum,
1339 732 1698 789 orthodoxum
1732 743 1788 797 et
1815 748 1848 788 a

261 826 532 882 Marcionis
573 827 847 884 erroribus
878 841 1099 897 prorsus
1126 827 1402 882 alienum?
1434 827 1490 883 Si
1518 828 1638 898 quis
1666 836 1846 883 tamen

256 918 580 991 pertinacius
616 918 927 983 contendat,
959 934 1023 974 ac
1054 904 1382 989 probaverit,
1416 920 1567 1001 illum
1598 921 1844 991 disputa-

257 1010 411 1065 tionis
443 1018 577 1064 testu
616 1020 853 1082 raptum,
902 1021 995 1067 aut
1036 1027 1143 1066 non
1180 1012 1314 1069 satis
1364 1022 1614 1068 accurate
1660 1029 1846 1069 verum

256 1102 417 1158 Deum
449 1119 480 1158 a
513 1103 659 1159 falsis
685 1105 967 1176 gentilium
1000 1104 1104 1160 diis
1142 1105 1473 1173 distinxisse,
1516 1117 1608 1161 aut
1648 1107 1701 1161 in
1742 1106 1845 1161 ali-

251 1214 403 1270 quem
431 1213 674 1256 errorem
701 1215 892 1257 revera
920 1196 1228 1272 impegisse,
1258 1215 1382 1257 eum
1413 1200 1558 1257 illico
1586 1201 1847 1257 condem-

252 1289 516 1346 nabimus.
552 1289 660 1346 Sed
692 1291 777 1346 vix
808 1305 873 1346 ac
903 1306 972 1349 ne
1002 1292 1092 1347 vix
1120 1284 1338 1363 quidem
1376 1290 1535 1348 nobis
1560 1292 1698 1348 ullus
1718 1308 1845 1364 per-

251 1380 497 1439 suadebit
544 1376 719 1452 illum,
761 1384 853 1456 qui
905 1395 1014 1440 tam
1063 1394 1231 1451 recte,
1277 1394 1336 1440 ut
1381 1385 1733 1452 ostendimus,
1778 1385 1847 1442 de

249 1489 501 1544 suprema
534 1476 693 1531 unius
723 1475 816 1531 Dei
847 1487 1037 1533 natura
1062 1476 1303 1547 disserit,
1333 1478 1388 1533 in
1426 1492 1689 1542 errorem,
1721 1478 1847 1534 huic

249 1568 570 1626 orthodoxae
610 1571 894 1628 sententia:
936 1572 1160 1629 omnino
1197 1573 1527 1644 oppositum,
1565 1573 1841 1630 incidisse.

855 1701 1148 1747 Αιιτιαυιυε
1183 1703 1241 1746 ν.

440 1816 692 1887 Amplius
712 1816 986 1873 crediderit
1004 1824 1233 1887 'qnxedam
1270 1822 1499 1874 animalia
1541 1832 1707 1877 creata
1746 1836 1848 1876 non

300 1883 460 1936 fuisse
483 1898 513 1934 a
543 1883 672 1944 Deo,
707 1898 803 1937 nec
834 1883 1083 1937 hominem
1123 1888 1332 1937 naturali
1381 1888 1659 1939 inﬁmitate
1705 1887 1849 1939 malis

246 1960 249 1965 ί
301 1958 414 1997 esse
434 1947 727 2011 obnoxium,
755 1962 850 1999 nec
871 1962 1081 2013 peccare
1109 1963 1211 1999 sua:
1233 1950 1482 2001 electione
1499 1951 1783 2003 voluntatis.

314 2049 490 2124 Urget
508 2051 795 2120 Heraldus,
820 2052 1226 2125 Arnobiumque
1247 2063 1488 2129 nostrum
1518 2054 1589 2109 ibi
1617 2055 1673 2111 in
1703 2070 1847 2111 mar-

245 2144 604 2203 cionistarum
643 2156 697 2202 et
733 2146 988 2216 aliorum,
1017 2148 1107 2218 qui
1148 2148 1313 2204 Deum
1351 2157 1650 2203 creatorem
1683 2163 1846 2219 nega-

249 2237 392 2307 bant,
420 2254 676 2296 errorem
721 2239 1015 2295 incurrisse
1057 2248 1228 2310 putat,
1267 2240 1357 2296 ubi
1399 2240 1702 2295 animarum
1744 2255 1847 2296 no-

246 2343 489 2390 strarum
520 2334 807 2407 originem,
839 2344 894 2389 et
917 2350 950 2389 a
979 2349 1087 2407 quo
1115 2335 1246 2402 alio,
1271 2349 1432 2405 quam
1458 2334 1688 2404 ipsemet
1717 2335 1847 2401 Deo,

247 2439 443 2489 creatae
493 2429 622 2495 sint,
656 2444 757 2485 nec
782 2428 934 2498 sciri,
965 2444 1067 2484 nec
1100 2428 1313 2485 deliniri
1344 2443 1500 2498 posse
1529 2428 1633 2487 hoc
1663 2429 1855 2499 probat

247 2534 579 2593 argenteum
605 2540 622 2578 :
647 2541 666 2576 ι
699 2522 817 2578 Non
855 2524 996 2578 enim
1035 2522 1084 2578 si
1116 2538 1372 2594 negemus
1405 2538 1643 2590 muscas,
1672 2538 1852 2581 scara-

245 2612 410 2679 hmos,
441 2623 510 2670 et
545 2615 790 2684 cimices,
834 2614 1126 2681 nitednlas,
1158 2616 1536 2684 curculiones,
1560 2626 1617 2673 et
1655 2598 1850 2683 tineas,

247 2707 651 2781 omnipotentis
668 2720 792 2764 esse
812 2721 948 2782 opus
968 2708 1134 2779 regis,
1151 2707 1455 2779 sequaciter
1474 2707 1852 2777 postulandum

242 2817 274 2859 a
292 2802 453 2858 nobis
486 2810 571 2857 est
596 2810 654 2857 ut
676 2801 797 2873 quis
817 2816 880 2857 ea
906 2801 1102 2859 fecerit
1120 2801 1521 2871 institueritque
1541 2802 1803 2859 dicamus.
1826 2820 1848 2854 ι

247 2895 501 2971 (Ανηοόη
525 2895 615 2950 lib.
638 2911 699 2963 ιι,
722 2912 847 2967 pag.
880 2894 997 2968 75.)
1021 2892 1210 2951 Nonne
1235 2902 1414 2950 autem
1444 2894 1533 2949 hic
1560 2894 1678 2964 ipse
1702 2908 1854 2951 error

246 3002 347 3059 est,
378 2990 487 3062 qui
512 2989 582 3046 ab
609 2989 941 3061 Hieronymo
968 2986 1053 3043 his
1080 2987 1382 3058 exagitetur
1410 2986 1627 3043 verbis:
1654 3005 1673 3039 ι
1702 2985 1855 3055 Quod

247 3084 292 3141 si
325 3099 439 3141 non
492 3090 682 3154 putant
706 3096 894 3138 eorum
925 3094 1047 3137 esse
1084 3095 1269 3150 parva,
1306 3094 1537 3151 quorum
1571 3089 1629 3135 et
1665 3094 1858 3150 magna

1958 460 2082 529 quis
2128 462 2212 517 his
2255 464 2536 520 inutilibus
2576 468 2818 524 bestiolis
2863 472 3124 542 originem
3163 474 3412 532 dederit:
3442 500 3462 533 ι
3488 480 3562 537 Et

1955 552 2202 611 obtinere
2223 571 2331 612 non
2352 573 2476 616 esse
2500 559 2613 616 Deo
2632 578 2664 617 a
2683 564 2961 634 superiore
2983 568 3238 637 prolatas.
3266 590 3285 623 ι
3311 570 3555 644 (Arnob.,

1957 645 2025 701 lib
2066 663 2125 715 ιι,
2175 665 2296 722 pag.
2343 651 2456 724 75.)
2498 653 2630 721 Quis
2671 666 2872 725 autem,
2919 658 3088 732 inquit
3128 662 3413 735 lleraldus,
3460 668 3559 726 ille

1958 741 2099 797 Deus
2123 744 2391 813 superior,
2429 745 2527 801 nisi
2564 747 2739 805 bonus
2775 750 3060 810 Marcionis
3084 744 3255 814 deus?
3281 761 3352 814 At
3390 777 3556 819 nemo

1953 843 2119 899 certe,
2151 851 2220 891 ne
2251 838 2365 908 ipse
2393 839 2608 909 quidem
2639 840 2902 899 Heraldus
2931 846 3114 903 dicere
3144 866 3395 921 umquam
3447 869 3546 924 po-

1954 925 2072 993 tuit,
2111 926 2438 985 Marcionem
2476 939 2570 987 aut
2615 935 2910 1004 quemlibet
2939 939 3104 996 alium
3137 941 3260 998 ideo
3296 960 3548 1016 errasse,

1952 1017 2077 1085 quia
2105 1017 2326 1089 bonum,
2358 1024 2456 1077 sed
2484 1025 2607 1094 quia
2635 1026 2839 1083 malum
2874 1034 3171 1089 asseruerit
3197 1050 3318 1091 esse
3350 1037 3545 1105 Deum,

1950 1106 2205 1181 hancque
2254 1129 2436 1170 rerum
2490 1131 2877 1187 corporearum
2921 1133 3241 1182 creatorem.
3282 1128 3352 1184 At
3403 1130 3548 1188 hunc

1952 1216 2193 1298 errorem
2237 1206 2307 1260 ab
2344 1206 2585 1268 Arnobio
2617 1226 2886 1271 assertum
2920 1218 3102 1276 nullus
3136 1238 3389 1294 umquam
3421 1243 3551 1298 pro-

1952 1293 2083 1351 bare
2123 1302 2340 1368 poterit.

2026 1385 2248 1459 Urgebit
2276 1391 2470 1465 aliquis
2508 1394 2675 1453 Deum
2704 1401 3041 1471 superiorem
3082 1407 3153 1463 ab
3194 1424 3262 1465 eo
3303 1410 3410 1467 dici
3438 1428 3551 1470 non

1951 1494 2136 1573 posse,
2178 1484 2307 1554 quin
2346 1485 2483 1543 alius
2526 1488 2748 1548 inferior
2786 1494 3018 1554 dicatur.
3049 1501 3211 1573 Atqui
3255 1503 3395 1560 Deus
3438 1506 3549 1563 alio

1953 1572 2179 1670 inferior
2207 1593 2315 1633 non
2336 1580 2485 1650 gravi
2508 1582 2627 1640 sine
2651 1600 2839 1644 errore
2862 1589 2967 1647 diei
2993 1572 3190 1661 potest.
3215 1594 3351 1662 Quid
3378 1612 3508 1670 ergo
3526 1599 3556 1654 ?

1951 1666 2143 1726 Nonne
2168 1672 2441 1731 Arnobius
2472 1677 2875 1739 evidentissime
2902 1684 3080 1755 docet,
3108 1689 3185 1743 uti
3211 1666 3468 1758 vidimus,
3494 1703 3555 1749 et

1878 1763 1926 1825 B
1953 1760 2089 1817 infra
2112 1763 2289 1823 adhuc
2309 1769 2677 1840 ostendemus,
2700 1791 2867 1832 unum
2892 1783 3267 1840 tantummodo
3287 1800 3407 1841 esse
3426 1801 3549 1842 om-

1953 1853 2291 1925 nipotentem
2321 1858 2514 1927 Deum,
2544 1863 2729 1919 mundi
2755 1880 3047 1940 rerumque
3073 1872 3314 1930 omnium
3342 1886 3553 1932 creato-

1952 1948 2104 2003 rem?
2150 1948 2229 2005 Eo
2274 1949 2458 2023 itaque
2500 1968 2663 2010 sensu
2709 1956 2856 2014 Deus
2898 1960 2967 2017 ab
3011 1964 3254 2020 Arnobio
3300 1970 3553 2038 superior

1954 2054 2199 2114 vocatur,
2232 2060 2339 2117 quo
2369 2057 2553 2117 postea
2595 2051 2855 2123 scriptum
2895 2054 3162 2126 legimus:
3191 2078 3211 2111 ι
3245 2060 3554 2120 Divinitatis

1951 2135 2141 2207 ipsius,
2172 2156 2193 2189 ι
2223 2139 2679 2209 quemadmodum
2712 2144 2803 2199 ille
2832 2145 3069 2216 loquitur
3093 2148 3299 2222 (Idem,
3329 2155 3419 2209 lib.
3470 2172 3557 2223 in;

1955 2247 2075 2302 pag.
2110 2231 2262 2303 l01),
2293 2251 2311 2283 ι
2341 2242 2424 2288 est
2450 2244 2633 2305 caput,
2667 2252 2696 2290 a
2728 2252 2836 2308 quo
2873 2237 2988 2310 ipsa
3020 2241 3273 2298 divinitas
3303 2233 3581 2303 divorum‘

1954 2324 2195 2378 omnium
2223 2323 2457 2392 ducitur,
2491 2345 2510 2380 ι
2542 2343 2683 2398 quos
2707 2329 2918 2386 scilicet
2944 2333 3107 2388 stulta
3131 2336 3406 2407 gentilitas
3433 2354 3556 2410 per-

1956 2430 2140 2486 peram
2179 2416 2428 2473 linxerat.
2462 2418 2809 2491 Superiorem
2850 2438 2981 2496 ergo
3012 2427 3181 2483 Deum
3211 2445 3335 2486 cum
3365 2435 3559 2504 appel-t

1955 2508 2104 2575 lavit,
2128 2511 2403 2566 communi
2425 2512 2775 2570 Ethnicorum
2796 2516 3053 2590 loquendi
3075 2522 3237 2579 modo
3257 2538 3318 2580 se
3342 2540 3558 2582 accom-
3600 2568 3618 2594 .

1958 2600 2231 2669 modabat,
2275 2603 2515 2675 nihilque
2554 2606 2683 2663 inde
2726 2620 2914 2679 contra
2959 2626 3228 2671 assertum
3269 2618 3339 2674 ab
3379 2635 3446 2687 eo
3490 2621 3561 2677 de

1960 2710 2064 2750 uno
2092 2694 2381 2751 dumtaxat
2409 2697 2522 2755 Deo
2557 2700 2941 2760 documentum
2982 2715 3161 2775 potest
3199 2711 3326 2780 jure
3362 2714 3560 2771 merito

1960 2785 2230 2842 concludi.

2034 2880 2104 2935 At
2131 2881 2175 2935 si
2223 2880 2631 2942 Elmenhorstio
2667 2880 2829 2943 ﬁdem
2864 2888 3083 2960 habeas,
3128 2898 3342 2953 tametsi
3377 2900 3559 2956 Arno-

1960 2972 2083 3029 bius
2112 2973 2425 3046 Marcionis,
2452 2994 2619 3033 unum
2650 2978 2819 3036 Deum
2848 2982 3072 3054 bonum,
3104 2996 3159 3043 et
3183 2989 3414 3047 alterum
3444 3009 3564 3049 ma-

1959 3060 2070 3121 lum
2096 3064 2329 3124 absurde
2350 3070 2716 3140 praedicantis,
2748 3089 2935 3131 errore
2962 3092 3069 3134 non
3101 3083 3273 3138 teneri
3305 3086 3560 3143 ostenda-

244 3187 403 3245 sunt;
446 3177 692 3233 alterum
731 3175 863 3230 mihi
908 3174 1266 3243 conditorem,
1303 3173 1457 3243 juxta
1484 3170 1854 3241 Valentinum,
1882 3159 1929 3223 C
1963 3166 2079 3225 ῑυΐι
2108 3159 2163 3215 in
2190 3161 2351 3216 aliam
2395 3159 2743 3220 nihilominus
2775 3167 3132 3241 impietatem.
3164 3177 3469 3253 sacrilegia,
3502 3191 3564 3237 ut

243 3271 609 3338 Marcionem,
642 3276 698 3325 et
728 3269 998 3339 Apellem,
1034 3266 1295 3334 formicae,
1325 3267 1577 3329 culicum.
1623 3267 1861 3323 locusta-

244 3383 385 3435 rum,
416 3368 663 3423 alterum
689 3364 812 3421 cordi
842 3372 897 3418 et
922 3373 1102 3429 terra,
1130 3363 1296 3417 maris
1325 3370 1379 3416 et
1414 3361 1732 3432 angelorum
1759 3360 1860 3418 de-

244 3458 372 3517 bent
394 3457 776 3517 introducere.
790 3476 808 3509 ι
833 3454 1187 3528 (Hieronym,
1209 3469 1424 3526 prooem.
1442 3452 1510 3507 ad
1531 3454 1682 3524 epist.
1701 3451 1859 3509 Paul.

246 3556 311 3608 ad
338 3547 610 3619 Philem.)
636 3548 824 3605 Utrum
854 3563 983 3604 vero
1003 3561 1195 3618 reapse
1222 3546 1348 3601 talis
1372 3545 1537 3601 fuerit
1569 3542 1860 3610 Valentini,

245 3645 661 3717 Marcionisque
677 3658 853 3711 error,
877 3644 1020 3701 scire
1046 3657 1191 3699 nunc
1217 3656 1407 3715 parum
1436 3641 1684 3708 interest,
1712 3648 1769 3695 et
1794 3640 1864 3696 de

247 3741 351 3799 illis
388 3740 539 3796 satis
578 3737 635 3794 in
672 3736 940 3810 superiori
970 3734 1277 3808 Apparatus
1305 3732 1475 3790 nostri
1505 3741 1649 3788 torno
1678 3730 1863 3802 dispu-

249 3835 497 3910 tavimus
513 3829 664 3906 (tam.
688 3846 709 3912 ι
738 3831 1019 3901 Apparat.,
1040 3826 1133 3884 lib.
1155 3843 1216 3894 ιι,
1238 3826 1445 3882 dissert.
1469 3841 1508 3893 ι,
1532 3840 1649 3895 cap.
1669 3823 1725 3891 5,
1744 3822 1863 3895 εδ).

319 3926 560 3983 Poterat
621 3932 802 3979 autem
864 3917 1135 3977 lieﬂaldus
1188 3919 1518 3989 Hieronymo
1573 3916 1866 3989 adjungere

250 4018 577 4092 Origenem,
616 4014 985 4081 Ambrosium,
1026 4012 1291 4083 aliosque,
1320 4025 1386 4067 ac
1425 4006 1692 4081 imprimis
1757 4011 1866 4065 Au-

248 4112 561 4185 gustinum,
592 4110 683 4181 qui
720 4118 869 4166 recte
907 4107 1216 4178 diserteque
1254 4112 1532 4160 asseverat
1572 4102 1772 4158 nullam
1811 4103 1864 4158 in

250 4206 459 4264 inlimis
494 4205 658 4260 etiam
677 4202 923 4261 bestiolis
939 4216 1059 4259 esse
1079 4208 1349 4264 naturam,
1369 4213 1488 4270 quae
1505 4212 1536 4252 a
1555 4198 1667 4253 Deo
1683 4206 1866 4255 creata

254 4316 363 4357 non
402 4284 617 4357 fuerit:
647 4315 666 4351 ι
689 4295 806 4353 Νυιι
852 4304 958 4362 est,
988 4313 1008 4348 ι
1041 4294 1139 4362 ait,
1172 4312 1191 4341 α
1220 4292 1327 4351 ulla
1373 4301 1561 4349 natura
1604 4292 1767 4347 etiam
1812 4290 1866 4345 in

256 4392 556 4460 extremis,
585 4389 890 4461 inﬁmisque
921 4387 1186 4456 bestiolis,
1217 4401 1376 4458 quam
1406 4400 1513 4441 non
1550 4384 1640 4440 ille
1667 4383 1870 4440 consti-

258 4489 383 4556 tuit,
427 4503 459 4541 a
501 4499 613 4556 quo
641 4492 726 4538 est
761 4482 939 4540 omnis
962 4480 1178 4550 modus,
1207 4480 1386 4536 omnis
1418 4479 1652 4550 species,
1688 4478 1866 4534 omnis

1963 3254 2056 3309 ille
2090 3255 2185 3321 ait,
2217 3255 2399 3311 omnia
2443 3271 2790 3328 superantem
2839 3261 3021 3335 lapsus
3060 3276 3164 3323 est.
3208 3266 3358 3327 Itane
3396 3277 3565 3330 vero?

1966 3346 2161 3417 Etiam,
2196 3344 2370 3421 inquit
2395 3348 2845 3411 Elmenhorstius.
2882 3356 3066 3415 Palam
3097 3362 3240 3418 enim
3278 3368 3563 3437 perspicue

1962 3439 2080 3510 ipse
2105 3441 2377 3498 Arnobius
2404 3456 2679 3500 asseverat
2704 3446 2980 3506 hominem
3010 3468 3118 3509 non
3146 3470 3176 3509 a
3205 3454 3337 3522 Deo,
3366 3460 3463 3517 sed
3493 3462 3564 3518 ab

1965 3530 2315 3589 inferioribus
2357 3538 2542 3591 nescio
2578 3539 2774 3608 quibus
2811 3544 3169 3611 potestatibus
3210 3546 3378 3606 fuisse
3407 3568 3565 3610 crea-

1965 3632 2100 3680 tum.
2125 3623 2205 3680 De
2233 3622 2533 3683 animarum
2555 3629 2833 3688 enimvero
2858 3633 3032 3690 salute
3059 3636 3150 3692 ubi
3176 3637 3416 3710 disserit,
3444 3643 3564 3702 hrec

1966 3715 2054 3771 ille
2098 3716 2317 3773 totidem
2358 3718 2536 3775 verbis
2575 3720 2828 3778 tradidit:
2859 3743 2881 3777 ι
2909 3720 3141 3783 Tantum
3173 3739 3259 3786 est
3293 3732 3473 3806 longe,
3504 3746 3565 3793 ut

1967 3809 2107 3867 Deus
2145 3811 2370 3868 istarum
2409 3826 2597 3871 auator
2621 3832 2804 3872 rerum
2835 3834 2956 3876 esse
2985 3823 3269 3894 credatur;
3302 3837 3357 3884 ut
3388 3831 3441 3887 in
3468 3847 3561 3889 sa-

1965 3905 2182 3974 crilega:
2220 3908 2424 3962 crimen
2470 3909 2761 3979 impietatis
2810 3913 3072 3985 incurrat,
3116 3920 3359 3991 quisquis
3387 3925 3457 3981 ab
3496 3941 3565 3984 eo

1966 4000 2277 4071 conceperit
2312 4000 2585 4059 hominem
2617 4020 2737 4062 esse
2764 4020 3110 4081 prognatum,
3142 4030 3258 4071 rem
3290 4018 3564 4077 infelicem

1967 4102 2022 4146 et
2066 4091 2341 4157 miseram,
2388 4094 2481 4166 qui
2537 4111 2657 4153 esse
2704 4114 2766 4154 se
2810 4099 3013 4169 doleat,
3057 4106 3149 4175 qui
3196 4110 3566 4170 conditionem

1968 4199 2119 4239 suam
2160 4184 2479 4253 detestetur,
2507 4197 2564 4243 et
2601 4190 2817 4261 lugeat;
2845 4194 2934 4264 qui
2965 4195 3110 4252 nulla
3155 4200 3261 4257 alia
3294 4202 3363 4259 dc
3400 4220 3563 4263 causa

1968 4296 2089 4337 sese
2129 4281 2377 4352 intelligit
2416 4292 2782 4354 procreatum,
2815 4303 2975 4358 quam
3016 4306 3086 4347 ne
3131 4297 3411 4354 materiam
3451 4316 3563 4357 non

1970 4373 2252 4440 haberent,
2289 4390 2385 4445 per
2423 4391 2581 4446 quam
2612 4376 2975 4437 diﬂ'underent
3008 4397 3068 4440 se
3097 4382 3258 4457 mala,
3290 4398 3346 4445 et
3379 4402 3567 4450 essent

1968 4469 2150 4524 miseri
2179 4484 2412 4539 semper,
2436 4486 2667 4544 quorum
2691 4475 3022 4533 cruciatibus
3040 4493 3354 4552 pascerctur
3377 4489 3566 4545 nescio

258 4555 422 4649 ordo,
450 4555 575 4637 sine
597 4576 792 4648 quibus
823 4576 955 4631 nihil
980 4589 1160 4630 rerum
1182 4572 1436 4640 inveniri,
1461 4572 1547 4628 vel
1569 4569 1866 4643 excogitari
1889 4555 1944 4617 D
1967 4577 2072 4633 qua
2118 4562 2199 4617 vis
2239 4562 2411 4618 latens
2453 4572 2511 4620 et
2550 4564 2875 4624 humanitati
2915 4570 3141 4629 adversa
3191 4578 3504 4637 crudelitas.
3537 4602 3558 4636 ι

259 4683 502 4746 potest.»
541 4671 610 4726 Et
623 4672 782 4727 alibi:
815 4670 1029 4739 «Neque
1058 4668 1137 4722 Ias
1164 4676 1248 4723 est
1263 4667 1423 4722 ullius
1448 4677 1651 4722 natura:
1672 4682 1863 4737 quam-

262 4768 398 4825 libet
426 4767 671 4823 minimae
699 4764 1049 4833 mortalisque
1077 4771 1398 4829 creatorem,
1430 4761 1530 4817 nisi
1554 4762 1717 4816 Deum
1741 4776 1864 4816 cre-

261 4863 393 4918 dere
420 4872 483 4917 et
504 4859 706 4915 dicere.
738 4878 757 4911 ›
784 4857 955 4932 (Orig.
986 4852 1070 4913 lib.
1102 4864 1177 4921 iv,
1205 4865 1368 4910 contr.
1399 4854 1559 4922 ϐαι,
1590 4855 1870 4927 11119202;

263 4955 514 5009 Ambros.
541 4995 560 5021 ,
594 4953 681 5008 lib.
717 4967 773 5007 vr
807 4950 1058 5016 ﬂexam,
1085 4966 1203 5020 cap.
1239 4949 1290 5015 6,
1325 4947 1356 5021 ς
1388 4948 1477 5013 38,
1515 4964 1636 5019 pag.
1669 4946 1797 5012 £25,
1831 4957 1878 5003 et

266 5047 359 5101 lib.
384 5062 444 5113 ν,
465 5061 586 5115 cap.
603 5044 661 5111 2,
681 5054 727 5098 et
746 5041 1168 5114 seqq.;August.,
1187 5040 1275 5096 lib.
1294 5040 1429 5108 u,de
1451 5039 1624 5103 Civit.,
1647 5057 1763 5111 cap.
1784 5039 1876 5108 15,

267 5158 391 5214 pag.
415 5140 565 5204 284;
599 5148 646 5194 et
674 5138 764 5193 lib.
793 5153 890 5207 xu,
920 5139 983 5192 de
1011 5134 1147 5201 Civ.,
1171 5153 1290 5207 cap.
1319 5134 1411 5204 24,
1435 5151 1553 5207 pag.
1584 5133 1737 5205 5‘22.)

346 5241 420 5291 At
468 5234 763 5290 Arnobium
795 5247 972 5303 neque
1013 5231 1066 5287 id
1107 5245 1568 5303 negasse,.neque
1612 5228 1780 5284 notati
1811 5228 1881 5285 ab

268 5326 613 5401 Hieronymo
634 5326 835 5385 erroris
860 5342 1012 5383 reum
1035 5341 1159 5383 esse
1180 5324 1304 5382 inde
1328 5324 1505 5395 colligi
1531 5331 1729 5393 potest,
1754 5323 1879 5393 quia

269 5437 541 5493 expresse
577 5437 683 5476 non
709 5420 843 5475 dixit
879 5419 1203 5483 scarabaaos,
1242 5425 1299 5472 et
1326 5417 1459 5474 alias
1500 5414 1879 5487 hujuscemodi

270 5512 540 5572 bestiolas
570 5512 738 5570 iactas
762 5529 793 5568 a
826 5514 936 5569 Deo
975 5528 1083 5568 non
1113 5510 1281 5566 fuisse
1306 5526 1318 5563 :
1350 5508 1453 5565 sed
1474 5510 1518 5564 si
1549 5509 1602 5565 id
1634 5516 1880 5580 negetur,

275 5624 387 5665 non
421 5606 626 5664 idcirco
660 5606 1062 5680 postulandum,
1106 5613 1164 5660 ut
1195 5620 1228 5660 a
1257 5616 1364 5674 quo
1402 5601 1557 5659 factae
1587 5602 1717 5669 sint,
1755 5616 1885 5658 cou-

276 5702 471 5761 festim
505 5714 565 5756 ac
594 5700 903 5761 necesSario
934 5698 1210 5770 probetur.

1968 4654 2163 4728 (Idem,
2196 4656 2284 4711 lib.
2318 4672 2375 4722 ιι,
2404 4674 2525 4728 pag.
2555 4657 2672 4732 75.)

2046 4750 2160 4805 Duo
2184 4760 2364 4805 autem
2386 4749 2483 4816 ibi,
2508 4751 2584 4805 uti
2611 4753 2687 4807 ait
2718 4752 3169 4828 Elmenhorstius,
3201 4765 3343 4834 paris
3373 4767 3568 4840 impie-

1976 4842 2100 4897 tatis
2124 4856 2336 4897 errores
2361 4841 2430 4896 ab
2459 4842 2550 4896 illo
2572 4843 2934 4913 proferuntur.
2966 4849 3150 4909 Primo
3175 4858 3373 4912 etenim
3398 4858 3573 4919 homi-

1980 4952 2102 4991 nem
2146 4952 2187 5028 aA
2214 4936 2325 4990 Deo
2364 4946 2708 5008 procreatum
2742 4940 2901 5009 plane
2932 4945 3252 5019 penitusque
3292 4966 3575 5028 pernegat.

1980 5026 2228 5085 Secundo
2256 5028 2530 5084 hominem
2562 5039 2666 5085 tam
2690 5032 2902 5090 misera:
2932 5037 3269 5113 infelicisque
3293 5059 3413 5101 esse
3439 5026 3577 5105 con-

1983 5124 2236 5191 ditionis,
2270 5135 2328 5180 ut
2355 5140 2463 5180 non
2488 5126 2591 5180 alia
2611 5126 2681 5183 de
2704 5143 2867 5185 causa
2893 5143 3134 5190 creatum
3167 5152 3227 5194 se
3250 5138 3417 5197 fuisse
3447 5160 3579 5202 sen-

1984 5220 2103 5287 tiat,
2134 5219 2235 5274 nisi
2272 5227 2330 5272 ut
2363 5218 2669 5290 importuna
2712 5223 3034 5281 crudelitate
3073 5230 3275 5287 morbis
3313 5237 3576 5309 malisque

1986 5313 2285 5369 innumeris
2316 5313 2409 5367 liat
2433 5312 2719 5370 obnoxius.
2755 5316 3032 5390 Superiori
3054 5322 3253 5395 quippe
3275 5327 3325 5383 in
3353 5329 3490 5388 libro
3513 5335 3580 5393 de

1980 5407 2177 5464 Christi
2201 5407 2475 5463 miraculis
2494 5408 2839 5478 disputando,
2863 5412 3112 5470 similiter
3130 5416 3377 5477 dixerat:
3406 5444 3425 5477 ι
3452 5427 3583 5485 Om-

1985 5503 2072 5559 nia
2100 5500 2467 5557 valetudinum
2494 5518 2715 5573 genera,
2746 5519 2867 5575 qum
2896 5505 3127 5563 humana
3156 5527 3385 5586 corpora
3422 5525 3588 5579 susti-

1988 5612 2120 5652 nere
2147 5595 2330 5651 nescio
2362 5609 2481 5663 quae
2519 5595 2691 5651 voluit
2729 5596 3033 5667 importuna
3073 5604 3385 5681 crudelitas,
3420 5618 3590 5676 verbo

1992 5690 2185 5747 solitus
2217 5687 2554 5783 imperioque
2590 5703 2802 5783 sanare.
2836 5708 2856 5742 ›
2884 5690 3078 5763 (Idem,
3114 5696 3202 5752 lib.
3238 5716 3278 5770 ι,
3313 5722 3433 5779 pag.
3469 5709 3591 5783 28.)

353 5795 538 5855 Instat
558 5792 911 5855 Heraldusab
931 5792 1173 5852 Arnobio
1192 5789 1392 5851 ibidem
1416 5805 1527 5848 non
1549 5788 1781 5851 obscure
1799 5785 1895 5846 de-
1997 5784 2068 5842 At
2108 5782 2380 5840 Arnobius
2425 5781 2532 5839 hoc
2568 5778 3004 5853 deliramentum,
3046 5788 3222 5874 inquit
3265 5778 3598 5865 Elmenhor-
