  <div class='ocr_page' id='page_1' title='image "/cluster/home/n/w/nwhite01/storage/ocr_20150623/5/hvd.32044015466758/236.png"; bbox 0 0 3904 6326; ppageno 0'>
   <div class='ocr_carea' id='block_1_1' title="bbox 248 346 341 402">
    <p class='ocr_par' dir='ltr' id='par_1_1' title="bbox 248 346 341 402">
     <span class='ocr_line' id='line_1_1' title="bbox 248 346 341 402; baseline -0.032 0"><span class='ocrx_word' id='word_1_1' title='bbox 248 346 341 402; x_wconf 70' lang='grc' dir='ltr'><strong>ιδες</strong></span> 
     </span>
    </p>
   </div>
   <div class='ocr_carea' id='block_1_2' title="bbox 1414 342 2259 411">
    <p class='ocr_par' dir='ltr' id='par_1_2' title="bbox 1414 342 2259 411">
     <span class='ocr_line' id='line_1_2' title="bbox 1414 342 2259 411; baseline 0.005 -13"><span class='ocrx_word' id='word_1_2' title='bbox 1414 342 1480 400; x_wconf 84' lang='grc' dir='ltr'><strong>ΙΝ</strong></span> <span class='ocrx_word' id='word_1_3' title='bbox 1518 342 1890 411; x_wconf 78' lang='lat' dir='ltr'><strong>ARNOBIUM,</strong></span> <span class='ocrx_word' id='word_1_4' title='bbox 1930 343 2083 400; x_wconf 77' lang='lat' dir='ltr'><strong>CAP.</strong></span> <span class='ocrx_word' id='word_1_5' title='bbox 2125 345 2259 402; x_wconf 82' lang='lat' dir='ltr'><strong>VIII.</strong></span> 
     </span>
    </p>
   </div>
   <div class='ocr_carea' id='block_1_3' title="bbox 3404 353 3515 412">
    <p class='ocr_par' dir='ltr' id='par_1_3' title="bbox 3404 353 3515 412">
     <span class='ocr_line' id='line_1_3' title="bbox 3404 353 3515 412; baseline -0.018 0"><span class='ocrx_word' id='word_1_6' title='bbox 3404 353 3515 412; x_wconf 76' lang='grc'><strong>466</strong></span> 
     </span>
    </p>
   </div>
   <div class='ocr_carea' id='block_1_4' title="bbox 243 459 3515 536">
    <p class='ocr_par' dir='ltr' id='par_1_4' title="bbox 243 459 3515 536">
     <span class='ocr_line' id='line_1_4' title="bbox 243 459 3515 536; baseline 0.002 -18"><span class='ocrx_word' id='word_1_7' title='bbox 243 460 356 518; x_wconf 91' lang='lat' dir='ltr'><strong>illud</strong></span> <span class='ocrx_word' id='word_1_8' title='bbox 383 459 683 517; x_wconf 69' lang='lat' dir='ltr'><strong>Christianae</strong></span> <span class='ocrx_word' id='word_1_9' title='bbox 731 459 1012 532; x_wconf 76' lang='lat' dir='ltr'><strong>religionis</strong></span> <span class='ocrx_word' id='word_1_10' title='bbox 1039 459 1420 516; x_wconf 79' lang='lat' dir='ltr'><strong>documentum</strong></span> <span class='ocrx_word' id='word_1_11' title='bbox 1446 503 1460 527; x_wconf 95' lang='lat'><strong>,</strong></span> <span class='ocrx_word' id='word_1_12' title='bbox 1495 459 1618 514; x_wconf 92' lang='lat' dir='ltr'><strong>inde</strong></span> <span class='ocrx_word' id='word_1_13' title='bbox 1651 460 1808 529; x_wconf 89' lang='lat' dir='ltr'><strong>plane</strong></span> <span class='ocrx_word' id='word_1_14' title='bbox 1836 463 1889 520; x_wconf 85' lang='grc' dir='ltr'><strong>Α</strong></span> <span class='ocrx_word' id='word_1_15' title='bbox 1914 460 2076 515; x_wconf 86' lang='lat' dir='ltr'><strong>velim</strong></span> <span class='ocrx_word' id='word_1_16' title='bbox 2113 479 2127 517; x_wconf 91' lang='lat'>:</span> <span class='ocrx_word' id='word_1_17' title='bbox 2167 479 2185 513; x_wconf 74' lang='grc' dir='ltr'><strong><em>ι</em></strong></span> <span class='ocrx_word' id='word_1_18' title='bbox 2207 461 2452 529; x_wconf 79' lang='lat' dir='ltr'><strong>Etiamsi,</strong></span> <span class='ocrx_word' id='word_1_19' title='bbox 2485 481 2504 515; x_wconf 76' lang='grc' dir='ltr'><strong><em>ι</em></strong></span> <span class='ocrx_word' id='word_1_20' title='bbox 2535 463 2726 536; x_wconf 79' lang='lat' dir='ltr'><strong>inquit,</strong></span> <span class='ocrx_word' id='word_1_21' title='bbox 2765 483 2784 517; x_wconf 85' lang='grc'>‹</span> <span class='ocrx_word' id='word_1_22' title='bbox 2813 475 2960 522; x_wconf 83' lang='lat' dir='ltr'><strong>esset</strong></span> <span class='ocrx_word' id='word_1_23' title='bbox 2987 465 3038 522; x_wconf 87' lang='lat' dir='ltr'><strong>id</strong></span> <span class='ocrx_word' id='word_1_24' title='bbox 3064 481 3272 533; x_wconf 88' lang='lat' dir='ltr'><strong>verum,</strong></span> <span class='ocrx_word' id='word_1_25' title='bbox 3296 467 3428 523; x_wconf 93' lang='lat' dir='ltr'><strong>locis</strong></span> <span class='ocrx_word' id='word_1_26' title='bbox 3457 479 3515 523; x_wconf 87' lang='lat' dir='ltr'><strong>ut</strong></span> 
     </span>
    </p>
   </div>
   <div class='ocr_carea' id='block_1_5' title="bbox 245 551 1812 625">
    <p class='ocr_par' dir='ltr' id='par_1_5' title="bbox 245 551 1812 625">
     <span class='ocr_line' id='line_1_5' title="bbox 245 551 1812 625; baseline -0.002 -16"><span class='ocrx_word' id='word_1_27' title='bbox 245 552 440 625; x_wconf 79' lang='lat' dir='ltr'><strong>colliges</strong></span> <span class='ocrx_word' id='word_1_28' title='bbox 467 595 481 617; x_wconf 90' lang='lat'><strong>,</strong></span> <span class='ocrx_word' id='word_1_29' title='bbox 520 552 659 624; x_wconf 93' lang='lat' dir='ltr'><strong>quod</strong></span> <span class='ocrx_word' id='word_1_30' title='bbox 693 552 745 608; x_wconf 89' lang='lat' dir='ltr'><strong>id</strong></span> <span class='ocrx_word' id='word_1_31' title='bbox 776 569 875 609; x_wconf 89' lang='lat' dir='ltr'><strong>nec</strong></span> <span class='ocrx_word' id='word_1_32' title='bbox 902 551 1244 616; x_wconf 83' lang='lat' dir='ltr'><strong>Christianis,</strong></span> <span class='ocrx_word' id='word_1_33' title='bbox 1279 567 1377 607; x_wconf 91' lang='lat' dir='ltr'><strong>nec</strong></span> <span class='ocrx_word' id='word_1_34' title='bbox 1409 551 1652 607; x_wconf 85' lang='lat' dir='ltr'><strong>Ethnicis</strong></span> <span class='ocrx_word' id='word_1_35' title='bbox 1683 552 1812 621; x_wconf 87' lang='lat' dir='ltr'><strong>ipsis</strong></span> 
     </span>
    </p>
   </div>
   <div class='ocr_carea' id='block_1_6' title="bbox 239 646 1811 719">
    <p class='ocr_par' dir='ltr' id='par_1_6' title="bbox 239 646 1811 719">
     <span class='ocr_line' id='line_1_6' title="bbox 239 646 1811 719; baseline -0.002 -14"><span class='ocrx_word' id='word_1_36' title='bbox 239 664 291 705; x_wconf 87' lang='lat' dir='ltr'><strong>se</strong></span> <span class='ocrx_word' id='word_1_37' title='bbox 331 663 570 719; x_wconf 81' lang='lat' dir='ltr'><strong>umquam</strong></span> <span class='ocrx_word' id='word_1_38' title='bbox 601 649 731 705; x_wconf 84' lang='lat' dir='ltr'><strong>satis</strong></span> <span class='ocrx_word' id='word_1_39' title='bbox 771 648 974 706; x_wconf 87' lang='lat' dir='ltr'><strong>dixisse</strong></span> <span class='ocrx_word' id='word_1_40' title='bbox 1018 658 1074 704; x_wconf 91' lang='lat' dir='ltr'><strong>et</strong></span> <span class='ocrx_word' id='word_1_41' title='bbox 1126 647 1426 703; x_wconf 83' lang='lat' dir='ltr'><strong>inculcasse</strong></span> <span class='ocrx_word' id='word_1_42' title='bbox 1478 647 1579 702; x_wconf 86' lang='lat' dir='ltr'><strong>sibi</strong></span> <span class='ocrx_word' id='word_1_43' title='bbox 1628 646 1811 702; x_wconf 84' lang='lat' dir='ltr'><strong>videa-</strong></span> 
     </span>
    </p>
   </div>
   <div class='ocr_carea' id='block_1_7' title="bbox 239 738 1810 806">
    <p class='ocr_par' dir='ltr' id='par_1_7' title="bbox 239 738 1810 806">
     <span class='ocr_line' id='line_1_7' title="bbox 239 738 1810 806; baseline -0.002 -11"><span class='ocrx_word' id='word_1_44' title='bbox 239 750 330 796; x_wconf 90' lang='lat' dir='ltr'><strong>tur.</strong></span> <span class='ocrx_word' id='word_1_45' title='bbox 359 739 591 796; x_wconf 87' lang='lat' dir='ltr'><strong>Gentiles</strong></span> <span class='ocrx_word' id='word_1_46' title='bbox 622 743 900 796; x_wconf 84' lang='lat' dir='ltr'><strong>enimvero</strong></span> <span class='ocrx_word' id='word_1_47' title='bbox 927 739 1205 806; x_wconf 81' lang='lat' dir='ltr'><strong>audacter,</strong></span> <span class='ocrx_word' id='word_1_48' title='bbox 1232 741 1307 794; x_wconf 90' lang='lat' dir='ltr'><strong>uti</strong></span> <span class='ocrx_word' id='word_1_49' title='bbox 1343 739 1434 795; x_wconf 92' lang='lat' dir='ltr'><strong>ille</strong></span> <span class='ocrx_word' id='word_1_50' title='bbox 1463 738 1605 794; x_wconf 90' lang='lat' dir='ltr'><strong>haud</strong></span> <span class='ocrx_word' id='word_1_51' title='bbox 1637 738 1810 794; x_wconf 84' lang='lat' dir='ltr'><strong>semel</strong></span> 
     </span>
    </p>
   </div>
   <div class='ocr_carea' id='block_1_8' title="bbox 237 833 1811 908">
    <p class='ocr_par' dir='ltr' id='par_1_8' title="bbox 237 833 1811 908">
     <span class='ocr_line' id='line_1_8' title="bbox 237 833 1811 908; baseline -0.003 -16"><span class='ocrx_word' id='word_1_52' title='bbox 237 837 405 902; x_wconf 80' lang='lat' dir='ltr'><strong>edixit,</strong></span> <span class='ocrx_word' id='word_1_53' title='bbox 449 837 778 908; x_wconf 90' lang='lat' dir='ltr'><strong>objiciebant</strong></span> <span class='ocrx_word' id='word_1_54' title='bbox 821 836 952 892; x_wconf 93' lang='lat' dir='ltr'><strong>deos</strong></span> <span class='ocrx_word' id='word_1_55' title='bbox 1002 851 1130 891; x_wconf 91' lang='lat' dir='ltr'><strong>suos</strong></span> <span class='ocrx_word' id='word_1_56' title='bbox 1179 850 1286 890; x_wconf 91' lang='lat' dir='ltr'><strong>non</strong></span> <span class='ocrx_word' id='word_1_57' title='bbox 1337 834 1460 890; x_wconf 90' lang='lat' dir='ltr'><strong>ideo</strong></span> <span class='ocrx_word' id='word_1_58' title='bbox 1500 833 1811 890; x_wconf 85' lang='lat' dir='ltr'><strong>christianis</strong></span> 
     </span>
    </p>
   </div>
   <div class='ocr_carea' id='block_1_9' title="bbox 233 927 1807 1002">
    <p class='ocr_par' dir='ltr' id='par_1_9' title="bbox 233 927 1807 1002">
     <span class='ocr_line' id='line_1_9' title="bbox 233 927 1807 1002; baseline -0.004 -16"><span class='ocrx_word' id='word_1_59' title='bbox 233 944 340 986; x_wconf 87' lang='lat' dir='ltr'><strong>esse</strong></span> <span class='ocrx_word' id='word_1_60' title='bbox 368 929 606 998; x_wconf 91' lang='lat' dir='ltr'><strong>infestos,</strong></span> <span class='ocrx_word' id='word_1_61' title='bbox 646 949 664 982; x_wconf 74' lang='grc' dir='ltr'>ι</span> <span class='ocrx_word' id='word_1_62' title='bbox 693 930 835 1002; x_wconf 93' lang='lat' dir='ltr'><strong>quod</strong></span> <span class='ocrx_word' id='word_1_63' title='bbox 866 931 1290 1000; x_wconf 86' lang='lat' dir='ltr'><strong>omnipotentem</strong></span> <span class='ocrx_word' id='word_1_64' title='bbox 1323 929 1492 984; x_wconf 92' lang='lat' dir='ltr'><strong>Deum</strong></span> <span class='ocrx_word' id='word_1_65' title='bbox 1523 927 1807 994; x_wconf 89' lang='lat' dir='ltr'><strong>colerent,</strong></span> 
     </span>
    </p>
   </div>
   <div class='ocr_carea' id='block_1_10' title="bbox 231 1023 1810 1094">
    <p class='ocr_par' dir='ltr' id='par_1_10' title="bbox 231 1023 1810 1094">
     <span class='ocr_line' id='line_1_10' title="bbox 231 1023 1810 1094; baseline 0 -16"><span class='ocrx_word' id='word_1_66' title='bbox 231 1023 332 1088; x_wconf 85' lang='lat' dir='ltr'><strong>sed,</strong></span> <span class='ocrx_word' id='word_1_67' title='bbox 355 1023 494 1094; x_wconf 91' lang='lat' dir='ltr'><strong>quod</strong></span> <span class='ocrx_word' id='word_1_68' title='bbox 528 1024 797 1079; x_wconf 85' lang='lat' dir='ltr'><strong>hominem</strong></span> <span class='ocrx_word' id='word_1_69' title='bbox 825 1035 1030 1090; x_wconf 88' lang='lat' dir='ltr'><strong>natum,</strong></span> <span class='ocrx_word' id='word_1_70' title='bbox 1063 1024 1348 1094; x_wconf 88' lang='lat' dir='ltr'><strong>crucisque</strong></span> <span class='ocrx_word' id='word_1_71' title='bbox 1376 1023 1638 1094; x_wconf 90' lang='lat' dir='ltr'><strong>supplicio</strong></span> <span class='ocrx_word' id='word_1_72' title='bbox 1671 1024 1810 1078; x_wconf 85' lang='lat' dir='ltr'><strong>iule-</strong></span> 
     </span>
    </p>
   </div>
   <div class='ocr_carea' id='block_1_11' title="bbox 230 1114 1803 1186">
    <p class='ocr_par' dir='ltr' id='par_1_11' title="bbox 230 1114 1803 1186">
     <span class='ocr_line' id='line_1_11' title="bbox 230 1114 1803 1186; baseline -0.002 -16"><span class='ocrx_word' id='word_1_73' title='bbox 230 1126 500 1186; x_wconf 87' lang='lat' dir='ltr'><strong>retnptum,</strong></span> <span class='ocrx_word' id='word_1_74' title='bbox 525 1126 575 1170; x_wconf 90' lang='lat' dir='ltr'><strong>et</strong></span> <span class='ocrx_word' id='word_1_75' title='bbox 591 1116 752 1171; x_wconf 90' lang='lat' dir='ltr'><strong>Deum</strong></span> <span class='ocrx_word' id='word_1_76' title='bbox 770 1115 956 1182; x_wconf 91' lang='lat' dir='ltr'><strong>fuisse,</strong></span> <span class='ocrx_word' id='word_1_77' title='bbox 977 1127 1029 1171; x_wconf 91' lang='lat' dir='ltr'><strong>et</strong></span> <span class='ocrx_word' id='word_1_78' title='bbox 1048 1118 1220 1170; x_wconf 89' lang='lat' dir='ltr'><strong>adhuc</strong></span> <span class='ocrx_word' id='word_1_79' title='bbox 1239 1131 1555 1186; x_wconf 70' lang='lat' dir='ltr'><strong>superesse»</strong></span> <span class='ocrx_word' id='word_1_80' title='bbox 1570 1114 1803 1180; x_wconf 81' lang='lat' dir='ltr'><strong>(Arnob.,</strong></span> 
     </span>
    </p>
   </div>
   <div class='ocr_carea' id='block_1_12' title="bbox 229 1207 1803 1281">
    <p class='ocr_par' dir='ltr' id='par_1_12' title="bbox 229 1207 1803 1281">
     <span class='ocr_line' id='line_1_12' title="bbox 229 1207 1803 1281; baseline 0.001 -19"><span class='ocrx_word' id='word_1_81' title='bbox 229 1209 306 1263; x_wconf 82' lang='lat' dir='ltr'><strong>lib.</strong></span> <span class='ocrx_word' id='word_1_82' title='bbox 359 1225 394 1276; x_wconf 83' lang='grc' dir='ltr'><strong>ι,</strong></span> <span class='ocrx_word' id='word_1_83' title='bbox 429 1226 551 1281; x_wconf 85' lang='lat' dir='ltr'><strong>pag.</strong></span> <span class='ocrx_word' id='word_1_84' title='bbox 593 1207 686 1280; x_wconf 70' lang='lat'><strong>19)</strong></span> <span class='ocrx_word' id='word_1_85' title='bbox 729 1210 1044 1275; x_wconf 86' lang='lat' dir='ltr'><strong>crederent,</strong></span> <span class='ocrx_word' id='word_1_86' title='bbox 1094 1225 1156 1265; x_wconf 92' lang='lat' dir='ltr'><strong>ac</strong></span> <span class='ocrx_word' id='word_1_87' title='bbox 1204 1209 1446 1279; x_wconf 82' lang='lat' dir='ltr'><strong>quotidie</strong></span> <span class='ocrx_word' id='word_1_88' title='bbox 1495 1209 1803 1265; x_wconf 86' lang='lat' dir='ltr'><strong>adorarent.</strong></span> 
     </span>
    </p>
   </div>
   <div class='ocr_carea' id='block_1_13' title="bbox 226 1300 1806 1373">
    <p class='ocr_par' dir='ltr' id='par_1_13' title="bbox 226 1300 1806 1373">
     <span class='ocr_line' id='line_1_13' title="bbox 226 1300 1806 1373; baseline 0 -16"><span class='ocrx_word' id='word_1_89' title='bbox 226 1300 391 1373; x_wconf 79' lang='lat' dir='ltr'><strong>Neque</strong></span> <span class='ocrx_word' id='word_1_90' title='bbox 421 1302 473 1356; x_wconf 93' lang='lat' dir='ltr'><strong>id</strong></span> <span class='ocrx_word' id='word_1_91' title='bbox 504 1301 611 1357; x_wconf 90' lang='lat' dir='ltr'><strong>illis</strong></span> <span class='ocrx_word' id='word_1_92' title='bbox 639 1302 772 1357; x_wconf 89' lang='lat' dir='ltr'><strong>vitio</strong></span> <span class='ocrx_word' id='word_1_93' title='bbox 812 1313 1017 1358; x_wconf 89' lang='lat' dir='ltr'><strong>tantum</strong></span> <span class='ocrx_word' id='word_1_94' title='bbox 1069 1302 1352 1358; x_wconf 82' lang='lat' dir='ltr'><strong>vertebant</strong></span> <span class='ocrx_word' id='word_1_95' title='bbox 1379 1344 1395 1367; x_wconf 90' lang='lat'><strong>,</strong></span> <span class='ocrx_word' id='word_1_96' title='bbox 1445 1301 1538 1358; x_wconf 91' lang='lat' dir='ltr'><strong>sed</strong></span> <span class='ocrx_word' id='word_1_97' title='bbox 1565 1302 1635 1356; x_wconf 95' lang='lat' dir='ltr'><strong>ob</strong></span> <span class='ocrx_word' id='word_1_98' title='bbox 1665 1301 1806 1357; x_wconf 90' lang='lat' dir='ltr'><strong>hanc</strong></span> 
     </span>
    </p>
   </div>
   <div class='ocr_carea' id='block_1_14' title="bbox 225 1395 1805 1468">
    <p class='ocr_par' dir='ltr' id='par_1_14' title="bbox 225 1395 1805 1468">
     <span class='ocr_line' id='line_1_14' title="bbox 225 1395 1805 1468; baseline 0.001 -20"><span class='ocrx_word' id='word_1_99' title='bbox 225 1410 420 1466; x_wconf 89' lang='lat' dir='ltr'><strong>quoque</strong></span> <span class='ocrx_word' id='word_1_100' title='bbox 448 1396 843 1452; x_wconf 82' lang='lat' dir='ltr'><strong>confessionem</strong></span> <span class='ocrx_word' id='word_1_101' title='bbox 873 1396 1019 1468; x_wconf 84' lang='lat' dir='ltr'><strong>ipsos</strong></span> <span class='ocrx_word' id='word_1_102' title='bbox 1055 1395 1384 1466; x_wconf 75' lang='lat' dir='ltr'><strong>quibuslibet</strong></span> <span class='ocrx_word' id='word_1_103' title='bbox 1409 1395 1687 1466; x_wconf 86' lang='lat' dir='ltr'><strong>suppliciis</strong></span> <span class='ocrx_word' id='word_1_104' title='bbox 1710 1410 1805 1450; x_wconf 84' lang='lat' dir='ltr'><strong>ex-</strong></span> 
     </span>
    </p>
   </div>
   <div class='ocr_carea' id='block_1_15' title="bbox 225 1489 1803 1561">
    <p class='ocr_par' dir='ltr' id='par_1_15' title="bbox 225 1489 1803 1561">
     <span class='ocr_line' id='line_1_15' title="bbox 225 1489 1803 1561; baseline 0.001 -17"><span class='ocrx_word' id='word_1_105' title='bbox 225 1489 595 1544; x_wconf 86' lang='lat' dir='ltr'><strong>carniﬁcahant</strong></span> <span class='ocrx_word' id='word_1_106' title='bbox 626 1490 1090 1561; x_wconf 86' lang='lat' dir='ltr'><strong>trucidabantque.</strong></span> <span class='ocrx_word' id='word_1_107' title='bbox 1125 1490 1377 1546; x_wconf 85' lang='lat' dir='ltr'><strong>Animum</strong></span> <span class='ocrx_word' id='word_1_108' title='bbox 1409 1491 1586 1561; x_wconf 89' lang='lat' dir='ltr'><strong>itaque</strong></span> <span class='ocrx_word' id='word_1_109' title='bbox 1613 1491 1803 1546; x_wconf 89' lang='lat' dir='ltr'><strong>nobis-</strong></span> 
     </span>
    </p>
   </div>
   <div class='ocr_carea' id='block_1_16' title="bbox 222 1582 1803 1655">
    <p class='ocr_par' dir='ltr' id='par_1_16' title="bbox 222 1582 1803 1655">
     <span class='ocr_line' id='line_1_16' title="bbox 222 1582 1803 1655; baseline -0.001 -18"><span class='ocrx_word' id='word_1_110' title='bbox 222 1597 327 1637; x_wconf 90' lang='lat' dir='ltr'><strong>cum</strong></span> <span class='ocrx_word' id='word_1_111' title='bbox 361 1583 506 1636; x_wconf 91' lang='lat' dir='ltr'><strong>serio</strong></span> <span class='ocrx_word' id='word_1_112' title='bbox 533 1582 754 1639; x_wconf 86' lang='lat' dir='ltr'><strong>adverte</strong></span> <span class='ocrx_word' id='word_1_113' title='bbox 784 1583 911 1654; x_wconf 90' lang='lat' dir='ltr'><strong>quid</strong></span> <span class='ocrx_word' id='word_1_114' title='bbox 939 1584 1211 1640; x_wconf 80' lang='lat' dir='ltr'><strong>Arnobius</strong></span> <span class='ocrx_word' id='word_1_115' title='bbox 1239 1583 1356 1638; x_wconf 67' lang='lat' dir='ltr'><strong>haec</strong></span> <span class='ocrx_word' id='word_1_116' title='bbox 1372 1600 1664 1655; x_wconf 88' lang='lat' dir='ltr'><strong>numquam</strong></span> <span class='ocrx_word' id='word_1_117' title='bbox 1697 1600 1803 1638; x_wconf 89' lang='lat' dir='ltr'><strong>non</strong></span> 
     </span>
    </p>
   </div>
   <div class='ocr_carea' id='block_1_17' title="bbox 231 1673 1806 1747">
    <p class='ocr_par' dir='ltr' id='par_1_17' title="bbox 231 1673 1806 1747">
     <span class='ocr_line' id='line_1_17' title="bbox 231 1673 1806 1747; baseline 0.003 -19"><span class='ocrx_word' id='word_1_118' title='bbox 231 1673 518 1729; x_wconf 82' lang='lat' dir='ltr'><strong>tabularum</strong></span> <span class='ocrx_word' id='word_1_119' title='bbox 551 1690 702 1731; x_wconf 90' lang='lat' dir='ltr'><strong>more</strong></span> <span class='ocrx_word' id='word_1_120' title='bbox 729 1675 1148 1732; x_wconf 83' lang='lat' dir='ltr'><strong>vociferantibus</strong></span> <span class='ocrx_word' id='word_1_121' title='bbox 1194 1678 1548 1747; x_wconf 81' lang='lat' dir='ltr'><strong>rcSpondeat,</strong></span> <span class='ocrx_word' id='word_1_122' title='bbox 1582 1687 1636 1733; x_wconf 90' lang='lat' dir='ltr'><strong>ct</strong></span> <span class='ocrx_word' id='word_1_123' title='bbox 1674 1693 1806 1733; x_wconf 89' lang='lat' dir='ltr'><strong>con-</strong></span> 
     </span>
    </p>
   </div>
   <div class='ocr_carea' id='block_1_18' title="bbox 219 1766 1804 1841">
    <p class='ocr_par' dir='ltr' id='par_1_18' title="bbox 219 1766 1804 1841">
     <span class='ocr_line' id='line_1_18' title="bbox 219 1766 1804 1841; baseline 0.004 -21"><span class='ocrx_word' id='word_1_124' title='bbox 219 1766 379 1822; x_wconf 84' lang='lat' dir='ltr'><strong>festim</strong></span> <span class='ocrx_word' id='word_1_125' title='bbox 410 1769 680 1840; x_wconf 81' lang='lat' dir='ltr'><strong>intelliges</strong></span> <span class='ocrx_word' id='word_1_126' title='bbox 707 1786 866 1841; x_wconf 88' lang='lat' dir='ltr'><strong>quam</strong></span> <span class='ocrx_word' id='word_1_127' title='bbox 913 1780 1102 1840; x_wconf 89' lang='lat' dir='ltr'><strong>aperte</strong></span> <span class='ocrx_word' id='word_1_128' title='bbox 1133 1781 1187 1826; x_wconf 93' lang='lat' dir='ltr'><strong>et</strong></span> <span class='ocrx_word' id='word_1_129' title='bbox 1211 1781 1360 1827; x_wconf 89' lang='lat' dir='ltr'><strong>certo</strong></span> <span class='ocrx_word' id='word_1_130' title='bbox 1391 1787 1571 1827; x_wconf 82' lang='lat' dir='ltr'><strong>veram</strong></span> <span class='ocrx_word' id='word_1_131' title='bbox 1602 1769 1804 1827; x_wconf 93' lang='lat' dir='ltr'><strong>Christi</strong></span> 
     </span>
    </p>
   </div>
   <div class='ocr_carea' id='block_1_19' title="bbox 1915 552 3512 629">
    <p class='ocr_par' dir='ltr' id='par_1_19' title="bbox 1915 552 3512 629">
     <span class='ocr_line' id='line_1_19' title="bbox 1915 552 3512 629; baseline 0.006 -23"><span class='ocrx_word' id='word_1_132' title='bbox 1915 552 1969 606; x_wconf 91' lang='lat' dir='ltr'><strong>in</strong></span> <span class='ocrx_word' id='word_1_133' title='bbox 1999 552 2371 619; x_wconf 90' lang='lat' dir='ltr'><strong>superioribus</strong></span> <span class='ocrx_word' id='word_1_134' title='bbox 2400 554 2603 611; x_wconf 91' lang='lat' dir='ltr'><strong>dictum</strong></span> <span class='ocrx_word' id='word_1_135' title='bbox 2637 565 2739 621; x_wconf 88' lang='lat' dir='ltr'><strong>est,</strong></span> <span class='ocrx_word' id='word_1_136' title='bbox 2773 567 2949 613; x_wconf 90' lang='lat' dir='ltr'><strong>tamen</strong></span> <span class='ocrx_word' id='word_1_137' title='bbox 2974 574 3070 629; x_wconf 91' lang='lat' dir='ltr'><strong>pro</strong></span> <span class='ocrx_word' id='word_1_138' title='bbox 3098 560 3299 624; x_wconf 84' lang='lat' dir='ltr'><strong>multis,</strong></span> <span class='ocrx_word' id='word_1_139' title='bbox 3321 567 3377 616; x_wconf 92' lang='lat' dir='ltr'><strong>et</strong></span> <span class='ocrx_word' id='word_1_140' title='bbox 3405 569 3512 616; x_wconf 91' lang='lat' dir='ltr'><strong>tam</strong></span> 
     </span>
    </p>
   </div>
   <div class='ocr_carea' id='block_1_20' title="bbox 1913 645 3512 723">
    <p class='ocr_par' dir='ltr' id='par_1_20' title="bbox 1913 645 3512 723">
     <span class='ocr_line' id='line_1_20' title="bbox 1913 645 3512 723; baseline 0.006 -23"><span class='ocrx_word' id='word_1_141' title='bbox 1913 645 2226 701; x_wconf 85' lang='lat' dir='ltr'><strong>liberalibus</strong></span> <span class='ocrx_word' id='word_1_142' title='bbox 2254 647 2430 716; x_wconf 72' lang='lat' dir='ltr'><strong>donis,</strong></span> <span class='ocrx_word' id='word_1_143' title='bbox 2462 666 2580 718; x_wconf 83' lang='lat' dir='ltr'><strong>quae</strong></span> <span class='ocrx_word' id='word_1_144' title='bbox 2609 651 2675 706; x_wconf 90' lang='lat' dir='ltr'><strong>ab</strong></span> <span class='ocrx_word' id='word_1_145' title='bbox 2701 667 2768 706; x_wconf 89' lang='lat' dir='ltr'><strong>eo</strong></span> <span class='ocrx_word' id='word_1_146' title='bbox 2800 652 3038 723; x_wconf 89' lang='lat' dir='ltr'><strong>profecta</strong></span> <span class='ocrx_word' id='word_1_147' title='bbox 3070 655 3122 707; x_wconf 91' lang='lat' dir='ltr'><strong>in</strong></span> <span class='ocrx_word' id='word_1_148' title='bbox 3161 654 3314 709; x_wconf 91' lang='lat' dir='ltr'><strong>nobis</strong></span> <span class='ocrx_word' id='word_1_149' title='bbox 3342 666 3464 710; x_wconf 90' lang='lat' dir='ltr'><strong>sunt</strong></span> <span class='ocrx_word' id='word_1_150' title='bbox 3493 693 3512 721; x_wconf 92' lang='lat'><strong>,</strong></span> 
     </span>
    </p>
   </div>
   <div class='ocr_carea' id='block_1_21' title="bbox 1916 737 3511 815">
    <p class='ocr_par' dir='ltr' id='par_1_21' title="bbox 1916 737 3511 815">
     <span class='ocr_line' id='line_1_21' title="bbox 1916 737 3511 815; baseline 0.008 -23"><span class='ocrx_word' id='word_1_151' title='bbox 1916 737 2058 794; x_wconf 89' lang='lat' dir='ltr'><strong>Deos</strong></span> <span class='ocrx_word' id='word_1_152' title='bbox 2088 738 2448 796; x_wconf 90' lang='lat' dir='ltr'><strong>dicideberet.</strong></span> <span class='ocrx_word' id='word_1_153' title='bbox 2483 741 2615 797; x_wconf 90' lang='lat' dir='ltr'><strong>Cum</strong></span> <span class='ocrx_word' id='word_1_154' title='bbox 2643 760 2772 798; x_wconf 87' lang='lat' dir='ltr'><strong>vero</strong></span> <span class='ocrx_word' id='word_1_155' title='bbox 2802 746 2940 801; x_wconf 90' lang='lat' dir='ltr'><strong>Deus</strong></span> <span class='ocrx_word' id='word_1_156' title='bbox 2963 748 3033 801; x_wconf 90' lang='lat' dir='ltr'><strong>sit</strong></span> <span class='ocrx_word' id='word_1_157' title='bbox 3060 762 3118 803; x_wconf 91' lang='lat' dir='ltr'><strong>re</strong></span> <span class='ocrx_word' id='word_1_158' title='bbox 3131 756 3368 815; x_wconf 87' lang='lat' dir='ltr'><strong>certa,et</strong></span> <span class='ocrx_word' id='word_1_159' title='bbox 3389 749 3511 804; x_wconf 90' lang='lat' dir='ltr'><strong>sine</strong></span> 
     </span>
    </p>
   </div>
   <div class='ocr_carea' id='block_1_22' title="bbox 1912 831 3512 914">
    <p class='ocr_par' dir='ltr' id='par_1_22' title="bbox 1912 831 3512 914">
     <span class='ocr_line' id='line_1_22' title="bbox 1912 831 3512 914; baseline 0.007 -28"><span class='ocrx_word' id='word_1_160' title='bbox 1912 831 2073 886; x_wconf 88' lang='lat' dir='ltr'><strong>ullius</strong></span> <span class='ocrx_word' id='word_1_161' title='bbox 2096 831 2171 888; x_wconf 91' lang='lat' dir='ltr'><strong>rei</strong></span> <span class='ocrx_word' id='word_1_162' title='bbox 2203 833 2548 890; x_wconf 86' lang='lat' dir='ltr'><strong>dubitationis</strong></span> <span class='ocrx_word' id='word_1_163' title='bbox 2568 835 2662 909; x_wconf 89' lang='lat' dir='ltr'><strong>(ita</strong></span> <span class='ocrx_word' id='word_1_164' title='bbox 2685 837 2736 891; x_wconf 92' lang='lat' dir='ltr'><strong>in</strong></span> <span class='ocrx_word' id='word_1_165' title='bbox 2766 840 3130 910; x_wconf 81' lang='lat' dir='ltr'><strong>ntanuscripto</strong></span> <span class='ocrx_word' id='word_1_166' title='bbox 3159 841 3347 896; x_wconf 86' lang='lat' dir='ltr'><strong>codice</strong></span> <span class='ocrx_word' id='word_1_167' title='bbox 3364 843 3512 914; x_wconf 85' lang='lat' dir='ltr'><strong>regio</strong></span> 
     </span>
    </p>
   </div>
   <div class='ocr_carea' id='block_1_23' title="bbox 1911 923 3500 1003">
    <p class='ocr_par' dir='ltr' id='par_1_23' title="bbox 1911 923 3500 1003">
     <span class='ocr_line' id='line_1_23' title="bbox 1911 923 3500 1003; baseline 0.009 -26"><span class='ocrx_word' id='word_1_168' title='bbox 1911 923 2130 997; x_wconf 82' lang='lat' dir='ltr'><strong>legitur)</strong></span> <span class='ocrx_word' id='word_1_169' title='bbox 2160 926 2412 998; x_wconf 85' lang='lat' dir='ltr'><strong>ambiguo</strong></span> <span class='ocrx_word' id='word_1_170' title='bbox 2433 971 2448 993; x_wconf 93' lang='lat'><strong>,</strong></span> <span class='ocrx_word' id='word_1_171' title='bbox 2481 929 2816 985; x_wconf 88' lang='lat' dir='ltr'><strong>inﬁciaturos</strong></span> <span class='ocrx_word' id='word_1_172' title='bbox 2845 933 3182 988; x_wconf 86' lang='lat' dir='ltr'><strong>arbitramini</strong></span> <span class='ocrx_word' id='word_1_173' title='bbox 3206 949 3304 990; x_wconf 91' lang='lat' dir='ltr'><strong>nos</strong></span> <span class='ocrx_word' id='word_1_174' title='bbox 3331 950 3455 991; x_wconf 87' lang='lat' dir='ltr'><strong>esse</strong></span> <span class='ocrx_word' id='word_1_175' title='bbox 3485 978 3500 1003; x_wconf 95' lang='lat'><strong>,</strong></span> 
     </span>
    </p>
   </div>
   <div class='ocr_carea' id='block_1_24' title="bbox 1912 1023 3511 1099">
    <p class='ocr_par' dir='ltr' id='par_1_24' title="bbox 1912 1023 3511 1099">
     <span class='ocr_line' id='line_1_24' title="bbox 1912 1023 3511 1099; baseline 0.009 -27"><span class='ocrx_word' id='word_1_176' title='bbox 1912 1035 2070 1089; x_wconf 90' lang='lat' dir='ltr'><strong>quam</strong></span> <span class='ocrx_word' id='word_1_177' title='bbox 2101 1023 2334 1078; x_wconf 79' lang='lat' dir='ltr'><strong>maxime</strong></span> <span class='ocrx_word' id='word_1_178' title='bbox 2365 1023 2513 1078; x_wconf 92' lang='lat' dir='ltr'><strong>illum</strong></span> <span class='ocrx_word' id='word_1_179' title='bbox 2537 1040 2566 1079; x_wconf 92' lang='lat' dir='ltr'><strong>a</strong></span> <span class='ocrx_word' id='word_1_180' title='bbox 2598 1025 2752 1081; x_wconf 86' lang='lat' dir='ltr'><strong>nobis</strong></span> <span class='ocrx_word' id='word_1_181' title='bbox 2781 1027 2907 1092; x_wconf 92' lang='lat' dir='ltr'><strong>coli,</strong></span> <span class='ocrx_word' id='word_1_182' title='bbox 2939 1037 2992 1083; x_wconf 91' lang='lat' dir='ltr'><strong>et</strong></span> <span class='ocrx_word' id='word_1_183' title='bbox 3023 1028 3307 1099; x_wconf 71' lang='lat' dir='ltr'><strong>prmsidem</strong></span> <span class='ocrx_word' id='word_1_184' title='bbox 3341 1031 3511 1086; x_wconf 90' lang='lat' dir='ltr'><strong>nostri</strong></span> 
     </span>
    </p>
   </div>
   <div class='ocr_carea' id='block_1_25' title="bbox 1912 1118 3512 1194">
    <p class='ocr_par' dir='ltr' id='par_1_25' title="bbox 1912 1118 3512 1194">
     <span class='ocr_line' id='line_1_25' title="bbox 1912 1118 3512 1194; baseline 0.006 -26"><span class='ocrx_word' id='word_1_185' title='bbox 1912 1118 2157 1186; x_wconf 91' lang='lat' dir='ltr'><strong>corporis</strong></span> <span class='ocrx_word' id='word_1_186' title='bbox 2200 1121 2538 1186; x_wconf 82' lang='lat' dir='ltr'><strong>nuncupari?</strong></span> <span class='ocrx_word' id='word_1_187' title='bbox 2565 1119 2799 1192; x_wconf 82' lang='lat' dir='ltr'><strong>Ergone,</strong></span> <span class='ocrx_word' id='word_1_188' title='bbox 2844 1123 3044 1194; x_wconf 88' lang='lat' dir='ltr'><strong>inquiet</strong></span> <span class='ocrx_word' id='word_1_189' title='bbox 3071 1125 3261 1193; x_wconf 90' lang='lat' dir='ltr'><strong>aliquis</strong></span> <span class='ocrx_word' id='word_1_190' title='bbox 3288 1123 3470 1179; x_wconf 88' lang='lat' dir='ltr'><strong>furens</strong></span> <span class='ocrx_word' id='word_1_191' title='bbox 3496 1167 3512 1193; x_wconf 89' lang='lat'><strong>,</strong></span> 
     </span>
    </p>
   </div>
   <div class='ocr_carea' id='block_1_26' title="bbox 1911 1211 3514 1283">
    <p class='ocr_par' dir='ltr' id='par_1_26' title="bbox 1911 1211 3514 1283">
     <span class='ocr_line' id='line_1_26' title="bbox 1911 1211 3514 1283; baseline 0.005 -18"><span class='ocrx_word' id='word_1_192' title='bbox 1911 1211 2080 1265; x_wconf 88' lang='lat' dir='ltr'><strong>iratus</strong></span> <span class='ocrx_word' id='word_1_193' title='bbox 2122 1221 2176 1266; x_wconf 90' lang='lat' dir='ltr'><strong>et</strong></span> <span class='ocrx_word' id='word_1_194' title='bbox 2218 1216 2477 1283; x_wconf 82' lang='lat' dir='ltr'><strong>percitus,</strong></span> <span class='ocrx_word' id='word_1_195' title='bbox 2536 1214 2678 1270; x_wconf 91' lang='lat' dir='ltr'><strong>Deus</strong></span> <span class='ocrx_word' id='word_1_196' title='bbox 2709 1215 2797 1271; x_wconf 90' lang='lat' dir='ltr'><strong>ille</strong></span> <span class='ocrx_word' id='word_1_197' title='bbox 2819 1226 2902 1271; x_wconf 92' lang='lat' dir='ltr'><strong>est</strong></span> <span class='ocrx_word' id='word_1_198' title='bbox 2929 1217 3208 1271; x_wconf 79' lang='lat' dir='ltr'><strong>Christus?</strong></span> <span class='ocrx_word' id='word_1_199' title='bbox 3236 1217 3376 1272; x_wconf 89' lang='lat' dir='ltr'><strong>Dens</strong></span> <span class='ocrx_word' id='word_1_200' title='bbox 3398 1233 3514 1273; x_wconf 87' lang='lat' dir='ltr'><strong>res-</strong></span> 
     </span>
    </p>
   </div>
   <div class='ocr_carea' id='block_1_27' title="bbox 1912 1306 3519 1380">
    <p class='ocr_par' dir='ltr' id='par_1_27' title="bbox 1912 1306 3519 1380">
     <span class='ocr_line' id='line_1_27' title="bbox 1912 1306 3519 1380; baseline 0.005 -21"><span class='ocrx_word' id='word_1_201' title='bbox 1912 1306 2295 1376; x_wconf 91' lang='lat' dir='ltr'><strong>pondebimus,</strong></span> <span class='ocrx_word' id='word_1_202' title='bbox 2343 1319 2396 1363; x_wconf 89' lang='lat' dir='ltr'><strong>et</strong></span> <span class='ocrx_word' id='word_1_203' title='bbox 2463 1309 2782 1365; x_wconf 89' lang='lat' dir='ltr'><strong>interiorum</strong></span> <span class='ocrx_word' id='word_1_204' title='bbox 2840 1312 3199 1380; x_wconf 89' lang='lat' dir='ltr'><strong>potentiarum</strong></span> <span class='ocrx_word' id='word_1_205' title='bbox 3245 1313 3384 1367; x_wconf 90' lang='lat' dir='ltr'><strong>Dens</strong></span> <span class='ocrx_word' id='word_1_206' title='bbox 3417 1328 3431 1365; x_wconf 89' lang='lat'><strong>:</strong></span> <span class='ocrx_word' id='word_1_207' title='bbox 3464 1322 3519 1367; x_wconf 88' lang='lat' dir='ltr'><strong>ct</strong></span> 
     </span>
    </p>
   </div>
   <div class='ocr_carea' id='block_1_28' title="bbox 1911 1399 3509 1476">
    <p class='ocr_par' dir='ltr' id='par_1_28' title="bbox 1911 1399 3509 1476">
     <span class='ocr_line' id='line_1_28' title="bbox 1911 1399 3509 1476; baseline 0.006 -25"><span class='ocrx_word' id='word_1_208' title='bbox 1911 1399 2053 1468; x_wconf 87' lang='lat' dir='ltr'><strong>quod</strong></span> <span class='ocrx_word' id='word_1_209' title='bbox 2083 1403 2254 1471; x_wconf 89' lang='lat' dir='ltr'><strong>magis</strong></span> <span class='ocrx_word' id='word_1_210' title='bbox 2282 1401 2477 1458; x_wconf 90' lang='lat' dir='ltr'><strong>inﬁdos</strong></span> <span class='ocrx_word' id='word_1_211' title='bbox 2516 1403 2883 1458; x_wconf 87' lang='lat' dir='ltr'><strong>acerbissimis</strong></span> <span class='ocrx_word' id='word_1_212' title='bbox 2909 1404 3188 1460; x_wconf 90' lang='lat' dir='ltr'><strong>doloribus</strong></span> <span class='ocrx_word' id='word_1_213' title='bbox 3217 1415 3464 1476; x_wconf 87' lang='lat' dir='ltr'><strong>torqueat</strong></span> <span class='ocrx_word' id='word_1_214' title='bbox 3495 1449 3509 1471; x_wconf 97' lang='lat'><strong>,</strong></span> 
     </span>
    </p>
   </div>
   <div class='ocr_carea' id='block_1_29' title="bbox 1910 1492 3514 1567">
    <p class='ocr_par' dir='ltr' id='par_1_29' title="bbox 1910 1492 3514 1567">
     <span class='ocr_line' id='line_1_29' title="bbox 1910 1492 3514 1567; baseline 0.004 -22"><span class='ocrx_word' id='word_1_215' title='bbox 1910 1492 1988 1545; x_wconf 85' lang='lat' dir='ltr'><strong>rei</strong></span> <span class='ocrx_word' id='word_1_216' title='bbox 2039 1493 2285 1548; x_wconf 77' lang='lat' dir='ltr'><strong>maxima:</strong></span> <span class='ocrx_word' id='word_1_217' title='bbox 2333 1510 2492 1549; x_wconf 89' lang='lat' dir='ltr'><strong>causa</strong></span> <span class='ocrx_word' id='word_1_218' title='bbox 2546 1511 2576 1550; x_wconf 90' lang='lat' dir='ltr'><strong>a</strong></span> <span class='ocrx_word' id='word_1_219' title='bbox 2624 1511 2835 1550; x_wconf 92' lang='lat' dir='ltr'><strong>summo</strong></span> <span class='ocrx_word' id='word_1_220' title='bbox 2870 1512 2996 1567; x_wconf 78' lang='lat' dir='ltr'><strong>rege</strong></span> <span class='ocrx_word' id='word_1_221' title='bbox 3033 1498 3247 1551; x_wconf 91' lang='lat' dir='ltr'><strong>missus.</strong></span> <span class='ocrx_word' id='word_1_222' title='bbox 3287 1515 3306 1549; x_wconf 84' lang='grc'>›</span> <span class='ocrx_word' id='word_1_223' title='bbox 3354 1495 3514 1552; x_wconf 85' lang='lat' dir='ltr'><strong>Vides</strong></span> 
     </span>
    </p>
   </div>
   <div class='ocr_carea' id='block_1_30' title="bbox 1913 1583 3514 1659">
    <p class='ocr_par' dir='ltr' id='par_1_30' title="bbox 1913 1583 3514 1659">
     <span class='ocr_line' id='line_1_30' title="bbox 1913 1583 3514 1659; baseline 0.005 -23"><span class='ocrx_word' id='word_1_224' title='bbox 1913 1583 2155 1652; x_wconf 90' lang='lat' dir='ltr'><strong>profecto</strong></span> <span class='ocrx_word' id='word_1_225' title='bbox 2181 1587 2452 1656; x_wconf 89' lang='lat' dir='ltr'><strong>quomodo</strong></span> <span class='ocrx_word' id='word_1_226' title='bbox 2486 1587 2575 1642; x_wconf 92' lang='lat' dir='ltr'><strong>ille</strong></span> <span class='ocrx_word' id='word_1_227' title='bbox 2607 1588 2686 1642; x_wconf 89' lang='lat' dir='ltr'><strong>bis</strong></span> <span class='ocrx_word' id='word_1_228' title='bbox 2726 1598 2913 1659; x_wconf 86' lang='lat' dir='ltr'><strong>terque</strong></span> <span class='ocrx_word' id='word_1_229' title='bbox 2944 1601 3174 1659; x_wconf 87' lang='lat' dir='ltr'><strong>repetat,</strong></span> <span class='ocrx_word' id='word_1_230' title='bbox 3204 1599 3259 1644; x_wconf 88' lang='lat' dir='ltr'><strong>et</strong></span> <span class='ocrx_word' id='word_1_231' title='bbox 3279 1590 3514 1646; x_wconf 85' lang='lat' dir='ltr'><strong>inculcet</strong></span> 
     </span>
    </p>
   </div>
   <div class='ocr_carea' id='block_1_31' title="bbox 1911 1674 3512 1752">
    <p class='ocr_par' dir='ltr' id='par_1_31' title="bbox 1911 1674 3512 1752">
     <span class='ocr_line' id='line_1_31' title="bbox 1911 1674 3512 1752; baseline 0.004 -22"><span class='ocrx_word' id='word_1_232' title='bbox 1911 1675 2188 1732; x_wconf 83' lang='lat' dir='ltr'><strong>Christum</strong></span> <span class='ocrx_word' id='word_1_233' title='bbox 2243 1695 2347 1734; x_wconf 90' lang='lat' dir='ltr'><strong>non</strong></span> <span class='ocrx_word' id='word_1_234' title='bbox 2398 1681 2614 1736; x_wconf 92' lang='lat' dir='ltr'><strong>nomine</strong></span> <span class='ocrx_word' id='word_1_235' title='bbox 2646 1674 2802 1736; x_wconf 85' lang='lat' dir='ltr'><strong>tenus</strong></span> <span class='ocrx_word' id='word_1_236' title='bbox 2831 1690 2884 1735; x_wconf 88' lang='lat' dir='ltr'><strong>et</strong></span> <span class='ocrx_word' id='word_1_237' title='bbox 2905 1682 3290 1752; x_wconf 89' lang='lat' dir='ltr'><strong>appellatione,</strong></span> <span class='ocrx_word' id='word_1_238' title='bbox 3325 1681 3420 1738; x_wconf 93' lang='lat' dir='ltr'><strong>sed</strong></span> <span class='ocrx_word' id='word_1_239' title='bbox 3453 1697 3512 1737; x_wconf 91' lang='lat' dir='ltr'><strong>re</strong></span> 
     </span>
    </p>
   </div>
   <div class='ocr_carea' id='block_1_32' title="bbox 1911 1771 3511 1845">
    <p class='ocr_par' dir='ltr' id='par_1_32' title="bbox 1911 1771 3511 1845">
     <span class='ocr_line' id='line_1_32' title="bbox 1911 1771 3511 1845; baseline 0.004 -23"><span class='ocrx_word' id='word_1_240' title='bbox 1911 1777 2082 1835; x_wconf 91' lang='lat' dir='ltr'><strong>certa,</strong></span> <span class='ocrx_word' id='word_1_241' title='bbox 2139 1778 2296 1841; x_wconf 91' lang='lat' dir='ltr'><strong>atque</strong></span> <span class='ocrx_word' id='word_1_242' title='bbox 2327 1771 2430 1826; x_wconf 89' lang='lat' dir='ltr'><strong>ulla</strong></span> <span class='ocrx_word' id='word_1_243' title='bbox 2460 1773 2663 1843; x_wconf 87' lang='lat' dir='ltr'><strong>absque</strong></span> <span class='ocrx_word' id='word_1_244' title='bbox 2693 1772 3025 1827; x_wconf 87' lang='lat' dir='ltr'><strong>dubitatione</strong></span> <span class='ocrx_word' id='word_1_245' title='bbox 3054 1774 3134 1828; x_wconf 87' lang='lat' dir='ltr'><strong>vel</strong></span> <span class='ocrx_word' id='word_1_246' title='bbox 3162 1774 3511 1845; x_wconf 84' lang='lat' dir='ltr'><strong>ambiguitate</strong></span> 
     </span>
    </p>
   </div>
   <div class='ocr_carea' id='block_1_33' title="bbox 219 1853 3507 1937">
    <p class='ocr_par' dir='ltr' id='par_1_33' title="bbox 219 1853 3507 1937">
     <span class='ocr_line' id='line_1_33' title="bbox 219 1853 3507 1937; baseline 0.003 -24"><span class='ocrx_word' id='word_1_247' title='bbox 219 1859 538 1916; x_wconf 77' lang='lat' dir='ltr'><strong>divinitatem</strong></span> <span class='ocrx_word' id='word_1_248' title='bbox 575 1863 968 1933; x_wconf 69' lang='lat' dir='ltr'><strong>prardicaverit.</strong></span> <span class='ocrx_word' id='word_1_249' title='bbox 1000 1865 1138 1932; x_wconf 83' lang='lat' dir='ltr'><strong>Quid</strong></span> <span class='ocrx_word' id='word_1_250' title='bbox 1167 1865 1333 1928; x_wconf 89' lang='lat' dir='ltr'><strong>enim,</strong></span> <span class='ocrx_word' id='word_1_251' title='bbox 1367 1866 1594 1921; x_wconf 90' lang='lat' dir='ltr'><strong>obsecro</strong></span> <span class='ocrx_word' id='word_1_252' title='bbox 1623 1874 1695 1933; x_wconf 90' lang='lat' dir='ltr'><strong>te,</strong></span> <span class='ocrx_word' id='word_1_253' title='bbox 1727 1866 1804 1920; x_wconf 87' lang='lat' dir='ltr'><strong>fa-</strong></span> <span class='ocrx_word' id='word_1_254' title='bbox 1836 1853 1883 1912; x_wconf 89' lang='grc' dir='ltr'>Β</span> <span class='ocrx_word' id='word_1_255' title='bbox 1915 1867 2108 1917; x_wconf 84' lang='lat' dir='ltr'><strong>verum</strong></span> <span class='ocrx_word' id='word_1_256' title='bbox 2147 1880 2267 1919; x_wconf 89' lang='lat' dir='ltr'><strong>esse</strong></span> <span class='ocrx_word' id='word_1_257' title='bbox 2318 1865 2485 1921; x_wconf 90' lang='lat' dir='ltr'><strong>Deum</strong></span> <span class='ocrx_word' id='word_1_258' title='bbox 2514 1867 2757 1937; x_wconf 91' lang='lat' dir='ltr'><strong>corporis</strong></span> <span class='ocrx_word' id='word_1_259' title='bbox 2789 1866 2956 1921; x_wconf 91' lang='lat' dir='ltr'><strong>nostri</strong></span> <span class='ocrx_word' id='word_1_260' title='bbox 2988 1867 3268 1937; x_wconf 57' lang='lat' dir='ltr'><strong>praesidem</strong></span> <span class='ocrx_word' id='word_1_261' title='bbox 3290 1912 3303 1935; x_wconf 94' lang='lat'><strong>,</strong></span> <span class='ocrx_word' id='word_1_262' title='bbox 3349 1876 3403 1922; x_wconf 92' lang='lat' dir='ltr'><strong>et</strong></span> <span class='ocrx_word' id='word_1_263' title='bbox 3425 1868 3507 1922; x_wconf 90' lang='lat' dir='ltr'><strong>in-</strong></span> 
     </span>
    </p>
   </div>
   <div class='ocr_carea' id='block_1_34' title="bbox 219 1951 1801 2029">
    <p class='ocr_par' dir='ltr' id='par_1_34' title="bbox 219 1951 1801 2029">
     <span class='ocr_line' id='line_1_34' title="bbox 219 1951 1801 2029; baseline 0.006 -23"><span class='ocrx_word' id='word_1_264' title='bbox 219 1951 359 2006; x_wconf 91' lang='lat' dir='ltr'><strong>cilius</strong></span> <span class='ocrx_word' id='word_1_265' title='bbox 377 1955 791 2026; x_wconf 88' lang='lat' dir='ltr'><strong>promptiusque</strong></span> <span class='ocrx_word' id='word_1_266' title='bbox 817 1957 896 2012; x_wconf 89' lang='lat' dir='ltr'><strong>illi</strong></span> <span class='ocrx_word' id='word_1_267' title='bbox 922 1969 1059 2025; x_wconf 90' lang='lat' dir='ltr'><strong>erat,</strong></span> <span class='ocrx_word' id='word_1_268' title='bbox 1079 1975 1237 2029; x_wconf 89' lang='lat' dir='ltr'><strong>quam</strong></span> <span class='ocrx_word' id='word_1_269' title='bbox 1262 1959 1592 2028; x_wconf 90' lang='lat' dir='ltr'><strong>respondere</strong></span> <span class='ocrx_word' id='word_1_270' title='bbox 1609 1959 1801 2015; x_wconf 87' lang='lat' dir='ltr'><strong>Chris-</strong></span> 
     </span>
    </p>
   </div>
   <div class='ocr_carea' id='block_1_35' title="bbox 216 2051 1799 2125">
    <p class='ocr_par' dir='ltr' id='par_1_35' title="bbox 216 2051 1799 2125">
     <span class='ocr_line' id='line_1_35' title="bbox 216 2051 1799 2125; baseline 0.008 -27"><span class='ocrx_word' id='word_1_271' title='bbox 216 2054 310 2099; x_wconf 90' lang='lat' dir='ltr'><strong>tum</strong></span> <span class='ocrx_word' id='word_1_272' title='bbox 336 2062 438 2103; x_wconf 91' lang='lat' dir='ltr'><strong>non</strong></span> <span class='ocrx_word' id='word_1_273' title='bbox 472 2064 603 2104; x_wconf 85' lang='lat' dir='ltr'><strong>vere</strong></span> <span class='ocrx_word' id='word_1_274' title='bbox 630 2065 694 2104; x_wconf 84' lang='lat' dir='ltr'><strong>ac</strong></span> <span class='ocrx_word' id='word_1_275' title='bbox 729 2053 945 2122; x_wconf 89' lang='lat' dir='ltr'><strong>proprie</strong></span> <span class='ocrx_word' id='word_1_276' title='bbox 975 2094 991 2121; x_wconf 95' lang='lat'><strong>,</strong></span> <span class='ocrx_word' id='word_1_277' title='bbox 1051 2051 1146 2107; x_wconf 90' lang='lat' dir='ltr'><strong>sed</strong></span> <span class='ocrx_word' id='word_1_278' title='bbox 1173 2055 1561 2125; x_wconf 86' lang='lat' dir='ltr'><strong>metonymice,</strong></span> <span class='ocrx_word' id='word_1_279' title='bbox 1616 2064 1671 2109; x_wconf 90' lang='lat' dir='ltr'><strong>et</strong></span> <span class='ocrx_word' id='word_1_280' title='bbox 1695 2056 1799 2110; x_wconf 87' lang='lat' dir='ltr'><strong>im-</strong></span> 
     </span>
    </p>
   </div>
   <div class='ocr_carea' id='block_1_36' title="bbox 213 2141 1803 2216">
    <p class='ocr_par' dir='ltr' id='par_1_36' title="bbox 213 2141 1803 2216">
     <span class='ocr_line' id='line_1_36' title="bbox 213 2141 1803 2216; baseline 0.006 -23"><span class='ocrx_word' id='word_1_281' title='bbox 213 2142 410 2209; x_wconf 88' lang='lat' dir='ltr'><strong>proprie</strong></span> <span class='ocrx_word' id='word_1_282' title='bbox 441 2141 613 2196; x_wconf 90' lang='lat' dir='ltr'><strong>Deum</strong></span> <span class='ocrx_word' id='word_1_283' title='bbox 641 2157 672 2196; x_wconf 91' lang='lat' dir='ltr'><strong>a</strong></span> <span class='ocrx_word' id='word_1_284' title='bbox 693 2144 1002 2198; x_wconf 86' lang='lat' dir='ltr'><strong>christianis</strong></span> <span class='ocrx_word' id='word_1_285' title='bbox 1027 2145 1176 2199; x_wconf 89' lang='lat' dir='ltr'><strong>credi</strong></span> <span class='ocrx_word' id='word_1_286' title='bbox 1208 2156 1262 2200; x_wconf 89' lang='lat' dir='ltr'><strong>et</strong></span> <span class='ocrx_word' id='word_1_287' title='bbox 1291 2146 1593 2216; x_wconf 87' lang='lat' dir='ltr'><strong>appellari?</strong></span> <span class='ocrx_word' id='word_1_288' title='bbox 1622 2147 1698 2202; x_wconf 82' lang='lat' dir='ltr'><strong>Ea</strong></span> <span class='ocrx_word' id='word_1_289' title='bbox 1726 2148 1803 2202; x_wconf 89' lang='lat' dir='ltr'><strong>si-</strong></span> 
     </span>
    </p>
   </div>
   <div class='ocr_carea' id='block_1_37' title="bbox 215 2232 1799 2311">
    <p class='ocr_par' dir='ltr' id='par_1_37' title="bbox 215 2232 1799 2311">
     <span class='ocr_line' id='line_1_37' title="bbox 215 2232 1799 2311; baseline 0.008 -27"><span class='ocrx_word' id='word_1_290' title='bbox 215 2232 408 2303; x_wconf 88' lang='lat' dir='ltr'><strong>quidem</strong></span> <span class='ocrx_word' id='word_1_291' title='bbox 448 2234 674 2290; x_wconf 88' lang='lat' dir='ltr'><strong>cuilibet</strong></span> <span class='ocrx_word' id='word_1_292' title='bbox 699 2237 853 2292; x_wconf 89' lang='lat' dir='ltr'><strong>obvia</strong></span> <span class='ocrx_word' id='word_1_293' title='bbox 883 2238 1235 2307; x_wconf 89' lang='lat' dir='ltr'><strong>responsione</strong></span> <span class='ocrx_word' id='word_1_294' title='bbox 1267 2237 1471 2294; x_wconf 86' lang='lat' dir='ltr'><strong>Ethicis</strong></span> <span class='ocrx_word' id='word_1_295' title='bbox 1495 2255 1557 2294; x_wconf 93' lang='lat' dir='ltr'><strong>os</strong></span> <span class='ocrx_word' id='word_1_296' title='bbox 1581 2241 1799 2311; x_wconf 90' lang='lat' dir='ltr'><strong>penitus</strong></span> 
     </span>
    </p>
   </div>
   <div class='ocr_carea' id='block_1_38' title="bbox 213 2325 1798 2406">
    <p class='ocr_par' dir='ltr' id='par_1_38' title="bbox 213 2325 1798 2406">
     <span class='ocr_line' id='line_1_38' title="bbox 213 2325 1798 2406; baseline 0.009 -29"><span class='ocrx_word' id='word_1_297' title='bbox 213 2325 530 2384; x_wconf 90' lang='lat' dir='ltr'><strong>occlusisset.</strong></span> <span class='ocrx_word' id='word_1_298' title='bbox 563 2329 667 2385; x_wconf 90' lang='lat' dir='ltr'><strong>Sed</strong></span> <span class='ocrx_word' id='word_1_299' title='bbox 697 2337 900 2385; x_wconf 89' lang='lat' dir='ltr'><strong>tantum</strong></span> <span class='ocrx_word' id='word_1_300' title='bbox 928 2332 1102 2398; x_wconf 89' lang='lat' dir='ltr'><strong>abest,</strong></span> <span class='ocrx_word' id='word_1_301' title='bbox 1135 2343 1190 2386; x_wconf 92' lang='lat' dir='ltr'><strong>ut</strong></span> <span class='ocrx_word' id='word_1_302' title='bbox 1221 2348 1339 2388; x_wconf 89' lang='lat' dir='ltr'><strong>eam</strong></span> <span class='ocrx_word' id='word_1_303' title='bbox 1377 2333 1649 2402; x_wconf 88' lang='lat' dir='ltr'><strong>adhibeat,</strong></span> <span class='ocrx_word' id='word_1_304' title='bbox 1669 2336 1798 2406; x_wconf 88' lang='lat' dir='ltr'><strong>quin</strong></span> 
     </span>
    </p>
   </div>
   <div class='ocr_carea' id='block_1_39' title="bbox 213 2417 1799 2488">
    <p class='ocr_par' dir='ltr' id='par_1_39' title="bbox 213 2417 1799 2488">
     <span class='ocr_line' id='line_1_39' title="bbox 213 2417 1799 2488; baseline 0.009 -18"><span class='ocrx_word' id='word_1_305' title='bbox 213 2417 363 2488; x_wconf 85' lang='lat' dir='ltr'><strong>ipsum</strong></span> <span class='ocrx_word' id='word_1_306' title='bbox 411 2420 692 2476; x_wconf 88' lang='lat' dir='ltr'><strong>Christum</strong></span> <span class='ocrx_word' id='word_1_307' title='bbox 725 2438 907 2477; x_wconf 86' lang='lat' dir='ltr'><strong>verum</strong></span> <span class='ocrx_word' id='word_1_308' title='bbox 941 2424 1108 2479; x_wconf 89' lang='lat' dir='ltr'><strong>Deum</strong></span> <span class='ocrx_word' id='word_1_309' title='bbox 1137 2440 1258 2480; x_wconf 89' lang='lat' dir='ltr'><strong>esse</strong></span> <span class='ocrx_word' id='word_1_310' title='bbox 1305 2425 1431 2481; x_wconf 89' lang='lat' dir='ltr'><strong>inde</strong></span> <span class='ocrx_word' id='word_1_311' title='bbox 1459 2427 1799 2484; x_wconf 90' lang='lat' dir='ltr'><strong>demonstrat</strong></span> 
     </span>
    </p>
   </div>
   <div class='ocr_carea' id='block_1_40' title="bbox 215 2507 1800 2584">
    <p class='ocr_par' dir='ltr' id='par_1_40' title="bbox 215 2507 1800 2584">
     <span class='ocr_line' id='line_1_40' title="bbox 215 2507 1800 2584; baseline 0.009 -22"><span class='ocrx_word' id='word_1_312' title='bbox 215 2507 384 2579; x_wconf 79' lang='lat' dir='ltr'><strong>(Ibid.,</strong></span> <span class='ocrx_word' id='word_1_313' title='bbox 412 2530 539 2584; x_wconf 82' lang='lat' dir='ltr'><strong>pag.</strong></span> <span class='ocrx_word' id='word_1_314' title='bbox 575 2512 692 2584; x_wconf 66' lang='grc' dir='ltr'><strong>Ἡ).</strong></span> <span class='ocrx_word' id='word_1_315' title='bbox 732 2514 874 2584; x_wconf 91' lang='lat' dir='ltr'><strong>quod</strong></span> <span class='ocrx_word' id='word_1_316' title='bbox 897 2530 1104 2570; x_wconf 89' lang='lat' dir='ltr'><strong>summa</strong></span> <span class='ocrx_word' id='word_1_317' title='bbox 1133 2529 1186 2571; x_wconf 91' lang='lat' dir='ltr'><strong>et</strong></span> <span class='ocrx_word' id='word_1_318' title='bbox 1213 2517 1494 2573; x_wconf 90' lang='lat' dir='ltr'><strong>innumera</strong></span> <span class='ocrx_word' id='word_1_319' title='bbox 1539 2519 1800 2576; x_wconf 89' lang='lat' dir='ltr'><strong>beneﬁcia</strong></span> 
     </span>
    </p>
   </div>
   <div class='ocr_carea' id='block_1_41' title="bbox 214 2605 1801 2677">
    <p class='ocr_par' dir='ltr' id='par_1_41' title="bbox 214 2605 1801 2677">
     <span class='ocr_line' id='line_1_41' title="bbox 214 2605 1801 2677; baseline 0.009 -21"><span class='ocrx_word' id='word_1_320' title='bbox 214 2605 444 2661; x_wconf 90' lang='lat' dir='ltr'><strong>omnibus</strong></span> <span class='ocrx_word' id='word_1_321' title='bbox 469 2607 759 2677; x_wconf 66' lang='lat' dir='ltr'><strong>aequaliter</strong></span> <span class='ocrx_word' id='word_1_322' title='bbox 798 2607 1104 2664; x_wconf 87' lang='lat' dir='ltr'><strong>hominibus</strong></span> <span class='ocrx_word' id='word_1_323' title='bbox 1153 2611 1443 2666; x_wconf 90' lang='lat' dir='ltr'><strong>contulerit</strong></span> <span class='ocrx_word' id='word_1_324' title='bbox 1472 2629 1485 2664; x_wconf 89' lang='lat'>:</span> <span class='ocrx_word' id='word_1_325' title='bbox 1525 2631 1542 2664; x_wconf 84' lang='grc'><strong>‹</strong></span> <span class='ocrx_word' id='word_1_326' title='bbox 1574 2613 1687 2669; x_wconf 78' lang='grc' dir='ltr'><strong>1-1οε</strong></span> <span class='ocrx_word' id='word_1_327' title='bbox 1717 2623 1801 2670; x_wconf 85' lang='lat' dir='ltr'><strong>est</strong></span> 
     </span>
    </p>
   </div>
   <div class='ocr_carea' id='block_1_42' title="bbox 211 2699 1794 2777">
    <p class='ocr_par' dir='ltr' id='par_1_42' title="bbox 211 2699 1794 2777">
     <span class='ocr_line' id='line_1_42' title="bbox 211 2699 1794 2777; baseline 0.008 -25"><span class='ocrx_word' id='word_1_328' title='bbox 211 2699 358 2766; x_wconf 85' lang='lat' dir='ltr'><strong>enim,</strong></span> <span class='ocrx_word' id='word_1_329' title='bbox 395 2719 415 2754; x_wconf 73' lang='grc' dir='ltr'><strong><em>ι</em></strong></span> <span class='ocrx_word' id='word_1_330' title='bbox 452 2702 630 2772; x_wconf 85' lang='lat' dir='ltr'><strong>inquit</strong></span> <span class='ocrx_word' id='word_1_331' title='bbox 663 2701 853 2772; x_wconf 84' lang='lat' dir='ltr'><strong>(Ibid.,</strong></span> <span class='ocrx_word' id='word_1_332' title='bbox 882 2722 1002 2774; x_wconf 84' lang='lat' dir='ltr'><strong>pag.</strong></span> <span class='ocrx_word' id='word_1_333' title='bbox 1039 2705 1154 2776; x_wconf 74' lang='lat'><strong>29),</strong></span> <span class='ocrx_word' id='word_1_334' title='bbox 1184 2723 1203 2756; x_wconf 73' lang='grc' dir='ltr'>ι</span> <span class='ocrx_word' id='word_1_335' title='bbox 1241 2708 1514 2777; x_wconf 87' lang='lat' dir='ltr'><strong>proprium</strong></span> <span class='ocrx_word' id='word_1_336' title='bbox 1547 2708 1636 2763; x_wconf 87' lang='lat' dir='ltr'><strong>Dei</strong></span> <span class='ocrx_word' id='word_1_337' title='bbox 1662 2711 1794 2776; x_wconf 88' lang='lat' dir='ltr'><strong>veri,</strong></span> 
     </span>
    </p>
   </div>
   <div class='ocr_carea' id='block_1_43' title="bbox 209 2796 1794 2871">
    <p class='ocr_par' dir='ltr' id='par_1_43' title="bbox 209 2796 1794 2871">
     <span class='ocr_line' id='line_1_43' title="bbox 209 2796 1794 2871; baseline 0.006 -25"><span class='ocrx_word' id='word_1_338' title='bbox 209 2796 564 2866; x_wconf 75' lang='lat' dir='ltr'><strong>potentimquc</strong></span> <span class='ocrx_word' id='word_1_339' title='bbox 595 2799 811 2868; x_wconf 84' lang='lat' dir='ltr'><strong>regalis,</strong></span> <span class='ocrx_word' id='word_1_340' title='bbox 842 2798 1224 2869; x_wconf 57' lang='lat' dir='ltr'><strong>benignitatem</strong></span> <span class='ocrx_word' id='word_1_341' title='bbox 1252 2815 1402 2854; x_wconf 88' lang='lat' dir='ltr'><strong>suam</strong></span> <span class='ocrx_word' id='word_1_342' title='bbox 1427 2815 1625 2871; x_wconf 84' lang='lat' dir='ltr'><strong>negare</strong></span> <span class='ocrx_word' id='word_1_343' title='bbox 1641 2801 1794 2868; x_wconf 93' lang='lat' dir='ltr'><strong>nulli,</strong></span> 
     </span>
    </p>
   </div>
   <div class='ocr_carea' id='block_1_44' title="bbox 204 2892 1798 2964">
    <p class='ocr_par' dir='ltr' id='par_1_44' title="bbox 204 2892 1798 2964">
     <span class='ocr_line' id='line_1_44' title="bbox 204 2892 1798 2964; baseline 0.006 -22"><span class='ocrx_word' id='word_1_344' title='bbox 204 2903 290 2943; x_wconf 87' lang='lat' dir='ltr'><strong>nec</strong></span> <span class='ocrx_word' id='word_1_345' title='bbox 319 2902 581 2961; x_wconf 68' lang='lat' dir='ltr'><strong>reputare</strong></span> <span class='ocrx_word' id='word_1_346' title='bbox 611 2892 732 2963; x_wconf 88' lang='lat' dir='ltr'><strong>quis</strong></span> <span class='ocrx_word' id='word_1_347' title='bbox 770 2902 1066 2955; x_wconf 88' lang='lat' dir='ltr'><strong>mereatur,</strong></span> <span class='ocrx_word' id='word_1_348' title='bbox 1096 2904 1187 2948; x_wconf 91' lang='lat' dir='ltr'><strong>aut</strong></span> <span class='ocrx_word' id='word_1_349' title='bbox 1216 2893 1458 2950; x_wconf 88' lang='lat' dir='ltr'><strong>minime.</strong></span> <span class='ocrx_word' id='word_1_350' title='bbox 1500 2916 1516 2946; x_wconf 77' lang='grc' dir='ltr'><strong><em>ι</em></strong></span> <span class='ocrx_word' id='word_1_351' title='bbox 1550 2896 1680 2964; x_wconf 65' lang='lat' dir='ltr'><strong>Quae</strong></span> <span class='ocrx_word' id='word_1_352' title='bbox 1701 2911 1798 2952; x_wconf 88' lang='lat' dir='ltr'><strong>au-</strong></span> 
     </span>
    </p>
   </div>
   <div class='ocr_carea' id='block_1_45' title="bbox 205 2986 1797 3060">
    <p class='ocr_par' dir='ltr' id='par_1_45' title="bbox 205 2986 1797 3060">
     <span class='ocr_line' id='line_1_45' title="bbox 205 2986 1797 3060; baseline 0.006 -24"><span class='ocrx_word' id='word_1_353' title='bbox 205 2989 297 3037; x_wconf 90' lang='lat' dir='ltr'><strong>tem</strong></span> <span class='ocrx_word' id='word_1_354' title='bbox 340 3000 399 3039; x_wconf 89' lang='lat' dir='ltr'><strong>ea</strong></span> <span class='ocrx_word' id='word_1_355' title='bbox 445 2986 568 3040; x_wconf 81' lang='lat' dir='ltr'><strong>sint</strong></span> <span class='ocrx_word' id='word_1_356' title='bbox 611 2987 848 3042; x_wconf 85' lang='lat' dir='ltr'><strong>breviter</strong></span> <span class='ocrx_word' id='word_1_357' title='bbox 875 2988 1109 3058; x_wconf 84' lang='lat' dir='ltr'><strong>attingit,</strong></span> <span class='ocrx_word' id='word_1_358' title='bbox 1143 2997 1305 3058; x_wconf 89' lang='lat' dir='ltr'><strong>atque</strong></span> <span class='ocrx_word' id='word_1_359' title='bbox 1363 2989 1493 3043; x_wconf 90' lang='lat' dir='ltr'><strong>illud</strong></span> <span class='ocrx_word' id='word_1_360' title='bbox 1529 2990 1797 3060; x_wconf 89' lang='lat' dir='ltr'><strong>imprimis</strong></span> 
     </span>
    </p>
   </div>
   <div class='ocr_carea' id='block_1_46' title="bbox 207 3078 1799 3147">
    <p class='ocr_par' dir='ltr' id='par_1_46' title="bbox 207 3078 1799 3147">
     <span class='ocr_line' id='line_1_46' title="bbox 207 3078 1799 3147; baseline 0.007 -17"><span class='ocrx_word' id='word_1_361' title='bbox 207 3089 450 3133; x_wconf 87' lang='lat' dir='ltr'><strong>memorat</strong></span> <span class='ocrx_word' id='word_1_362' title='bbox 492 3119 506 3142; x_wconf 89' lang='lat'><strong>,</strong></span> <span class='ocrx_word' id='word_1_363' title='bbox 561 3079 705 3147; x_wconf 89' lang='lat' dir='ltr'><strong>quod</strong></span> <span class='ocrx_word' id='word_1_364' title='bbox 750 3078 1000 3135; x_wconf 88' lang='lat' dir='ltr'><strong>Christus</strong></span> <span class='ocrx_word' id='word_1_365' title='bbox 1054 3081 1301 3138; x_wconf 84' lang='lat' dir='ltr'><strong>homines</strong></span> <span class='ocrx_word' id='word_1_366' title='bbox 1333 3087 1401 3137; x_wconf 90' lang='lat' dir='ltr'><strong>ab</strong></span> <span class='ocrx_word' id='word_1_367' title='bbox 1436 3085 1713 3139; x_wconf 89' lang='lat' dir='ltr'><strong>erroribus</strong></span> <span class='ocrx_word' id='word_1_368' title='bbox 1743 3094 1799 3141; x_wconf 88' lang='lat' dir='ltr'><strong>et</strong></span> 
     </span>
    </p>
   </div>
   <div class='ocr_carea' id='block_1_47' title="bbox 207 3169 1799 3248">
    <p class='ocr_par' dir='ltr' id='par_1_47' title="bbox 207 3169 1799 3248">
     <span class='ocr_line' id='line_1_47' title="bbox 207 3169 1799 3248; baseline 0.007 -25"><span class='ocrx_word' id='word_1_369' title='bbox 207 3169 321 3226; x_wconf 90' lang='lat' dir='ltr'><strong>falsa</strong></span> <span class='ocrx_word' id='word_1_370' title='bbox 349 3173 619 3245; x_wconf 80' lang='lat' dir='ltr'><strong>religione</strong></span> <span class='ocrx_word' id='word_1_371' title='bbox 647 3174 714 3229; x_wconf 90' lang='lat' dir='ltr'><strong>ad</strong></span> <span class='ocrx_word' id='word_1_372' title='bbox 761 3190 940 3230; x_wconf 88' lang='lat' dir='ltr'><strong>veram</strong></span> <span class='ocrx_word' id='word_1_373' title='bbox 976 3175 1295 3241; x_wconf 84' lang='lat' dir='ltr'><strong>traduxerit,</strong></span> <span class='ocrx_word' id='word_1_374' title='bbox 1329 3193 1532 3248; x_wconf 89' lang='lat' dir='ltr'><strong>eosque</strong></span> <span class='ocrx_word' id='word_1_375' title='bbox 1553 3178 1799 3234; x_wconf 89' lang='lat' dir='ltr'><strong>docuerit</strong></span> 
     </span>
    </p>
   </div>
   <div class='ocr_carea' id='block_1_48' title="bbox 209 3235 1869 3338">
    <p class='ocr_par' dir='ltr' id='par_1_48' title="bbox 209 3235 1869 3338">
     <span class='ocr_line' id='line_1_48' title="bbox 209 3235 1869 3338; baseline 0.007 -23"><span class='ocrx_word' id='word_1_376' title='bbox 209 3275 233 3314; x_wconf 87' lang='lat' dir='ltr'><strong>a</strong></span> <span class='ocrx_word' id='word_1_377' title='bbox 258 3280 354 3334; x_wconf 92' lang='lat' dir='ltr'><strong>quo</strong></span> <span class='ocrx_word' id='word_1_378' title='bbox 377 3265 640 3332; x_wconf 86' lang='lat' dir='ltr'><strong>mundus,</strong></span> <span class='ocrx_word' id='word_1_379' title='bbox 667 3275 720 3320; x_wconf 91' lang='lat' dir='ltr'><strong>et</strong></span> <span class='ocrx_word' id='word_1_380' title='bbox 745 3265 799 3320; x_wconf 89' lang='lat' dir='ltr'><strong>bi</strong></span> <span class='ocrx_word' id='word_1_381' title='bbox 829 3266 1041 3337; x_wconf 83' lang='lat' dir='ltr'><strong>ipsimct</strong></span> <span class='ocrx_word' id='word_1_382' title='bbox 1083 3268 1330 3324; x_wconf 89' lang='lat' dir='ltr'><strong>homines</strong></span> <span class='ocrx_word' id='word_1_383' title='bbox 1359 3270 1524 3324; x_wconf 89' lang='lat' dir='ltr'><strong>creati</strong></span> <span class='ocrx_word' id='word_1_384' title='bbox 1554 3271 1695 3338; x_wconf 86' lang='lat' dir='ltr'><strong>sint,</strong></span> <span class='ocrx_word' id='word_1_385' title='bbox 1735 3287 1798 3326; x_wconf 92' lang='lat' dir='ltr'><strong>ac</strong></span> <span class='ocrx_word' id='word_1_386' title='bbox 1824 3235 1869 3298; x_wconf 62' lang='grc' dir='ltr'>ϐ</span> 
     </span>
    </p>
   </div>
   <div class='ocr_carea' id='block_1_49' title="bbox 208 3357 1798 3428">
    <p class='ocr_par' dir='ltr' id='par_1_49' title="bbox 208 3357 1798 3428">
     <span class='ocr_line' id='line_1_49' title="bbox 208 3357 1798 3428; baseline 0.007 -20"><span class='ocrx_word' id='word_1_387' title='bbox 208 3357 311 3424; x_wconf 89' lang='lat' dir='ltr'><strong>quis</strong></span> <span class='ocrx_word' id='word_1_388' title='bbox 338 3368 460 3428; x_wconf 92' lang='lat' dir='ltr'><strong>post</strong></span> <span class='ocrx_word' id='word_1_389' title='bbox 497 3369 727 3413; x_wconf 89' lang='lat' dir='ltr'><strong>mortem</strong></span> <span class='ocrx_word' id='word_1_390' title='bbox 759 3367 927 3414; x_wconf 90' lang='lat' dir='ltr'><strong>status</strong></span> <span class='ocrx_word' id='word_1_391' title='bbox 955 3375 1050 3414; x_wconf 91' lang='lat' dir='ltr'><strong>eos</strong></span> <span class='ocrx_word' id='word_1_392' title='bbox 1087 3372 1322 3416; x_wconf 90' lang='lat' dir='ltr'><strong>maneat.</strong></span> <span class='ocrx_word' id='word_1_393' title='bbox 1349 3361 1486 3416; x_wconf 90' lang='lat' dir='ltr'><strong>Tum</strong></span> <span class='ocrx_word' id='word_1_394' title='bbox 1515 3358 1644 3418; x_wconf 81' lang='lat' dir='ltr'><strong>vero</strong></span> <span class='ocrx_word' id='word_1_395' title='bbox 1668 3378 1798 3419; x_wconf 87' lang='lat' dir='ltr'><strong>con-</strong></span> 
     </span>
    </p>
   </div>
   <div class='ocr_carea' id='block_1_50' title="bbox 210 3448 1799 3528">
    <p class='ocr_par' dir='ltr' id='par_1_50' title="bbox 210 3448 1799 3528">
     <span class='ocr_line' id='line_1_50' title="bbox 210 3448 1799 3528; baseline 0.008 -28"><span class='ocrx_word' id='word_1_396' title='bbox 210 3448 425 3505; x_wconf 90' lang='lat' dir='ltr'><strong>tiuenter</strong></span> <span class='ocrx_word' id='word_1_397' title='bbox 475 3449 616 3505; x_wconf 86' lang='lat' dir='ltr'><strong>hanc</strong></span> <span class='ocrx_word' id='word_1_398' title='bbox 669 3451 757 3506; x_wconf 92' lang='lat' dir='ltr'><strong>ille</strong></span> <span class='ocrx_word' id='word_1_399' title='bbox 805 3451 982 3506; x_wconf 90' lang='lat' dir='ltr'><strong>elicuit</strong></span> <span class='ocrx_word' id='word_1_400' title='bbox 1023 3453 1470 3510; x_wconf 87' lang='lat' dir='ltr'><strong>conclusionem:</strong></span> <span class='ocrx_word' id='word_1_401' title='bbox 1510 3474 1528 3507; x_wconf 72' lang='grc' dir='ltr'><strong><em>ι</em></strong></span> <span class='ocrx_word' id='word_1_402' title='bbox 1563 3455 1639 3510; x_wconf 92' lang='lat' dir='ltr'><strong>Ita</strong></span> <span class='ocrx_word' id='word_1_403' title='bbox 1669 3471 1799 3528; x_wconf 88' lang='lat' dir='ltr'><strong>ergo</strong></span> 
     </span>
    </p>
   </div>
   <div class='ocr_carea' id='block_1_51' title="bbox 209 3540 1796 3618">
    <p class='ocr_par' dir='ltr' id='par_1_51' title="bbox 209 3540 1796 3618">
     <span class='ocr_line' id='line_1_51' title="bbox 209 3540 1796 3618; baseline 0.007 -23"><span class='ocrx_word' id='word_1_404' title='bbox 209 3540 435 3600; x_wconf 83' lang='lat' dir='ltr'><strong>Christus</strong></span> <span class='ocrx_word' id='word_1_405' title='bbox 499 3562 607 3600; x_wconf 90' lang='lat' dir='ltr'><strong>non</strong></span> <span class='ocrx_word' id='word_1_406' title='bbox 658 3545 918 3600; x_wconf 85' lang='lat' dir='ltr'><strong>habeatur</strong></span> <span class='ocrx_word' id='word_1_407' title='bbox 952 3562 980 3600; x_wconf 94' lang='lat' dir='ltr'><strong>a</strong></span> <span class='ocrx_word' id='word_1_408' title='bbox 1031 3547 1186 3602; x_wconf 91' lang='lat' dir='ltr'><strong>nobis</strong></span> <span class='ocrx_word' id='word_1_409' title='bbox 1211 3549 1353 3603; x_wconf 90' lang='lat' dir='ltr'><strong>Deus</strong></span> <span class='ocrx_word' id='word_1_410' title='bbox 1372 3549 1395 3602; x_wconf 87' lang='lat'><strong>‘!</strong></span> <span class='ocrx_word' id='word_1_411' title='bbox 1424 3548 1533 3605; x_wconf 87' lang='lat' dir='ltr'><strong>Nec</strong></span> <span class='ocrx_word' id='word_1_412' title='bbox 1559 3551 1649 3618; x_wconf 91' lang='lat' dir='ltr'><strong>qui</strong></span> <span class='ocrx_word' id='word_1_413' title='bbox 1676 3565 1796 3605; x_wconf 86' lang='lat' dir='ltr'><strong>om-</strong></span> 
     </span>
    </p>
   </div>
   <div class='ocr_carea' id='block_1_52' title="bbox 211 3637 1801 3712">
    <p class='ocr_par' dir='ltr' id='par_1_52' title="bbox 211 3637 1801 3712">
     <span class='ocr_line' id='line_1_52' title="bbox 211 3637 1801 3712; baseline 0.006 -23"><span class='ocrx_word' id='word_1_414' title='bbox 211 3637 340 3692; x_wconf 90' lang='lat' dir='ltr'><strong>nium</strong></span> <span class='ocrx_word' id='word_1_415' title='bbox 377 3639 624 3708; x_wconf 89' lang='lat' dir='ltr'><strong>alioquin</strong></span> <span class='ocrx_word' id='word_1_416' title='bbox 654 3641 918 3694; x_wconf 87' lang='lat' dir='ltr'><strong>maximus</strong></span> <span class='ocrx_word' id='word_1_417' title='bbox 948 3649 1125 3708; x_wconf 86' lang='lat' dir='ltr'><strong>potest</strong></span> <span class='ocrx_word' id='word_1_418' title='bbox 1160 3642 1473 3712; x_wconf 82' lang='lat' dir='ltr'><strong>excogitari,</strong></span> <span class='ocrx_word' id='word_1_419' title='bbox 1503 3643 1801 3699; x_wconf 90' lang='lat' dir='ltr'><strong>divinitatis</strong></span> 
     </span>
    </p>
   </div>
   <div class='ocr_carea' id='block_1_53' title="bbox 214 3729 1802 3808">
    <p class='ocr_par' dir='ltr' id='par_1_53' title="bbox 214 3729 1802 3808">
     <span class='ocr_line' id='line_1_53' title="bbox 214 3729 1802 3808; baseline 0.006 -25"><span class='ocrx_word' id='word_1_420' title='bbox 214 3729 462 3788; x_wconf 87' lang='lat' dir='ltr'><strong>afﬁciatur</strong></span> <span class='ocrx_word' id='word_1_421' title='bbox 495 3734 661 3799; x_wconf 90' lang='lat' dir='ltr'><strong>cultu,</strong></span> <span class='ocrx_word' id='word_1_422' title='bbox 691 3749 720 3787; x_wconf 87' lang='lat' dir='ltr'><strong>a</strong></span> <span class='ocrx_word' id='word_1_423' title='bbox 742 3749 850 3805; x_wconf 93' lang='lat' dir='ltr'><strong>quo</strong></span> <span class='ocrx_word' id='word_1_424' title='bbox 873 3735 1186 3803; x_wconf 84' lang='lat' dir='ltr'><strong>jamdudum</strong></span> <span class='ocrx_word' id='word_1_425' title='bbox 1211 3746 1379 3799; x_wconf 84' lang='lat' dir='ltr'><strong>tanta,</strong></span> <span class='ocrx_word' id='word_1_426' title='bbox 1422 3749 1471 3792; x_wconf 89' lang='lat' dir='ltr'><strong>et</strong></span> <span class='ocrx_word' id='word_1_427' title='bbox 1494 3739 1802 3808; x_wconf 87' lang='lat' dir='ltr'><strong>accepimus</strong></span> 
     </span>
    </p>
   </div>
   <div class='ocr_carea' id='block_1_54' title="bbox 212 3823 1802 3898">
    <p class='ocr_par' dir='ltr' id='par_1_54' title="bbox 212 3823 1802 3898">
     <span class='ocr_line' id='line_1_54' title="bbox 212 3823 1802 3898; baseline 0.003 -18"><span class='ocrx_word' id='word_1_428' title='bbox 212 3823 334 3880; x_wconf 84' lang='lat' dir='ltr'><strong>dona</strong></span> <span class='ocrx_word' id='word_1_429' title='bbox 353 3827 629 3892; x_wconf 80' lang='lat' dir='ltr'><strong>viventes,</strong></span> <span class='ocrx_word' id='word_1_430' title='bbox 660 3836 714 3882; x_wconf 89' lang='lat' dir='ltr'><strong>et</strong></span> <span class='ocrx_word' id='word_1_431' title='bbox 743 3839 1138 3898; x_wconf 76' lang='lat' dir='ltr'><strong>exspectamus,</strong></span> <span class='ocrx_word' id='word_1_432' title='bbox 1156 3845 1276 3883; x_wconf 89' lang='lat' dir='ltr'><strong>cum</strong></span> <span class='ocrx_word' id='word_1_433' title='bbox 1296 3829 1409 3884; x_wconf 87' lang='lat' dir='ltr'><strong>dies</strong></span> <span class='ocrx_word' id='word_1_434' title='bbox 1430 3831 1660 3896; x_wconf 88' lang='lat' dir='ltr'><strong>venerit,</strong></span> <span class='ocrx_word' id='word_1_435' title='bbox 1684 3847 1802 3885; x_wconf 92' lang='lat' dir='ltr'><strong>am-</strong></span> 
     </span>
    </p>
   </div>
   <div class='ocr_carea' id='block_1_55' title="bbox 214 3919 1803 3989">
    <p class='ocr_par' dir='ltr' id='par_1_55' title="bbox 214 3919 1803 3989">
     <span class='ocr_line' id='line_1_55' title="bbox 214 3919 1803 3989; baseline 0.004 -17"><span class='ocrx_word' id='word_1_436' title='bbox 214 3919 387 3985; x_wconf 88' lang='lat' dir='ltr'><strong>pliora.</strong></span> <span class='ocrx_word' id='word_1_437' title='bbox 428 3940 446 3972; x_wconf 68' lang='grc' dir='ltr'>ι</span> <span class='ocrx_word' id='word_1_438' title='bbox 484 3920 621 3989; x_wconf 87' lang='lat' dir='ltr'><strong>Quid</strong></span> <span class='ocrx_word' id='word_1_439' title='bbox 655 3922 721 3975; x_wconf 90' lang='lat' dir='ltr'><strong>ad</strong></span> <span class='ocrx_word' id='word_1_440' title='bbox 750 3936 1012 3975; x_wconf 87' lang='lat' dir='ltr'><strong>summam</strong></span> <span class='ocrx_word' id='word_1_441' title='bbox 1041 3921 1238 3976; x_wconf 89' lang='lat' dir='ltr'><strong>Christi</strong></span> <span class='ocrx_word' id='word_1_442' title='bbox 1268 3920 1607 3976; x_wconf 87' lang='lat' dir='ltr'><strong>divinitatem</strong></span> <span class='ocrx_word' id='word_1_443' title='bbox 1653 3939 1803 3978; x_wconf 81' lang='lat' dir='ltr'><strong>asse-</strong></span> 
     </span>
    </p>
   </div>
   <div class='ocr_carea' id='block_1_56' title="bbox 216 4015 1799 4086">
    <p class='ocr_par' dir='ltr' id='par_1_56' title="bbox 216 4015 1799 4086">
     <span class='ocr_line' id='line_1_56' title="bbox 216 4015 1799 4086; baseline 0.001 -20"><span class='ocrx_word' id='word_1_444' title='bbox 216 4015 422 4070; x_wconf 83' lang='lat' dir='ltr'><strong>rendam</strong></span> <span class='ocrx_word' id='word_1_445' title='bbox 475 4015 784 4082; x_wconf 82' lang='lat' dir='ltr'><strong>expressius</strong></span> <span class='ocrx_word' id='word_1_446' title='bbox 823 4027 877 4069; x_wconf 91' lang='lat' dir='ltr'><strong>et</strong></span> <span class='ocrx_word' id='word_1_447' title='bbox 921 4015 1239 4070; x_wconf 90' lang='lat' dir='ltr'><strong>lncolentius</strong></span> <span class='ocrx_word' id='word_1_448' title='bbox 1276 4016 1500 4084; x_wconf 83' lang='lat' dir='ltr'><strong>proferri</strong></span> <span class='ocrx_word' id='word_1_449' title='bbox 1554 4016 1799 4086; x_wconf 86' lang='lat' dir='ltr'><strong>poterat?</strong></span> 
     </span>
    </p>
   </div>
   <div class='ocr_carea' id='block_1_57' title="bbox 216 4105 1800 4179">
    <p class='ocr_par' dir='ltr' id='par_1_57' title="bbox 216 4105 1800 4179">
     <span class='ocr_line' id='line_1_57' title="bbox 216 4105 1800 4179; baseline 0.003 -18"><span class='ocrx_word' id='word_1_450' title='bbox 216 4105 445 4164; x_wconf 85' lang='lat' dir='ltr'><strong>Gentiles</strong></span> <span class='ocrx_word' id='word_1_451' title='bbox 493 4123 806 4176; x_wconf 88' lang='lat' dir='ltr'><strong>persuasum</strong></span> <span class='ocrx_word' id='word_1_452' title='bbox 846 4108 1113 4163; x_wconf 87' lang='lat' dir='ltr'><strong>habebant</strong></span> <span class='ocrx_word' id='word_1_453' title='bbox 1139 4107 1410 4163; x_wconf 87' lang='lat' dir='ltr'><strong>Christum</strong></span> <span class='ocrx_word' id='word_1_454' title='bbox 1437 4110 1504 4163; x_wconf 90' lang='lat' dir='ltr'><strong>ab</strong></span> <span class='ocrx_word' id='word_1_455' title='bbox 1535 4110 1652 4179; x_wconf 86' lang='lat' dir='ltr'><strong>ejus</strong></span> <span class='ocrx_word' id='word_1_456' title='bbox 1682 4125 1800 4165; x_wconf 85' lang='lat' dir='ltr'><strong>sec-</strong></span> 
     </span>
    </p>
   </div>
   <div class='ocr_carea' id='block_1_58' title="bbox 216 4201 1798 4272">
    <p class='ocr_par' dir='ltr' id='par_1_58' title="bbox 216 4201 1798 4272">
     <span class='ocr_line' id='line_1_58' title="bbox 216 4201 1798 4272; baseline 0.004 -21"><span class='ocrx_word' id='word_1_457' title='bbox 216 4201 471 4257; x_wconf 86' lang='lat' dir='ltr'><strong>tatoribus</strong></span> <span class='ocrx_word' id='word_1_458' title='bbox 503 4217 688 4255; x_wconf 89' lang='lat' dir='ltr'><strong>verum</strong></span> <span class='ocrx_word' id='word_1_459' title='bbox 737 4201 905 4258; x_wconf 91' lang='lat' dir='ltr'><strong>Deum</strong></span> <span class='ocrx_word' id='word_1_460' title='bbox 957 4201 1102 4256; x_wconf 90' lang='lat' dir='ltr'><strong>credi</strong></span> <span class='ocrx_word' id='word_1_461' title='bbox 1133 4243 1148 4267; x_wconf 93' lang='lat'><strong>,</strong></span> <span class='ocrx_word' id='word_1_462' title='bbox 1192 4211 1352 4272; x_wconf 87' lang='lat' dir='ltr'><strong>atque</strong></span> <span class='ocrx_word' id='word_1_463' title='bbox 1382 4201 1432 4255; x_wconf 91' lang='lat' dir='ltr'><strong>id</strong></span> <span class='ocrx_word' id='word_1_464' title='bbox 1455 4201 1558 4256; x_wconf 91' lang='lat' dir='ltr'><strong>illis</strong></span> <span class='ocrx_word' id='word_1_465' title='bbox 1587 4203 1798 4258; x_wconf 88' lang='lat' dir='ltr'><strong>crimini</strong></span> 
     </span>
    </p>
   </div>
   <div class='ocr_carea' id='block_1_59' title="bbox 213 4295 1796 4370">
    <p class='ocr_par' dir='ltr' id='par_1_59' title="bbox 213 4295 1796 4370">
     <span class='ocr_line' id='line_1_59' title="bbox 213 4295 1796 4370; baseline 0.003 -24"><span class='ocrx_word' id='word_1_466' title='bbox 213 4295 436 4349; x_wconf 76' lang='lat' dir='ltr'><strong>maximo</strong></span> <span class='ocrx_word' id='word_1_467' title='bbox 484 4295 782 4350; x_wconf 86' lang='lat' dir='ltr'><strong>vertebant.</strong></span> <span class='ocrx_word' id='word_1_468' title='bbox 832 4297 1100 4370; x_wconf 79' lang='lat' dir='ltr'><strong>Arnobius</strong></span> <span class='ocrx_word' id='word_1_469' title='bbox 1142 4311 1269 4350; x_wconf 87' lang='lat' dir='ltr'><strong>vero</strong></span> <span class='ocrx_word' id='word_1_470' title='bbox 1297 4295 1484 4350; x_wconf 87' lang='lat' dir='ltr'><strong>iisdem</strong></span> <span class='ocrx_word' id='word_1_471' title='bbox 1521 4295 1752 4350; x_wconf 87' lang='lat' dir='ltr'><strong>ethnicis</strong></span> <span class='ocrx_word' id='word_1_472' title='bbox 1781 4338 1796 4363; x_wconf 94' lang='lat'><strong>,</strong></span> 
     </span>
    </p>
   </div>
   <div class='ocr_carea' id='block_1_60' title="bbox 215 4384 1801 4459">
    <p class='ocr_par' dir='ltr' id='par_1_60' title="bbox 215 4384 1801 4459">
     <span class='ocr_line' id='line_1_60' title="bbox 215 4384 1801 4459; baseline 0.002 -20"><span class='ocrx_word' id='word_1_473' title='bbox 215 4384 340 4443; x_wconf 88' lang='lat' dir='ltr'><strong>hanc</strong></span> <span class='ocrx_word' id='word_1_474' title='bbox 385 4388 794 4459; x_wconf 87' lang='lat' dir='ltr'><strong>persuasionem</strong></span> <span class='ocrx_word' id='word_1_475' title='bbox 839 4387 1060 4442; x_wconf 85' lang='lat' dir='ltr'><strong>cuilibet</strong></span> <span class='ocrx_word' id='word_1_476' title='bbox 1099 4387 1396 4443; x_wconf 89' lang='lat' dir='ltr'><strong>christiano</strong></span> <span class='ocrx_word' id='word_1_477' title='bbox 1426 4387 1801 4456; x_wconf 80' lang='lat' dir='ltr'><strong>ettprobranti-</strong></span> 
     </span>
    </p>
   </div>
   <div class='ocr_carea' id='block_1_61' title="bbox 215 4480 1795 4552">
    <p class='ocr_par' dir='ltr' id='par_1_61' title="bbox 215 4480 1795 4552">
     <span class='ocr_line' id='line_1_61' title="bbox 215 4480 1795 4552; baseline 0.001 -18"><span class='ocrx_word' id='word_1_478' title='bbox 215 4480 320 4546; x_wconf 91' lang='lat' dir='ltr'><strong>hus,</strong></span> <span class='ocrx_word' id='word_1_479' title='bbox 371 4498 481 4536; x_wconf 90' lang='lat' dir='ltr'><strong>nou</strong></span> <span class='ocrx_word' id='word_1_480' title='bbox 512 4490 716 4535; x_wconf 89' lang='lat' dir='ltr'><strong>tantum</strong></span> <span class='ocrx_word' id='word_1_481' title='bbox 771 4482 1062 4551; x_wconf 86' lang='lat' dir='ltr'><strong>respondet</strong></span> <span class='ocrx_word' id='word_1_482' title='bbox 1092 4480 1230 4535; x_wconf 92' lang='lat' dir='ltr'><strong>hanc</strong></span> <span class='ocrx_word' id='word_1_483' title='bbox 1260 4481 1438 4552; x_wconf 86' lang='lat' dir='ltr'><strong>reipsa</strong></span> <span class='ocrx_word' id='word_1_484' title='bbox 1467 4496 1590 4536; x_wconf 88' lang='lat' dir='ltr'><strong>esse</strong></span> <span class='ocrx_word' id='word_1_485' title='bbox 1620 4481 1795 4536; x_wconf 85' lang='lat' dir='ltr'><strong>chris-</strong></span> 
     </span>
    </p>
   </div>
   <div class='ocr_carea' id='block_1_62' title="bbox 216 4575 1796 4646">
    <p class='ocr_par' dir='ltr' id='par_1_62' title="bbox 216 4575 1796 4646">
     <span class='ocr_line' id='line_1_62' title="bbox 216 4575 1796 4646; baseline 0 -18"><span class='ocrx_word' id='word_1_486' title='bbox 216 4575 472 4631; x_wconf 88' lang='lat' dir='ltr'><strong>tianorum</strong></span> <span class='ocrx_word' id='word_1_487' title='bbox 499 4575 840 4639; x_wconf 88' lang='lat' dir='ltr'><strong>sententiam,</strong></span> <span class='ocrx_word' id='word_1_488' title='bbox 865 4575 959 4628; x_wconf 91' lang='lat' dir='ltr'><strong>sed</strong></span> <span class='ocrx_word' id='word_1_489' title='bbox 990 4575 1130 4628; x_wconf 91' lang='lat' dir='ltr'><strong>illius</strong></span> <span class='ocrx_word' id='word_1_490' title='bbox 1156 4590 1368 4646; x_wconf 82' lang='lat' dir='ltr'><strong>quoque</strong></span> <span class='ocrx_word' id='word_1_491' title='bbox 1395 4575 1672 4632; x_wconf 90' lang='lat' dir='ltr'><strong>veritatem</strong></span> <span class='ocrx_word' id='word_1_492' title='bbox 1701 4589 1796 4630; x_wconf 86' lang='lat' dir='ltr'><strong>va-</strong></span> 
     </span>
    </p>
   </div>
   <div class='ocr_carea' id='block_1_63' title="bbox 215 4666 1795 4736">
    <p class='ocr_par' dir='ltr' id='par_1_63' title="bbox 215 4666 1795 4736">
     <span class='ocr_line' id='line_1_63' title="bbox 215 4666 1795 4736; baseline 0.004 -17"><span class='ocrx_word' id='word_1_493' title='bbox 215 4667 300 4719; x_wconf 86' lang='lat' dir='ltr'><strong>riis</strong></span> <span class='ocrx_word' id='word_1_494' title='bbox 355 4669 628 4722; x_wconf 88' lang='lat' dir='ltr'><strong>rationum</strong></span> <span class='ocrx_word' id='word_1_495' title='bbox 681 4667 969 4721; x_wconf 89' lang='lat' dir='ltr'><strong>momentis</strong></span> <span class='ocrx_word' id='word_1_496' title='bbox 1019 4666 1206 4736; x_wconf 90' lang='lat' dir='ltr'><strong>probat</strong></span> <span class='ocrx_word' id='word_1_497' title='bbox 1251 4677 1304 4721; x_wconf 89' lang='lat' dir='ltr'><strong>et</strong></span> <span class='ocrx_word' id='word_1_498' title='bbox 1351 4667 1602 4735; x_wconf 85' lang='lat' dir='ltr'><strong>adstruit.</strong></span> <span class='ocrx_word' id='word_1_499' title='bbox 1654 4670 1795 4736; x_wconf 90' lang='lat' dir='ltr'><strong>Quin</strong></span> 
     </span>
    </p>
   </div>
   <div class='ocr_carea' id='block_1_64' title="bbox 214 4759 1798 4818">
    <p class='ocr_par' dir='ltr' id='par_1_64' title="bbox 214 4759 1798 4818">
     <span class='ocr_line' id='line_1_64' title="bbox 214 4759 1798 4818; baseline 0.004 -6"><span class='ocrx_word' id='word_1_500' title='bbox 214 4761 361 4814; x_wconf 84' lang='lat' dir='ltr'><strong>etiam</strong></span> <span class='ocrx_word' id='word_1_501' title='bbox 394 4769 708 4815; x_wconf 76' lang='lat' dir='ltr'><strong>constanter</strong></span> <span class='ocrx_word' id='word_1_502' title='bbox 733 4767 1006 4814; x_wconf 86' lang='lat' dir='ltr'><strong>asseverat</strong></span> <span class='ocrx_word' id='word_1_503' title='bbox 1033 4759 1304 4816; x_wconf 90' lang='lat' dir='ltr'><strong>Christum</strong></span> <span class='ocrx_word' id='word_1_504' title='bbox 1337 4777 1402 4816; x_wconf 92' lang='lat' dir='ltr'><strong>eo</strong></span> <span class='ocrx_word' id='word_1_505' title='bbox 1428 4761 1611 4818; x_wconf 92' lang='lat' dir='ltr'><strong>divino</strong></span> <span class='ocrx_word' id='word_1_506' title='bbox 1651 4763 1798 4818; x_wconf 92' lang='lat' dir='ltr'><strong>cultu</strong></span> 
     </span>
    </p>
   </div>
   <div class='ocr_carea' id='block_1_65' title="bbox 218 4852 1797 4924">
    <p class='ocr_par' dir='ltr' id='par_1_65' title="bbox 218 4852 1797 4924">
     <span class='ocr_line' id='line_1_65' title="bbox 218 4852 1797 4924; baseline 0.004 -19"><span class='ocrx_word' id='word_1_507' title='bbox 218 4852 606 4918; x_wconf 87' lang='lat' dir='ltr'><strong>honorandum,</strong></span> <span class='ocrx_word' id='word_1_508' title='bbox 641 4853 732 4922; x_wconf 91' lang='lat' dir='ltr'><strong>qui</strong></span> <span class='ocrx_word' id='word_1_509' title='bbox 764 4855 1035 4908; x_wconf 71' lang='lat' dir='ltr'><strong>maximus</strong></span> <span class='ocrx_word' id='word_1_510' title='bbox 1062 4854 1354 4924; x_wconf 87' lang='lat' dir='ltr'><strong>excogitari</strong></span> <span class='ocrx_word' id='word_1_511' title='bbox 1389 4863 1587 4924; x_wconf 89' lang='lat' dir='ltr'><strong>potest.</strong></span> <span class='ocrx_word' id='word_1_512' title='bbox 1612 4856 1797 4912; x_wconf 86' lang='lat' dir='ltr'><strong>Palam</strong></span> 
     </span>
    </p>
   </div>
   <div class='ocr_carea' id='block_1_66' title="bbox 218 4948 1800 5020">
    <p class='ocr_par' dir='ltr' id='par_1_66' title="bbox 218 4948 1800 5020">
     <span class='ocr_line' id='line_1_66' title="bbox 218 4948 1800 5020; baseline 0.003 -19"><span class='ocrx_word' id='word_1_513' title='bbox 218 4963 335 5019; x_wconf 83' lang='lat' dir='ltr'><strong>ergo</strong></span> <span class='ocrx_word' id='word_1_514' title='bbox 365 4967 428 5005; x_wconf 88' lang='lat' dir='ltr'><strong>ac</strong></span> <span class='ocrx_word' id='word_1_515' title='bbox 455 4949 736 5020; x_wconf 87' lang='lat' dir='ltr'><strong>perspicue</strong></span> <span class='ocrx_word' id='word_1_516' title='bbox 771 4948 1002 5004; x_wconf 89' lang='lat' dir='ltr'><strong>afﬁrmat</strong></span> <span class='ocrx_word' id='word_1_517' title='bbox 1033 4965 1138 5004; x_wconf 91' lang='lat' dir='ltr'><strong>non</strong></span> <span class='ocrx_word' id='word_1_518' title='bbox 1165 4959 1366 5004; x_wconf 91' lang='lat' dir='ltr'><strong>tantum</strong></span> <span class='ocrx_word' id='word_1_519' title='bbox 1394 4951 1622 5020; x_wconf 88' lang='lat' dir='ltr'><strong>gentiles</strong></span> <span class='ocrx_word' id='word_1_520' title='bbox 1658 4951 1800 5006; x_wconf 91' lang='lat' dir='ltr'><strong>haud</strong></span> 
     </span>
    </p>
   </div>
   <div class='ocr_carea' id='block_1_67' title="bbox 219 5043 1801 5100">
    <p class='ocr_par' dir='ltr' id='par_1_67' title="bbox 219 5043 1801 5100">
     <span class='ocr_line' id='line_1_67' title="bbox 219 5043 1801 5100; baseline 0.004 -6"><span class='ocrx_word' id='word_1_521' title='bbox 219 5043 482 5099; x_wconf 90' lang='lat' dir='ltr'><strong>immerito</strong></span> <span class='ocrx_word' id='word_1_522' title='bbox 516 5043 810 5099; x_wconf 87' lang='lat' dir='ltr'><strong>credidisse</strong></span> <span class='ocrx_word' id='word_1_523' title='bbox 846 5059 1027 5098; x_wconf 89' lang='lat' dir='ltr'><strong>veram</strong></span> <span class='ocrx_word' id='word_1_524' title='bbox 1058 5043 1386 5099; x_wconf 89' lang='lat' dir='ltr'><strong>divinitatem</strong></span> <span class='ocrx_word' id='word_1_525' title='bbox 1427 5059 1458 5100; x_wconf 86' lang='lat' dir='ltr'><strong>a</strong></span> <span class='ocrx_word' id='word_1_526' title='bbox 1495 5044 1801 5100; x_wconf 89' lang='lat' dir='ltr'><strong>christianis</strong></span> 
     </span>
    </p>
   </div>
   <div class='ocr_carea' id='block_1_68' title="bbox 221 5135 1798 5207">
    <p class='ocr_par' dir='ltr' id='par_1_68' title="bbox 221 5135 1798 5207">
     <span class='ocr_line' id='line_1_68' title="bbox 221 5135 1798 5207; baseline 0.004 -18"><span class='ocrx_word' id='word_1_527' title='bbox 221 5135 288 5190; x_wconf 91' lang='lat' dir='ltr'><strong>illi</strong></span> <span class='ocrx_word' id='word_1_528' title='bbox 318 5139 498 5205; x_wconf 89' lang='lat' dir='ltr'><strong>tribui,</strong></span> <span class='ocrx_word' id='word_1_529' title='bbox 532 5153 717 5192; x_wconf 88' lang='lat' dir='ltr'><strong>verum</strong></span> <span class='ocrx_word' id='word_1_530' title='bbox 737 5138 895 5192; x_wconf 90' lang='lat' dir='ltr'><strong>etiam</strong></span> <span class='ocrx_word' id='word_1_531' title='bbox 920 5137 1022 5192; x_wconf 89' lang='lat' dir='ltr'><strong>hoc</strong></span> <span class='ocrx_word' id='word_1_532' title='bbox 1053 5138 1218 5194; x_wconf 88' lang='lat' dir='ltr'><strong>fuisse</strong></span> <span class='ocrx_word' id='word_1_533' title='bbox 1239 5142 1594 5207; x_wconf 88' lang='lat' dir='ltr'><strong>ipsorummet</strong></span> <span class='ocrx_word' id='word_1_534' title='bbox 1623 5141 1798 5196; x_wconf 90' lang='lat' dir='ltr'><strong>chris-</strong></span> 
     </span>
    </p>
   </div>
   <div class='ocr_carea' id='block_1_69' title="bbox 223 5229 1802 5306">
    <p class='ocr_par' dir='ltr' id='par_1_69' title="bbox 223 5229 1802 5306">
     <span class='ocr_line' id='line_1_69' title="bbox 223 5229 1802 5306; baseline 0.006 -26"><span class='ocrx_word' id='word_1_535' title='bbox 223 5229 477 5285; x_wconf 85' lang='lat' dir='ltr'><strong>tiauorum</strong></span> <span class='ocrx_word' id='word_1_536' title='bbox 515 5240 719 5285; x_wconf 90' lang='lat' dir='ltr'><strong>certum</strong></span> <span class='ocrx_word' id='word_1_537' title='bbox 766 5231 1145 5302; x_wconf 89' lang='lat' dir='ltr'><strong>publicumque</strong></span> <span class='ocrx_word' id='word_1_538' title='bbox 1182 5231 1564 5288; x_wconf 89' lang='lat' dir='ltr'><strong>documentum</strong></span> <span class='ocrx_word' id='word_1_539' title='bbox 1587 5275 1601 5300; x_wconf 92' lang='lat'><strong>,</strong></span> <span class='ocrx_word' id='word_1_540' title='bbox 1637 5249 1667 5288; x_wconf 89' lang='lat' dir='ltr'><strong>a</strong></span> <span class='ocrx_word' id='word_1_541' title='bbox 1695 5249 1802 5306; x_wconf 93' lang='lat' dir='ltr'><strong>quo</strong></span> 
     </span>
    </p>
   </div>
   <div class='ocr_carea' id='block_1_70' title="bbox 224 5321 1474 5394">
    <p class='ocr_par' dir='ltr' id='par_1_70' title="bbox 224 5321 1474 5394">
     <span class='ocr_line' id='line_1_70' title="bbox 224 5321 1474 5394; baseline 0.007 -22"><span class='ocrx_word' id='word_1_542' title='bbox 224 5321 371 5377; x_wconf 91' lang='lat' dir='ltr'><strong>nullis</strong></span> <span class='ocrx_word' id='word_1_543' title='bbox 401 5338 650 5394; x_wconf 89' lang='lat' dir='ltr'><strong>umquam</strong></span> <span class='ocrx_word' id='word_1_544' title='bbox 681 5323 956 5393; x_wconf 86' lang='lat' dir='ltr'><strong>suppliciis</strong></span> <span class='ocrx_word' id='word_1_545' title='bbox 986 5324 1168 5379; x_wconf 86' lang='lat' dir='ltr'><strong>divelli</strong></span> <span class='ocrx_word' id='word_1_546' title='bbox 1203 5335 1474 5394; x_wconf 89' lang='lat' dir='ltr'><strong>poterant.</strong></span> 
     </span>
    </p>
   </div>
   <div class='ocr_carea' id='block_1_71' title="bbox 291 5414 1804 5490">
    <p class='ocr_par' dir='ltr' id='par_1_71' title="bbox 291 5414 1804 5490">
     <span class='ocr_line' id='line_1_71' title="bbox 291 5414 1804 5490; baseline 0.005 -21"><span class='ocrx_word' id='word_1_547' title='bbox 291 5414 392 5470; x_wconf 88' lang='lat' dir='ltr'><strong>Sed</strong></span> <span class='ocrx_word' id='word_1_548' title='bbox 439 5417 690 5487; x_wconf 88' lang='lat' dir='ltr'><strong>agedum,</strong></span> <span class='ocrx_word' id='word_1_549' title='bbox 723 5425 775 5470; x_wconf 92' lang='lat' dir='ltr'><strong>et</strong></span> <span class='ocrx_word' id='word_1_550' title='bbox 824 5415 1040 5471; x_wconf 90' lang='lat' dir='ltr'><strong>attende</strong></span> <span class='ocrx_word' id='word_1_551' title='bbox 1070 5418 1340 5487; x_wconf 91' lang='lat' dir='ltr'><strong>quomodo</strong></span> <span class='ocrx_word' id='word_1_552' title='bbox 1386 5418 1438 5474; x_wconf 91' lang='lat' dir='ltr'><strong>id</strong></span> <span class='ocrx_word' id='word_1_553' title='bbox 1475 5419 1566 5475; x_wconf 91' lang='lat' dir='ltr'><strong>ille</strong></span> <span class='ocrx_word' id='word_1_554' title='bbox 1595 5429 1804 5490; x_wconf 89' lang='lat' dir='ltr'><strong>repetat</strong></span> 
     </span>
    </p>
   </div>
   <div class='ocr_carea' id='block_1_72' title="bbox 227 5506 1804 5585">
    <p class='ocr_par' dir='ltr' id='par_1_72' title="bbox 227 5506 1804 5585">
     <span class='ocr_line' id='line_1_72' title="bbox 227 5506 1804 5585; baseline 0.007 -25"><span class='ocrx_word' id='word_1_555' title='bbox 227 5506 404 5578; x_wconf 83' lang='lat' dir='ltr'><strong>(Ibid..</strong></span> <span class='ocrx_word' id='word_1_556' title='bbox 432 5528 552 5582; x_wconf 83' lang='lat' dir='ltr'><strong>pug.</strong></span> <span class='ocrx_word' id='word_1_557' title='bbox 584 5509 702 5582; x_wconf 71' lang='lat'><strong>24),</strong></span> <span class='ocrx_word' id='word_1_558' title='bbox 743 5525 1006 5582; x_wconf 82' lang='lat' dir='ltr'><strong>novoque,</strong></span> <span class='ocrx_word' id='word_1_559' title='bbox 1054 5527 1152 5567; x_wconf 89' lang='lat' dir='ltr'><strong>nec</strong></span> <span class='ocrx_word' id='word_1_560' title='bbox 1192 5513 1367 5567; x_wconf 90' lang='lat' dir='ltr'><strong>minus</strong></span> <span class='ocrx_word' id='word_1_561' title='bbox 1408 5515 1690 5585; x_wconf 85' lang='lat' dir='ltr'><strong>perspicuo</strong></span> <span class='ocrx_word' id='word_1_562' title='bbox 1718 5515 1804 5570; x_wconf 85' lang='lat' dir='ltr'><strong>di-</strong></span> 
     </span>
    </p>
   </div>
   <div class='ocr_carea' id='block_1_73' title="bbox 229 5602 1806 5678">
    <p class='ocr_par' dir='ltr' id='par_1_73' title="bbox 229 5602 1806 5678">
     <span class='ocr_line' id='line_1_73' title="bbox 229 5602 1806 5678; baseline 0.006 -24"><span class='ocrx_word' id='word_1_563' title='bbox 229 5602 372 5656; x_wconf 88' lang='lat' dir='ltr'><strong>cendi</strong></span> <span class='ocrx_word' id='word_1_564' title='bbox 409 5604 565 5659; x_wconf 91' lang='lat' dir='ltr'><strong>modo</strong></span> <span class='ocrx_word' id='word_1_565' title='bbox 616 5604 852 5657; x_wconf 84' lang='lat' dir='ltr'><strong>stabiliat</strong></span> <span class='ocrx_word' id='word_1_566' title='bbox 880 5615 933 5658; x_wconf 83' lang='lat' dir='ltr'><strong>et</strong></span> <span class='ocrx_word' id='word_1_567' title='bbox 955 5605 1238 5659; x_wconf 84' lang='lat' dir='ltr'><strong>conﬁrmet</strong></span> <span class='ocrx_word' id='word_1_568' title='bbox 1272 5625 1284 5660; x_wconf 90' lang='lat'>:</span> <span class='ocrx_word' id='word_1_569' title='bbox 1321 5603 1520 5659; x_wconf 88' lang='lat' dir='ltr'><strong>Natum</strong></span> <span class='ocrx_word' id='word_1_570' title='bbox 1543 5647 1560 5672; x_wconf 90' lang='lat'><strong>,</strong></span> <span class='ocrx_word' id='word_1_571' title='bbox 1599 5608 1806 5678; x_wconf 87' lang='lat' dir='ltr'><strong>inquie-</strong></span> 
     </span>
    </p>
   </div>
   <div class='ocr_carea' id='block_1_74' title="bbox 230 5695 1808 5766">
    <p class='ocr_par' dir='ltr' id='par_1_74' title="bbox 230 5695 1808 5766">
     <span class='ocr_line' id='line_1_74' title="bbox 230 5695 1808 5766; baseline 0.006 -18"><span class='ocrx_word' id='word_1_572' title='bbox 230 5695 350 5752; x_wconf 89' lang='lat' dir='ltr'><strong>bant</strong></span> <span class='ocrx_word' id='word_1_573' title='bbox 379 5698 609 5766; x_wconf 84' lang='lat' dir='ltr'><strong>Ethnici,</strong></span> <span class='ocrx_word' id='word_1_574' title='bbox 651 5700 909 5754; x_wconf 84' lang='lat' dir='ltr'><strong>hominem</strong></span> <span class='ocrx_word' id='word_1_575' title='bbox 936 5700 1122 5754; x_wconf 83' lang='lat' dir='ltr'><strong>colitis.</strong></span> <span class='ocrx_word' id='word_1_576' title='bbox 1164 5699 1243 5754; x_wconf 88' lang='lat' dir='ltr'><strong>Eu</strong></span> <span class='ocrx_word' id='word_1_577' title='bbox 1293 5715 1423 5755; x_wconf 90' lang='lat' dir='ltr'><strong>sane</strong></span> <span class='ocrx_word' id='word_1_578' title='bbox 1472 5699 1658 5756; x_wconf 89' lang='lat' dir='ltr'><strong>eadem</strong></span> <span class='ocrx_word' id='word_1_579' title='bbox 1689 5701 1808 5757; x_wconf 87' lang='lat' dir='ltr'><strong>illo-</strong></span> 
     </span>
    </p>
   </div>
   <div class='ocr_carea' id='block_1_75' title="bbox 233 5791 1807 5864">
    <p class='ocr_par' dir='ltr' id='par_1_75' title="bbox 233 5791 1807 5864">
     <span class='ocr_line' id='line_1_75' title="bbox 233 5791 1807 5864; baseline 0.004 -22"><span class='ocrx_word' id='word_1_580' title='bbox 233 5803 342 5843; x_wconf 87' lang='lat' dir='ltr'><strong>rum</strong></span> <span class='ocrx_word' id='word_1_581' title='bbox 397 5806 578 5847; x_wconf 88' lang='lat' dir='ltr'><strong>rursus</strong></span> <span class='ocrx_word' id='word_1_582' title='bbox 607 5791 916 5847; x_wconf 91' lang='lat' dir='ltr'><strong>christianis</strong></span> <span class='ocrx_word' id='word_1_583' title='bbox 947 5794 1220 5864; x_wconf 90' lang='lat' dir='ltr'><strong>proposita</strong></span> <span class='ocrx_word' id='word_1_584' title='bbox 1261 5793 1624 5863; x_wconf 89' lang='lat' dir='ltr'><strong>exprobratio.</strong></span> <span class='ocrx_word' id='word_1_585' title='bbox 1670 5793 1807 5862; x_wconf 86' lang='lat' dir='ltr'><strong>Quid</strong></span> 
     </span>
    </p>
   </div>
   <div class='ocr_carea' id='block_1_76' title="bbox 238 5879 1808 5957">
    <p class='ocr_par' dir='ltr' id='par_1_76' title="bbox 238 5879 1808 5957">
     <span class='ocr_line' id='line_1_76' title="bbox 238 5879 1808 5957; baseline 0.004 -24"><span class='ocrx_word' id='word_1_586' title='bbox 238 5879 298 5934; x_wconf 90' lang='lat' dir='ltr'><strong>ad</strong></span> <span class='ocrx_word' id='word_1_587' title='bbox 321 5896 436 5937; x_wconf 89' lang='lat' dir='ltr'><strong>eam</strong></span> <span class='ocrx_word' id='word_1_588' title='bbox 460 5885 728 5941; x_wconf 82' lang='lat' dir='ltr'><strong>Arnobius</strong></span> <span class='ocrx_word' id='word_1_589' title='bbox 762 5894 945 5940; x_wconf 89' lang='lat' dir='ltr'><strong>noster</strong></span> <span class='ocrx_word' id='word_1_590' title='bbox 965 5883 1160 5940; x_wconf 87' lang='lat' dir='ltr'><strong>iterum</strong></span> <span class='ocrx_word' id='word_1_591' title='bbox 1192 5883 1516 5957; x_wconf 78' lang='lat' dir='ltr'><strong>reSpondeat</strong></span> <span class='ocrx_word' id='word_1_592' title='bbox 1541 5925 1558 5954; x_wconf 91' lang='lat'><strong>,</strong></span> <span class='ocrx_word' id='word_1_593' title='bbox 1590 5885 1808 5955; x_wconf 89' lang='lat' dir='ltr'><strong>audias,</strong></span> 
     </span>
    </p>
   </div>
   <div class='ocr_carea' id='block_1_77' title="bbox 1825 4623 1878 4683">
    <p class='ocr_par' dir='ltr' id='par_1_77' title="bbox 1825 4623 1878 4683">
     <span class='ocr_line' id='line_1_77' title="bbox 1825 4623 1878 4683; baseline 0 0"><span class='ocrx_word' id='word_1_594' title='bbox 1825 4623 1878 4683; x_wconf 91' lang='lat' dir='ltr'><strong>D</strong></span> 
     </span>
    </p>
   </div>
   <div class='ocr_carea' id='block_1_78' title="bbox 1910 1955 3513 2027">
    <p class='ocr_par' dir='ltr' id='par_1_78' title="bbox 1910 1955 3513 2027">
     <span class='ocr_line' id='line_1_78' title="bbox 1910 1955 3513 2027; baseline 0.006 -19"><span class='ocrx_word' id='word_1_595' title='bbox 1910 1955 2170 2010; x_wconf 89' lang='lat' dir='ltr'><strong>teriorum</strong></span> <span class='ocrx_word' id='word_1_596' title='bbox 2201 1958 2582 2027; x_wconf 75' lang='lat' dir='ltr'><strong>potentiorum,</strong></span> <span class='ocrx_word' id='word_1_597' title='bbox 2611 1959 2711 2015; x_wconf 90' lang='lat' dir='ltr'><strong>hoc</strong></span> <span class='ocrx_word' id='word_1_598' title='bbox 2728 1969 2830 2026; x_wconf 91' lang='lat' dir='ltr'><strong>est,</strong></span> <span class='ocrx_word' id='word_1_599' title='bbox 2861 1960 3025 2014; x_wconf 88' lang='lat' dir='ltr'><strong>animi</strong></span> <span class='ocrx_word' id='word_1_600' title='bbox 3050 1961 3218 2014; x_wconf 88' lang='lat' dir='ltr'><strong>nostri</strong></span> <span class='ocrx_word' id='word_1_601' title='bbox 3244 1963 3513 2017; x_wconf 89' lang='lat' dir='ltr'><strong>omnium-</strong></span> 
     </span>
    </p>
   </div>
   <div class='ocr_carea' id='block_1_79' title="bbox 1907 2047 3507 2121">
    <p class='ocr_par' dir='ltr' id='par_1_79' title="bbox 1907 2047 3507 2121">
     <span class='ocr_line' id='line_1_79' title="bbox 1907 2047 3507 2121; baseline 0.001 -19"><span class='ocrx_word' id='word_1_602' title='bbox 1907 2063 2013 2118; x_wconf 91' lang='lat' dir='ltr'><strong>que</strong></span> <span class='ocrx_word' id='word_1_603' title='bbox 2042 2047 2354 2105; x_wconf 89' lang='lat' dir='ltr'><strong>facultatum</strong></span> <span class='ocrx_word' id='word_1_604' title='bbox 2387 2051 2504 2121; x_wconf 85' lang='lat' dir='ltr'><strong>ejus</strong></span> <span class='ocrx_word' id='word_1_605' title='bbox 2540 2053 2728 2107; x_wconf 92' lang='lat' dir='ltr'><strong>Deum.</strong></span> <span class='ocrx_word' id='word_1_606' title='bbox 2753 2050 3277 2118; x_wconf 88' lang='lat' dir='ltr'><strong>Cuiantem,amabo</strong></span> <span class='ocrx_word' id='word_1_607' title='bbox 3295 2062 3370 2119; x_wconf 89' lang='lat' dir='ltr'><strong>te,</strong></span> <span class='ocrx_word' id='word_1_608' title='bbox 3393 2052 3507 2106; x_wconf 54' lang='lat' dir='ltr'><strong>hau-2</strong></span> 
     </span>
    </p>
   </div>
   <div class='ocr_carea' id='block_1_80' title="bbox 1907 2143 3004 2215">
    <p class='ocr_par' dir='ltr' id='par_1_80' title="bbox 1907 2143 3004 2215">
     <span class='ocr_line' id='line_1_80' title="bbox 1907 2143 3004 2215; baseline 0.005 -21"><span class='ocrx_word' id='word_1_609' title='bbox 1907 2143 2106 2205; x_wconf 89' lang='lat' dir='ltr'><strong>omnia,</strong></span> <span class='ocrx_word' id='word_1_610' title='bbox 2140 2144 2241 2198; x_wconf 88' lang='lat' dir='ltr'><strong>nisi</strong></span> <span class='ocrx_word' id='word_1_611' title='bbox 2271 2160 2484 2199; x_wconf 91' lang='lat' dir='ltr'><strong>sommo</strong></span> <span class='ocrx_word' id='word_1_612' title='bbox 2515 2145 2623 2201; x_wconf 90' lang='lat' dir='ltr'><strong>Deo</strong></span> <span class='ocrx_word' id='word_1_613' title='bbox 2651 2145 3004 2215; x_wconf 92' lang='lat' dir='ltr'><strong>competunt?</strong></span> 
     </span>
    </p>
   </div>
   <div class='ocr_carea' id='block_1_81' title="bbox 1979 2235 3507 2307">
    <p class='ocr_par' dir='ltr' id='par_1_81' title="bbox 1979 2235 3507 2307">
     <span class='ocr_line' id='line_1_81' title="bbox 1979 2235 3507 2307; baseline 0 -15"><span class='ocrx_word' id='word_1_614' title='bbox 1979 2238 2132 2307; x_wconf 85' lang='lat' dir='ltr'><strong>Quod</strong></span> <span class='ocrx_word' id='word_1_615' title='bbox 2181 2248 2357 2292; x_wconf 90' lang='lat' dir='ltr'><strong>autem</strong></span> <span class='ocrx_word' id='word_1_616' title='bbox 2407 2235 2615 2293; x_wconf 84' lang='lat' dir='ltr'><strong>addidit</strong></span> <span class='ocrx_word' id='word_1_617' title='bbox 2643 2256 2656 2294; x_wconf 90' lang='lat'>:</span> <span class='ocrx_word' id='word_1_618' title='bbox 2687 2240 2760 2293; x_wconf 87' lang='lat' dir='ltr'><strong>rei</strong></span> <span class='ocrx_word' id='word_1_619' title='bbox 2800 2239 3039 2293; x_wconf 67' lang='lat' dir='ltr'><strong>maximae</strong></span> <span class='ocrx_word' id='word_1_620' title='bbox 3067 2255 3221 2294; x_wconf 84' lang='lat' dir='ltr'><strong>causa</strong></span> <span class='ocrx_word' id='word_1_621' title='bbox 3251 2257 3282 2292; x_wconf 83' lang='grc' dir='ltr'><strong><em>η</em></strong></span> <span class='ocrx_word' id='word_1_622' title='bbox 3307 2255 3507 2293; x_wconf 81' lang='lat' dir='ltr'><strong>summo</strong></span> 
     </span>
    </p>
   </div>
   <div class='ocr_carea' id='block_1_82' title="bbox 1903 2327 3507 2401">
    <p class='ocr_par' dir='ltr' id='par_1_82' title="bbox 1903 2327 3507 2401">
     <span class='ocr_line' id='line_1_82' title="bbox 1903 2327 3507 2401; baseline 0 -17"><span class='ocrx_word' id='word_1_623' title='bbox 1903 2347 2019 2401; x_wconf 83' lang='lat' dir='ltr'><strong>rege</strong></span> <span class='ocrx_word' id='word_1_624' title='bbox 2043 2331 2243 2394; x_wconf 77' lang='lat' dir='ltr'><strong>misstu,</strong></span> <span class='ocrx_word' id='word_1_625' title='bbox 2272 2329 2355 2384; x_wconf 92' lang='lat' dir='ltr'><strong>his</strong></span> <span class='ocrx_word' id='word_1_626' title='bbox 2381 2345 2512 2384; x_wconf 89' lang='lat' dir='ltr'><strong>sane</strong></span> <span class='ocrx_word' id='word_1_627' title='bbox 2541 2331 2718 2385; x_wconf 88' lang='lat' dir='ltr'><strong>verbis</strong></span> <span class='ocrx_word' id='word_1_628' title='bbox 2765 2346 2870 2384; x_wconf 87' lang='lat' dir='ltr'><strong>non</strong></span> <span class='ocrx_word' id='word_1_629' title='bbox 2915 2329 3200 2398; x_wconf 81' lang='lat' dir='ltr'><strong>signiﬁcat,</strong></span> <span class='ocrx_word' id='word_1_630' title='bbox 3235 2327 3507 2385; x_wconf 87' lang='lat' dir='ltr'><strong>Christum</strong></span> 
     </span>
    </p>
   </div>
   <div class='ocr_carea' id='block_1_83' title="bbox 1905 2421 3514 2489">
    <p class='ocr_par' dir='ltr' id='par_1_83' title="bbox 1905 2421 3514 2489">
     <span class='ocr_line' id='line_1_83' title="bbox 1905 2421 3514 2489; baseline 0.001 -12"><span class='ocrx_word' id='word_1_631' title='bbox 1905 2436 2027 2477; x_wconf 90' lang='lat' dir='ltr'><strong>esse</strong></span> <span class='ocrx_word' id='word_1_632' title='bbox 2072 2421 2382 2478; x_wconf 89' lang='lat' dir='ltr'><strong>inferiorem</strong></span> <span class='ocrx_word' id='word_1_633' title='bbox 2413 2465 2428 2489; x_wconf 92' lang='lat'><strong>,</strong></span> <span class='ocrx_word' id='word_1_634' title='bbox 2481 2423 2572 2478; x_wconf 91' lang='lat' dir='ltr'><strong>sed</strong></span> <span class='ocrx_word' id='word_1_635' title='bbox 2603 2439 2768 2477; x_wconf 91' lang='lat' dir='ltr'><strong>unum</strong></span> <span class='ocrx_word' id='word_1_636' title='bbox 2805 2432 2861 2478; x_wconf 88' lang='lat' dir='ltr'><strong>et</strong></span> <span class='ocrx_word' id='word_1_637' title='bbox 2883 2423 3132 2478; x_wconf 88' lang='lat' dir='ltr'><strong>eumdem</strong></span> <span class='ocrx_word' id='word_1_638' title='bbox 3176 2439 3298 2478; x_wconf 91' lang='lat' dir='ltr'><strong>cum</strong></span> <span class='ocrx_word' id='word_1_639' title='bbox 3327 2423 3514 2488; x_wconf 86' lang='lat' dir='ltr'><strong>Patre.</strong></span> 
     </span>
    </p>
   </div>
   <div class='ocr_carea' id='block_1_84' title="bbox 1903 2515 3506 2585">
    <p class='ocr_par' dir='ltr' id='par_1_84' title="bbox 1903 2515 3506 2585">
     <span class='ocr_line' id='line_1_84' title="bbox 1903 2515 3506 2585; baseline 0.003 -19"><span class='ocrx_word' id='word_1_640' title='bbox 1903 2528 2174 2567; x_wconf 84' lang='lat' dir='ltr'><strong>summum</strong></span> <span class='ocrx_word' id='word_1_641' title='bbox 2214 2529 2333 2569; x_wconf 89' lang='lat' dir='ltr'><strong>esse</strong></span> <span class='ocrx_word' id='word_1_642' title='bbox 2367 2515 2556 2580; x_wconf 91' lang='lat' dir='ltr'><strong>Dettm,</strong></span> <span class='ocrx_word' id='word_1_643' title='bbox 2593 2531 2820 2585; x_wconf 86' lang='lat' dir='ltr'><strong>persona</strong></span> <span class='ocrx_word' id='word_1_644' title='bbox 2853 2525 3032 2570; x_wconf 90' lang='lat' dir='ltr'><strong>tamen</strong></span> <span class='ocrx_word' id='word_1_645' title='bbox 3061 2516 3395 2572; x_wconf 89' lang='lat' dir='ltr'><strong>distinctum.</strong></span> <span class='ocrx_word' id='word_1_646' title='bbox 3429 2518 3506 2572; x_wconf 86' lang='lat' dir='ltr'><strong>Ea</strong></span> 
     </span>
    </p>
   </div>
   <div class='ocr_carea' id='block_1_85' title="bbox 1905 2607 3514 2677">
    <p class='ocr_par' dir='ltr' id='par_1_85' title="bbox 1905 2607 3514 2677">
     <span class='ocr_line' id='line_1_85' title="bbox 1905 2607 3514 2677; baseline 0.004 -19"><span class='ocrx_word' id='word_1_647' title='bbox 1905 2620 2067 2674; x_wconf 91' lang='lat' dir='ltr'><strong>porro</strong></span> <span class='ocrx_word' id='word_1_648' title='bbox 2094 2607 2168 2659; x_wconf 85' lang='lat' dir='ltr'><strong>rei</strong></span> <span class='ocrx_word' id='word_1_649' title='bbox 2199 2607 2435 2668; x_wconf 69' lang='lat' dir='ltr'><strong>maxime</strong></span> <span class='ocrx_word' id='word_1_650' title='bbox 2459 2623 2639 2672; x_wconf 81' lang='lat' dir='ltr'><strong>causa,</strong></span> <span class='ocrx_word' id='word_1_651' title='bbox 2673 2607 2743 2662; x_wconf 91' lang='lat' dir='ltr'><strong>ob</strong></span> <span class='ocrx_word' id='word_1_652' title='bbox 2770 2621 2934 2677; x_wconf 84' lang='lat' dir='ltr'><strong>quam</strong></span> <span class='ocrx_word' id='word_1_653' title='bbox 2967 2608 3035 2662; x_wconf 90' lang='lat' dir='ltr'><strong>ab</strong></span> <span class='ocrx_word' id='word_1_654' title='bbox 3065 2623 3130 2662; x_wconf 91' lang='lat' dir='ltr'><strong>eo</strong></span> <span class='ocrx_word' id='word_1_655' title='bbox 3157 2609 3357 2664; x_wconf 90' lang='lat' dir='ltr'><strong>missus</strong></span> <span class='ocrx_word' id='word_1_656' title='bbox 3377 2609 3514 2665; x_wconf 90' lang='lat' dir='ltr'><strong>dici-</strong></span> 
     </span>
    </p>
   </div>
   <div class='ocr_carea' id='block_1_86' title="bbox 1907 2700 3505 2771">
    <p class='ocr_par' dir='ltr' id='par_1_86' title="bbox 1907 2700 3505 2771">
     <span class='ocr_line' id='line_1_86' title="bbox 1907 2700 3505 2771; baseline 0.006 -19"><span class='ocrx_word' id='word_1_657' title='bbox 1907 2708 2012 2766; x_wconf 92' lang='lat' dir='ltr'><strong>tur,</strong></span> <span class='ocrx_word' id='word_1_658' title='bbox 2047 2715 2151 2754; x_wconf 90' lang='lat' dir='ltr'><strong>non</strong></span> <span class='ocrx_word' id='word_1_659' title='bbox 2181 2700 2282 2754; x_wconf 89' lang='lat' dir='ltr'><strong>alia</strong></span> <span class='ocrx_word' id='word_1_660' title='bbox 2311 2708 2415 2764; x_wconf 87' lang='lat' dir='ltr'><strong>est,</strong></span> <span class='ocrx_word' id='word_1_661' title='bbox 2447 2716 2605 2771; x_wconf 92' lang='lat' dir='ltr'><strong>quam</strong></span> <span class='ocrx_word' id='word_1_662' title='bbox 2636 2710 2691 2756; x_wconf 88' lang='lat' dir='ltr'><strong>ttt</strong></span> <span class='ocrx_word' id='word_1_663' title='bbox 2722 2701 2992 2767; x_wconf 88' lang='lat' dir='ltr'><strong>homines,</strong></span> <span class='ocrx_word' id='word_1_664' title='bbox 3027 2704 3102 2757; x_wconf 92' lang='lat' dir='ltr'><strong>uti</strong></span> <span class='ocrx_word' id='word_1_665' title='bbox 3131 2703 3364 2760; x_wconf 84' lang='lat' dir='ltr'><strong>diximus</strong></span> <span class='ocrx_word' id='word_1_666' title='bbox 3386 2747 3400 2770; x_wconf 94' lang='lat'><strong>,</strong></span> <span class='ocrx_word' id='word_1_667' title='bbox 3433 2706 3505 2761; x_wconf 87' lang='lat' dir='ltr'><strong>ab</strong></span> 
     </span>
    </p>
   </div>
   <div class='ocr_carea' id='block_1_87' title="bbox 1905 2793 3510 2868">
    <p class='ocr_par' dir='ltr' id='par_1_87' title="bbox 1905 2793 3510 2868">
     <span class='ocr_line' id='line_1_87' title="bbox 1905 2793 3510 2868; baseline 0.004 -22"><span class='ocrx_word' id='word_1_668' title='bbox 1905 2793 2074 2862; x_wconf 91' lang='lat' dir='ltr'><strong>impio</strong></span> <span class='ocrx_word' id='word_1_669' title='bbox 2107 2793 2368 2849; x_wconf 88' lang='lat' dir='ltr'><strong>idolorum</strong></span> <span class='ocrx_word' id='word_1_670' title='bbox 2391 2797 2559 2862; x_wconf 90' lang='lat' dir='ltr'><strong>cultu,</strong></span> <span class='ocrx_word' id='word_1_671' title='bbox 2588 2806 2642 2850; x_wconf 89' lang='lat' dir='ltr'><strong>et</strong></span> <span class='ocrx_word' id='word_1_672' title='bbox 2674 2795 2804 2851; x_wconf 85' lang='lat' dir='ltr'><strong>falsa</strong></span> <span class='ocrx_word' id='word_1_673' title='bbox 2831 2797 3107 2866; x_wconf 87' lang='lat' dir='ltr'><strong>gentilium</strong></span> <span class='ocrx_word' id='word_1_674' title='bbox 3132 2797 3409 2868; x_wconf 87' lang='lat' dir='ltr'><strong>religione,</strong></span> <span class='ocrx_word' id='word_1_675' title='bbox 3440 2798 3510 2853; x_wconf 89' lang='lat' dir='ltr'><strong>ad</strong></span> 
     </span>
    </p>
   </div>
   <div class='ocr_carea' id='block_1_88' title="bbox 1905 2887 3512 2961">
    <p class='ocr_par' dir='ltr' id='par_1_88' title="bbox 1905 2887 3512 2961">
     <span class='ocr_line' id='line_1_88' title="bbox 1905 2887 3512 2961; baseline 0.006 -24"><span class='ocrx_word' id='word_1_676' title='bbox 1905 2900 2092 2941; x_wconf 88' lang='lat' dir='ltr'><strong>verum</strong></span> <span class='ocrx_word' id='word_1_677' title='bbox 2129 2887 2219 2942; x_wconf 75' lang='lat' dir='ltr'><strong>Itei</strong></span> <span class='ocrx_word' id='word_1_678' title='bbox 2241 2888 2444 2942; x_wconf 90' lang='lat' dir='ltr'><strong>cultum</strong></span> <span class='ocrx_word' id='word_1_679' title='bbox 2472 2904 2766 2960; x_wconf 89' lang='lat' dir='ltr'><strong>veramque</strong></span> <span class='ocrx_word' id='word_1_680' title='bbox 2797 2890 3112 2961; x_wconf 84' lang='lat' dir='ltr'><strong>religionem</strong></span> <span class='ocrx_word' id='word_1_681' title='bbox 3137 2891 3423 2959; x_wconf 89' lang='lat' dir='ltr'><strong>adductos,</strong></span> <span class='ocrx_word' id='word_1_682' title='bbox 3455 2903 3512 2948; x_wconf 87' lang='lat' dir='ltr'><strong>et</strong></span> 
     </span>
    </p>
   </div>
   <div class='ocr_carea' id='block_1_89' title="bbox 1905 2983 3513 3055">
    <p class='ocr_par' dir='ltr' id='par_1_89' title="bbox 1905 2983 3513 3055">
     <span class='ocr_line' id='line_1_89' title="bbox 1905 2983 3513 3055; baseline 0.006 -23"><span class='ocrx_word' id='word_1_683' title='bbox 1905 2988 2080 3035; x_wconf 90' lang='lat' dir='ltr'><strong>morte</strong></span> <span class='ocrx_word' id='word_1_684' title='bbox 2130 2996 2224 3034; x_wconf 80' lang='lat' dir='ltr'><strong>sua</strong></span> <span class='ocrx_word' id='word_1_685' title='bbox 2268 2998 2296 3035; x_wconf 91' lang='lat' dir='ltr'><strong>a</strong></span> <span class='ocrx_word' id='word_1_686' title='bbox 2330 2984 2567 3052; x_wconf 81' lang='lat' dir='ltr'><strong>peccatis</strong></span> <span class='ocrx_word' id='word_1_687' title='bbox 2594 2984 2799 3038; x_wconf 89' lang='lat' dir='ltr'><strong>solutos</strong></span> <span class='ocrx_word' id='word_1_688' title='bbox 2822 2985 3075 3038; x_wconf 88' lang='lat' dir='ltr'><strong>salvaret.</strong></span> <span class='ocrx_word' id='word_1_689' title='bbox 3108 2983 3261 3052; x_wconf 86' lang='lat' dir='ltr'><strong>Quod</strong></span> <span class='ocrx_word' id='word_1_690' title='bbox 3290 2984 3513 3055; x_wconf 90' lang='lat' dir='ltr'><strong>quidem</strong></span> 
     </span>
    </p>
   </div>
   <div class='ocr_carea' id='block_1_90' title="bbox 1902 3071 3505 3148">
    <p class='ocr_par' dir='ltr' id='par_1_90' title="bbox 1902 3071 3505 3148">
     <span class='ocr_line' id='line_1_90' title="bbox 1902 3071 3505 3148; baseline 0.004 -23"><span class='ocrx_word' id='word_1_691' title='bbox 1902 3071 2153 3127; x_wconf 87' lang='lat' dir='ltr'><strong>Ethnicis</strong></span> <span class='ocrx_word' id='word_1_692' title='bbox 2183 3075 2518 3131; x_wconf 90' lang='lat' dir='ltr'><strong>intolerabile</strong></span> <span class='ocrx_word' id='word_1_693' title='bbox 2546 3075 2709 3130; x_wconf 91' lang='lat' dir='ltr'><strong>fuisse</strong></span> <span class='ocrx_word' id='word_1_694' title='bbox 2729 3075 2931 3130; x_wconf 85' lang='lat' dir='ltr'><strong>adserit</strong></span> <span class='ocrx_word' id='word_1_695' title='bbox 2959 3074 3152 3147; x_wconf 78' lang='lat' dir='ltr'><strong>(Idem,</strong></span> <span class='ocrx_word' id='word_1_696' title='bbox 3188 3076 3276 3130; x_wconf 86' lang='lat' dir='ltr'><strong>lib.</strong></span> <span class='ocrx_word' id='word_1_697' title='bbox 3296 3093 3353 3142; x_wconf 90' lang='lat' dir='ltr'><strong>tt,</strong></span> <span class='ocrx_word' id='word_1_698' title='bbox 3379 3094 3505 3148; x_wconf 81' lang='lat' dir='ltr'><strong>pag.</strong></span> 
     </span>
    </p>
   </div>
   <div class='ocr_carea' id='block_1_91' title="bbox 1903 3168 3510 3241">
    <p class='ocr_par' dir='ltr' id='par_1_91' title="bbox 1903 3168 3510 3241">
     <span class='ocr_line' id='line_1_91' title="bbox 1903 3168 3510 3241; baseline 0.003 -19"><span class='ocrx_word' id='word_1_699' title='bbox 1903 3169 1994 3235; x_wconf 85' lang='lat'><strong>87,</strong></span> <span class='ocrx_word' id='word_1_700' title='bbox 2029 3168 2204 3240; x_wconf 81' lang='lat' dir='ltr'><strong>ctc.,),</strong></span> <span class='ocrx_word' id='word_1_701' title='bbox 2236 3178 2396 3235; x_wconf 85' lang='lat' dir='ltr'><strong>atque</strong></span> <span class='ocrx_word' id='word_1_702' title='bbox 2420 3181 2474 3224; x_wconf 90' lang='lat' dir='ltr'><strong>ut</strong></span> <span class='ocrx_word' id='word_1_703' title='bbox 2509 3171 2622 3241; x_wconf 91' lang='lat' dir='ltr'><strong>ipse</strong></span> <span class='ocrx_word' id='word_1_704' title='bbox 2648 3170 2886 3241; x_wconf 90' lang='lat' dir='ltr'><strong>loquitur</strong></span> <span class='ocrx_word' id='word_1_705' title='bbox 2909 3212 2924 3236; x_wconf 91' lang='lat'><strong>,</strong></span> <span class='ocrx_word' id='word_1_706' title='bbox 2956 3172 3323 3227; x_wconf 89' lang='lat' dir='ltr'><strong>acerbissimis</strong></span> <span class='ocrx_word' id='word_1_707' title='bbox 3351 3171 3510 3227; x_wconf 83' lang='lat' dir='ltr'><strong>dolo-</strong></span> 
     </span>
    </p>
   </div>
   <div class='ocr_carea' id='block_1_92' title="bbox 1904 3262 3510 3334">
    <p class='ocr_par' dir='ltr' id='par_1_92' title="bbox 1904 3262 3510 3334">
     <span class='ocr_line' id='line_1_92' title="bbox 1904 3262 3510 3334; baseline 0.001 -17"><span class='ocrx_word' id='word_1_708' title='bbox 1904 3262 2052 3318; x_wconf 89' lang='lat' dir='ltr'><strong>ribus</strong></span> <span class='ocrx_word' id='word_1_709' title='bbox 2094 3263 2400 3334; x_wconf 91' lang='lat' dir='ltr'><strong>torquebat.</strong></span> <span class='ocrx_word' id='word_1_710' title='bbox 2443 3263 2549 3318; x_wconf 91' lang='lat' dir='ltr'><strong>Sed</strong></span> <span class='ocrx_word' id='word_1_711' title='bbox 2581 3262 2926 3334; x_wconf 88' lang='lat' dir='ltr'><strong>quantumvis</strong></span> <span class='ocrx_word' id='word_1_712' title='bbox 2962 3279 3025 3318; x_wconf 92' lang='lat' dir='ltr'><strong>ea</strong></span> <span class='ocrx_word' id='word_1_713' title='bbox 3070 3263 3281 3333; x_wconf 90' lang='lat' dir='ltr'><strong>publica</strong></span> <span class='ocrx_word' id='word_1_714' title='bbox 3313 3263 3510 3319; x_wconf 85' lang='lat' dir='ltr'><strong>divini-</strong></span> 
     </span>
    </p>
   </div>
   <div class='ocr_carea' id='block_1_93' title="bbox 1904 3355 3505 3424">
    <p class='ocr_par' dir='ltr' id='par_1_93' title="bbox 1904 3355 3505 3424">
     <span class='ocr_line' id='line_1_93' title="bbox 1904 3355 3505 3424; baseline 0.002 -15"><span class='ocrx_word' id='word_1_715' title='bbox 1904 3357 2030 3409; x_wconf 87' lang='lat' dir='ltr'><strong>tatis</strong></span> <span class='ocrx_word' id='word_1_716' title='bbox 2075 3356 2273 3410; x_wconf 90' lang='lat' dir='ltr'><strong>Christi</strong></span> <span class='ocrx_word' id='word_1_717' title='bbox 2323 3355 2671 3411; x_wconf 86' lang='lat' dir='ltr'><strong>confessione</strong></span> <span class='ocrx_word' id='word_1_718' title='bbox 2731 3363 3135 3424; x_wconf 88' lang='lat' dir='ltr'><strong>torquerentur,</strong></span> <span class='ocrx_word' id='word_1_719' title='bbox 3191 3366 3505 3413; x_wconf 82' lang='lat' dir='ltr'><strong>conStanter</strong></span> 
     </span>
    </p>
   </div>
   <div class='ocr_carea' id='block_1_94' title="bbox 1903 3448 3500 3520">
    <p class='ocr_par' dir='ltr' id='par_1_94' title="bbox 1903 3448 3500 3520">
     <span class='ocr_line' id='line_1_94' title="bbox 1903 3448 3500 3520; baseline -0.001 -14"><span class='ocrx_word' id='word_1_720' title='bbox 1903 3461 2103 3518; x_wconf 85' lang='lat' dir='ltr'><strong>tamen,</strong></span> <span class='ocrx_word' id='word_1_721' title='bbox 2141 3451 2302 3506; x_wconf 89' lang='lat' dir='ltr'><strong>etiam</strong></span> <span class='ocrx_word' id='word_1_722' title='bbox 2349 3452 2434 3507; x_wconf 92' lang='lat' dir='ltr'><strong>sui</strong></span> <span class='ocrx_word' id='word_1_723' title='bbox 2481 3450 2673 3520; x_wconf 90' lang='lat' dir='ltr'><strong>capitis</strong></span> <span class='ocrx_word' id='word_1_724' title='bbox 2724 3449 3002 3520; x_wconf 90' lang='lat' dir='ltr'><strong>periculo,</strong></span> <span class='ocrx_word' id='word_1_725' title='bbox 3058 3448 3333 3506; x_wconf 89' lang='lat' dir='ltr'><strong>afﬁrmare</strong></span> <span class='ocrx_word' id='word_1_726' title='bbox 3390 3466 3500 3505; x_wconf 92' lang='lat' dir='ltr'><strong>non</strong></span> 
     </span>
    </p>
   </div>
   <div class='ocr_carea' id='block_1_95' title="bbox 1903 3543 2974 3602">
    <p class='ocr_par' dir='ltr' id='par_1_95' title="bbox 1903 3543 2974 3602">
     <span class='ocr_line' id='line_1_95' title="bbox 1903 3543 2974 3602; baseline -0.002 -2"><span class='ocrx_word' id='word_1_727' title='bbox 1903 3557 2121 3602; x_wconf 86' lang='lat' dir='ltr'><strong>veretur</strong></span> <span class='ocrx_word' id='word_1_728' title='bbox 2152 3547 2299 3602; x_wconf 92' lang='lat' dir='ltr'><strong>illum</strong></span> <span class='ocrx_word' id='word_1_729' title='bbox 2327 3562 2595 3601; x_wconf 90' lang='lat' dir='ltr'><strong>summum</strong></span> <span class='ocrx_word' id='word_1_730' title='bbox 2627 3559 2748 3599; x_wconf 90' lang='lat' dir='ltr'><strong>esse</strong></span> <span class='ocrx_word' id='word_1_731' title='bbox 2783 3543 2974 3599; x_wconf 92' lang='lat' dir='ltr'><strong>Deum.</strong></span> 
     </span>
    </p>
   </div>
   <div class='ocr_carea' id='block_1_96' title="bbox 1975 3639 3505 3714">
    <p class='ocr_par' dir='ltr' id='par_1_96' title="bbox 1975 3639 3505 3714">
     <span class='ocr_line' id='line_1_96' title="bbox 1975 3639 3505 3714; baseline 0.005 -22"><span class='ocrx_word' id='word_1_732' title='bbox 1975 3640 2116 3693; x_wconf 92' lang='lat' dir='ltr'><strong>Satis</strong></span> <span class='ocrx_word' id='word_1_733' title='bbox 2143 3655 2271 3694; x_wconf 91' lang='lat' dir='ltr'><strong>vero</strong></span> <span class='ocrx_word' id='word_1_734' title='bbox 2298 3639 2399 3694; x_wconf 88' lang='lat' dir='ltr'><strong>sibi</strong></span> <span class='ocrx_word' id='word_1_735' title='bbox 2421 3655 2544 3694; x_wconf 89' lang='lat' dir='ltr'><strong>esse</strong></span> <span class='ocrx_word' id='word_1_736' title='bbox 2573 3654 2679 3694; x_wconf 91' lang='lat' dir='ltr'><strong>non</strong></span> <span class='ocrx_word' id='word_1_737' title='bbox 2703 3642 2908 3711; x_wconf 91' lang='lat' dir='ltr'><strong>putavit</strong></span> <span class='ocrx_word' id='word_1_738' title='bbox 2939 3651 3046 3696; x_wconf 92' lang='lat' dir='ltr'><strong>tam</strong></span> <span class='ocrx_word' id='word_1_739' title='bbox 3073 3643 3235 3698; x_wconf 91' lang='lat' dir='ltr'><strong>claris</strong></span> <span class='ocrx_word' id='word_1_740' title='bbox 3273 3644 3505 3714; x_wconf 86' lang='lat' dir='ltr'><strong>apertis-</strong></span> 
     </span>
    </p>
   </div>
   <div class='ocr_carea' id='block_1_97' title="bbox 1903 3735 3500 3804">
    <p class='ocr_par' dir='ltr' id='par_1_97' title="bbox 1903 3735 3500 3804">
     <span class='ocr_line' id='line_1_97' title="bbox 1903 3735 3500 3804; baseline 0.004 -16"><span class='ocrx_word' id='word_1_741' title='bbox 1903 3749 2010 3804; x_wconf 89' lang='lat' dir='ltr'><strong>que</strong></span> <span class='ocrx_word' id='word_1_742' title='bbox 2049 3735 2226 3790; x_wconf 87' lang='lat' dir='ltr'><strong>verbis</strong></span> <span class='ocrx_word' id='word_1_743' title='bbox 2249 3751 2556 3804; x_wconf 88' lang='lat' dir='ltr'><strong>supremam</strong></span> <span class='ocrx_word' id='word_1_744' title='bbox 2584 3735 2784 3791; x_wconf 84' lang='lat' dir='ltr'><strong>Christi</strong></span> <span class='ocrx_word' id='word_1_745' title='bbox 2816 3737 3149 3792; x_wconf 88' lang='lat' dir='ltr'><strong>divinitatem</strong></span> <span class='ocrx_word' id='word_1_746' title='bbox 3176 3737 3454 3794; x_wconf 87' lang='lat' dir='ltr'><strong>declarare</strong></span> <span class='ocrx_word' id='word_1_747' title='bbox 3483 3779 3500 3804; x_wconf 95' lang='lat'><strong>,</strong></span> 
     </span>
    </p>
   </div>
   <div class='ocr_carea' id='block_1_98' title="bbox 1904 3826 3502 3898">
    <p class='ocr_par' dir='ltr' id='par_1_98' title="bbox 1904 3826 3502 3898">
     <span class='ocr_line' id='line_1_98' title="bbox 1904 3826 3502 3898; baseline 0.003 -17"><span class='ocrx_word' id='word_1_748' title='bbox 1904 3842 2133 3897; x_wconf 90' lang='lat' dir='ltr'><strong>eumque</strong></span> <span class='ocrx_word' id='word_1_749' title='bbox 2161 3843 2226 3882; x_wconf 80' lang='lat' dir='ltr'><strong>ex</strong></span> <span class='ocrx_word' id='word_1_750' title='bbox 2250 3828 2456 3898; x_wconf 88' lang='lat' dir='ltr'><strong>magnis</strong></span> <span class='ocrx_word' id='word_1_751' title='bbox 2484 3826 2653 3896; x_wconf 87' lang='lat' dir='ltr'><strong>ipsius</strong></span> <span class='ocrx_word' id='word_1_752' title='bbox 2685 3829 2736 3883; x_wconf 92' lang='lat' dir='ltr'><strong>in</strong></span> <span class='ocrx_word' id='word_1_753' title='bbox 2760 3829 3004 3884; x_wconf 89' lang='lat' dir='ltr'><strong>homines</strong></span> <span class='ocrx_word' id='word_1_754' title='bbox 3034 3830 3330 3898; x_wconf 91' lang='lat' dir='ltr'><strong>beneﬁciis,</strong></span> <span class='ocrx_word' id='word_1_755' title='bbox 3359 3830 3502 3886; x_wconf 87' lang='lat' dir='ltr'><strong>divi-</strong></span> 
     </span>
    </p>
   </div>
   <div class='ocr_carea' id='block_1_99' title="bbox 1905 3919 3502 3990">
    <p class='ocr_par' dir='ltr' id='par_1_99' title="bbox 1905 3919 3502 3990">
     <span class='ocr_line' id='line_1_99' title="bbox 1905 3919 3502 3990; baseline 0.004 -19"><span class='ocrx_word' id='word_1_756' title='bbox 1905 3934 2078 3988; x_wconf 89' lang='lat' dir='ltr'><strong>naque</strong></span> <span class='ocrx_word' id='word_1_757' title='bbox 2104 3919 2219 3988; x_wconf 90' lang='lat' dir='ltr'><strong>ejus</strong></span> <span class='ocrx_word' id='word_1_758' title='bbox 2239 3919 2618 3990; x_wconf 88' lang='lat' dir='ltr'><strong>comprobasse</strong></span> <span class='ocrx_word' id='word_1_759' title='bbox 2641 3920 2886 3976; x_wconf 90' lang='lat' dir='ltr'><strong>doctrina</strong></span> <span class='ocrx_word' id='word_1_760' title='bbox 2907 3964 2922 3985; x_wconf 87' lang='lat'><strong>,</strong></span> <span class='ocrx_word' id='word_1_761' title='bbox 2953 3922 3048 3976; x_wconf 91' lang='lat' dir='ltr'><strong>sed</strong></span> <span class='ocrx_word' id='word_1_762' title='bbox 3079 3923 3324 3977; x_wconf 91' lang='lat' dir='ltr'><strong>eamdem</strong></span> <span class='ocrx_word' id='word_1_763' title='bbox 3358 3922 3502 3978; x_wconf 91' lang='lat' dir='ltr'><strong>illius</strong></span> 
     </span>
    </p>
   </div>
   <div class='ocr_carea' id='block_1_100' title="bbox 1903 4012 3501 4086">
    <p class='ocr_par' dir='ltr' id='par_1_100' title="bbox 1903 4012 3501 4086">
     <span class='ocr_line' id='line_1_100' title="bbox 1903 4012 3501 4086; baseline 0.003 -19"><span class='ocrx_word' id='word_1_764' title='bbox 1903 4012 2235 4067; x_wconf 87' lang='lat' dir='ltr'><strong>divinitatem</strong></span> <span class='ocrx_word' id='word_1_765' title='bbox 2265 4029 2332 4068; x_wconf 85' lang='lat' dir='ltr'><strong>ex</strong></span> <span class='ocrx_word' id='word_1_766' title='bbox 2366 4013 2661 4068; x_wconf 86' lang='lat' dir='ltr'><strong>innumeris</strong></span> <span class='ocrx_word' id='word_1_767' title='bbox 2691 4015 2760 4068; x_wconf 88' lang='lat' dir='ltr'><strong>ab</strong></span> <span class='ocrx_word' id='word_1_768' title='bbox 2789 4018 2905 4086; x_wconf 91' lang='lat' dir='ltr'><strong>ipso</strong></span> <span class='ocrx_word' id='word_1_769' title='bbox 2925 4055 2939 4078; x_wconf 86' lang='lat'><strong>,</strong></span> <span class='ocrx_word' id='word_1_770' title='bbox 2993 4025 3048 4069; x_wconf 91' lang='lat' dir='ltr'><strong>et</strong></span> <span class='ocrx_word' id='word_1_771' title='bbox 3069 4014 3344 4086; x_wconf 91' lang='lat' dir='ltr'><strong>discipulis</strong></span> <span class='ocrx_word' id='word_1_772' title='bbox 3383 4017 3501 4086; x_wconf 85' lang='lat' dir='ltr'><strong>ejus</strong></span> 
     </span>
    </p>
   </div>
   <div class='ocr_carea' id='block_1_101' title="bbox 1904 4103 3168 4162">
    <p class='ocr_par' dir='ltr' id='par_1_101' title="bbox 1904 4103 3168 4162">
     <span class='ocr_line' id='line_1_101' title="bbox 1904 4103 3168 4162; baseline 0.002 -4"><span class='ocrx_word' id='word_1_773' title='bbox 1904 4104 2060 4158; x_wconf 88' lang='lat' dir='ltr'><strong>editis</strong></span> <span class='ocrx_word' id='word_1_774' title='bbox 2086 4103 2361 4159; x_wconf 91' lang='lat' dir='ltr'><strong>miraculis</strong></span> <span class='ocrx_word' id='word_1_775' title='bbox 2383 4105 2782 4161; x_wconf 88' lang='lat' dir='ltr'><strong>evidentissime</strong></span> <span class='ocrx_word' id='word_1_776' title='bbox 2811 4106 3168 4162; x_wconf 90' lang='lat' dir='ltr'><strong>demonstrat.</strong></span> 
     </span>
    </p>
   </div>
   <div class='ocr_carea' id='block_1_102' title="bbox 1975 4195 3503 4270">
    <p class='ocr_par' dir='ltr' id='par_1_102' title="bbox 1975 4195 3503 4270">
     <span class='ocr_line' id='line_1_102' title="bbox 1975 4195 3503 4270; baseline 0.005 -22"><span class='ocrx_word' id='word_1_777' title='bbox 1975 4195 2104 4263; x_wconf 71' lang='lat' dir='ltr'><strong>Quae</strong></span> <span class='ocrx_word' id='word_1_778' title='bbox 2149 4207 2327 4252; x_wconf 91' lang='lat' dir='ltr'><strong>autem</strong></span> <span class='ocrx_word' id='word_1_779' title='bbox 2349 4207 2602 4270; x_wconf 87' lang='lat' dir='ltr'><strong>,quauta,</strong></span> <span class='ocrx_word' id='word_1_780' title='bbox 2631 4214 2790 4269; x_wconf 91' lang='lat' dir='ltr'><strong>qnam</strong></span> <span class='ocrx_word' id='word_1_781' title='bbox 2815 4215 2966 4266; x_wconf 90' lang='lat' dir='ltr'><strong>vera,</strong></span> <span class='ocrx_word' id='word_1_782' title='bbox 3013 4209 3068 4255; x_wconf 90' lang='lat' dir='ltr'><strong>et</strong></span> <span class='ocrx_word' id='word_1_783' title='bbox 3090 4210 3242 4256; x_wconf 85' lang='lat' dir='ltr'><strong>certo</strong></span> <span class='ocrx_word' id='word_1_784' title='bbox 3271 4203 3503 4256; x_wconf 88' lang='lat' dir='ltr'><strong>certiora</strong></span> 
     </span>
    </p>
   </div>
   <div class='ocr_carea' id='block_1_103' title="bbox 1902 4292 3502 4364">
    <p class='ocr_par' dir='ltr' id='par_1_103' title="bbox 1902 4292 3502 4364">
     <span class='ocr_line' id='line_1_103' title="bbox 1902 4292 3502 4364; baseline 0.004 -20"><span class='ocrx_word' id='word_1_785' title='bbox 1902 4292 2100 4347; x_wconf 90' lang='lat' dir='ltr'><strong>fuerint</strong></span> <span class='ocrx_word' id='word_1_786' title='bbox 2155 4294 2269 4349; x_wconf 67' lang='lat' dir='ltr'><strong>hare</strong></span> <span class='ocrx_word' id='word_1_787' title='bbox 2315 4293 2596 4358; x_wconf 81' lang='lat' dir='ltr'><strong>miracula,</strong></span> <span class='ocrx_word' id='word_1_788' title='bbox 2669 4292 3012 4348; x_wconf 90' lang='lat' dir='ltr'><strong>manifestum</strong></span> <span class='ocrx_word' id='word_1_789' title='bbox 3066 4309 3227 4364; x_wconf 91' lang='lat' dir='ltr'><strong>supra</strong></span> <span class='ocrx_word' id='word_1_790' title='bbox 3275 4294 3502 4351; x_wconf 89' lang='lat' dir='ltr'><strong>fecimus</strong></span> 
     </span>
    </p>
   </div>
   <div class='ocr_carea' id='block_1_104' title="bbox 1907 4384 3503 4458">
    <p class='ocr_par' dir='ltr' id='par_1_104' title="bbox 1907 4384 3503 4458">
     <span class='ocr_line' id='line_1_104' title="bbox 1907 4384 3503 4458; baseline 0.002 -20"><span class='ocrx_word' id='word_1_791' title='bbox 1907 4384 2073 4456; x_wconf 81' lang='lat' dir='ltr'><strong>(sup.,</strong></span> <span class='ocrx_word' id='word_1_792' title='bbox 2104 4401 2219 4458; x_wconf 83' lang='lat' dir='ltr'><strong>cap.</strong></span> <span class='ocrx_word' id='word_1_793' title='bbox 2251 4385 2304 4451; x_wconf 80' lang='grc'><strong>5,</strong></span> <span class='ocrx_word' id='word_1_794' title='bbox 2335 4395 2433 4443; x_wconf 88' lang='lat' dir='ltr'><strong>art.</strong></span> <span class='ocrx_word' id='word_1_795' title='bbox 2468 4384 2528 4457; x_wconf 85' lang='grc' dir='ltr'><strong>ι).</strong></span> <span class='ocrx_word' id='word_1_796' title='bbox 2565 4384 2674 4440; x_wconf 87' lang='lat' dir='ltr'><strong>Nec</strong></span> <span class='ocrx_word' id='word_1_797' title='bbox 2713 4387 2888 4440; x_wconf 89' lang='lat' dir='ltr'><strong>minus</strong></span> <span class='ocrx_word' id='word_1_798' title='bbox 2945 4387 3226 4457; x_wconf 90' lang='lat' dir='ltr'><strong>perspicue</strong></span> <span class='ocrx_word' id='word_1_799' title='bbox 3263 4386 3503 4442; x_wconf 79' lang='lat' dir='ltr'><strong>ostendi—</strong></span> 
     </span>
    </p>
   </div>
   <div class='ocr_carea' id='block_1_105' title="bbox 1903 4477 3500 4549">
    <p class='ocr_par' dir='ltr' id='par_1_105' title="bbox 1903 4477 3500 4549">
     <span class='ocr_line' id='line_1_105' title="bbox 1903 4477 3500 4549; baseline 0.001 -18"><span class='ocrx_word' id='word_1_800' title='bbox 1903 4493 2022 4533; x_wconf 91' lang='lat' dir='ltr'><strong>mus</strong></span> <span class='ocrx_word' id='word_1_801' title='bbox 2077 4477 2349 4549; x_wconf 90' lang='lat' dir='ltr'><strong>quomodo</strong></span> <span class='ocrx_word' id='word_1_802' title='bbox 2393 4478 2483 4532; x_wconf 88' lang='lat' dir='ltr'><strong>illa</strong></span> <span class='ocrx_word' id='word_1_803' title='bbox 2515 4477 2660 4532; x_wconf 90' lang='lat' dir='ltr'><strong>nullo</strong></span> <span class='ocrx_word' id='word_1_804' title='bbox 2688 4490 2917 4533; x_wconf 79' lang='lat' dir='ltr'><strong>externo</strong></span> <span class='ocrx_word' id='word_1_805' title='bbox 2957 4478 3282 4532; x_wconf 86' lang='lat' dir='ltr'><strong>adminiculo</strong></span> <span class='ocrx_word' id='word_1_806' title='bbox 3307 4519 3322 4544; x_wconf 94' lang='lat'><strong>,</strong></span> <span class='ocrx_word' id='word_1_807' title='bbox 3356 4478 3500 4534; x_wconf 89' lang='lat' dir='ltr'><strong>nulla</strong></span> 
     </span>
    </p>
   </div>
   <div class='ocr_carea' id='block_1_106' title="bbox 1903 4572 3510 4644">
    <p class='ocr_par' dir='ltr' id='par_1_106' title="bbox 1903 4572 3510 4644">
     <span class='ocr_line' id='line_1_106' title="bbox 1903 4572 3510 4644; baseline -0.001 -16"><span class='ocrx_word' id='word_1_808' title='bbox 1903 4590 2005 4630; x_wconf 91' lang='lat' dir='ltr'><strong>nec</strong></span> <span class='ocrx_word' id='word_1_809' title='bbox 2029 4574 2260 4636; x_wconf 87' lang='lat' dir='ltr'><strong>medica.</strong></span> <span class='ocrx_word' id='word_1_810' title='bbox 2287 4589 2385 4629; x_wconf 89' lang='lat' dir='ltr'><strong>nec</strong></span> <span class='ocrx_word' id='word_1_811' title='bbox 2417 4575 2620 4644; x_wconf 87' lang='lat' dir='ltr'><strong>magica</strong></span> <span class='ocrx_word' id='word_1_812' title='bbox 2651 4583 2790 4634; x_wconf 89' lang='lat' dir='ltr'><strong>arte,</strong></span> <span class='ocrx_word' id='word_1_813' title='bbox 2820 4572 2912 4626; x_wconf 89' lang='lat' dir='ltr'><strong>sed</strong></span> <span class='ocrx_word' id='word_1_814' title='bbox 2935 4573 3050 4626; x_wconf 91' lang='lat' dir='ltr'><strong>solo</strong></span> <span class='ocrx_word' id='word_1_815' title='bbox 3072 4573 3259 4638; x_wconf 88' lang='lat' dir='ltr'><strong>verbo,</strong></span> <span class='ocrx_word' id='word_1_816' title='bbox 3284 4581 3375 4626; x_wconf 87' lang='lat' dir='ltr'><strong>aut</strong></span> <span class='ocrx_word' id='word_1_817' title='bbox 3399 4572 3510 4628; x_wconf 84' lang='lat' dir='ltr'><strong>levi</strong></span> 
     </span>
    </p>
   </div>
   <div class='ocr_carea' id='block_1_107' title="bbox 1913 4665 3501 4746">
    <p class='ocr_par' dir='ltr' id='par_1_107' title="bbox 1913 4665 3501 4746">
     <span class='ocr_line' id='line_1_107' title="bbox 1913 4665 3501 4746; baseline -0.003 -25"><span class='ocrx_word' id='word_1_818' title='bbox 1913 4678 2075 4734; x_wconf 89' lang='lat' dir='ltr'><strong>tactu,</strong></span> <span class='ocrx_word' id='word_1_819' title='bbox 2108 4667 2250 4738; x_wconf 88' lang='lat' dir='ltr'><strong>quod</strong></span> <span class='ocrx_word' id='word_1_820' title='bbox 2281 4667 2410 4721; x_wconf 91' lang='lat' dir='ltr'><strong>nulli</strong></span> <span class='ocrx_word' id='word_1_821' title='bbox 2441 4681 2690 4737; x_wconf 88' lang='lat' dir='ltr'><strong>ttmquam</strong></span> <span class='ocrx_word' id='word_1_822' title='bbox 2716 4667 2996 4746; x_wconf 73' lang='lat' dir='ltr'><strong>gentilium</strong></span> <span class='ocrx_word' id='word_1_823' title='bbox 3015 4667 3142 4733; x_wconf 87' lang='lat' dir='ltr'><strong>Deo,</strong></span> <span class='ocrx_word' id='word_1_824' title='bbox 3175 4665 3362 4720; x_wconf 88' lang='lat' dir='ltr'><strong>autalii</strong></span> <span class='ocrx_word' id='word_1_825' title='bbox 3384 4665 3501 4720; x_wconf 87' lang='lat' dir='ltr'><strong>cui-</strong></span> 
     </span>
    </p>
   </div>
   <div class='ocr_carea' id='block_1_108' title="bbox 1906 4758 3502 4832">
    <p class='ocr_par' dir='ltr' id='par_1_108' title="bbox 1906 4758 3502 4832">
     <span class='ocr_line' id='line_1_108' title="bbox 1906 4758 3502 4832; baseline -0.001 -16"><span class='ocrx_word' id='word_1_826' title='bbox 1906 4765 2048 4832; x_wconf 93' lang='lat' dir='ltr'><strong>piam</strong></span> <span class='ocrx_word' id='word_1_827' title='bbox 2076 4775 2396 4816; x_wconf 89' lang='lat' dir='ltr'><strong>concessum</strong></span> <span class='ocrx_word' id='word_1_828' title='bbox 2428 4769 2531 4827; x_wconf 91' lang='lat' dir='ltr'><strong>est,</strong></span> <span class='ocrx_word' id='word_1_829' title='bbox 2564 4760 2700 4813; x_wconf 84' lang='lat' dir='ltr'><strong>facta</strong></span> <span class='ocrx_word' id='word_1_830' title='bbox 2731 4759 2859 4814; x_wconf 91' lang='lat' dir='ltr'><strong>sint.</strong></span> <span class='ocrx_word' id='word_1_831' title='bbox 2887 4758 3071 4828; x_wconf 90' lang='lat' dir='ltr'><strong>Itaque</strong></span> <span class='ocrx_word' id='word_1_832' title='bbox 3099 4768 3380 4830; x_wconf 90' lang='lat' dir='ltr'><strong>postquam</strong></span> <span class='ocrx_word' id='word_1_833' title='bbox 3411 4759 3502 4814; x_wconf 85' lang='lat' dir='ltr'><strong>illa</strong></span> 
     </span>
    </p>
   </div>
   <div class='ocr_carea' id='block_1_109' title="bbox 1904 4849 3497 4924">
    <p class='ocr_par' dir='ltr' id='par_1_109' title="bbox 1904 4849 3497 4924">
     <span class='ocr_line' id='line_1_109' title="bbox 1904 4849 3497 4924; baseline -0.004 -14"><span class='ocrx_word' id='word_1_834' title='bbox 1904 4853 2102 4910; x_wconf 83' lang='lat' dir='ltr'><strong>Christi</strong></span> <span class='ocrx_word' id='word_1_835' title='bbox 2129 4853 2623 4924; x_wconf 88' lang='lat' dir='ltr'><strong>discipulorumque</strong></span> <span class='ocrx_word' id='word_1_836' title='bbox 2646 4852 2764 4922; x_wconf 89' lang='lat' dir='ltr'><strong>ejus</strong></span> <span class='ocrx_word' id='word_1_837' title='bbox 2795 4851 3053 4906; x_wconf 90' lang='lat' dir='ltr'><strong>miracula</strong></span> <span class='ocrx_word' id='word_1_838' title='bbox 3087 4851 3358 4906; x_wconf 84' lang='lat' dir='ltr'><strong>Arnobius</strong></span> <span class='ocrx_word' id='word_1_839' title='bbox 3379 4849 3497 4904; x_wconf 89' lang='lat' dir='ltr'><strong>fuse</strong></span> 
     </span>
    </p>
   </div>
   <div class='ocr_carea' id='block_1_110' title="bbox 1905 4941 3499 5012">
    <p class='ocr_par' dir='ltr' id='par_1_110' title="bbox 1905 4941 3499 5012">
     <span class='ocr_line' id='line_1_110' title="bbox 1905 4941 3499 5012; baseline -0.005 -10"><span class='ocrx_word' id='word_1_840' title='bbox 1905 4949 2198 5012; x_wconf 87' lang='lat' dir='ltr'><strong>enarravit,</strong></span> <span class='ocrx_word' id='word_1_841' title='bbox 2227 4963 2292 5001; x_wconf 84' lang='lat' dir='ltr'><strong>ex</strong></span> <span class='ocrx_word' id='word_1_842' title='bbox 2319 4959 2579 5001; x_wconf 89' lang='lat' dir='ltr'><strong>concessa</strong></span> <span class='ocrx_word' id='word_1_843' title='bbox 2614 4943 2731 4998; x_wconf 79' lang='lat' dir='ltr'><strong>isﬁs</strong></span> <span class='ocrx_word' id='word_1_844' title='bbox 2751 4944 2831 4998; x_wconf 90' lang='lat' dir='ltr'><strong>&#39;ab</strong></span> <span class='ocrx_word' id='word_1_845' title='bbox 2858 4942 3050 4999; x_wconf 87' lang='lat' dir='ltr'><strong>eodem</strong></span> <span class='ocrx_word' id='word_1_846' title='bbox 3077 4941 3295 4998; x_wconf 89' lang='lat' dir='ltr'><strong>Christo</strong></span> <span class='ocrx_word' id='word_1_847' title='bbox 3320 4957 3384 4998; x_wconf 90' lang='lat' dir='ltr'><strong>ea</strong></span> <span class='ocrx_word' id='word_1_848' title='bbox 3418 4943 3499 4995; x_wconf 87' lang='lat' dir='ltr'><strong>la-</strong></span> 
     </span>
    </p>
   </div>
   <div class='ocr_carea' id='block_1_111' title="bbox 1905 5033 3499 5110">
    <p class='ocr_par' dir='ltr' id='par_1_111' title="bbox 1905 5033 3499 5110">
     <span class='ocr_line' id='line_1_111' title="bbox 1905 5033 3499 5110; baseline -0.006 -14"><span class='ocrx_word' id='word_1_849' title='bbox 1905 5041 2081 5096; x_wconf 89' lang='lat' dir='ltr'><strong>ciendi</strong></span> <span class='ocrx_word' id='word_1_850' title='bbox 2119 5039 2504 5110; x_wconf 63' lang='lat' dir='ltr'><strong>potestatejsic</strong></span> <span class='ocrx_word' id='word_1_851' title='bbox 2558 5044 2967 5108; x_wconf 86' lang='lat' dir='ltr'><strong>argumentatur</strong></span> <span class='ocrx_word' id='word_1_852' title='bbox 3004 5054 3017 5090; x_wconf 91' lang='lat'><strong>:</strong></span> <span class='ocrx_word' id='word_1_853' title='bbox 3055 5055 3072 5088; x_wconf 76' lang='grc' dir='ltr'>ι</span> <span class='ocrx_word' id='word_1_854' title='bbox 3111 5033 3499 5091; x_wconf 88' lang='lat' dir='ltr'><strong>Transcribere</strong></span> 
     </span>
    </p>
   </div>
   <div class='ocr_carea' id='block_1_112' title="bbox 1911 5128 3594 5206">
    <p class='ocr_par' dir='ltr' id='par_1_112' title="bbox 1911 5128 3594 5206">
     <span class='ocr_line' id='line_1_112' title="bbox 1911 5128 3594 5206; baseline -0.005 -18"><span class='ocrx_word' id='word_1_855' title='bbox 1911 5151 2067 5204; x_wconf 87' lang='lat' dir='ltr'><strong>posse</strong></span> <span class='ocrx_word' id='word_1_856' title='bbox 2122 5136 2172 5188; x_wconf 91' lang='lat' dir='ltr'><strong>in</strong></span> <span class='ocrx_word' id='word_1_857' title='bbox 2234 5133 2506 5188; x_wconf 89' lang='lat' dir='ltr'><strong>hominem</strong></span> <span class='ocrx_word' id='word_1_858' title='bbox 2534 5131 2622 5202; x_wconf 91' lang='lat' dir='ltr'><strong>jus</strong></span> <span class='ocrx_word' id='word_1_859' title='bbox 2651 5142 2822 5198; x_wconf 90' lang='lat' dir='ltr'><strong>tuum,</strong></span> <span class='ocrx_word' id='word_1_860' title='bbox 2855 5129 3075 5202; x_wconf 89' lang='lat' dir='ltr'><strong>etquod</strong></span> <span class='ocrx_word' id='word_1_861' title='bbox 3129 5129 3307 5185; x_wconf 90' lang='lat' dir='ltr'><strong>facere</strong></span> <span class='ocrx_word' id='word_1_862' title='bbox 3349 5128 3500 5183; x_wconf 92' lang='lat' dir='ltr'><strong>solus</strong></span> <span class='ocrx_word' id='word_1_863' title='bbox 3589 5199 3594 5206; x_wconf 23' lang='grc' dir='ltr'><em>θ</em></span> 
     </span>
    </p>
   </div>
   <div class='ocr_carea' id='block_1_113' title="bbox 1910 5219 3496 5298">
    <p class='ocr_par' dir='ltr' id='par_1_113' title="bbox 1910 5219 3496 5298">
     <span class='ocr_line' id='line_1_113' title="bbox 1910 5219 3496 5298; baseline -0.004 -17"><span class='ocrx_word' id='word_1_864' title='bbox 1910 5228 2085 5298; x_wconf 87' lang='lat' dir='ltr'><strong>possis</strong></span> <span class='ocrx_word' id='word_1_865' title='bbox 2109 5270 2123 5296; x_wconf 86' lang='lat'><strong>,</strong></span> <span class='ocrx_word' id='word_1_866' title='bbox 2182 5224 2540 5296; x_wconf 79' lang='lat' dir='ltr'><strong>fragilissima:</strong></span> <span class='ocrx_word' id='word_1_867' title='bbox 2573 5224 2649 5279; x_wconf 90' lang='lat' dir='ltr'><strong>rei</strong></span> <span class='ocrx_word' id='word_1_868' title='bbox 2697 5225 2936 5290; x_wconf 88' lang='lat' dir='ltr'><strong>donare,</strong></span> <span class='ocrx_word' id='word_1_869' title='bbox 2983 5235 3036 5277; x_wconf 90' lang='lat' dir='ltr'><strong>et</strong></span> <span class='ocrx_word' id='word_1_870' title='bbox 3069 5221 3392 5292; x_wconf 88' lang='lat' dir='ltr'><strong>participare</strong></span> <span class='ocrx_word' id='word_1_871' title='bbox 3420 5219 3496 5275; x_wconf 87' lang='lat' dir='ltr'><strong>fa-</strong></span> 
     </span>
    </p>
   </div>
   <div class='ocr_carea' id='block_1_114' title="bbox 1908 5314 3499 5389">
    <p class='ocr_par' dir='ltr' id='par_1_114' title="bbox 1908 5314 3499 5389">
     <span class='ocr_line' id='line_1_114' title="bbox 1908 5314 3499 5389; baseline -0.006 -12"><span class='ocrx_word' id='word_1_872' title='bbox 1908 5319 2181 5386; x_wconf 86' lang='lat' dir='ltr'><strong>ciendum,</strong></span> <span class='ocrx_word' id='word_1_873' title='bbox 2215 5334 2377 5389; x_wconf 91' lang='lat' dir='ltr'><strong>supra</strong></span> <span class='ocrx_word' id='word_1_874' title='bbox 2409 5318 2586 5373; x_wconf 86' lang='lat' dir='ltr'><strong>omnia</strong></span> <span class='ocrx_word' id='word_1_875' title='bbox 2616 5317 2734 5372; x_wconf 75' lang='lat' dir='ltr'><strong>sita:</strong></span> <span class='ocrx_word' id='word_1_876' title='bbox 2765 5327 2848 5371; x_wconf 91' lang='lat' dir='ltr'><strong>est</strong></span> <span class='ocrx_word' id='word_1_877' title='bbox 2879 5317 3178 5387; x_wconf 85' lang='lat' dir='ltr'><strong>potestatis,</strong></span> <span class='ocrx_word' id='word_1_878' title='bbox 3208 5314 3499 5370; x_wconf 82' lang='lat' dir='ltr'><strong>continen-</strong></span> 
     </span>
    </p>
   </div>
   <div class='ocr_carea' id='block_1_115' title="bbox 1910 5407 3497 5487">
    <p class='ocr_par' dir='ltr' id='par_1_115' title="bbox 1910 5407 3497 5487">
     <span class='ocr_line' id='line_1_115' title="bbox 1910 5407 3497 5487; baseline -0.005 -17"><span class='ocrx_word' id='word_1_879' title='bbox 1910 5417 2082 5487; x_wconf 89' lang='lat' dir='ltr'><strong>tisque</strong></span> <span class='ocrx_word' id='word_1_880' title='bbox 2109 5413 2209 5467; x_wconf 88' lang='lat' dir='ltr'><strong>sub</strong></span> <span class='ocrx_word' id='word_1_881' title='bbox 2237 5428 2296 5468; x_wconf 91' lang='lat' dir='ltr'><strong>se</strong></span> <span class='ocrx_word' id='word_1_882' title='bbox 2317 5422 2398 5468; x_wconf 90' lang='lat' dir='ltr'><strong>est</strong></span> <span class='ocrx_word' id='word_1_883' title='bbox 2431 5427 2611 5468; x_wconf 89' lang='lat' dir='ltr'><strong>rerum</strong></span> <span class='ocrx_word' id='word_1_884' title='bbox 2643 5411 2882 5465; x_wconf 88' lang='lat' dir='ltr'><strong>omnimn</strong></span> <span class='ocrx_word' id='word_1_885' title='bbox 2901 5424 3116 5472; x_wconf 90' lang='lat' dir='ltr'><strong>causas,</strong></span> <span class='ocrx_word' id='word_1_886' title='bbox 3145 5415 3198 5461; x_wconf 88' lang='lat' dir='ltr'><strong>et</strong></span> <span class='ocrx_word' id='word_1_887' title='bbox 3224 5407 3497 5462; x_wconf 89' lang='lat' dir='ltr'><strong>rationum</strong></span> 
     </span>
    </p>
   </div>
   <div class='ocr_carea' id='block_1_116' title="bbox 1909 5498 3500 5577">
    <p class='ocr_par' dir='ltr' id='par_1_116' title="bbox 1909 5498 3500 5577">
     <span class='ocr_line' id='line_1_116' title="bbox 1909 5498 3500 5577; baseline -0.006 -13"><span class='ocrx_word' id='word_1_888' title='bbox 1909 5508 2324 5577; x_wconf 85' lang='lat' dir='ltr'><strong>facultatumqne</strong></span> <span class='ocrx_word' id='word_1_889' title='bbox 2355 5513 2594 5560; x_wconf 87' lang='lat' dir='ltr'><strong>naturas.</strong></span> <span class='ocrx_word' id='word_1_890' title='bbox 2636 5522 2654 5556; x_wconf 82' lang='grc'>›</span> <span class='ocrx_word' id='word_1_891' title='bbox 2683 5501 2926 5574; x_wconf 82' lang='lat' dir='ltr'><strong>(Arnob.,</strong></span> <span class='ocrx_word' id='word_1_892' title='bbox 2955 5500 3043 5554; x_wconf 84' lang='lat' dir='ltr'><strong>lib.</strong></span> <span class='ocrx_word' id='word_1_893' title='bbox 3078 5515 3116 5565; x_wconf 88' lang='grc' dir='ltr'><strong>ι,</strong></span> <span class='ocrx_word' id='word_1_894' title='bbox 3149 5515 3270 5571; x_wconf 85' lang='lat' dir='ltr'><strong>pag.</strong></span> <span class='ocrx_word' id='word_1_895' title='bbox 3295 5498 3500 5570; x_wconf 74' lang='lat' dir='ltr'><strong>51.)At</strong></span> 
     </span>
    </p>
   </div>
   <div class='ocr_carea' id='block_1_117' title="bbox 1910 5599 3500 5675">
    <p class='ocr_par' dir='ltr' id='par_1_117' title="bbox 1910 5599 3500 5675">
     <span class='ocr_line' id='line_1_117' title="bbox 1910 5599 3500 5675; baseline -0.004 -15"><span class='ocrx_word' id='word_1_896' title='bbox 1910 5605 2063 5675; x_wconf 88' lang='lat' dir='ltr'><strong>cujus</strong></span> <span class='ocrx_word' id='word_1_897' title='bbox 2090 5613 2193 5670; x_wconf 91' lang='lat' dir='ltr'><strong>est,</strong></span> <span class='ocrx_word' id='word_1_898' title='bbox 2218 5620 2316 5658; x_wconf 93' lang='lat' dir='ltr'><strong>oro</strong></span> <span class='ocrx_word' id='word_1_899' title='bbox 2349 5613 2424 5670; x_wconf 90' lang='lat' dir='ltr'><strong>te,</strong></span> <span class='ocrx_word' id='word_1_900' title='bbox 2455 5603 2553 5657; x_wconf 91' lang='lat' dir='ltr'><strong>nisi</strong></span> <span class='ocrx_word' id='word_1_901' title='bbox 2580 5601 2744 5656; x_wconf 88' lang='lat' dir='ltr'><strong>solius</strong></span> <span class='ocrx_word' id='word_1_902' title='bbox 2780 5600 2893 5665; x_wconf 89' lang='lat' dir='ltr'><strong>Dei,</strong></span> <span class='ocrx_word' id='word_1_903' title='bbox 2915 5599 3126 5670; x_wconf 83' lang='lat' dir='ltr'><strong>Optimi,</strong></span> <span class='ocrx_word' id='word_1_904' title='bbox 3149 5599 3366 5653; x_wconf 83' lang='lat' dir='ltr'><strong>maximi</strong></span> <span class='ocrx_word' id='word_1_905' title='bbox 3384 5600 3500 5654; x_wconf 66' lang='lat' dir='ltr'><strong>haec</strong></span> 
     </span>
    </p>
   </div>
   <div class='ocr_carea' id='block_1_118' title="bbox 1911 5692 3496 5770">
    <p class='ocr_par' dir='ltr' id='par_1_118' title="bbox 1911 5692 3496 5770">
     <span class='ocr_line' id='line_1_118' title="bbox 1911 5692 3496 5770; baseline -0.003 -18"><span class='ocrx_word' id='word_1_906' title='bbox 1911 5699 2014 5752; x_wconf 91' lang='lat' dir='ltr'><strong>sita</strong></span> <span class='ocrx_word' id='word_1_907' title='bbox 2037 5712 2198 5770; x_wconf 90' lang='lat' dir='ltr'><strong>supra</strong></span> <span class='ocrx_word' id='word_1_908' title='bbox 2227 5697 2406 5751; x_wconf 90' lang='lat' dir='ltr'><strong>omnia</strong></span> <span class='ocrx_word' id='word_1_909' title='bbox 2431 5704 2688 5766; x_wconf 88' lang='lat' dir='ltr'><strong>potestas,</strong></span> <span class='ocrx_word' id='word_1_910' title='bbox 2721 5709 2840 5762; x_wconf 76' lang='lat' dir='ltr'><strong>qua:</strong></span> <span class='ocrx_word' id='word_1_911' title='bbox 2861 5692 2961 5747; x_wconf 92' lang='lat' dir='ltr'><strong>sub</strong></span> <span class='ocrx_word' id='word_1_912' title='bbox 2982 5707 3040 5748; x_wconf 91' lang='lat' dir='ltr'><strong>se</strong></span> <span class='ocrx_word' id='word_1_913' title='bbox 3055 5707 3232 5748; x_wconf 88' lang='lat' dir='ltr'><strong>rerum</strong></span> <span class='ocrx_word' id='word_1_914' title='bbox 3257 5692 3496 5747; x_wconf 91' lang='lat' dir='ltr'><strong>omnium</strong></span> 
     </span>
    </p>
   </div>
   <div class='ocr_carea' id='block_1_119' title="bbox 1913 5787 3500 5858">
    <p class='ocr_par' dir='ltr' id='par_1_119' title="bbox 1913 5787 3500 5858">
     <span class='ocr_line' id='line_1_119' title="bbox 1913 5787 3500 5858; baseline -0.003 -11"><span class='ocrx_word' id='word_1_915' title='bbox 1913 5807 2136 5858; x_wconf 89' lang='lat' dir='ltr'><strong>causas,</strong></span> <span class='ocrx_word' id='word_1_916' title='bbox 2191 5803 2246 5846; x_wconf 92' lang='lat' dir='ltr'><strong>et</strong></span> <span class='ocrx_word' id='word_1_917' title='bbox 2300 5791 2566 5845; x_wconf 89' lang='lat' dir='ltr'><strong>ratiomnn</strong></span> <span class='ocrx_word' id='word_1_918' title='bbox 2618 5787 3038 5856; x_wconf 89' lang='lat' dir='ltr'><strong>facultatumqne</strong></span> <span class='ocrx_word' id='word_1_919' title='bbox 3079 5796 3296 5841; x_wconf 87' lang='lat' dir='ltr'><strong>naturas</strong></span> <span class='ocrx_word' id='word_1_920' title='bbox 3324 5788 3500 5842; x_wconf 66' lang='lat' dir='ltr'><strong>contio</strong></span> 
     </span>
    </p>
   </div>
   <div class='ocr_carea' id='block_1_120' title="bbox 1914 5881 3502 5957">
    <p class='ocr_par' dir='ltr' id='par_1_120' title="bbox 1914 5881 3502 5957">
     <span class='ocr_line' id='line_1_120' title="bbox 1914 5881 3502 5957; baseline -0.004 -14"><span class='ocrx_word' id='word_1_921' title='bbox 1914 5888 2074 5944; x_wconf 87' lang='lat' dir='ltr'><strong>neat?</strong></span> <span class='ocrx_word' id='word_1_922' title='bbox 2110 5887 2271 5957; x_wconf 81' lang='lat' dir='ltr'><strong>Atqui</strong></span> <span class='ocrx_word' id='word_1_923' title='bbox 2299 5883 2568 5941; x_wconf 86' lang='lat' dir='ltr'><strong>Arnobius</strong></span> <span class='ocrx_word' id='word_1_924' title='bbox 2592 5882 2870 5938; x_wconf 83' lang='lat' dir='ltr'><strong>Christum</strong></span> <span class='ocrx_word' id='word_1_925' title='bbox 2907 5881 3189 5939; x_wconf 73' lang='lat' dir='ltr'><strong>DOilllllllttl</strong></span> <span class='ocrx_word' id='word_1_926' title='bbox 3218 5898 3280 5937; x_wconf 87' lang='lat' dir='ltr'><strong>ea</strong></span> <span class='ocrx_word' id='word_1_927' title='bbox 3320 5891 3502 5953; x_wconf 84' lang='lat' dir='ltr'><strong>potes-</strong></span> 
     </span>
    </p>
   </div>
  </div>
