3904 6326
354 374 461 432 467

1632 358 2095 421 DlSSERTATlO
2140 359 2428 419 PRAEVIA

3556 374 3648 430 £63

354 498 472 544 tate
492 484 775 557 praeditum
805 481 972 538 luisse
1002 478 1442 537 constantissime
1470 476 1665 535 asserit
1688 517 1704 540 ,
1730 475 1950 532 validis-
1982 479 2039 542 Α
2061 478 2355 549 magisque
2371 475 2690 539 abhorrens.
2713 476 2846 533 Nam
2870 477 2986 539 haec
3012 479 3056 534 si
3085 477 3276 538 fuisset
3303 480 3442 539 illius
3463 486 3647 556 opinio.

358 580 629 649 simisque
683 574 1016 647 argumentis
1065 572 1427 628 demonstrat.
1483 569 1967 627 Persuasissimum

360 689 497 746 ergo
526 670 712 726 habuit
738 684 863 725 eum
883 682 1071 723 verum
1096 675 1150 723 et
1176 680 1487 737 supremum
1515 678 1639 719 esse
1661 663 1853 717 Deum.

435 765 542 823 Sed
570 764 695 819 audi
716 762 913 829 adhuc,
944 761 1197 828 obsecro,
1217 758 1490 831 quomodo
1512 755 1646 812 illud
1665 771 1878 811 rursum
1897 770 1967 811 ex

358 859 645 929 ipsiusmet
673 854 874 911 Christi
914 854 1191 909 miraculis
1232 853 1483 925 colligat,
1515 867 1579 906 ac
1612 850 1971 907 disertissime

359 949 682 1022 pronuntiet
743 967 756 1004 :

362 1061 488 1116 pag.
520 1041 659 1116 32.),
686 1061 706 1095 ι
735 1041 1025 1113 magicum,
1057 1039 1523 1105 nihilhmnanum,
1546 1035 1969 1107 prmstigiosum,

360 1148 459 1194 aut
483 1136 793 1203 subdolum,
822 1135 956 1189 nihil
987 1132 1189 1189 fraudis
1216 1131 1433 1188 delituit
1473 1133 1524 1186 in
1548 1128 1786 1187 Christo.
1818 1129 1973 1185 Deri-

362 1231 538 1287 deatis
562 1230 687 1286 licet
713 1244 780 1283 ex
810 1243 985 1294 more,
1012 1236 1172 1297 atque
1200 1226 1254 1280 in
1285 1226 1560 1281 lasciviam
1591 1222 1972 1278 dissolvamini

363 1323 784 1387 cachinnorum,
817 1321 958 1376 Deus
986 1321 1076 1375 ille
1093 1318 1342 1374 sublimis
1374 1315 1492 1383 fuit,
1521 1317 1662 1371 Deus
1690 1316 1872 1371 radice
1901 1314 1977 1367 ab

362 1420 578 1485 intima,
610 1419 749 1472 Deus
770 1417 839 1470 ab
866 1413 1154 1484 incognitis
1176 1412 1379 1482 regnis,
1400 1419 1458 1466 et
1480 1409 1549 1465 ab
1561 1410 1803 1465 omnium
1823 1407 1975 1479 prin-

364 1511 484 1582 cipe
511 1511 803 1580 sospitator
823 1517 906 1563 est
933 1508 1152 1575 missus,
1179 1520 1340 1577 quem
1374 1519 1551 1575 neque
1578 1502 1659 1559 sol
1691 1504 1807 1575 ipse
1828 1544 1843 1567 ,
1876 1516 1977 1556 ne-

364 1620 472 1675 que
499 1603 632 1668 ulla,
657 1602 700 1657 si
733 1601 997 1667 sentiunt,
1037 1599 1238 1664 sidera,
1268 1613 1377 1652 non
1404 1606 1663 1661 rectores,
1694 1611 1800 1651 non
1824 1594 1978 1666 prin~

366 1696 518 1769 cipes
547 1694 757 1759 mundi,
790 1709 899 1749 non
921 1692 1156 1763 denique
1186 1690 1259 1749 dii
1302 1690 1499 1761 magni,
1534 1697 1626 1743 aut
1649 1688 1738 1760 qui
1762 1689 1980 1757 tingen-

368 1802 455 1847 tes
484 1805 544 1846 se
571 1788 725 1856 deos,
760 1803 930 1860 genus
960 1801 1123 1841 omne
1152 1784 1456 1840 mortalium
1483 1783 1731 1838 territant
1755 1822 1770 1847 ,
1806 1779 1976 1843 unde,

816 945 1041 1013 «Nihil,
1090 958 1144 1000 ut
1198 946 1413 1011 remini,
1452 965 1471 996 ι
1531 944 1705 1014 inquit
1752 941 1963 1013 (Ibid.,
2004 988 2011 995 .

2073 582 2240 635 eam,
2273 568 2415 623 sicut
2460 568 2573 638 jam
2624 568 3139 639 animadvertimus,
3172 568 3318 625 clare
3362 575 3649 644 explicatam

2078 660 2247 716 facile
2276 659 2525 715 Ethnicis
2565 662 2947 732 persuasisset,
2980 677 3079 719 nec
3106 672 3185 717 tot
3211 675 3457 733 expertus
3482 664 3651 726 fuisset

2080 761 2194 808 tam
2244 752 2600 823 pertinaciter
2648 753 2753 809 sibi
2800 754 3155 825 refragantes.
3184 755 3381 819 Contra
3422 774 3541 815 vero
3576 762 3650 817 ille

2082 844 2213 899 totis
2244 844 2409 897 animi
2437 846 2813 916 sermonisque
2844 846 2927 900 sui
2955 847 3137 903 nervis
3166 848 3429 916 declarat,
3457 851 3646 921 asserit,

2083 934 2266 1004 docet,
2296 936 2513 1008 repetit,
2545 936 2757 1007 probat,
2776 938 3028 1007 inculcat,
3050 940 3380 997 demonstrat
3404 941 3647 1000 Christum

2084 1042 2271 1082 verum
2323 1039 2378 1084 et
2420 1043 2692 1085 summum
2744 1044 2867 1086 eSse
2909 1030 3099 1097 Deum,
3128 1033 3321 1088 divina:
3352 1035 3651 1106 inllnitaaque

2087 1122 2390 1189 potestatis,
2420 1138 2480 1177 ac
2509 1123 2738 1196 proinde
2779 1123 2943 1179 etiam
2983 1135 3211 1181 naturzc.
3240 1124 3373 1195 Quia
3400 1141 3520 1182 vero
3548 1142 3652 1198 pas-

2083 1213 2189 1267 sim
2241 1212 2435 1283 ubique
2492 1225 2679 1270 contra
2731 1217 3014 1286 gentilium
3072 1231 3312 1273 errorem
3371 1232 3651 1287 asseverat,

2086 1307 2383 1378 probatque
2421 1324 2585 1362 unum
2630 1309 2910 1364 dumtaxat
2947 1325 3070 1366 esse
3115 1312 3318 1376 Deum,
3361 1328 3456 1367 nec
3496 1311 3655 1382 plures

2085 1416 2209 1457 esse
2239 1417 2429 1470 posse,
2463 1401 2586 1458 inde
2633 1400 3040 1459 evidentissime
3081 1405 3353 1475 colligitur
3394 1402 3520 1459 nihil
3558 1404 3661 1476 ejus

2086 1498 2252 1551 menti
2278 1494 2498 1551 inllxum
2532 1497 2711 1561 altius,
2742 1513 2903 1567 quam
2944 1494 3221 1552 Christum
3264 1510 3385 1553 esse
3428 1512 3578 1552 unum
3616 1506 3662 1552 et

2086 1587 2337 1643 eumdem
2368 1603 2489 1643 cum
2517 1600 2721 1643 mterno
2754 1588 2914 1646 Patre
2944 1605 3043 1646 suo
3077 1590 3265 1646 Deum.

2156 1683 2266 1737 Cur
2292 1697 2445 1755 ergo,
2476 1683 2708 1755 inquies,
2742 1686 2884 1741 hunc
2911 1686 3080 1755 ipsius
3108 1684 3325 1741 Patrem
3365 1694 3419 1741 et
3456 1682 3665 1755 primum

2087 1784 2143 1832 et
2180 1778 2479 1849 principem
2524 1778 2690 1833 Deum
2740 1779 3018 1851 appellat?
3052 1778 3464 1851 ReSpondemus
3504 1780 3572 1833 ita
3617 1778 3674 1831 ah

368 1892 463 1938 aut
510 1884 601 1954 qui
642 1879 801 1936 fuerit
825 1921 839 1944 ,
894 1887 1185 1950 potuerunt
1232 1890 1455 1931 noscere
1497 1874 1585 1930 vel
1624 1872 1908 1942 suspicari.
1945 1889 1967 1923 ι
2007 1876 2058 1939 Β
2085 1884 2152 1925 eo
2180 1869 2475 1942 aliquando
2506 1871 2827 1942 nuncupari,
2849 1873 2939 1927 ubi
2958 1873 3298 1945 sesevulgari
3325 1870 3674 1929 accommodat

372 1976 588 2035 Audisti
618 1988 748 2029 sane
774 1972 1049 2045 quomodo
1078 1987 1143 2027 ex
1162 1969 1457 2032 miraculis,
1489 1983 1518 2022 a
1539 1965 1755 2023 Christo
1793 1966 1979 2021 divina

374 2084 600 2141 prorsus
640 2068 841 2123 virtute
910 2065 1087 2130 factis,
1132 2073 1281 2121 recte
1329 2062 1549 2133 colligat
1605 2061 1752 2116 illum
1810 2059 1981 2116 Deum

377 2162 547 2219 fuisse
572 2176 913 2232 supremum,
946 2159 1051 2224 vel,
1085 2167 1143 2213 ut
1182 2156 1271 2214 ille
1291 2155 1712 2223 ait,suhlimem,
1744 2168 1848 2208 non
1878 2169 1977 2209 ex-

375 2263 531 2311 terna
569 2254 747 2327 aliqua
792 2251 1232 2309 denominatione
1257 2289 1274 2318 ,
1305 2250 1389 2305 vel
1438 2234 1649 2317 Specie,
1670 2246 1766 2303 sed
1794 2247 1863 2301 ab
1894 2246 1980 2300 in-

369 2348 502 2402 tima
529 2346 734 2411 radice,
761 2344 865 2400 hoc
882 2351 987 2412 est,
1022 2353 1213 2399 natura
1243 2359 1338 2398 sua
1364 2342 1554 2407 Deum,
1581 2349 1851 2411 tantaeque
1870 2338 1983 2395 cel-

373 2440 553 2495 sitatis
580 2452 635 2495 et
648 2438 988 2495 excellentia:
1013 2455 1028 2502 ;
1063 2446 1120 2491 ut
1145 2435 1287 2491 nulla
1318 2444 1532 2490 terrena
1558 2442 1806 2489 creatura
1835 2475 1850 2498 ,
1886 2447 1985 2489 ne-

374 2547 483 2603 que
556 2532 661 2587 licti
710 2531 779 2586 ab
831 2529 1063 2587 ethnicis
1103 2529 1176 2584 dii
1232 2530 1381 2584 illam
1430 2543 1663 2599 capere,
1727 2537 1781 2582 et
1840 2527 1986 2581 illius

378 2623 647 2696 originem
679 2637 841 2680 nosse
894 2639 1149 2696 umquam
1180 2622 1466 2677 valuerint.
1501 2620 1633 2693 Quis
1664 2629 1842 2675 autem
1879 2620 1983 2674 nisi

380 2718 451 2773 de
506 2730 716 2775 summa
747 2714 947 2772 Christi
988 2716 1269 2771 divinitate
1298 2715 1523 2769 omnino
1564 2728 1886 2784 persuasus,
1910 2714 1984 2766 ita

379 2811 669 2882 aliquando
698 2811 907 2867 locutus
934 2818 987 2865 et
1015 2816 1420 2881 argumentatus
1447 2806 1578 2864 est?

456 2903 613 2958 Tanti
643 2913 824 2958 autem
856 2901 1115 2957 momenti
1146 2915 1268 2956 esse
1294 2899 1448 2954 duxit
1481 2913 1747 2954 summam
1781 2896 1985 2953 Christi

384 2997 717 3052 divinitatem
748 2995 990 3051 Ethnicis
1025 2994 1340 3068 praedicare,
1367 3008 1665 3063 eorumque
1688 3000 1742 3047 et
1766 2992 1989 3047 auribus

387 3100 444 3145 et
477 3088 671 3142 animis
700 3088 997 3153 inculcare;
1043 3094 1100 3142 ut
1136 3086 1188 3140 id
1227 3101 1517 3156 numquam
1546 3085 1677 3139 satis
1700 3098 1758 3139 se
1784 3084 1990 3139 dixisse

386 3181 491 3237 sibi
518 3179 810 3237 videretur.
839 3180 1179 3248 Quapropter
1206 3179 1295 3233 ille
1319 3177 1445 3233 alibi
1475 3177 1705 3248 gentiles
1736 3176 1879 3229 hunc
1895 3174 1989 3229 ad-

2091 1964 2332 2019 sermoni
2362 1964 2644 2035 gentilium
2670 2005 2684 2029 ,
2716 1966 2807 2035 qui
2835 1980 2964 2021 suos
2992 1980 3182 2021 omnes
3221 1964 3360 2022 deos
3381 2007 3397 2033 ,
3427 1966 3540 2021 sive
3576 1980 3675 2021 ma-

2085 2060 2258 2129 jores,
2284 2063 2400 2114 sive
2428 2060 2669 2115 minores
2693 2058 2822 2115 olim
2850 2075 2958 2114 non
2987 2058 3173 2125 fuisse,
3201 2074 3265 2115 ac
3293 2070 3445 2115 certo
3467 2058 3676 2130 quodam

2092 2161 2341 2224 tempore
2364 2166 2524 2209 natos
2549 2152 2882 2209 fatebantur.
2906 2153 3025 2222 Quo
3050 2155 3268 2225 quidem
3303 2151 3502 2225 posito,
3526 2152 3681 2224 arguit

2091 2244 2369 2301 Arnobius
2395 2246 2561 2302 hosce
2590 2248 2745 2314 deos,
2773 2248 2817 2301 si
2851 2247 2985 2302 tales
3016 2259 3200 2303 essent
3227 2248 3418 2323 quales
3443 2248 3516 2302 illi
3541 2259 3677 2317 puta.

2092 2338 2258 2406 bant,
2289 2354 2317 2393 a
2349 2340 2458 2395 Deo
2486 2340 2729 2411 principe
2774 2341 2827 2397 id
2876 2345 3183 2413 accepisse,
3215 2342 3363 2413 quod
3409 2349 3516 2397 nati
3554 2344 3680 2407 sint,

2091 2432 2236 2504 quod
2264 2433 2427 2488 vitam
2458 2434 2695 2503 egerint,
2729 2434 2871 2505 quod
2902 2449 3089 2502 suam,
3118 2433 3162 2489 si
3193 2451 3315 2505 qua:
3343 2450 3465 2492 esse
3491 2436 3681 2507 patuis-

2091 2537 2195 2593 set,
2228 2526 2569 2583 divinitatem
2610 2527 2881 2595 habeant,
2915 2538 2970 2585 et
3017 2530 3503 2586 immortalitatem.
3551 2529 3686 2587 Unde

2092 2619 2187 2675 ille
2230 2620 2427 2675 merito
2469 2630 2657 2675 contra
2702 2620 2922 2677 eosdem
2959 2621 3219 2678 Ethnicos
3258 2623 3573 2690 concludit,
3600 2622 3686 2678 hos

2090 2711 2262 2768 falsos
2290 2720 2345 2768 et
2373 2714 2777 2770 commentitios
2807 2728 2929 2769 esse
2954 2714 3107 2781 deos,
3136 2715 3427 2787 ipsumque
3451 2720 3685 2788 primum,

2092 2813 2151 2862 et
2194 2806 2529 2877 principem,
2575 2818 2737 2878 atque
2782 2806 2985 2862 idcirco
3025 2822 3341 2877 supremum
3389 2820 3444 2866 et
3491 2812 3686 2865 unicum

2094 2913 2238 2964 esse,
2280 2899 2496 2970 dicique
2547 2915 2707 2968 posse
2754 2898 2945 2954 Deum.
2998 2898 3134 2955 Nam
3183 2910 3303 2970 post
3352 2902 3557 2974 objecta
3598 2900 3687 2956 sibi

2093 2993 2257 3048 verba
2299 2995 2650 3047 continenter
2692 2991 2930 3063 adjecit:
2968 3011 2988 3045 ι
3022 2991 3154 3047 Cum
3198 2992 3499 3055 divinitatis
3538 2992 3688 3065 ipsius

2094 3096 2379 3142 teneamus
2405 3095 2594 3157 caput,
2626 3103 2655 3142 a
2683 3102 2791 3159 quo
2837 3088 2951 3159 ipsa
2996 3086 3251 3143 divinitas
3291 3089 3542 3144 divorum
3588 3102 3687 3142 ont-

2095 3178 2281 3243 nium,
2327 3181 2652 3250 quicumque
2697 3188 2851 3247 sunt,
2902 3181 3218 3236 dicitur.....
3267 3180 3595 3252 quicumque
3641 3180 3685 3232 hi

388 3273 497 3328 huc
545 3272 600 3327 in
659 3272 875 3326 modum
925 3268 1119 3325 all‘atnr
1170 3289 1182 3324 ε
1218 3288 1237 3321 ‹
1282 3270 1529 3325 Christus
1574 3268 1725 3321 vobis
1771 3268 1987 3333 invitis,
2020 3270 2064 3335 C
2099 3275 2172 3329 dii
2199 3285 2355 3342 sunt,
2382 3290 2520 3346 quos
2557 3291 2681 3330 esse
2708 3275 2865 3330 nobis
2898 3275 3230 3346 proponitis,
3273 3277 3321 3331 si
3366 3277 3476 3331 sint
3516 3289 3688 3346 proge-

389 3368 563 3433 Deus,
619 3365 780 3433 Deus,
834 3366 1073 3436 inquam,
1106 3364 1388 3428 Christus;
1434 3363 1535 3417 hoc
1564 3363 1709 3417 enim
1741 3378 1886 3432 sche
1908 3362 1991 3416 di-

389 3459 619 3515 cendqu
662 3468 784 3522 est,
833 3470 893 3513 ut
923 3457 1218 3513 inlidclium
1251 3456 1480 3511 dissiliat
1524 3465 1579 3511 et
1624 3454 1990 3524 disrumpatur

390 3552 624 3617 auditus,
656 3551 750 3607 Dei
783 3551 1038 3623 principis
1079 3549 1323 3621 jnssione
1353 3549 1600 3620 loquens,
1632 3548 1731 3605 sub
1754 3548 1989 3602 hominis

388 3645 584 3700 forma.
610 3662 630 3696 ι
668 3643 910 3716 (Arnob.,
952 3643 1042 3698 lib.
1067 3659 1124 3708 ιι,
1159 3659 1276 3714 pag.
1310 3640 1429 3712 85.)

467 3759 662 3815 Verum
690 3800 706 3825 ,
738 3758 944 3828 inquiet
993 3756 1220 3828 aliquis,
1251 3756 1319 3812 ibi
1348 3753 1596 3811 Christus
1643 3754 1712 3810 ab
1750 3753 1989 3809 Arnobio

389 3868 503 3909 non
547 3852 751 3923 primus
794 3862 847 3907 et
895 3865 1223 3919 supremus,
1290 3849 1383 3905 sed
1411 3848 1680 3904 secundus
1726 3857 1934 3903 tantum
1968 3891 1983 3913 ,

388 3956 443 4001 et
468 3946 644 4000 minor
668 3945 809 4000 Deus
838 3942 1163 4016 appellatur.
1193 3941 1331 4009 Quid
1354 3941 1496 3996 enim
1528 3941 1672 3997 aliud
1716 3940 1830 3997 lucc
1867 3943 1985 4013 ejus

386 4037 553 4093 verba
616 4036 959 4107 signiﬁcant,
1002 4032 1101 4089 Dei
1153 4033 1403 4104 principis
1443 4034 1680 4105 jussione
1741 4033 1988 4105 loquens?

387 4131 646 4200 Quisnam
681 4130 773 4187 ille
796 4127 940 4184 Deus
982 4130 1252 4197 princeps,
1306 4125 1462 4197 cujus
1478 4127 1715 4199 jussione
1734 4124 1987 4181 Christus

383 4223 660 4295 loquitur?
690 4220 741 4275 ls
771 4216 1123 4295 proculdubio
1148 4218 1286 4273 Dens
1312 4228 1464 4287 pater
1491 4228 1546 4272 et
1571 4233 1815 4272 summus
1841 4226 1928 4273 est
1964 4261 1980 4286 ,

386 4318 477 4388 qui
501 4315 622 4370 ideo
645 4315 896 4384 princeps
917 4319 1158 4367 vocatur.
1187 4310 1352 4382 Cujus
1368 4321 1547 4366 autem
1564 4311 1814 4380 princeps
1854 4320 1938 4365 est
1966 4352 1982 4375 ,

384 4408 492 4461 nisi
519 4406 740 4473 ChriSti,
774 4407 863 4477 qui
890 4406 963 4471 ei,
991 4415 1047 4459 ut
1072 4406 1343 4475 loquatur,
1375 4404 1565 4474 jubet,
1595 4412 1649 4459 et
1670 4404 1754 4459 cui
1776 4403 1986 4475 jubenti

384 4498 633 4554 Christus
660 4498 1036 4567 obtemperat?
1061 4497 1308 4553 Christus
1331 4511 1459 4567 ergo
1487 4496 1626 4551 Deus
1651 4497 1743 4557 illo
1763 4496 1986 4566 jubentc

386 4591 566 4647 minor
584 4591 742 4659 eique
792 4588 1017 4645 inferior
1044 4588 1188 4644 Deus
1218 4596 1333 4653 est,
1360 4603 1423 4642 ac
1460 4588 1685 4658 proinde
1720 4604 1827 4642 non
1857 4602 1984 4657 pro-

2098 3369 2217 3423 nies
2264 3369 2447 3440 regia,
2481 3368 2767 3438 principali
2814 3368 3064 3423 oriuntur
3102 3382 3130 3420 a
3172 3368 3474 3439 capite.....
3510 3377 3563 3422 ct
3599 3363 3689 3418 hoc

2096 3462 2313 3534 quidem
2344 3479 2372 3517 a
2406 3464 2562 3518 nobis
2591 3462 2754 3518 fuerit
2774 3464 2844 3517 ita
2876 3463 3169 3533 prolatum,
3197 3464 3241 3518 si
3270 3464 3438 3519 modo
3467 3465 3626 3533 liquet
3644 3468 3691 3514 et

2094 3565 2307 3609 constat
2339 3564 2534 3624 printer
2565 3556 2737 3625 ipsuut
2767 3571 2945 3625 regem
2988 3566 3041 3611 et
3077 3556 3380 3625 principem
3401 3598 3416 3622 ,
3443 3569 3563 3611 esse
3591 3551 3682 3605 alia

2095 3651 2390 3705 etiamnum
2416 3650 2613 3720 capita,
2638 3665 2758 3720 qua:
2786 3651 2995 3720 digesta
3026 3662 3079 3704 et
3108 3661 3361 3719 separata
3396 3665 3493 3720 per
3518 3661 3690 3703 nume—

2093 3759 2237 3809 rum,
2268 3745 2415 3799 velut
2440 3742 2725 3814 quemdam
2772 3745 3029 3815 populum
3071 3745 3298 3815 plebeiae
3343 3740 3689 3800 multitudinis

2094 3836 2313 3892 faciant.
2357 3857 2375 3890 ι
2409 3836 2600 3907 (Ibid.,
2631 3836 2719 3891 lib.
2752 3853 2831 3905 ιιι,
2864 3852 2985 3909 pag.
3014 3836 3177 3908 lDl.)

2164 3930 2322 3987 Prius
2366 3946 2498 3986 vero
2533 3931 2747 3985 dixerat
2782 3949 2795 3986 :
2832 3949 2852 3983 ι
2886 3931 3019 3985 Cum
3061 3931 3135 3986 dii
3186 3946 3415 3995 omnes,
3464 3929 3547 3985 vel
3586 3926 3689 3998 qni-

2092 4039 2323 4095 cumque
2363 4031 2491 4078 sunt
2540 4025 2676 4090 veri,
2707 4025 2791 4078 vel
2833 4024 2923 4094 qui
2972 4039 3094 4079 esse
3137 4040 3362 4080 rumore
3393 4035 3557 4095 atque
3589 4018 3691 4091 opi-

2092 4116 2255 4171 nione
2286 4116 2537 4170 dicuntur
2564 4115 2901 4171 immortales
2919 4124 2973 4171 et
2989 4116 3252 4187 perpetui,
3272 4118 3396 4188 ejus
3420 4117 3683 4172 voluntate

2091 4211 2219 4275 sint,
2252 4218 2305 4263 et
2333 4209 2580 4264 beneficii
2611 4224 2865 4275 munere;
2900 4210 2987 4280 qui
3030 4208 3149 4264 fieri
3196 4210 3340 4282 potis
3382 4218 3488 4275 est,
3516 4221 3573 4263 ut
3600 4204 3682 4261 alii

2090 4312 2349 4372 praestare
2379 4302 2429 4357 id
2460 4306 2602 4373 quod
2634 4301 2733 4372 ipsi
2764 4313 2909 4369 sunt,
2941 4302 3179 4371 valeant,
3211 4318 3336 4359 cum
3371 4302 3606 4360 alienum
3635 4297 3680 4354 id

2090 4395 2360 4457 habeant,
2413 4406 2467 4449 et
2522 4395 2710 4465 majori
2760 4411 2828 4450 ex
2877 4398 3115 4466 potentia
3169 4395 3611 4453 commodatum?
3659 4408 3677 4444 ι

2092 4487 2296 4559 (lbid.,
2324 4488 2412 4543 lib.
2439 4505 2495 4558 tt,
2533 4504 2653 4561 pag.
2687 4490 2814 4558 87.)

2159 4581 2289 4649 Quis
2320 4593 2497 4636 autem
2531 4580 2641 4651 jatn
2670 4598 2775 4638 non
2810 4581 2990 4639 videat
3013 4584 3135 4639 ideo
3166 4584 3335 4640 Deum
3365 4585 3678 4656 principem,

384 4686 526 4754 prie,
555 4693 609 4737 et
636 4693 826 4737 natura
862 4696 976 4747 sua,
1012 4680 1107 4736 sed
1138 4681 1461 4753 improprie,
1494 4690 1549 4735 et
1573 4681 1849 4735 dumtaxat
1886 4697 1983 4736 no.
2008 4668 2063 4727 D
2087 4685 2140 4731 et
2168 4676 2395 4749 primum
2422 4676 2489 4730 ab
2508 4675 2746 4730 Arnobio
2767 4678 2972 4741 vocari,
2996 4678 3118 4746 quia
3146 4676 3211 4732 ad
3238 4678 3590 4761 Ethnicorum
3619 4675 3680 4730 de

382 4774 531 4830 mine
575 4774 737 4831 Deus.
770 4773 954 4846 Neque
992 4774 1165 4829 solum
1200 4774 1342 4829 Deus
1371 4775 1621 4846 princeps
1648 4816 1661 4835 .
1705 4772 1799 4829 sed
1842 4789 1985 4846 smpe

381 4868 547 4925 etiam
569 4867 637 4923 ab
665 4881 731 4922 eo
758 4874 1096 4937 nuncupatur
1119 4866 1259 4921 Deus
1293 4867 1516 4936 primus,
1548 4877 1600 4919 et
1627 4880 1890 4928 summus,
1918 4880 1983 4921 ac

379 4971 536 5032 pater
568 4978 582 5015 :
620 4978 640 5011 ι
674 4958 816 5014 Satis
870 4957 1140 5023 estuobis,
1186 4977 1205 5009 ι
1242 4958 1449 5029 inquit,
1500 4976 1517 5008 ι
1556 4957 1699 5012 Deus
1729 4959 1931 5027 primus
1963 5000 1978 5023 ,

383 5055 563 5121 Deus,
618 5055 868 5127 inquam,
915 5050 1121 5123 primus
1144 5093 1159 5118 ,
1195 5061 1345 5123 pater
1370 5067 1550 5107 rerum
1583 5067 1646 5107 ac
1673 5051 1924 5107 dominus
1958 5093 1974 5118 ,

380 5149 704 5202 constitutor
748 5143 1172 5214 moderatorque
1209 5155 1523 5199 cunctorum
1552 5190 1567 5213 ,
1603 5147 1653 5199 in
1684 5144 1786 5201 hoc
1816 5161 1977 5202 omne

381 5238 525 5309 quod
555 5238 838 5295 colendum
869 5234 1251 5302 est,colimus;
1283 5237 1425 5308 quod
1452 5236 1666 5293 adorari
1694 5241 1969 5305 convenit,

381 5330 699 5395 adoramus;
754 5329 895 5399 quod
947 5329 1262 5400 obsequium
1292 5332 1655 5386 venerationis
1682 5334 1924 5403 exposcit
1958 5374 1973 5401 ,

376 5423 812 5503 venerationibns
843 5436 1239 5493 promeremur.
1278 5441 1298 5474 ι
1331 5421 1518 5496 (Ibid,
1553 5422 1640 5477 lib.
1666 5439 1703 5488 ι,
1735 5441 1855 5496 pag.
1883 5424 1971 5493 l3,

377 5512 449 5568 18
490 5524 537 5569 et
589 5515 687 5579 l9;
729 5515 818 5569 lib.
847 5532 907 5582 ιι,
938 5532 1058 5588 pag.
1083 5515 1155 5572 45
1180 5526 1226 5569 et
1255 5515 1362 5581 68;
1390 5515 1479 5571 lib.
1524 5533 1601 5578 ιιι.
1647 5534 1768 5589 pag.
1800 5517 1897 5573 101
1929 5527 1976 5572 et

378 5604 509 5676 aeq.)
540 5604 726 5662 Nonne
768 5623 899 5679 ergo
955 5608 1097 5663 hunc
1132 5615 1337 5663 tantum
1382 5608 1652 5663 Arnobius
1705 5624 1972 5665 summum

380 5693 574 5760 Deum,
602 5694 877 5752 Christum
901 5713 1032 5754 vero
1061 5697 1324 5754 minorem
1347 5699 1511 5753 Deum
1535 5699 1754 5769 agnovit
1792 5708 1975 5756 etcre-

379 5783 517 5843 didit
545 5785 570 5838 ?
1936 5815 1944 5824 .

348 5813 355 5819 -
379 5784 517 5840 didit
545 5785 562 5838 ἶ

446 5876 552 5937 Sed
602 5876 746 5935 nihil
793 5881 954 5951 plane
1000 5882 1070 5939 ab
1109 5882 1255 5941 illius
1297 5891 1479 5941 mente
1507 5883 1678 5957 magis
1704 5883 1978 5959 alienum»,

2090 4768 2193 4824 diis
2234 4770 2347 4823 suis
2392 4770 2711 4841 respiciebat
2750 4772 3101 4840 Opinionem;
3130 4788 3236 4843 qua
3279 4777 3445 4828 etiam
3487 4775 3678 4846 posita,

2089 4864 2187 4919 hos
2220 4863 2407 4932 falsos,
2438 4872 2493 4920 et
2525 4864 2670 4919 illum
2700 4865 2879 4920 solum
2907 4880 3094 4920 verum
3128 4867 3293 4921 Deum
3324 4882 3449 4922 esse
3479 4865 3682 4921 coniicit

2085 4973 2148 5013 ac
2165 4957 2533 5014 demonstrat?
2568 4956 2615 5011 Is
2638 4959 2835 5029 quippe
2867 4967 3073 5013 tantum
3099 4974 3257 5014 verus
3282 4960 3430 5016 Deus
3458 4975 3578 5015 esse
3595 4973 3679 5028 po-

2080 5063 2211 5118 test,
2226 5053 2314 5123 qui
2334 5055 2599 5124 ingeuitus
2614 5061 2932 5117 etactcrntts,
2948 5053 3148 5108 nullum
3167 5053 3323 5109 habet
3343 5055 3674 5126 principium.

2153 5146 2291 5200 Nihil
2311 5162 2438 5216 ergo
2458 5148 2569 5201 lucc
2586 5155 2768 5199 contra
2789 5147 2950 5201 divini
2982 5145 3140 5202 Verbi
3169 5154 3222 5201 et
3244 5146 3449 5204 Christi
3480 5145 3675 5202 Domini

2080 5237 2285 5294 faciunt
2311 5239 2645 5293 divinitatem
2670 5280 2683 5303 ,
2714 5252 2871 5311 quam
2894 5248 3041 5293 certe
3061 5239 3129 5292 ah
3150 5238 3394 5295 Arnobio
3425 5242 3533 5310 ipsa
3568 5239 3674 5292 lucc

2079 5332 2278 5388 clarius
2306 5340 2360 5387 et
2386 5329 2687 5387 evidentius
2717 5340 2978 5386 assertam
3012 5329 3263 5386 vidimus.
3299 5330 3510 5388 Deinde
3531 5345 3670 5394 vero,

2080 5424 2208 5496 qttid
2256 5426 2547 5480 Arnobium
2592 5423 2889 5494 prohibuit,
2920 5426 3209 5495 quominus
3236 5426 3483 5480 animum
3510 5424 3574 5478 ad
3603 5423 3676 5491 ip-

2080 5524 2316 5574 summet
2356 5516 2589 5571 Verbum
2635 5525 2689 5572 et
2734 5516 2925 5573 Filium
2974 5516 3065 5572 Dei
3099 5516 3457 5585 attendendo,
3490 5515 3676 5573 dixerit

2082 5622 2346 5666 aeternum
2378 5610 2586 5665 Patrem
2616 5625 2737 5666 esse
2767 5614 2995 5680 primum
3022 5654 3036 5679 ,
3067 5623 3121 5667 et
3151 5613 3451 5684 principem
3484 5610 3667 5674 Deum,

2076 5704 2170 5777 qui
2195 5704 2407 5777 quidem
2437 5704 2560 5776 quia
2588 5704 2730 5761 hunc
2756 5704 2951 5761 Filium
2982 5722 3140 5761 suum
3156 5708 3446 5762 abteterno
3471 5704 3669 5778 genuit,

2078 5797 2280 5855 idcirco
2319 5798 2554 5868 primus,
2589 5800 2860 5871 princeps,
2891 5808 2947 5857 et
2971 5799 3267 5857 divinitatis
3291 5799 3421 5856 fons
3448 5809 3504 5856 et
3525 5796 3669 5865 origo

2079 5898 2227 5948 recte
2251 5888 2551 5961 appellatur
2563 5891 2644 5962 2;;
