3904 6326
221 300 321 358 469

1397 295 1465 352 IN
1504 290 1896 365 ARNOBIUM,
1937 294 2092 353 CAP.
2127 295 2264 357 VIII.

3302 340 3313 346 -
3411 294 3519 353 470

220 423 229 463 f
289 415 546 489 Urgebis;
567 415 819 473 Christus
847 416 917 473 ab
936 416 1181 474 Arnohio
1198 414 1416 480 dicitur,
1441 412 1541 469 Dei
1560 413 1813 485 principis
1844 419 1899 481 Α
1923 426 2261 484 nequaquam
2313 412 2589 481 oﬂecerit,
2641 414 2949 480 enarranti,
2999 413 3197 480 adhuc,
3247 413 3295 469 si
3342 412 3512 478 lubet,

212 511 448 582 junione
472 511 700 581 loquens.
725 510 871 581 Ergo
890 511 941 564 ei
969 508 1261 579 subjectus,
1287 508 1485 577 illoque
1507 506 1686 560 minor
1703 516 1809 561 est.

216 604 316 662 Sed
356 605 404 659 si
439 603 689 659 advertas
713 602 912 659 ibidem
942 604 1010 658 ab
1038 600 1281 657 Arnobio
1305 599 1651 656 continenter
1674 598 1806 653 sub-

210 698 390 771 jungi,
422 699 518 753 sub
558 699 783 754 hominis
826 704 1028 770 forma,
1058 697 1188 752 nihil
1220 697 1321 751 hac
1348 695 1810 767 argumentatione

210 793 378 848 levius
411 806 536 847 esse
560 804 841 864 agnosces.
871 792 1002 861 Quis
1038 794 1184 847 enim
1212 790 1476 846 difﬁtetur
1512 786 1805 851 Christum,

209 891 479 955 quatenus
498 884 665 940 homo
680 894 784 952 est,
806 886 917 940 Deo
938 885 1081 939 Patri
1109 897 1233 939 esse
1260 881 1557 947 subditum,
1585 879 1811 949 ejusque

214 977 594 1048 obtemperare
617 977 921 1033 voluntati?

811 1128 1104 1171 Αιιτιουιυε
1132 1129 1187 1179 ιι.

200 1252 351 1312 Quam
375 1249 670 1304 luculenter
692 1250 944 1302 Arnobius
978 1251 1207 1301 docuerit
1243 1248 1486 1302 Christum
1508 1256 1608 1300 tam
1632 1260 1811 1299 verum

579 1314 743 1375 Deum
766 1315 936 1377 fuisse,
977 1326 1125 1385 quam
1157 1314 1426 1367 hominem.

260 1444 381 1499 Non
412 1445 623 1514 patitur
650 1443 918 1498 Arnobius
947 1441 1053 1498 sibi
1079 1443 1147 1496 ab
1168 1441 1418 1497 Ethnicis
1453 1440 1613 1510 objici
1652 1439 1811 1495 Chri-

196 1548 331 1594 stum
360 1537 477 1593 dici
505 1552 610 1593 non
638 1550 800 1609 posse
827 1536 992 1591 Deum
1016 1536 1271 1607 (Arnob.,
1302 1534 1392 1589 tib.
1430 1550 1471 1597 ι,
1513 1551 1636 1606 pag.
1661 1533 1727 1590 21
1759 1543 1809 1588 et

195 1645 324 1701 seqq.
348 1630 393 1700 ),
426 1639 622 1700 utpote
647 1629 739 1701 qui
768 1639 945 1691 natus,
975 1627 1153 1684 crucis
1181 1626 1447 1698 supplicio
1477 1630 1644 1681 vitam
1690 1627 1811 1681 fini-

194 1725 284 1780 vit.
313 1723 456 1780 Nam
493 1732 857 1794 prmterquam
883 1726 1031 1793 quod
1061 1724 1162 1793 ipsi
1201 1722 1419 1778 Ethnici
1459 1731 1616 1777 natos
1636 1721 1811 1777 homi-

1922 507 2309 562 auscultemus.
2336 508 2673 577 Objiciebant
2698 508 2912 564 Ethnici
2943 526 2957 563 :
2991 507 3140 563 More
3174 516 3249 563 est
3292 508 3516 564 hominis

1919 600 2272 670 interemptus.
2300 601 2436 670 Quid
2466 601 2533 656 ad
2581 602 2699 657 hec
2742 601 3012 661 Arnobius
3060 601 3275 657 noster?
3320 618 3341 654 ι
3394 599 3513 657 Non

1921 693 2056 763 ipse,
2097 711 2116 745 ι
2151 691 2584 765 inquit(lbid.),
2618 712 2638 745 r
2676 708 2849 764 neque
2885 693 3028 749 enim
3069 693 3264 749 cadere
3302 692 3512 747 divinas

1919 787 1973 843 in
2004 803 2094 843 res
2124 798 2299 859 potest
2327 784 2516 842 mortis
2543 802 2798 854 occasus;
2842 803 2942 843 nec
2987 787 3309 843 interitionis
3337 787 3512 842 disso-

1920 881 2124 936 lutione
2154 880 2258 939 labi
2287 880 2359 946 id,
2391 880 2532 951 quod
2564 891 2647 936 est
2672 895 2837 937 unum
2866 888 2921 935 et
2947 880 3177 949 simplex
3196 919 3211 942 ,
3244 892 3343 934 nec
3369 878 3510 934 ulla-

1920 992 2040 1032 rnm
2070 978 2300 1047 partium
2322 976 2738 1048 congregatione
2754 982 3112 1044 compactum.
3134 972 3267 1042 Quis
3282 980 3368 1029 est
3382 987 3514 1043 ergo

1919 1069 2068 1124 visus
2100 1072 2151 1124 in
2185 1069 2424 1140 patibulo
2455 1069 2731 1139 pendere?
2758 1069 2889 1136 Quis
2918 1076 3160 1122 mortuus
3185 1067 3308 1121 est?
3338 1065 3513 1121 Homo

1917 1178 2083 1233 quem
2112 1163 2382 1227 induerat,
2407 1171 2462 1217 et
2480 1175 2662 1218 secum
2693 1161 2808 1231 ipse
2834 1162 3101 1231 portabat.
3121 1177 3143 1212 ι
3165 1158 3299 1213 Tum
3317 1156 3513 1214 deinde

1915 1256 2153 1311 ostendit
2196 1256 2325 1310 illud
2371 1255 2531 1310 ﬁdem
2564 1255 2703 1325 apud
2733 1253 2993 1310 Ethnicos
3023 1253 3240 1317 mereri,
3267 1253 3357 1324 qui
3387 1267 3508 1308 cre-

1916 1347 2148 1410 debant,
2179 1347 2393 1402 vatibus
2431 1357 2486 1403 et
2536 1346 2758 1419 Sibyllis
2801 1346 3193 1413 morientibus,
3227 1345 3375 1401 illum
3401 1360 3510 1401 non

1917 1441 2079 1506 mori,
2112 1442 2266 1509 cujus
2304 1439 2491 1494 afﬂatu
2520 1439 2738 1494 oracula
2770 1439 2972 1494 fudisse
3008 1438 3351 1495 videbantur.
3379 1438 3509 1505 Qui-

1914 1534 2016 1589 bus
2055 1535 2357 1604 explicatis,
2391 1532 2610 1590 eosdem
2651 1532 2914 1589 Etlmicos
2957 1533 3107 1588 hisce
3148 1531 3328 1587 verbis
3369 1531 3512 1586 allo-

1916 1633 2098 1703 quitur
2125 1651 2143 1684 :
2180 1650 2199 1683 ι
2235 1631 2379 1686 Mors
2411 1632 2526 1696 illa,
2558 1645 2719 1702 quam
2747 1630 2955 1697 dicitis,
2989 1630 3248 1702 assumpti
3280 1628 3514 1703 hominis

1916 1725 2050 1790 fuit,
2077 1738 2183 1780 non
2233 1725 2403 1794 ipsius
2430 1741 2446 1781 :
2472 1725 2790 1794 gestaminis
2810 1765 2826 1789 ,
2866 1739 2972 1779 non
3015 1725 3278 1794 gestantis
3307 1740 3321 1776 :
3351 1736 3511 1792 quam

194 1832 304 1877 nes.
335 1826 615 1884 mortuos,
644 1825 700 1872 et
719 1817 999 1887 suppliciis
1025 1814 1254 1871 allectos
1271 1814 1406 1870 deos
1442 1828 1565 1869 esse
1602 1816 1805 1885 garrie.
1843 1816 1892 1879 Β
1918 1833 2017 1874 nec
2038 1819 2204 1888 ipsam
2231 1817 2440 1888 perpeti
2471 1817 2875 1880 succubuisset,
2910 1824 3054 1870 tanta
3086 1816 3130 1870 si
3164 1828 3271 1869 non
3307 1812 3510 1884 agenda

194 1909 351 1977 bant,
387 1921 551 1964 certe
597 1908 776 1963 divina
824 1908 1027 1964 Christi
1070 1907 1334 1972 doctrina,
1367 1920 1421 1962 et
1453 1906 1706 1961 miracula
1734 1906 1804 1961 ab

193 2002 300 2066 illo,
331 2002 409 2057 uti
443 2000 711 2067 diximus,
741 2002 977 2067 vivente,
1008 2000 1296 2067 moriente,
1320 2006 1376 2054 et
1400 2006 1615 2053 mortuo
1635 1998 1799 2065 edita,

194 2090 646 2149 manilestissimc
670 2093 1111 2148 demonstrarunt
1128 2091 1279 2145 illum
1299 2101 1407 2145 tam
1425 2104 1613 2146 verum
1631 2089 1802 2145 Deum

194 2187 352 2244 fuisse
397 2202 573 2258 quam
606 2186 881 2244 hominem
905 2230 919 2252 ,
952 2195 1007 2241 et
1048 2186 1324 2257 utriusque
1368 2184 1564 2239 divinae
1606 2196 1662 2239 et
1704 2187 1804 2239 Itu-

192 2295 354 2336 manze
386 2291 610 2336 natura
636 2280 978 2351 participem,
1002 2280 1141 2347 Quid
1158 2288 1338 2335 autem
1372 2279 1590 2341 mirum,
1619 2278 1664 2333 si
1688 2277 1800 2343 ille,

196 2385 403 2445 accepta
437 2375 684 2431 humana
714 2387 927 2439 natura,
961 2376 1075 2429 sive
1103 2373 1340 2428 humano
1377 2386 1627 2443 corpore,
1659 2370 1802 2443 quod

196 2467 400 2539 exigua,
430 2477 504 2523 ut
532 2467 608 2522 ait
645 2469 915 2523 Arnobius
943 2465 1140 2539 (llud,
1167 2467 1258 2521 tib.
1292 2482 1328 2531 ι,
1362 2482 1483 2539 pag.
1516 2464 1643 2537 32),
1680 2480 1806 2533 pars

198 2561 305 2629 ejus
347 2571 472 2615 erat
496 2600 513 2625 ,
550 2570 865 2631 assumpto,
896 2559 1184 2615 humanam
1214 2559 1416 2624 vitam,
1447 2559 1587 2617 sicut
1621 2558 1802 2612 czeteri

196 2650 459 2718 homines,
503 2654 675 2725 egerit
715 2662 771 2708 et
813 2652 1219 2708 amiserit?Sed
1250 2660 1465 2722 praestat
1516 2652 1806 2720 ipsummet

196 2745 499 2801 Arnobium
571 2745 787 2813 audire,
852 2755 909 2801 ut
957 2746 1226 2815 intelligas
1293 2758 1453 2813 quam
1521 2751 1667 2797 recte
1740 2756 1805 2797 ac

198 2841 479 2907 perspicue
516 2837 806 2894 humanam
836 2839 1180 2908 divinamque
1206 2835 1405 2892 Christi
1432 2844 1674 2889 naturam
1698 2874 1713 2899 ,
1746 2841 1803 2889 et

199 2932 601 2987 sanctissimum
633 2932 797 2999 illius,
829 2944 887 2987 ut
906 2931 1017 3001 jam
1048 2930 1193 3000 loqui
1233 2928 1410 2984 solent
1432 2927 1690 2999 theologi,
1716 2928 1802 2981 in-

198 3028 529 3083 carnationis
557 3027 873 3098 mysterium
902 3026 1154 3096 explicet.

259 3119 605 3191 Rogantibus
628 3121 910 3176 enimvero
935 3120 1176 3175 Ethnicis
1204 3136 1217 3173 :
1249 3116 1304 3174 Si
1344 3119 1487 3173 Deus
1510 3117 1606 3173 fuit
1643 3117 1803 3174 Chri-

1913 1925 2002 1967 res
2045 1920 2223 1973 esset,
2253 1919 2308 1964 et
2351 1909 2745 1980 inexplicabilis
2776 1909 2915 1966 ratio
2944 1908 3038 1963 tati
3079 1907 3278 1964 clausis
3305 1906 3510 1978 patefa-

1911 2005 2101 2060 cienda
2130 2004 2422 2076 mysteriis.
2464 2021 2484 2055 ι
2526 2002 2731 2077 (Ibid.,
2760 2021 2881 2076 pag.
2914 2002 3035 2075 58.)
3064 2002 3197 2072 Quis
3223 2011 3403 2059 autem
3431 2003 3517 2060 vel

1909 2096 2275 2166 primoribus,
2308 2105 2366 2151 ut
2403 2098 2585 2163 aiunt,
2619 2096 2786 2151 labris
2832 2096 3239 2166 theologorum,
3271 2104 3327 2150 et
3370 2095 3513 2150 anti—

1910 2202 2139 2259 quorum
2167 2186 2427 2249 Ecclesiae
2456 2196 2669 2258 patrum
2696 2186 2895 2257 scripta
2923 2188 3176 2257 gustavit,
3207 2195 3266 2242 et
3305 2186 3512 2242 nesciat

1910 2296 2008 2337 eos
2033 2282 2196 2338 simili
2238 2281 2402 2354 plane
2440 2286 2601 2337 modo
2639 2284 2907 2337 haereticis
2936 2282 3125 2338 eadem
3153 2292 3340 2352 postea
3367 2282 3509 2354 obji-

1913 2374 2181 2430 cientibus
2212 2375 2591 2445 respondisse?
2618 2374 2830 2430 Inﬁnita
2867 2374 3083 2445 quidem
3127 2384 3350 2445 possent
3386 2374 3507 2431 illo-

1910 2481 2029 2523 rum
2060 2467 2288 2536 proferri
2321 2466 2649 2522 testimonia.
2679 2466 2788 2523 Sed
2816 2467 2940 2538 quia
2970 2468 3124 2539 plura
3143 2510 3160 2535 ,
3187 2483 3218 2523 a
3252 2467 3508 2524 Themin.

1907 2568 2047 2626 reto,
2072 2568 2128 2614 et
2151 2559 2369 2615 Gelasio
2388 2561 2550 2615 citata
2566 2559 2960 2633 (Μερόη,αά
2983 2562 3112 2615 cale.
3136 2560 3227 2617 tib.
3256 2575 3314 2616 ιιι
3354 2559 3495 2616 Dial.

1909 2649 2228 2722 lmpauib.;
2259 2650 2457 2718 Gelon,
2503 2651 2645 2707 Dial.
2688 2651 2753 2707 de
2789 2652 2945 2707 duab.
2981 2662 3152 2717 natur.
3177 2654 3217 2724 ),
3249 2662 3409 2724 atque
3438 2653 3510 2708 ab

1910 2744 2031 2799 aliis
2081 2745 2452 2814 compluribus
2500 2746 2730 2814 tradita,
2781 2748 2981 2803 nemini
3024 2748 3203 2818 ignota
3246 2755 3400 2813 sunt;
3442 2747 3511 2802 iis

1908 2840 2313 2909 praetermissis,
2333 2840 2453 2897 haec
2475 2850 2678 2897 tantum
2707 2841 3007 2898 referemus
3031 2841 3301 2898 Ambrosii
3322 2842 3506 2907 verba,

1908 2948 2029 3003 qua:
2056 2934 2113 2989 in
2139 2933 2340 2989 Leonis
2364 2937 2547 3007 magni
2578 2938 2804 3008 epistola
2824 2980 2839 3007 ,
2870 2948 2924 2993 et
2950 2937 3165 2994 concilii
3204 2937 3504 2994 Chalcedo-

1908 3027 2093 3082 nensis
2120 3029 2253 3083 actis
2280 3031 2503 3085 recitata
2532 3040 2587 3085 et
2609 3032 2927 3103 transcripta
2958 3033 3224 3088 habentur
3248 3050 3264 3090 :
3298 3051 3317 3086 ε
3352 3032 3505 3100 Quod

1907 3118 2106 3179 lectum
2137 3131 2242 3186 est,
2283 3139 2305 3173 ι
2338 3122 2411 3175 ait
2442 3123 2673 3179 eximius
2703 3125 2796 3180 ille
2819 3127 2902 3181 vir
2930 3124 3211 3197 (Antbror.,
3239 3128 3327 3183 lib.
3355 3142 3413 3193 ιι,
3441 3128 3508 3198 de

196 3223 318 3281 atus,
345 3229 444 3270 cur
466 3215 581 3269 sub
611 3213 847 3270 hominis
874 3213 1040 3268 forma
1071 3212 1218 3268 visus
1255 3222 1357 3279 est,
1388 3221 1443 3267 et
1483 3227 1635 3267 more
1660 3211 1800 3267 inte-
1823 3208 1869 3270 C
1904 3210 2058 3279 Fide,
2088 3229 2204 3284 cap.
2236 3215 2290 3281 5,
2323 3214 2352 3287 §
2382 3216 2475 3284 58,
2509 3234 2631 3289 pag.
2660 3218 2788 3291 481)
2814 3263 2829 3287 ,
2869 3239 2887 3271 t
2926 3220 3212 3277 Dominum
3251 3222 3504 3294 majesta-

196 3320 423 3379 retnptus
445 3309 718 3375 humano,
737 3306 816 3362 sic
837 3308 926 3362 ille
948 3306 1246 3377 respondet
1269 3323 1282 3359 :
1313 3322 1332 3357 ι
1351 3311 1431 3359 An
1446 3305 1603 3359 aliter
1627 3305 1797 3375 potuit

198 3404 479 3460 invisibilis
506 3402 597 3457 illa
622 3403 725 3469 vis,
756 3411 809 3457 et
832 3402 1034 3457 habens
1064 3401 1266 3459 nullam
1296 3398 1650 3454 substantiam
1675 3413 1795 3453 cor.

196 3499 420 3568 poralem
442 3542 458 3567 ,
501 3496 701 3552 inferre
729 3506 782 3552 et
809 3496 1160 3551 commodare
1196 3510 1257 3549 se
1287 3494 1489 3549 mundo
1508 3536 1521 3558 ,
1553 3492 1796 3549 conciliis

196 3591 446 3648 interesse
488 3590 832 3657 mortalium,
863 3604 1022 3659 quam
1049 3599 1108 3643 ut
1135 3587 1350 3659 aliquod
1380 3598 1588 3657 tegmen
1621 3595 1794 3641 mate-

196 3685 279 3740 ria:
307 3686 594 3741 solidioris
630 3693 960 3749 assumeret,
995 3683 1137 3753 quod
1169 3682 1450 3738 oculorum
1498 3682 1797 3750 susciperet

194 3778 430 3848 injectum
450 3822 468 3844 ,
507 3788 563 3832 et
592 3776 680 3831 ubi
707 3792 765 3831 se
792 3776 956 3846 ﬁgere
987 3773 1316 3830 inertissime
1343 3782 1526 3842 posset
1549 3781 1793 3827 contem-

194 3871 435 3941 plationis
466 3870 732 3926 obtutus?
761 3869 891 3936 Quis
919 3878 1003 3922 est
1031 3868 1175 3923 enim
1204 3865 1533 3931 mortalium,
1560 3865 1650 3934 qui
1674 3869 1792 3936 qui-

194 3975 267 4021 ret
290 3982 409 4022 eum
452 3965 680 4030 videre,
705 3964 823 4034 quis
861 3978 1116 4027 cernere,
1147 3961 1191 4015 si
1222 3962 1383 4015 talem
1413 3959 1672 4014 voluisset
1710 3960 1789 4014 in-

194 4059 324 4116 ferre
350 4076 409 4116 se
448 4059 649 4126 terris,
679 4058 854 4128 qualis
900 4057 948 4111 ei
993 4055 1311 4126 prlmigenia
1359 4061 1546 4108 natura
1589 4064 1708 4120 est,
1736 4064 1789 4108 et

197 4154 393 4223 qualem
421 4167 492 4209 se
522 4152 639 4221 ipse
665 4150 717 4204 in
745 4165 838 4204 sua
883 4162 1002 4203 esse
1046 4148 1215 4201 voluit
1253 4147 1337 4202 vel
1381 4146 1671 4216 qualitate,
1702 4148 1788 4202 vel

195 4247 422 4302 numine.
482 4244 791 4315 Assumpsit
839 4242 1002 4312 igitur
1044 4242 1276 4295 hominis
1315 4240 1571 4304 formam,
1605 4248 1661 4295 et
1686 4240 1787 4296 sub

198 4341 352 4395 nostri
392 4339 615 4411 generis
657 4335 1009 4391 similitudine
1050 4334 1345 4404 pOtentiam
1373 4347 1522 4387 suam
1549 4333 1783 4397 clausit;

199 4441 321 4488 utet
345 4434 518 4489 videri
553 4438 754 4501 posset,
786 4438 842 4485 et
862 4428 1123 4499 conspici,
1154 4426 1318 4482 verba
1347 4428 1567 4495 faceret,
1598 4437 1652 4483 et
1688 4428 1787 4483 do-

199 4537 370 4593 ceret,
402 4537 570 4597 atque
608 4540 799 4580 omnes
839 4535 1230 4593 exsequeretur
1268 4535 1358 4577 res
1406 4537 1529 4588 €98,
1567 4534 1787 4593 propter

1903 3305 1973 3359 tis
2002 3307 2324 3364 cruciﬁxum
2357 3324 2509 3377 esse,
2545 3327 2650 3366 non
2679 3315 2831 3383 quasi
2862 3315 2914 3367 in
2945 3314 3224 3385 majestate
3254 3332 3348 3372 sna
3377 3334 3504 3373 cru-

1901 3398 2120 3455 ciﬁxum
2151 3411 2404 3472 putemus
2435 3423 2448 3459 :
2480 3405 2576 3461 sed
2607 3408 2731 3477 quia
2764 3406 2908 3462 idem
2940 3409 3113 3477 Dens,
3139 3410 3281 3466 idem
3316 3411 3498 3480 homo,

1899 3507 1999 3562 per
2018 3492 2356 3551 divinitatem
2383 3498 2545 3565 Dens,
2570 3514 2667 3569 per
2690 3502 3090 3571 susceptionem
3115 3506 3293 3559 carnis
3312 3505 3498 3571 homo,

1897 3583 2055 3639 Jesus
2073 3583 2321 3643 Christus
2348 3590 2608 3645 Dominus
2634 3592 2933 3662 majestatis
2949 3594 3147 3651 dicitur
3170 3596 3493 3666 cruciﬁxus;

1896 3682 2021 3747 quia
2049 3694 2276 3735 consors
2308 3682 2587 3754 utriusque
2616 3694 2843 3761 natura},
2866 3686 3036 3754 idest,
3059 3687 3305 3745 humanm
3336 3701 3497 3762 atque

1894 3769 2113 3838 divinae,
2147 3772 2198 3825 in
2238 3783 2429 3827 natura
2471 3774 2706 3831 hominis
2749 3778 2914 3839 subiit
2952 3781 3292 3851 passionem;
3326 3792 3384 3841 ut
3408 3784 3494 3853 in-

1894 3862 2131 3923 discrete
2155 3871 2212 3921 et
2238 3863 2492 3925 dominus
2520 3868 2819 3939 majestatis
2844 3870 3056 3931 dicatur
3084 3887 3228 3943 esse,
3255 3875 3345 3945 qui
3374 3890 3497 3946 pas-

1891 3971 1983 4011 sus
2010 3968 2115 4024 est,
2144 3967 2198 4014 et
2226 3961 2365 4015 ﬁlius
2394 3961 2644 4026 hominis,
2677 3965 2816 4020 sicut
2842 3967 3104 4041 scripturn
3132 3977 3247 4032 est,
3280 3971 3370 4041 qui
3395 3971 3491 4026 de-

1891 4051 2103 4105 scendit
2140 4052 2207 4106 de
2249 4053 2409 4109 uelo.
2453 4074 2472 4107 ι
2509 4053 2715 4112 Videsis
2762 4072 2881 4127 qua:
2931 4059 2986 4113 in
3036 4060 3176 4115 lnmc
3220 4062 3493 4119 Ambrosii

1891 4144 2067 4200 locum
2096 4149 2512 4216 annotavimus,
2540 4160 2595 4204 et
2620 4150 2693 4206 ibi
2723 4153 2884 4206 citata
2925 4168 2955 4207 a
2998 4153 3154 4210 nobis
3200 4156 3489 4213 chalcedo-

1892 4237 2079 4293 nensis
2106 4238 2322 4293 concilii
2352 4249 2495 4308 acta,
2510 4249 2568 4296 et
2591 4241 2873 4314 Augustini
2891 4244 3125 4315 primum
3141 4248 3209 4303 de
3226 4248 3491 4305 Trinitate

1888 4331 2108 4386 librum.

1963 4424 2133 4480 Porro
2159 4435 2338 4482 autem
2384 4427 2656 4484 Arnobius
2699 4439 2887 4487 noster
2930 4432 3086 4489 docet
3125 4432 3363 4504 Christo,
3396 4436 3489 4508 qui

1892 4526 1971 4574 tot
2002 4520 2261 4575 miracula
2293 4521 2564 4588 ediderat,
2599 4523 2863 4579 violentas
2889 4540 3111 4593 manus,
3146 4528 3191 4581 si
3227 4528 3364 4583 mori
3392 4544 3490 4584 no.

202 4635 323 4689 quas
363 4621 418 4675 in
466 4618 727 4674 mundum
776 4624 1018 4682 venerat,
1063 4616 1353 4682 faciendas,
1399 4617 1595 4671 summi
1641 4619 1784 4689 regis
1810 4604 1865 4665 D
1891 4611 2149 4677 luisset,a
2182 4616 2400 4669 nemine
2430 4628 2683 4687 umquam
2712 4618 2952 4687 potuisse
2978 4619 3202 4688 inferri,
3232 4622 3326 4677 sed
3352 4637 3479 4677 eum

202 4712 416 4783 imperio
452 4723 508 4768 ct
551 4710 904 4780 dispositione
949 4709 1198 4764 servatis.
1234 4708 1482 4781 »(1ὺὶά.,
1518 4727 1637 4781 pag.
1662 4708 1788 4783 37.)

198 4806 431 4865 Potuitne
474 4822 725 4878 suprema
775 4806 976 4862 Christi
1025 4805 1309 4869 divinitas,
1361 4805 1611 4877 illiusque
1661 4822 1783 4862 cum

198 4897 413 4957 humana
447 4909 640 4955 natura
687 4899 998 4968 conjunctis
1039 4898 1355 4952 clarioribus
1394 4899 1570 4953 verbis
1612 4914 1783 4953 enun-

200 4992 345 5048 tiari?
372 4996 505 5061 Quis
532 5008 785 5062 umquam
818 5001 937 5060 post
965 4990 1267 5055 Nicaenum,
1298 5000 1350 5045 et
1377 4991 1478 5044 alia
1510 4991 1777 5061 generalia

199 5088 430 5151 concilia,
457 5097 740 5155 utramque
762 5086 907 5140 illius
935 5094 1182 5141 naturam
1209 5084 1512 5141 dilucidiori
1539 5087 1781 5142 oratione

201 5183 470 5250 exposuit?
498 5188 568 5238 At
615 5196 744 5236 vero
789 5181 858 5235 ibi
913 5180 1003 5236 ille
1050 5196 1156 5236 non
1210 5198 1363 5236 suam
1412 5191 1638 5248 tantum,
1682 5181 1779 5243 sed

202 5287 522 5332 communem
557 5277 797 5331 omnium
828 5289 940 5330 sum
972 5277 1144 5330 tetatis
1174 5274 1588 5332 christianornm
1631 5288 1776 5348 pate-

206 5363 315 5420 facit
348 5370 688 5424 sententiam.
718 5367 850 5436 Quis
878 5378 1019 5438 ergo
1062 5382 1295 5438 negare,
1326 5378 1415 5423 aut
1456 5368 1506 5424 in
1555 5370 1773 5425 dubium

206 5456 311 5526 iure
348 5463 527 5534 aliquo
576 5477 774 5518 vocare
817 5462 1010 5518 audeat
1048 5474 1223 5517 utrum
1256 5462 1351 5530 illi,
1382 5472 1505 5518 ante
1533 5463 1775 5531 ejusdem

212 5552 406 5609 concilii
449 5554 650 5611 Nicmnl
682 5563 956 5626 tempora,
990 5556 1042 5610 id
1073 5554 1430 5619 crediderint,
1462 5555 1602 5626 quod
1634 5555 1684 5609 in
1714 5571 1778 5610 eo

216 5648 422 5702 concilio
465 5659 518 5705 et
561 5649 679 5704 aliis
727 5657 911 5719 postea
956 5650 1023 5705 de
1067 5649 1265 5704 Christi
1297 5648 1579 5705 divinitate
1602 5658 1657 5706 et
1694 5665 1780 5706 as-

224 5751 411 5809 sumpta
440 5740 506 5797 ab
532 5743 649 5814 ipso
677 5742 906 5799 humana
946 5752 1133 5799 natura
1161 5751 1417 5798 statutum
1447 5743 1564 5799 est?

283 5832 386 5903 Age
405 5850 551 5907 vero,
577 5838 736 5911 eique
764 5853 873 5910 quo
914 5846 1070 5910 pacto
1115 5834 1314 5894 Christi
1343 5834 1606 5893 divinitati
1637 5850 1783 5894 mors

1890 4722 1985 4763 sua
2017 4718 2210 4779 sponte
2239 4718 2296 4765 et
2324 4710 2604 4766 voluntate
2630 4721 2927 4767 mortuum.
2962 4731 2983 4765 ι
3020 4713 3199 4779 Vides,
3237 4736 3257 4767 ι
3292 4717 3483 4786 inquit,

1896 4822 1915 4857 ι
1950 4804 1994 4858 si
2026 4804 2196 4859 nollet
2227 4804 2411 4859 inferri
2436 4804 2536 4859 sibi
2559 4816 2588 4860 a
2625 4820 2894 4877 quoquam
2924 4822 3136 4873 manus,
3168 4824 3377 4864 summa
3402 4808 3485 4864 illi

1887 4896 2081 4951 fuisset
2110 4899 2455 4952 contentione
2484 4897 2795 4964 nitendum,
2829 4909 2886 4955 ut
2913 4899 3097 4956 hostes
3137 4903 3205 4958 ab
3250 4918 3309 4958 se
3355 4917 3483 4959 suos

1885 4990 1967 5043 vel
1999 4998 2267 5060 potestate
2296 4990 2507 5045 inversa
2536 4990 2888 5061 prohiberet?
2917 4992 3017 5061 Qui
3044 4996 3207 5049 caecis
3231 4997 3480 5052 restitue-

1884 5092 1968 5138 rat
1999 5084 2233 5149 lumina,
2271 5084 2315 5137 is
2340 5084 2557 5139 efficere
2605 5084 2649 5139 si
2690 5084 2947 5151 deberet,
2983 5101 3089 5141 non
3120 5096 3331 5156 poterat
3371 5101 3479 5142 cte-

1882 5192 1976 5233 cos
2173 5193 2364 5232 manus
2396 5178 2449 5232 in
2479 5193 2538 5233 se
2568 5179 2771 5251 porrigi
2810 5181 2880 5234 ab
2922 5182 3246 5237 immanibus
3288 5196 3477 5253 passus

1881 5282 1985 5330 est.
2036 5292 2054 5326 ι
2081 5272 2327 5340 (Arnob.,
2365 5272 2454 5327 lib.
2491 5287 2527 5339 ι,
2564 5291 2684 5345 pag.
2714 5274 2833 5343 58.)
2861 5274 3101 5330 Mortuus
3146 5284 3228 5332 est
3271 5276 3471 5347 itaque,

1880 5369 2023 5439 quia,
2058 5374 2114 5421 ut
2163 5366 2339 5422 adhuc
2387 5366 2624 5438 loquitur
2659 5375 2847 5422 auctor
2881 5376 3100 5423 noster:
3136 5386 3157 5419 ι
3205 5367 3474 5424 Virtutum

1881 5463 2118 5519 omnium
2143 5462 2412 5529 dominus,
2437 5473 2598 5533 atque
2620 5463 2787 5533 ipsius
2813 5462 3003 5517 mortis
3029 5463 3343 5531 exstinctor,
3372 5461 3476 5518 ho-

1880 5556 2080 5611 minem
2131 5569 2284 5609 Situm
2332 5554 2576 5624 permisit
2617 5553 2812 5611 occidi.
2866 5573 2887 5605 ι
2934 5551 3131 5623 (Ibid.,
3175 5571 3297 5626 pag.
3339 5554 3475 5627 41.)

1882 5645 2086 5714 Quibus
2117 5645 2207 5701 ille
2232 5645 2415 5701 verbis
2442 5644 2704 5716 signiﬁcat
2730 5641 3005 5699 Christum
3048 5645 3342 5701 secundum
3372 5646 3470 5703 hu-

1883 5754 2097 5794 manam
2142 5747 2350 5795 tantum
2398 5748 2644 5794 naturam
2668 5780 2683 5804 ,
2716 5740 2929 5809 quando
2970 5738 3167 5809 voluit,
3195 5741 3473 5812 occisum;

1886 5833 1959 5889 ita
1991 5844 2169 5889 tamen
2200 5839 2260 5888 ut
2285 5832 2569 5890 moriendo
2603 5830 2837 5890 divinant
2869 5847 3022 5893 suam
3049 5842 3296 5895 naturam
3326 5839 3482 5897 novis
