3904 6326
409 280 506 335 471

1658 275 2112 334 DISSERTATIO
2165 275 2442 335 PRAEVIA
3573 287 3664 342 472

406 415 468 452 ac
498 401 710 469 penitus
748 400 1028 470 stupendis
1064 397 1338 452 miraculis
1375 396 1693 452 ostenderit.
1733 416 1751 448 ι
1793 398 2000 450 Exutus
2030 402 2076 459 Λ
2108 395 2218 451 Deo
2241 395 2402 452 Patre
2432 407 2550 467 post
2577 408 2655 453 tot
2682 398 2959 454 hominum
2987 409 3176 456 anates
3196 409 3252 456 et
3274 403 3465 458 saecula
3489 404 3551 460 ad
3576 422 3664 463 nos

407 509 655 564 corpore,
695 515 713 546 ι
750 496 919 564 inquit
952 493 1158 563 (lbid.,
1187 510 1306 562 pag.
1335 492 1451 564 δεῖ),
1507 513 1525 542 ι
1565 491 1705 561 quod
1734 493 1785 545 in
1813 492 1999 561 exigua

405 588 487 640 sui
535 588 945 642 circumferebat
976 596 1158 654 parte,
1196 594 1480 656 postquam
1511 584 1684 638 videri
1716 599 1776 639 se
1808 597 2004 654 passus

407 689 511 746 est,
540 681 692 748 cujus
723 692 866 734 esset
916 677 1296 749 magnitudinis
1340 678 1501 743 sciri,
1537 678 1771 731 novitate
1822 691 1999 730 rerum

408 774 667 827 exterrita
712 773 966 826 universa
1015 773 1201 826 mundi
1254 782 1378 824 sunt
1426 772 1690 824 elementa
1741 769 1998 823 turbata:

407 867 564 921 tellus
609 879 752 921 meta
804 867 1154 932 contremuit,
1187 882 1336 920 mare
1363 865 1600 919 funditus
1633 864 1866 918 refusum
1897 872 1999 926 est,

405 974 499 1014 aer
538 959 710 1030 globis
762 959 1034 1014 involutus
1073 967 1156 1012 est
1199 959 1572 1020 tenebrarum,
1619 957 1806 1026 igneus
1857 954 2003 1009 orbis

405 1055 536 1108 solis
566 1053 831 1123 tepefacto
857 1053 1054 1107 ardore
1101 1053 1340 1122 diriguit.
1378 1072 1396 1104 ›
1431 1051 1598 1120 Talpa
1627 1066 1757 1105 sane
1783 1049 2000 1108 caecior.

408 1156 502 1198 aut
533 1145 842 1200 inflexibilis
873 1144 1250 1199 obstinationis
1282 1143 1446 1198 homo
1479 1144 1522 1196 is
1553 1145 1621 1195 sit
1648 1149 1883 1211 oportet,
1911 1141 2002 1209 qui

408 1253 514 1292 non
545 1238 740 1301 videat,
766 1249 819 1292 ct
846 1237 1078 1292 fateatur
1100 1247 1381 1305 utramque
1407 1235 1476 1289 ab
1505 1235 1742 1288 Arnobio
1766 1233 2001 1286 divinam

409 1333 807 1404 humanamque
833 1333 1037 1388 Christi
1063 1341 1306 1386 naturam
1333 1343 1480 1386 recte
1504 1329 1778 1398 distingui.
1806 1337 1861 1383 et
1887 1329 2004 1381 uni-

404 1427 600 1497 cuique
626 1429 767 1496 quod
801 1444 954 1481 suum
981 1436 1085 1488 est,
1119 1427 1256 1481 bene
1305 1427 1518 1496 penitus
1553 1423 1772 1478 attribui
1813 1433 1868 1478 et
1909 1438 2004 1478 ex-

407 1524 621 1593 plicari.

475 1621 562 1683 At,
594 1619 824 1688 inquies,
852 1620 979 1688 quid
1007 1619 1108 1673 sibi
1140 1618 1228 1673 ille
1250 1617 1384 1676 vult.
1411 1632 1531 1672 cum
1556 1615 1687 1670 dicit
1710 1616 1761 1668 in
1787 1612 2004 1669 Christo

411 1709 576 1765 fuisse
603 1711 911 1765 simulatum
943 1710 1214 1764 hominem
1240 1712 1263 1762 ἲ
1292 1708 1381 1763 Ait
1408 1709 1638 1777 quippe:
1667 1725 1685 1759 ι
1717 1706 1830 1761 Rex
1857 1720 2004 1759 sum-

2108 493 2304 546 missus
2335 491 2515 558 fuerit,
2547 504 2638 547 aut
2664 495 2791 565 quid
2821 495 3013 566 priora.
3043 505 3168 550 ante
3198 495 3341 550 illius
3363 507 3551 562 ortum,
3577 517 3664 555 ιω-

2104 585 2221 637 cula
2259 586 2550 647 meruerint,
2581 596 2675 640 aut
2696 587 2821 657 quid
2863 585 2930 641 de
2959 589 3283 657 priscorum,
3310 589 3669 646 vetustissimo-

2106 690 2329 744 rumque
2374 677 2677 731 mortalium
2723 678 3006 732 animabus
3047 687 3228 732 aetum
3260 677 3328 732 sit
3351 677 3531 751 (ΗΜΛ,
3559 697 3664 751 pag.

2107 767 2227 838 87).
2274 774 2342 822 At
2371 770 2510 825 idem
2542 786 2766 840 prorsus
2797 783 3172 843 argumentum
3191 813 3208 836 ,
3235 783 3420 828 contra
3447 775 3671 831 christia-

2108 877 2206 914 nos
2234 878 2263 917 a
2294 863 2618 937 Porphyrio,
2643 866 2869 937 aliisque
2892 866 3136 922 Ethnicis
3163 876 3345 936 postea
3367 868 3668 935 refricatum,

2108 951 2410 1024 Episc0pus
2454 954 2758 1028 Deogratias
2797 960 3230 1029 cognominatus,
3269 961 3554 1030 Augustino
3577 962 3672 1018 sol-

2106 1047 2340 1100 vendum
2360 1049 2437 1102 sic
2471 1052 2778 1118 proposuit:
2809 1071 2827 1101 ε
2859 1052 2995 1118 Quid
3025 1063 3251 1121 egerunt
3278 1063 3352 1107 tot
3382 1055 3672 1111 saeculorum

2109 1138 2356 1194 homines
2382 1151 2507 1196 ante
2527 1140 2921 1199 Christum.....
2951 1145 3087 1213 Quid
3118 1155 3296 1200 actum
3319 1146 3385 1200 de
3413 1155 3514 1202 tam
3541 1147 3675 1202 innu-

2109 1236 2278 1289 meris
2305 1236 2519 1299 animis,
2545 1238 2635 1306 qui
2660 1239 2881 1292 omnino
2911 1239 2963 1292 in
2993 1239 3150 1309 culpa
3181 1239 3325 1294 nulla
3348 1248 3507 1298 sunt:
3532 1241 3677 1311 siqui-

2109 1325 2232 1380 dem
2264 1327 2337 1392 is,
2370 1329 2455 1382 cui
2484 1329 2631 1382 credi
2682 1343 2894 1398 posset,
2930 1331 3166 1385 nondum
3213 1331 3496 1386 adventum
3539 1347 3676 1387 suum

2109 1421 2420 1475 hominibus
2440 1421 2851 1477 commodarat?
2876 1445 2893 1476 ι
2931 1427 3230 1495 (Augustin.
3263 1425 3413 1495 epist.
3433 1425 3552 1489 102,
3572 1443 3674 1498 pag.

2108 1513 2265 1586 276.)
2294 1515 2459 1569 Vides
2489 1517 2846 1586 proculdubio
2876 1519 2974 1572 hos
3001 1519 3197 1575 eodem
3231 1520 3389 1588 plane
3417 1521 3570 1574 modo
3592 1534 3678 1590 pu-

2110 1623 2275 1678 gnare
2317 1609 2578 1665 adversus
2621 1610 2908 1667 dominicae
2957 1614 3341 1670 incarnationis
3369 1615 3678 1686 mysterium,

2110 1703 2384 1773 totiusque
2413 1703 2722 1760 christiana:
2746 1707 3019 1776 religionis
3043 1709 3344 1764 veritatem.

409 1818 528 1858 mus
567 1818 660 1867 ea,
693 1818 813 1873 qua:
860 1803 910 1856 in
962 1801 1163 1856 mundo
1213 1800 1452 1855 facienda
1502 1799 1852 1861 decreverat,
1885 1797 2004 1852 sine
2037 1793 2084 1853 B
2185 1798 2292 1852 Sed
2322 1799 2446 1852 audi
2476 1799 2635 1853 etiam
2665 1801 2937 1870 quomodo
2964 1803 3266 1864 Arnobius.
3303 1819 3366 1858 ac
3388 1813 3566 1874 postea
3588 1805 3679 1860 Au-

409 1896 629 1952 homine
657 1897 906 1951 simulato
951 1912 1056 1950 non
1103 1895 1289 1965 quibat
1325 1894 1558 1949 efficere.
1603 1913 1621 1944 ›
1663 1892 1848 1961 (lbid.,
1877 1908 1998 1962 pag.

408 1989 536 2059 37.)
591 1988 858 2058 Numquid
911 1988 1114 2058 putavit
1162 2002 1340 2042 veram
1387 2001 1492 2041 non
1543 2000 1663 2040 csse
1714 1985 2000 2038 humanam

409 2083 607 2139 Christi
659 2095 901 2139 naturam
926 2127 938 2148 ,
979 2084 1075 2138 sed
1126 2083 1301 2137 fictam
1356 2093 1409 2136 et
1450 2080 1786 2134 simulatam?
1815 2077 2003 2133 Nonne

411 2190 521 2231 tota
557 2179 638 2232 via
667 2193 786 2232 cum
827 2179 909 2232 his
946 2176 1217 2231 aberravit
1261 2176 1562 2240 haereticis,
1610 2175 1699 2244 qui
1731 2173 2002 2228 Christum

412 2288 518 2326 non
546 2287 728 2326 verum
753 2270 1048 2330 hominem.
1081 2271 1173 2324 sed
1205 2269 1457 2333 hominis,
1490 2278 1547 2321 ut
1569 2267 1803 2327 aiebant.
1835 2268 2005 2336 phan-

409 2375 578 2419 tasma
598 2406 615 2431 ,
645 2374 699 2419 et
738 2365 1012 2418 hominem
1043 2363 1436 2431 phantasticum
1466 2360 1630 2415 fuisse
1657 2361 1819 2414 stulte
1855 2374 2004 2414 asse-

408 2459 670 2511 ruerunt?
700 2457 916 2511 Minime
947 2456 1200 2527 gentium.
1242 2455 1372 2509 Nam
1403 2469 1470 2508 ex
1504 2455 1600 2518 iis,
1632 2469 1752 2522 qua:
1779 2453 1846 2507 ab
1887 2453 2006 2522 ipso

412 2549 480 2604 de
509 2548 708 2604 Christi
739 2551 842 2604 vita
881 2559 936 2604 et
967 2561 1141 2604 morte
1173 2549 1366 2604 tradita
1397 2548 1840 2610 memoravimus,
1887 2547 2006 2601 luce

413 2641 706 2696 meridiana
737 2641 936 2696 clarius
963 2641 1221 2711 probatur
1249 2656 1372 2694 eum
1413 2646 1564 2694 certo
1602 2641 1806 2693 certius
1835 2638 2008 2694 credi-

415 2735 562 2790 disse
608 2750 791 2789 veram
833 2750 861 2788 a
903 2734 1116 2789 Christo
1160 2742 1490 2802 assumptam
1524 2732 1687 2786 fuisse
1721 2733 2007 2786 humanam

414 2840 657 2886 naturam
682 2871 695 2892 ,
731 2845 1022 2899 verumque
1067 2829 1359 2883 humanum
1396 2841 1614 2896 corpus.
1645 2826 2005 2894 Quamobrem

400 2924 482 2977 .iis
528 2923 768 2987 vot-ibus,
819 2924 1021 2976 homine
1057 2921 1292 2975 simulato
1314 2961 1330 2985 ,
1359 2920 1498 2974 idem
1545 2919 1838 2989 significat,
1871 2932 1934 2972 ac
1963 2919 2009 2971 si

416 3017 638 3070 dixisset
683 3015 901 3070 homine
947 3029 1206 3084 expresso
1247 3022 1300 3067 et
1340 3011 1616 3074 exhibito,
1651 3013 1718 3063 ita
1754 3019 1810 3063 ut
1849 3025 2008 3079 quem

415 3109 750 3177 exprimebat
793 3119 846 3162 et
879 3107 1191 3171 exhibebat,
1225 3122 1386 3161 verus
1415 3113 1560 3160 esset
1588 3107 1769 3159 homo.
1803 3104 2011 3174 Negare

2105 1891 2351 1962 gustiuus
2374 1891 2512 1946 hanc
2527 1895 3046 1962 argumentationem
3079 1896 3236 1965 plane
3253 1897 3589 1952 intirmentet
3612 1896 3682 1951 di-

2108 1988 2276 2042 luant.
2309 1987 2547 2041 Primum
2587 1989 2729 2042 enim
2755 1987 2970 2044 Ethnici
2990 1990 3308 2059 objicientes
3332 1992 3525 2045 nullam
3546 2005 3684 2060 posse

2111 2077 2294 2133 alierri
2338 2080 2600 2132 rationem
2632 2095 2729 2133 cur
2756 2080 3006 2135 Christus
3039 2092 3159 2152 post
3201 2091 3276 2138 tot
3319 2083 3512 2138 saecula
3543 2082 3684 2136 homo

2111 2173 2283 2226 factus
2312 2172 2379 2226 sit
2407 2214 2421 2236 ,
2452 2188 2551 2227 suo
2580 2187 2639 2227 se
2669 2174 2845 2244 gladio
2866 2175 3203 2246 jugulabant.
3254 2177 3466 2231 Nullam
3509 2177 3686 2246 quippe

2109 2274 2159 2318 et
2199 2265 2329 2334 ipsi,
2378 2264 2452 2318 ait
2498 2275 2686 2320 auctor
2732 2279 2918 2322 noster
2951 2268 3184 2341 (Arnob.
3220 2269 3310 2322 lib.
3334 2312 3350 2336 ,
3380 2285 3435 2334 tt,
3467 2269 3574 2341 96),
3614 2283 3687 2323 ra-

2113 2358 2312 2410 tionem
2344 2357 2474 2411 dare
2503 2368 2752 2426 poterant
2785 2375 2890 2415 non
2922 2363 3097 2416 solum
3128 2377 3226 2416 cur
3257 2361 3448 2434 hyems
3469 2404 3483 2427 ,
3512 2371 3685 2428 atstas,

2112 2460 2408 2504 autumnus
2429 2493 2444 2510 .
2480 2451 2693 2520 pluvia,
2720 2463 2774 2508 et
2800 2455 2905 2508 alia
2937 2455 3310 2524 hujuscemodi
3347 2474 3452 2511 non
3475 2472 3568 2518 eo.
3598 2471 3691 2526 quo

2112 2553 2359 2610 oportet,
2407 2554 2712 2614 opportuno
2755 2556 2998 2616 tempore
3023 2562 3169 2619 sche
3197 2550 3401 2618 smpius
3429 2549 3689 2612 accidant;

2112 2634 2206 2686 sed
2243 2635 2576 2703 potissimum
2620 2651 2718 2690 cur
2743 2637 3034 2705 Hercules,
3085 2639 3468 2709 IEsculapius,
3501 2651 3552 2695 et
3579 2640 3690 2706 alii,

2113 2742 2250 2796 quos
2275 2727 2340 2780 ad
2389 2727 2664 2784 hominum
2719 2731 3002 2787 utilitatem
3053 2742 3207 2790 natos
3232 2749 3359 2807 esse
3391 2735 3692 2799 credebant,

2115 2820 2167 2873 in
2212 2821 2468 2876 mundum
2503 2832 2610 2876 tam
2643 2840 2766 2878 sero
2793 2827 3114 2895 prodierint.
3149 2828 3416 2884 Eutndem
3461 2831 3607 2900 plane
3648 2829 3694 2883 in

2116 2914 2334 2968 modum
2364 2915 2698 2985 Augustinus
2728 2918 2851 2972 illos
2881 2935 2947 2974 ex
2991 2923 3380 2992 mysteriorum
3404 2965 3420 2990 ,
3453 2924 3520 2978 ab
3541 2925 3603 2978 iis
3627 2924 3698 2978 in-

2116 3010 2462 3076 stitutoruin,
2514 3012 2684 3081 prima
2743 3015 2986 3084 origine,
3026 3016 3171 3085 quod
3237 3017 3436 3072 eodem
3492 3017 3691 3080 recidit,

2117 3101 2312 3156 acriter
2333 3103 2533 3158 refellit
2561 3123 2572 3158 :
2611 3125 2627 3156 ι
2658 3106 2765 3172 Ipsi
2787 3149 2800 3167 ,
2834 3126 2852 3158 ι
2883 3107 3055 3177 inquit
3081 3107 3384 3180 (Augustin.
3407 3151 3423 3175 ,
3452 3111 3544 3164 loc.
3571 3106 3693 3179 cit.).

417 3209 594 3255 tamen
625 3217 728 3254 non
754 3216 1039 3270 possumus
1065 3201 1134 3254 ibi
1158 3200 1453 3254 Arnobium
1485 3198 1775 3268 improprie
1801 3198 2007 3251 minus-
2038 3181 2083 3244 C
2125 3217 2141 3248 ι
2176 3197 2358 3252 dicant
2389 3207 2568 3253 utrum
2593 3201 2892 3270 profuerint
2917 3201 3224 3258 hominibus
3245 3205 3472 3260 deorum
3499 3219 3695 3260 suorum

417 3311 523 3365 que
549 3303 796 3348 accurate
842 3293 1010 3361 loqui.
1041 3293 1146 3348 Sed
1186 3295 1305 3363 quis
1345 3291 1684 3347 Aristarchus
1733 3307 1835 3345 non
1882 3291 2012 3346 satis

420 3387 733 3456 castigatum
769 3387 1078 3460 huiusmodi
1105 3386 1356 3456 loquendi
1383 3385 1598 3439 modum
1623 3385 1827 3440 homini
1857 3385 2012 3441 facile

421 3496 526 3534 non
556 3479 882 3535 condonahit
903 3523 917 3545 ,
952 3480 1041 3552 qui
1072 3495 1216 3548 saepe
1247 3480 1445 3549 szepius
1477 3478 1655 3534 verbis
1699 3479 1865 3532 utitur
1893 3479 2012 3533 bar-

417 3571 562 3626 baris
592 3583 646 3628 et
671 3572 949 3638 obsoletis,
982 3587 1078 3626 nec
1109 3588 1238 3641 pure
1261 3581 1317 3626 et
1341 3570 1628 3626 emendate
1661 3571 1938 3640 loquitur?

1010 3723 1301 3762 ARTICULUS
1341 3724 1417 3761 Ill.

422 3821 516 3872 Cur
532 3822 754 3871 Christus
787 3823 930 3870 homo
956 3821 1110 3872 factus
1131 3824 1211 3876 sit.
1241 3835 1328 3869 cur
1352 3829 1449 3870 tam
1473 3833 1608 3880 sero,
1632 3833 1725 3867 nec
1747 3819 1894 3880 longe
1926 3832 2014 3867 an-

419 3943 424 3947 _
485 3892 590 3942 tea;
616 3886 731 3947 quid
749 3884 812 3947 de
837 3886 1116 3933 hominibus
1134 3893 1246 3932 ante
1269 3885 1421 3946 ipsius
1437 3892 1596 3931 ortum
1609 3884 1837 3940 mortuis,
1857 3889 2016 3947 actum

484 3946 651 4006 fuerit,
681 3949 762 3996 ubi
785 3946 850 3994 de
870 3948 1144 3996 hominibus
1169 3948 1405 4008 giganteo
1423 3959 1648 4010 corpore,
1672 3951 1722 3993 et
1745 3946 2017 3995 sti'ntoreis

485 4010 732 4059 infantium
757 4010 1018 4069 vagitibus.

493 4135 600 4190 Cur
627 4135 872 4190 Christus
899 4138 1060 4189 homo
1083 4136 1254 4190 factus
1275 4135 1362 4200 sit,
1395 4136 1439 4190 si
1466 4134 1534 4189 ab
1563 4133 1802 4188 Arnobio
1836 4142 2017 4201 postu-

420 4229 520 4291 les,
553 4228 689 4283 hanc
723 4229 815 4281 tibi
845 4227 1034 4282 reddet
1063 4229 1326 4280 rationem
1353 4242 1366 4278 :
1398 4228 1518 4295 quia
1574 4245 1592 4274 ‹
1632 4226 1714 4281 ΑΙ)
1745 4225 2019 4295 religioni-

424 4321 525 4375 bus
548 4338 644 4375 nos
666 4320 811 4374 falsis
839 4320 1150 4388 religionem
1178 4319 1409 4372 traduxit
1430 4319 1495 4371 ad
1522 4334 1738 4384 veram;
1763 4319 1832 4373 ab
1851 4319 2020 4388 signis

424 4411 706 4474 inertibus,
738 4422 896 4482 atque
921 4429 987 4467 ex
1019 4409 1276 4465 vilissimo
1304 4411 1544 4465 formatis
1569 4412 1702 4475 luto,
1731 4410 1796 4464 ad
1842 4411 2018 4464 sidera

421 4505 719 4559 sublevavit
740 4514 794 4558 et
819 4505 1036 4572 coelum,
1066 4514 1120 4557 et
1146 4519 1266 4558 cum
1295 4504 1514 4558 domino
1536 4520 1713 4558 rerum
1741 4505 1869 4568 Deo,
1895 4518 2020 4570 sup-

426 4599 775 4670 plicationum
822 4601 947 4653 fecit
989 4600 1152 4654 verba
1199 4607 1360 4670 atque
1403 4599 1703 4654 orationum
1750 4597 2016 4667 colloquia

424 4691 670 4745 miscere.
709 4711 726 4743 ι
774 4689 1026 4761 (Arnob.,
1076 4691 1163 4743 lib.
1212 4707 1250 4752 ι.
1304 4708 1425 4761 pag.
1478 4689 1610 4760 Ἡ.)
1654 4690 2016 4758 Quamobrem

427 4786 544 4839 inec
569 4785 637 4840 de
668 4785 848 4855 seipso
881 4802 984 4837 non
1009 4784 1125 4838 sine
1151 4787 1286 4855 grati
1319 4786 1538 4839 omnino
1569 4783 1734 4836 animi
1763 4784 2015 4837 testifica-

428 4878 573 4932 tione
609 4876 778 4944 palam
813 4875 1068 4943 ιιντράἰριιι
1101 4894 1112 4928 :
1153 4895 1170 4925 ι
1209 4875 1358 4929 Nunc
1381 4874 1605 4929 doctore
1631 4884 1778 4928 tanto
1812 4874 1866 4928 in
1904 4875 2017 4929 vias

428 4971 667 5026 veritatis
690 4969 957 5033 inductus,
991 4970 1170 5023 omnia
1216 4971 1314 5023 ista
1350 4985 1468 5038 qua:
1511 4969 1637 5035 sint,
1671 4969 1782 5023 scio
1813 4987 1826 5022 :
1856 4969 2015 5040 digna

429 5063 496 5118 de
539 5063 712 5133 dignis
756 5063 932 5115 sentio
955 5101 968 5124 ,
1003 5061 1385 5115 contumeliam
1414 5061 1615 5114 nomini
1647 5060 1851 5116 nullam
1879 5061 2016 5117 facio

425 5157 638 5220 divino;
681 5167 734 5211 et
787 5156 914 5226 quid
961 5155 1153 5224 cuique
1196 5155 1456 5210 debeatur
1481 5157 1567 5210 vel
1597 5171 1875 5224 personm,
1933 5157 2017 5211 vel

426 5250 608 5318 capiti,
644 5247 941 5303 inconfusis
972 5246 1259 5316 gradibus,
1289 5257 1450 5317 atque
1481 5249 1889 5303 auctoritatibus
1916 5248 2016 5302 tri-

428 5343 554 5396 buo.
590 5364 606 5394 ι
643 5341 827 5413 (Ibid)
850 5341 1048 5398 Verum
1071 5343 1323 5412 gentiles,
1344 5343 1536 5412 quibus
1566 5344 1694 5397 nihil
1725 5343 2013 5414 antiquius,

427 5447 587 5501 quam
630 5432 829 5502 optima
856 5449 1082 5503 qumque
1109 5433 1243 5487 diris
1270 5449 1514 5487 errorum
1547 5449 1764 5488 suorum
1794 5433 2014 5488 inficere

427 5525 680 5588 venenis,
737 5525 860 5580 inde
908 5527 1329 5580 sacratissimum
1389 5526 1771 5580 inearnationis
1815 5524 2011 5580 Christi

426 5615 739 5684 mysterium
763 5616 1012 5671 vellicare
1037 5616 1394 5672 conabantur.
1411 5617 1731 5672 Christianis
1747 5615 2010 5685 siquidem

425 5706 753 5774 objiciehant
819 5707 1018 5776 (lbid.,
1071 5709 1159 5764 lib.
1197 5726 1267 5778 ιι,
1313 5727 1432 5781 pag.
1479 5709 1592 5778 96),
1633 5709 1676 5762 si
1717 5723 1804 5763 res
1843 5707 1912 5761 ita
1954 5724 2013 5763 se

417 5798 636 5864 habeat,
668 5799 866 5854 nullam
894 5799 1010 5855 dari
1040 5816 1201 5874 posse
1238 5802 1500 5857 rationem
1544 5815 1641 5856 cur
1685 5797 1935 5855 Christus
1974 5816 2004 5856 a

2118 3305 2269 3344 sacra
2295 3332 2309 3355 ,
2337 3308 2456 3360 qua:
2485 3304 2699 3347 constat
2723 3295 2889 3348 certis
2917 3296 3252 3366 temporibus
3283 3298 3565 3353 instituta?
3583 3298 3698 3364 Quae

2117 3381 2160 3434 si
2194 3394 2390 3453 negant
2434 3383 2635 3455 aliquid
2684 3385 2949 3456 profuisse
2993 3387 3059 3440 ad
3106 3387 3410 3444 animarum
3455 3390 3694 3450 salutem.

2119 3474 2398 3529 nobiscum
2439 3492 2500 3532 ea
2551 3477 2866 3541 destruunt,
2927 3487 2982 3532 et
3035 3479 3212 3533 inania
3265 3495 3392 3536 esse
3447 3484 3692 3536 conliten-

2120 3575 2324 3620 tur.....
2358 3568 2412 3622 Si
2465 3584 2594 3624 vero
2637 3584 2700 3625 ea
2730 3569 3056 3634 defendunt,
3109 3581 3164 3625 et
3215 3572 3496 3640 sapienter
3543 3585 3688 3643 atque

2119 3658 2322 3712 utiliter
2351 3673 2597 3715 asserunt
2646 3663 2888 3716 instituta
2908 3703 2922 3724 ,
2957 3678 3142 3734 quaero
3170 3664 3299 3734 quid
3352 3675 3526 3720 actum
3555 3667 3620 3720 sit
3643 3664 3701 3720 de

2121 3751 2204 3804 his
2226 3793 2238 3812 ,
2269 3753 2360 3821 qui
2389 3763 2680 3824 antequam
2713 3756 2827 3809 hare
2856 3757 3093 3811 instituta
3118 3767 3299 3813 essent
3318 3801 3332 3822 ,
3371 3771 3546 3815 morte
3566 3758 3694 3814 obie-

2120 3850 2279 3906 rant;
2317 3846 2415 3898 hac
2440 3845 2580 3900 enim
2613 3846 2799 3917 utique
2825 3848 3003 3903 salute
3031 3857 3191 3918 atque
3223 3849 3458 3904 utilitate
3483 3850 3694 3906 fraudati

2119 3945 2264 3991 sunt.
2299 3937 2356 3992 Si
2382 3948 2562 3993 autem
2613 3949 2903 4010 potuerunt
2947 3943 3054 3996 alio
3106 3943 3267 3997 modo
3316 3946 3568 4015 purgari,
3615 3959 3698 3998 cur

2121 4044 2226 4082 non
2273 4029 2412 4086 idem
2467 4032 2657 4086 modus
2711 4035 3082 4104 perseveravit
3139 4038 3191 4089 in
3249 4038 3537 4106 posteros?
3577 4037 3696 4106 Quid

2119 4137 2256 4192 opus
2295 4133 2412 4178 erat
2469 4124 2750 4178 instituere
2802 4127 3032 4181 novitias
3081 4131 3550 4197 consecrationes,
3595 4144 3698 4199 qua:

2120 4218 2414 4287 antiquitus
2443 4234 2548 4273 non
2579 4219 2833 4276 fuerunt?
2873 4240 2893 4274 ›

2194 4311 2543 4378 Responderc
2587 4323 2764 4368 autem
2820 4329 2924 4369 non
2979 4326 3228 4384 poterant
3278 4320 3479 4374 nullam
3527 4321 3695 4375 horum

2121 4416 2280 4471 posse
2311 4404 2426 4456 dari
2459 4405 2743 4460 rationem.
2780 4405 2858 4461 Eo
2878 4408 3020 4462 enim
3054 4411 3169 4477 ipso
3210 4411 3448 4481 aliquam
3491 4411 3557 4468 de
3593 4425 3700 4465 sero

2118 4492 2322 4548 Christi
2343 4495 2574 4550 adventu
2597 4514 2626 4550 a
2654 4497 2967 4553 Christianis
2995 4516 3101 4554 non
3132 4501 3249 4556 sine
3283 4503 3476 4573 injuria
3503 4504 3699 4574 exigere

2044 4580 2598 4646 Dconvincebantur.
2632 4591 2686 4647 Si
2715 4609 2874 4664 quam
2926 4609 3054 4650 vero
3104 4595 3419 4664 proferant,
3475 4597 3697 4654 eamdem

2121 4692 2176 4736 et
2205 4681 2480 4737 christiani
2512 4686 2805 4753 proferent.
2833 4687 2969 4741 Hinc
2995 4686 3266 4744 Arnobius
3296 4687 3482 4747 noster
3509 4709 3521 4745 :
3559 4709 3578 4742 ι
3610 4690 3698 4744 Ra-

2121 4775 2353 4839 tionem,
2388 4795 2406 4826 ι
2442 4776 2513 4830 ait
2556 4775 2824 4847 (Arnob..
2869 4780 2968 4832 loc.
3015 4781 3102 4834 cit.
3128 4781 3168 4851 ),
3223 4800 3242 4833 ι
3274 4783 3506 4855 aliquam
3554 4784 3698 4839 fuisse

2119 4867 2329 4923 dicetis.
2360 4867 2516 4922 Ratio
2545 4885 2676 4938 ergo
2705 4880 2759 4924 et
2790 4871 2873 4925 hic
2904 4871 3030 4937 fuit,
3083 4889 3180 4928 cur
3227 4891 3331 4930 non
3379 4894 3567 4948 nuper,
3611 4875 3694 4931 sed

2120 4961 2281 5016 hodie
2328 4962 2620 5030 sospitator
2669 4963 2834 5017 nostri
2884 4966 3101 5034 generis
3155 4969 3465 5026 adveniret.
3520 4989 3538 5024 ι
3597 4970 3695 5026 Au-

2119 5057 2364 5125 gustinus
2418 5071 2584 5110 vero:
2616 5076 2632 5107 ι
2669 5057 2778 5112 Cur
2819 5057 2957 5113 hanc
3003 5063 3357 5125 quaestionem
3409 5065 3697 5120 christiana:

2121 5150 2366 5219 religioni
2395 5151 2666 5220 ingerunt,
2700 5152 2752 5206 in
2776 5169 2934 5223 quam
2960 5155 3116 5210 nobis
3135 5156 3234 5227 ipsi
3257 5173 3356 5228 pro
3373 5158 3477 5213 diis
3493 5159 3600 5214 suis
3619 5164 3699 5212 aut

2119 5243 2444 5312 respondere
2466 5259 2571 5298 non
2597 5256 2840 5316 possunt,
2860 5249 3010 5302 autsi
3033 5261 3277 5319 possunt,
3316 5251 3368 5305 in
3395 5267 3462 5307 eo
3484 5251 3596 5322 ipso
3608 5249 3695 5304 sibi

2118 5334 2279 5389 etiam
2311 5351 2406 5404 pro
2449 5331 2705 5405 refigionc
2751 5349 2928 5394 nostra
2961 5341 3329 5412 respondent?
3359 5364 3376 5396 ›
3415 5345 3653 5416 (August.
3677 5383 3690 5403 ,

2120 5429 2221 5483 loc.
2255 5427 2378 5501 cit.)
2412 5429 2587 5485 Fateri
2611 5431 2770 5501 igitur
2799 5432 3070 5488 debebant
3101 5433 3179 5489 fas
3207 5451 3314 5490 non
3359 5451 3479 5491 esse
3504 5434 3687 5490 homini

2119 5524 2346 5576 scrutari
2377 5524 2598 5578 consilia
2633 5526 2763 5590 Dei,
2797 5529 2886 5596 qui
2916 5539 3140 5583 noverat
3169 5531 3427 5601 temporis
3453 5545 3556 5601 quo
3598 5527 3684 5582 hu-

2119 5631 2279 5668 mano
2322 5619 2502 5685 generi
2541 5619 2827 5674 subvenire
2872 5619 3056 5674 debuit
3098 5625 3549 5692 Opportunitatem
3578 5621 3690 5690 (Ar-

2118 5709 2274 5776 nob.,
2322 5710 2446 5764 ibid.
2472 5711 2513 5784 ).
2573 5712 2743 5767 Simili
2800 5730 3015 5786 quoque
3069 5730 3332 5786 responso
3381 5716 3689 5787 Augustinus

2118 5800 2244 5858 huic
2286 5805 2568 5874 quzestioni
2615 5803 2876 5860 satisfacit
2905 5824 2919 5862 :
2953 5825 2974 5859 ι
3003 5807 3136 5863 Cum
3176 5822 3283 5863 non
3315 5805 3532 5864 fortuito
3549 5805 3644 5862 labi
3669 5841 3687 5862 ο
