3904 6326
173 322 254 377 475

173 532 270 604 quid
294 533 477 606 cuique
504 539 733 608 tempori
774 551 957 611 aptum
986 550 1042 596 et
1068 553 1427 613 opportunum
1473 548 1576 612 sit,
1625 547 1725 602 hu-

173 641 356 680 manum
399 629 683 685 consilium
733 634 1186 705 prretergreditur,
1240 647 1295 692 et
1336 637 1484 694 illine
1514 640 1724 712 disper-

172 720 308 781 titur,
360 719 499 775 unde
564 722 681 792 ipsa
746 725 1082 792 providentia
1156 727 1318 784 rebus
1381 732 1634 787 consulit.
1699 752 1719 784 ι

171 812 392 885 (August.
420 853 436 879 ,
485 814 612 870 ibid.
645 835 698 888 p.
744 816 916 890 ΞΠ.)
950 820 1062 877 lluc
1110 823 1273 879 etiam
1314 825 1538 881 accedat
1589 828 1720 882 Am’-

167 906 475 978 brosius,qui
504 910 556 965 in
579 912 811 982 quodam
834 930 1086 972 sermone
1113 918 1165 972 in
1197 917 1314 975 haec
1334 920 1525 981 psalmi
1550 923 1723 977 centi-

164 998 260 1053 simi
280 1000 467 1056 decimi
490 1002 661 1057 octai'i
684 1006 845 1060 verba
878 1024 892 1061 :
916 1007 1138 1079 Tempus
1158 1010 1384 1080 faciendi
1407 1056 1421 1079 ,
1477 1013 1722 1083 Domine,

163 1092 381 1149 similiter
400 1094 614 1152 dixerat
642 1115 655 1151 :
692 1118 711 1151 ι
745 1099 860 1156 Νοιι
886 1102 1109 1173 jubeudi
1132 1146 1149 1172 ,
1170 1107 1263 1162 sed
1292 1108 1560 1175 faciendi,
1595 1111 1725 1181 quia

161 1200 247 1241 non
275 1187 494 1259 legatus,
529 1205 704 1262 neque
734 1196 974 1263 nuntius,
1008 1196 1101 1253 sed
1135 1197 1392 1255 Dominus
1419 1201 1728 1259 salvaturus

160 1287 254 1331 erat
280 1279 533 1348 populum
563 1299 743 1339 suum.
772 1284 839 1340 Et
866 1286 956 1342 ille
973 1288 1192 1359 quidem
1221 1298 1433 1362 tempus
1478 1293 1689 1350 sciebat
1708 1337 1723 1361 ,

161 1377 200 1424 et
224 1371 656 1440 noudilferebat,
687 1376 783 1434 sed
817 1393 918 1435 nos
963 1382 1336 1438 nesciebamus
1377 1400 1483 1456 quo
1532 1386 1727 1442 melius

161 1470 375 1532 tempore
425 1468 758 1524 subveniret.
819 1490 838 1523 ι
887 1470 906 1541 (
953 1473 1232 1545 Ambros.,
1292 1493 1446 1532 scrin.
1496 1478 1597 1545 16,
1672 1480 1726 1534 in

162 1558 270 1623 piat.
317 1573 504 1621 cxvut,
550 1561 585 1631 Ῡ
635 1561 761 1632 126,
804 1565 1139 1639 pag.H81.)

218 1647 383 1720 Pergit
425 1652 729 1719 Arnobius,
778 1664 834 1711 et
878 1657 1040 1713 aliam
1086 1674 1183 1715 cur
1207 1657 1457 1721 Christus
1486 1670 1643 1719 antea
1672 1663 1726 1718 in

161 1743 386 1799 mundum
411 1761 519 1801 non
542 1750 778 1817 venerit,
802 1751 1008 1823 profert
1029 1754 1293 1811 rationem
1313 1756 1397 1811 his
1415 1772 1727 1828 expressam

1406 336 1470 393 IN
1511 339 1885 414 ABNOBIUM,
1926 351 2080 411 CAP.
2124 358 2254 418 Vill.

172 439 244 494 sed
268 437 437 494 divina
476 441 809 511 providentia
862 454 1103 519 tempora
1145 449 1383 507 ordinari
1429 451 1718 521 fateantur,
1751 465 1798 523 Α
1827 471 1909 530 no

3315 380 3423 439 474

1913 492 2064 533 mero
2108 482 2325 553 fingitur
2367 497 2473 545 tam
2516 491 2743 548 validam
2794 493 3051 553 habuisse
3093 511 3313 565 vocem,
3365 511 3426 558 ut

1827 569 2210 666 quinquaginta
2224 579 2500 639 hominum
2518 585 2810 643 clamorem
2828 588 3140 662 adtequaret
3155 590 3421 666 (Horum,

1826 663 2014 731 Iliad.,
2045 668 2096 732 ii,
2131 681 2251 726 ante
2276 674 2367 741 ﬁn.
2392 673 2435 747 ).
2465 675 2635 746 Quam
2677 694 2808 737 sane
2854 681 2926 738 ob
2970 663 3184 741 causam
3227 685 3424 744 alicubi

1828 760 2106 821 Iuvenalis
2129 765 2325 822 cecinit
2352 784 2366 823 :

1924 914 2016 985 Tu,
2043 930 2210 993 miser,
2233 930 2499 993 exclamas,
2517 940 2573 984 ut
2590 935 2820 988 Stentora
2842 940 3046 990 vincere
3063 943 3237 1006 possis.

2453 1018 2673 1082 (Jovem,
2710 1020 2850 1073 satir.
2871 1025 2950 1084 15,
2975 1035 3103 1077 vers.
3127 1026 3228 1091 22.)

1826 1162 1897 1220 Et
1936 1164 2053 1221 huic
2079 1165 2293 1236 quidem
2323 1168 2523 1225 idcirco
2552 1179 2867 1227 annotamus
2888 1213 2905 1238 ,
2963 1180 3020 1228 ut
3065 1173 3133 1229 ab
3175 1174 3425 1234 omnibus

1831 1261 2165 1330 intelligatur
2208 1277 2313 1333 quo
2361 1263 2479 1334 iure
2522 1265 2792 1321 Arnobius
2833 1265 3027 1322 dixerit
3078 1268 3422 1339 imminutas,

1831 1355 2121 1412 fatentibus
2151 1357 2426 1424 Ethnicis,
2459 1359 2736 1415 hominum
2766 1361 2907 1416 vires
2927 1404 2941 1427 ,
2974 1376 3035 1418 ac
3064 1362 3333 1419 Christum
3357 1378 3424 1420 eo

1831 1448 2056 1507 forsitan
2107 1462 2350 1522 tempore
2397 1450 2664 1508 hominem
2713 1453 2944 1522 factum,
2989 1470 3096 1527 quo
3142 1454 3354 1527 fractior
3377 1464 3425 1511 ct

1830 1547 2086 1616 inﬁrmior
2113 1546 2210 1601 fuit
2240 1545 2472 1603 humana
2522 1558 2708 1605 natura
2730 1591 2745 1618 ,
2776 1548 3050 1623 magisque
3077 1549 3197 1622 ejus
3226 1549 3424 1606 auxilio

1830 1639 2120 1711 indigebat.
2600 1692 2605 1695 .

1903 1733 2073 1789 Porro
2100 1741 2277 1789 autem
2312 1734 2469 1789 aliam
2521 1734 2612 1791 ille
2652 1735 2872 1806 insuper
2913 1735 3090 1792 reddit
3119 1735 3420 1804 rationem,

160 1838 334 1895 verbis.
367 1858 385 1891 ι
415 1840 598 1897 Potest
621 1844 768 1912 fieri,
800 1854 855 1900 ut
898 1855 1008 1901 tum
1037 1846 1254 1904 demum
1289 1826 1531 1905 emiserit
1560 1850 1723 1906 Chri-
1755 1869 1804 1930 Β
1831 1841 1929 1882 c‘"
1955 1826 2203 1930 ωηξῖῗίυδ
2231 1842 2336 1930 "9"
2367 1828 2513 1898 prius
2556 1827 2827 1930 hominem
2854 1829 3118 1930 induerit?
3169 1829 3294 1901 quia
3339 1829 3422 1930 iﬁ-

161 1939 277 1985 stum
306 1933 561 1989 Dominus
582 1937 925 2008 omnipotens
945 1982 959 2006 ,
992 1950 1272 2010 postquam
1294 1958 1426 2013 gens
1448 1943 1724 2001 hominum

162 2023 377 2091 fractior,
425 2036 481 2081 et
528 2027 793 2084 infirmior
841 2033 1006 2102 coepit
1055 2048 1177 2089 esse
1227 2046 1411 2092 nostra
1460 2047 1665 2094 natura.
1701 2057 1721 2092 ι

161 2118 387 2185 (Arnob.,
414 2119 504 2173 lib.
538 2136 595 2187 ιι,
630 2138 749 2192 pag.
780 2122 902 2193 97.)
945 2125 1187 2181 Arnobio
1240 2139 1430 2184 nostro
1462 2129 1724 2201 sulfraga~

160 2220 229 2263 tur
257 2212 426 2266 adlme
457 2212 802 2281 Ambrosius,
834 2217 921 2287 qui
955 2216 1047 2272 ubi
1097 2217 1166 2274 de
1216 2219 1592 2277 benedictione
1630 2237 1729 2295 pa-

159 2302 382 2359 triarchae
431 2304 633 2376 Joseph
665 2322 972 2363 sermonem
1007 2308 1169 2378 fecit,
1226 2311 1342 2367 haec
1392 2314 1727 2371 citatGene.

158 2408 263 2450 secs
282 2396 443 2451 verba
474 2415 487 2452 :
515 2398 733 2453 Amabat
761 2417 873 2455 eum
897 2399 1060 2457 Jacob
1081 2447 1094 2468 ,
1130 2405 1249 2473 quia
1280 2405 1422 2473 ﬁlius
1458 2409 1730 2464 senectutis

158 2500 250 2542 erat
278 2490 397 2557 illi;
424 2506 490 2546 ac
538 2494 883 2551 continenter
928 2497 1153 2567 adjicit:
1192 2517 1210 2549 ‹
1249 2498 1406 2567 Quod
1450 2502 1614 2557 etiam
1662 2502 1730 2559 ad

156 2580 402 2640 Christum
436 2585 693 2642 refertur.
721 2588 1035 2667 Senescenti
1064 2592 1207 2648 enim
1250 2593 1472 2663 mundo,
1524 2604 1578 2649 et
1617 2595 1729 2667 jam

155 2676 398 2732 occidenti
438 2678 763 2736 illucescens
810 2666 904 2738 oéi
953 2684 1129 2752 lilius,
1160 2701 1257 2756 per
1287 2686 1468 2742 Maria:
1495 2688 1732 2762 Virginis

154 2780 350 2840 partum
396 2786 555 2827 serus
600 2774 853 2843 advenit,
903 2777 1054 2847 quasi
1104 2778 1245 2833 lilius
1271 2781 1600 2848 senectutis,
1638 2797 1729 2838 se-

153 2864 366 2920 cundum
395 2879 799 2924 sacramentum
825 2871 1063 2939 suscepit
1087 2886 1305 2943 corpus,
1336 2875 1425 2944 qui
1447 2885 1567 2930 erat
1605 2886 1733 2934 ante

153 2957 330 3013 secula
373 2974 592 3029 semper
631 2961 770 3032 apud
813 2962 1047 3020 Patrem.
1081 2985 1101 3018 ι
1172 2966 1472 3036 (Ambros.,
1530 2970 1620 3025 lib.
1671 2947 1774 3026 de‘

154 3047 398 3107 Bcnedict.
446 3051 744 3108 Palriarclt.
767 3096 781 3119 ,
816 3072 933 3127 cap.
967 3057 1057 3123 ll,
1096 3057 1125 3131 §
1168 3058 1259 3126 48,
1286 3077 1407 3131 pag.
1441 3061 1596 3134 527.)

208 3143 411 3216 Negare
431 3155 612 3201 autem
643 3146 861 3203 Ethnici
889 3164 995 3205 non
1026 3161 1303 3221 poterant,
1335 3152 1411 3207 ait
1439 3153 1730 3224 Arnobius,

1830 1924 2023 1977 mirum
2055 1921 2143 1977 ille
2169 1937 2235 1977 eo
2268 1923 2383 1992 ipso
2417 1934 2659 1992 tempore
2702 1921 2841 1978 hunc
2868 1923 2919 1977 in
2949 1921 3206 1979 mundum
3233 1923 3421 1990 venit,
3518 1978 3523 1985 ,

1829 2016 1973 2088 quod
1998 2017 2351 2072 constitutum
2383 2017 2557 2073 fuerat
2601 2017 3023 2085 incommutabili
3047 2016 3265 2074 decreto
3290 2016 3386 2073 Dei
3406 2058 3422 2081 ,

1830 2112 1950 2174 cui,
1984 2119 2168 2184 utpote
2206 2120 2442 2178 aeterno,
2497 2110 2628 2167 nihil
2682 2120 3062 2183 praematurum
3091 2122 3183 2166 aut
3212 2110 3424 2166 tardum

1831 2207 1937 2265 dici
1986 2217 2183 2279 potest.
2238 2206 2451 2263 Nullum
2499 2209 2696 2280 quippe
2762 2218 2973 2278 tempus
3022 2206 3185 2262 habet
3230 2205 3422 2273 series,

1832 2305 1992 2360 sicuti
2013 2304 2252 2375 loquitur
2270 2302 2511 2377 (Arnob.,
2539 2303 2624 2358 lib.
2653 2319 2710 2370 ιι,
2734 2319 2851 2375 pag.
2877 2302 2992 2373 97),
3038 2310 3086 2357 et
3111 2299 3427 2355 continuatio

1832 2396 2166 2451 immoderata
2187 2438 2202 2463 ,
2232 2394 2283 2450 id
2312 2404 2395 2451 est
2414 2438 2430 2463 ,
2463 2397 2580 2452 sine
2602 2395 2763 2452 modo
2778 2440 2793 2463 ,
2818 2410 2881 2452 ac
2901 2395 3018 2452 sine
3044 2395 3199 2450 initio
3219 2403 3273 2450 et
3298 2391 3425 2461 fine,

1833 2490 2158 2544 saeculorum.

1908 2584 2059 2639 Tunc
2114 2584 2294 2656 itaque
2344 2581 2592 2640 Christus
2644 2585 2696 2639 in
2752 2583 3006 2640 mundum
3058 2582 3257 2638 missus
3304 2588 3423 2647 est,

1834 2676 2051 2748 quando
2075 2678 2215 2732 Dens
2243 2692 2365 2733 eum
2412 2675 2686 2733 hominem
2730 2675 2845 2731 fieri
2884 2675 3081 2732 debere
3120 2672 3421 2745 judicavit:

1842 2790 1861 2823 ι
1896 2770 2046 2827 Nihil
2089 2786 2353 2842 namque,
2389 2769 2587 2837 Deum,
2621 2790 2641 2824 ι
2698 2778 2757 2825 ιιι
2802 2770 2876 2824 ait
2927 2769 3103 2824 adhuc
3156 2765 3426 2823 Arnobius

1840 2863 2051 2939 (lbid.),
2088 2884 2108 2917 ι
2143 2865 2368 2935 cogebat
2394 2863 2732 2921 necessarias
2761 2872 3060 2934 temporum
3092 2875 3198 2916 non
3225 2873 3430 2929 exspe~

1836 2969 1985 3016 ctare
2033 2976 2334 3017 mensuras.
2368 2980 2387 3014 ι
2415 2960 2602 3016 Nonne
2629 2974 2763 3015 vero
2786 2956 2973 3014 eadem
3019 2956 3119 3013 fuit
3146 2953 3431 3026 Augustini

1838 3055 2140 3123 sententia,
2197 3071 2356 3127 quam
2408 3056 2499 3111 ille
2542 3055 2628 3111 his
2676 3053 2930 3126 explicuit
2967 3051 3188 3107 verbis:
3228 3068 3247 3101 ι
3275 3048 3432 3118 Quod

1837 3147 1946 3204 dixi
1972 3158 2098 3205 tunc
2127 3149 2361 3210 voluisse
2395 3145 2704 3203 hominibus
2742 3159 3003 3216 apparere
3026 3143 3333 3207 Christum,
3377 3150 3434 3196 et

156 3239 341 3293 variam
394 3254 492 3308 pro
536 3239 853 3296 diversitate
905 3251 1207 3312 temporum
1256 3244 1421 3300 fuisse
1454 3244 1733 3303 hominum
1760 3259 1806 3322 ο
1839 3242 1980 3312 apud
2007 3257 2100 3297 eos
2127 3242 2408 3313 praedicari
2437 3240 2736 3296 doctrinam
2759 3253 2933 3303 suam,
2957 3234 3174 3308 quando
3201 3232 3426 3299 sciebat.

151 3331 522 3400 conditionem,
546 3331 817 3402 aliamque
841 3334 1138 3403 priscorum
1154 3377 1169 3401 ,
1196 3352 1353 3407 quam
1374 3340 1735 3397 recentiorum

151 3422 395 3495 ﬁguram,
445 3433 503 3481 et
545 3425 781 3495 majores
825 3426 1077 3492 illorum,
1125 3444 1281 3500 quam
1333 3430 1557 3486 istorum
1592 3432 1734 3489 vires

150 3517 396 3584 (Arnob.,
419 3519 510 3574 lib.
534 3534 590 3585 ιι,
616 3536 737 3590 pag.
763 3519 880 3592 97).
926 3520 1206 3577 Traditum
1231 3523 1495 3594 siquidem
1517 3526 1734 3597 scriptis

150 3608 407 3668 habebant
433 3611 601 3667 fuisse
628 3615 758 3668 olim
798 3615 1071 3669 semideos
1093 3656 1106 3682 ,
1136 3626 1193 3671 et
1237 3615 1429 3671 heroas
1476 3618 1729 3687 immani,

147 3706 242 3762 sive
281 3708 540 3779 giganteo
584 3722 845 3779 corpore,
897 3721 955 3765 et
1000 3711 1232 3767 infantes
1279 3722 1583 3769 stentoreos
1614 3715 1731 3771 edi-

146 3798 272 3856 disse
317 3801 568 3872 vagitus,
620 3818 918 3874 eorumque
965 3819 1090 3860 ossa
1134 3815 1297 3860 tantae
1352 3806 1733 3878 magnitudinis

144 3898 292 3952 variis
320 3901 381 3954 in
413 3899 727 3970 regionibus
770 3910 920 3955 eruta
944 3942 958 3967 ,
994 3910 1051 3956 ut
1081 3903 1311 3957 humana
1343 3919 1464 3960 esse
1496 3907 1582 3960 vix
1608 3921 1731 3961 cre-

143 3987 411 4048 derentur.
442 3992 515 4047 De
535 3992 618 4046 his
638 3993 851 4048 ossibus
872 4004 1069 4065 printer
1092 3994 1420 4051 Herodotum
1437 4038 1451 4057 .
1479 3997 1730 4068 Plinium,

143 4094 190 4139 et
214 4086 461 4143 Solinum
484 4131 500 4155 ,
534 4087 651 4144 hinc
684 4090 749 4142 Δ.
774 4088 1014 4157 Gellius,
1045 4106 1167 4161 qua:
1194 4091 1259 4145 ad
1286 4092 1534 4148 Auctoris
1563 4094 1730 4148 nostri

145 4180 470 4249 propositum
512 4179 749 4246 faciunt,
799 4183 990 4237 litteris
1038 4185 1405 4254 consignavit:
1438 4205 1457 4237 ι
1489 4186 1730 4243 Herodo-

144 4282 242 4340 tus,
283 4275 456 4332 homo
494 4275 780 4345 fabulator,
809 4277 859 4331 in
885 4278 1057 4347 primo
1081 4270 1425 4336 historiarum
1457 4283 1731 4337 inventum

142 4380 247 4422 esse
270 4369 375 4423 sub
405 4378 551 4424 terra
580 4369 797 4436 scripsit
826 4369 1001 4426 Oresti
1046 4387 1243 4444 corpus
1284 4374 1460 4429 cubita
1497 4375 1733 4446 longitu-

142 4458 265 4515 dinis
288 4461 499 4517 habens
531 4473 736 4531 septem
759 4505 773 4527 ,
806 4478 926 4532 qua:
950 4462 1151 4519 faciunt
1177 4466 1342 4535 pedes
1370 4466 1650 4523 duodecim
1679 4479 1732 4524 et

141 4553 520 4619 quadrantem,
558 4554 675 4608 nisi.
706 4555 781 4618 si,
818 4563 876 4609 ut
922 4554 1189 4611 Homerus
1214 4559 1462 4628 opinatus
1491 4569 1602 4626 est,
1636 4575 1731 4615 va-

1837 3349 1891 3397 et
1941 3339 2028 3395 ubi
2077 3339 2281 3395 sciebat
2325 3353 2478 3405 esse,
2511 3340 2602 3409 qui
2633 3337 2687 3393 in
2730 3351 2852 3392 eum
2898 3335 3109 3390 fuerant
3136 3329 3428 3395 credituri;

1836 3445 2014 3507 potest
2036 3436 2197 3491 etiam
2223 3438 2302 3490 sic
2330 3433 2434 3491 diei
2470 3444 2597 3489 tunc
2621 3432 2860 3489 voluisse
2889 3429 3137 3485 homines
3167 3438 3431 3498 apparere

1835 3529 2108 3587 Christum
2130 3573 2146 3596 ,
2178 3542 2235 3587 et
2266 3531 2407 3601 apud
2442 3544 2541 3585 eos
2568 3526 2851 3599 praedicari
2897 3524 3197 3581 doctrinam
3242 3534 3428 3587 suam,

1835 3627 2052 3698 quando
2074 3626 2316 3693 sciebat,
2344 3632 2400 3681 et
2428 3624 2518 3680 ubi
2547 3621 2751 3679 sciebat
2794 3635 2947 3687 esse,
2994 3618 3084 3689 qui
3116 3616 3273 3673 electi
3310 3615 3429 3668 fue-

1835 3731 1955 3775 rant
1985 3720 2037 3774 iu
2060 3720 2180 3791 ipso
2209 3729 2337 3773 ante
2360 3715 2545 3772 mundi
2569 3712 3029 3771 constitutionem.
3061 3730 3079 3762 ι
3105 3707 3426 3784 (Augustin.,

1834 3810 2009 3877 Epist.
2056 3811 2180 3876 102,
2233 3828 2354 3882 pag.
2395 3809 2522 3876 ‘278,
2557 3820 2603 3863 et
2656 3808 2748 3862 lib.
2800 3806 2865 3860 de
2907 3802 3160 3859 Prwdcst.
3218 3810 3425 3867 sanct.,

1833 3921 1949 3965 cap.
1978 3904 2033 3968 9,
2062 3921 2183 3975 pag.
2212 3901 2366 3976 805.)

1905 3996 2060 4065 Quod
2089 4006 2271 4052 autem
2299 3995 2366 4050 ad
2418 3994 2665 4050 homines
2714 4002 2841 4049 ante
2864 3991 3138 4048 Christum
3187 3997 3431 4046 mortuos

1835 4099 2080 4161 spectat,
2127 4088 2399 4144 Arnobius
2445 4087 2682 4144 breviter
2728 4083 3024 4155 respondet
3071 4101 3085 4138 :
3140 4103 3158 4135 ι
3207 4080 3344 4151 Quid
3382 4081 3431 4135 si

1839 4186 2038 4254 priscis
2067 4184 2226 4238 aliter
2256 4181 2573 4248 subveniri,
2605 4180 2763 4236 aliter
2806 4178 2993 4235 debuit
3037 4174 3430 4248 posterioribus

1834 4279 2066 4334 consuli.
2099 4299 2117 4330 ι
2146 4276 2165 4350 (
2190 4278 2383 4332 Arnob.
2409 4318 2422 4338 .
2457 4277 2556 4331 loc.
2581 4273 2709 4348 cit.)
2733 4275 2840 4331 Sed
2870 4271 3015 4344 quod
3043 4272 3133 4328 ille
3159 4270 3432 4341 explicare

1836 4382 1927 4429 aut
1976 4371 2181 4439 noluit,
2236 4382 2327 4426 aut
2376 4369 2610 4426 fortasse
2655 4369 2802 4424 omni
2850 4368 3141 4427 christiana
3185 4366 3429 4422 doctrina

1836 4466 2074 4523 nondum
2100 4467 2258 4538 plane
2278 4466 2637 4533 informatus,
2672 4479 2778 4520 non
2808 4465 2981 4534 potuit
3000 4507 3016 4530 ,
3050 4462 3153 4518 hoc
3179 4460 3432 4517 enuclea-

1833 4562 1942 4617 tius
1988 4570 2044 4616 et
2078 4561 2300 4616 uberius
2330 4576 2360 4615 a
2401 4560 2702 4632 theologis,
2760 4569 2923 4630 atque
2950 4556 3215 4629 imprimis
3245 4558 3431 4627 Angu-

141 4642 291 4699 stiora
318 4646 730 4716 prolixioraque
768 4645 971 4702 fuerint
1011 4662 1239 4718 corpora
1272 4650 1548 4706 hominum
1587 4653 1731 4708 anti-
1758 4651 1813 4712 D
1837 4654 1981 4709 stino
2009 4653 2062 4709 in
2101 4654 2267 4708 citata
2292 4668 2323 4708 a
2354 4653 2512 4709 nobis
2546 4652 2777 4724 epistola
2820 4651 3163 4723 explanatur.
3194 4649 3269 4705 lbi
3299 4663 3431 4705 vero

141 4749 355 4805 quorum
376 4756 392 4806 ;
418 4747 476 4795 et
496 4754 640 4794 nunc
660 4741 811 4810 quasi
836 4739 946 4808 jam
972 4742 1171 4798 mundo
1191 4754 1534 4812 senescente,
1554 4762 1732 4803 rerum

139 4837 285 4900 atque
313 4832 602 4889 hominum
631 4834 973 4891 decrementa
1004 4848 1150 4893 sunt.
1179 4856 1198 4889 ι
1226 4838 1517 4911 (Ηενοάοε.
1540 4883 1557 4908 ,
1584 4842 1673 4897 lib.
1692 4860 1732 4913 ι,

143 4919 167 4990 §
197 4922 282 4988 68,
317 4942 449 4998 pag.
478 4925 568 4993 2'7;
626 4923 769 4981 Plin.
793 4969 809 4992 ,
842 4927 931 4982 lib.
959 4944 1032 4983 vn
1072 4928 1213 4984 Hist.
1237 4941 1405 4986 natur.
1430 4974 1445 4998 ,
1492 4951 1608 5006 cap.
1642 4936 1732 5003 16,

141 5032 246 5088 pag.
264 5019 370 5086 55;
407 5019 863 5090 Solin.,cap.10.
895 5023 1178 5094 pag.256;
1208 5024 1273 5080 Α.
1306 5024 1527 5095 Gellius,
1547 5029 1731 5094 lib.nt,

141 5122 245 5178 cap.
287 5112 337 5177 1,
384 5130 509 5184 pag.
545 5110 628 5184 9.)
662 5113 938 5184 Frequens
979 5127 1158 5171 autem
1200 5127 1282 5173 est
1322 5134 1382 5173 ea
1418 5119 1635 5177 Homeri
1678 5125 1731 5178 in

142 5204 294 5265 lliade
342 5211 701 5283 conquestio,
733 5228 854 5283 quae
882 5230 910 5267 a
941 5214 1114 5270 Plinio
1161 5227 1216 5272 et
1257 5217 1516 5274 iuvenale
1562 5221 1739 5279 adhuc

144 5309 347 5357 notatur
418 5303 651 5377 (Plin.,
703 5306 814 5360 loco
872 5308 1069 5373 citato;
1120 5308 1306 5366 Iuven.

143 5406 260 5449 rm.
300 5394 418 5469 69.)

208 5484 263 5539 ιιι
296 5489 672 5561 manuscripto
701 5499 879 5547 autem
912 5491 1101 5548 codice
1136 5495 1283 5564 regio
1315 5510 1412 5564 pro
1459 5506 1737 5553 stentoreos

143 5581 361 5650 vagitus,
410 5583 610 5653 legitur
649 5587 998 5654 centenarias,
1045 5588 1142 5643 scd
1186 5589 1343 5643 solita
1391 5591 1529 5645 haud
1574 5590 1736 5648 dubie

149 5670 342 5729 incuria
375 5674 584 5731 librarii
605 5717 620 5740 ,
667 5679 758 5747 qui
785 5677 1003 5749 quidem
1034 5680 1165 5751 quid
1195 5683 1455 5738 stentorei
1487 5685 1695 5754 vagitus
1718 5726 1735 5754 ,

154 5776 207 5822 et
225 5768 323 5825 alia
354 5770 514 5838 plura
542 5771 950 5842 significarent.
981 5774 1196 5842 penitus
1237 5776 1535 5848 ignorabat.
1577 5778 1735 5835 Sten-

145 5863 272 5919 torei
310 5872 495 5921 autem
539 5865 746 5937 vagitus
792 5866 916 5926 ideo
958 5867 1235 5937 dicuntur,
1262 5870 1387 5941 quia
1415 5869 1639 5929 Stentor
1667 5875 1738 5930 ab

1347 5354 1362 5379 ,
1412 5313 1564 5373 Mtir.
1627 5314 1734 5383 15,

1840 4744 1957 4801 haec
2003 4754 2203 4816 praeter
2248 4745 2353 4800 alia
2404 4745 2555 4816 plura
2604 4744 2822 4815 scripsit
2857 4764 2870 4799 :
2910 4763 2929 4797 ι
2966 4743 3049 4799 Ab
3077 4741 3303 4800 exordio
3330 4757 3432 4813 ge-

1840 4839 1992 4895 neris
2036 4838 2276 4906 humani,
2329 4839 2656 4910 quicumque
2694 4839 2749 4894 in
2790 4854 2911 4896 eum
2941 4836 3286 4913 (Christum),
3314 4851 3435 4893 cre-

1837 4939 2124 5005 diderunt.
2185 4954 2419 5011 eumque
2456 4949 2748 5010 utcumque
2796 4938 3215 5002 intellexerunt,
3247 4945 3303 4997 et
3339 4952 3432 4992 se-

1839 5033 2074 5088 cundum
2104 5033 2225 5103 ejus
2255 5040 2523 5103 praecepta
2562 5033 2649 5104 pie
2678 5041 2734 5088 et
2757 5030 2903 5102 juste
2931 5033 3221 5094 vixerunt,
3264 5044 3435 5099 quan-

1843 5126 2051 5182 dolibet
2095 5134 2151 5182 et
2196 5126 2422 5182 ubilibet
2469 5125 2708 5192 fuerint,
2763 5140 2857 5195 per
2899 5140 3023 5180 eum
3077 5120 3433 5194 proculdubio

1841 5221 1974 5275 salvi
2028 5221 2151 5276 facti
2200 5229 2345 5275 sunt.
2376 5218 2531 5276 Sicut
2581 5220 2726 5276 enim
2757 5233 2857 5273 uos
2887 5217 2939 5274 in
2967 5232 3092 5273 eum
3122 5214 3393 5271 credimus
3414 5255 3431 5279 ,

1841 5325 1898 5371 et
1922 5313 2065 5383 apud
2093 5313 2312 5369 Patrem
2346 5322 2655 5369 manentem
2678 5353 2694 5377 ,
2723 5321 2777 5368 et
2802 5311 2890 5382 qui
2920 5310 2974 5364 in
3006 5323 3170 5366 carne
3196 5306 3306 5378 jam
3336 5320 3432 5360 ve-

1842 5411 1982 5466 nerit
2018 5429 2032 5466 :
2066 5409 2147 5465 sic
2189 5409 2486 5464 credebant
2532 5409 2584 5463 in
2632 5423 2756 5464 eum
2804 5405 3008 5476 antiqui
3049 5412 3105 5460 et
3147 5400 3288 5475 apud
3331 5400 3435 5455 Pa-

1842 5511 1979 5559 trem
2012 5512 2345 5569 manentem,
2367 5511 2420 5557 et
2453 5502 2507 5557 in
2530 5516 2693 5557 carne
2712 5509 3022 5555 venturum.
3056 5518 3075 5549 ι
3105 5495 3432 5569 (Augustin.,

1840 5595 2011 5665 Epist.
2042 5595 2167 5657 109..
2204 5612 2323 5667 pag.
2353 5594 2512 5666 277.)
2536 5594 2683 5648 Alias
2712 5607 2876 5663 porro
2924 5588 3163 5644 rationes
3209 5588 3299 5657 qui
3342 5585 3437 5644 de-

1839 5693 2130 5759 siderabit,
2160 5691 2321 5746 adeat
2367 5690 2650 5761 theologos
2699 5689 2751 5742 in
2782 5686 2877 5742 lib.
2912 5701 2994 5740 ιιι.
3028 5683 3302 5750 Sentent.,
3353 5681 3435 5738 di-

1839 5788 1996 5844 tinct.
2029 5802 2070 5850 ι,
2098 5794 2264 5857 atque
2295 5785 2347 5840 in
2382 5784 2451 5839 D.
2472 5782 2749 5852 J‘liomam
2778 5779 2901 5852 1,2,
2922 5785 3116 5849 quiest.
3145 5777 3237 5841 98,
3265 5785 3371 5832 art.
3401 5775 3436 5833 6

1837 5882 1946 5936 ets
1973 5888 2144 5949 part.,
2174 5885 2368 5949 quiest.
2399 5875 2459 5946 2,
2483 5885 2588 5932 art.
2617 5875 2654 5930 5
2680 5883 2736 5931 et
2765 5874 2833 5942 6;
2868 5871 3165 5938 Petavium,
3197 5879 3331 5927 tom.
3355 5885 3436 5941 tv,
