3904 6326
455 323 566 381 475
1712 326 2165 395 ιιιεειςιιτΑτκι
2199 308 2515 396 Pomm
3615 356 3703 415 ne

456 434 730 535 Theolog.
767 436 1003 535 dogmat.
1030 482 1045 508 ,
1077 459 1198 514 cap.
1233 446 1319 513 17,
1354 460 1479 521 pag.
1506 447 1611 505 198
1654 457 1713 506 et
1754 466 1936 523 seqq.,
1992 462 2046 509 et
2072 459 2123 518 Α
2151 452 2234 508 his
2263 454 2411 509 aliud
2435 454 2789 527 adjiciemus,
2818 474 2979 531 quam
3008 476 3069 517 ea
3092 502 3109 528 ,
3154 479 3273 535 quae
3298 466 3365 521 ab
3390 468 3597 528 Oratore
3642 476 3707 530 la-

458 529 655 586 citatos
683 532 753 589 ab
777 533 857 591 eis
885 536 1141 615 antiquos
1156 538 1414 607 Ecclesiae
1442 541 1653 601 Patres.
2163 547 2275 601 tino
2299 549 2512 619 scriptis
2539 529 2850 624 consignata
2873 596 2887 620 ,
2921 554 2988 609 ad
3020 529 3394 627 explicandam
3421 529 3708 623 conﬁrman-

1054 722 1335 782 CAPUT
1374 724 1478 781 IX.

995 862 1076 919 De
1117 865 1335 920 hominis
1361 865 1564 921 Anima.

913 1038 1301 1081 ARTICULUS
1340 1034 1605 1079 PBIIUS.

462 1182 594 1245 Quas
617 1184 864 1235 Arnobius
879 1184 1026 1237 falsas
1046 1193 1292 1242 veterum.
1318 1186 1382 1236 de
1406 1187 1632 1239 humanze
1660 1191 1835 1240 animae
1861 1196 2051 1246 natura,

522 1248 718 1311 origine
744 1256 799 1300 et
819 1248 1187 1301 immortalitate
1225 1252 1486 1314 opiniones
1503 1259 1787 1311 recenseat,
1811 1265 1867 1301 ac
1893 1254 2057 1302 utrum

526 1324 613 1360 eas
632 1316 773 1361 recte
790 1311 1002 1363 refellat.

534 1457 728 1513 Mirum
758 1457 923 1514 dubio
964 1460 1151 1530 procul
1179 1460 1497 1532 quibusdam
1527 1462 1763 1528 videtur,
1811 1478 1913 1534 qua
1955 1462 2057 1518 Ar-

463 1550 660 1606 nobius
690 1553 901 1610 ratione
945 1562 1054 1609 tam
1094 1555 1299 1612 diserte
1344 1567 1627 1613 asseverat
1653 1559 1927 1613 Christum
1960 1559 2057 1611 do-

463 1644 676 1711 cuisse,
713 1665 733 1698 ι
769 1647 895 1717 quid
939 1647 1173 1705 hominis
1218 1652 1431 1717 anima;
1482 1651 1818 1707 advolaritne
1858 1650 1927 1706 ad
1958 1666 2055 1706 nos

464 1747 693 1808 sponte,
726 1753 796 1794 an
824 1755 946 1795 cum
980 1741 1110 1812 ipsis
1134 1752 1251 1799 sata
1304 1745 1410 1811 sit,
1468 1754 1522 1799 et
1568 1754 1851 1814 procreata
1881 1745 2055 1801 visce-

2160 638 2392 711 damque
2440 644 2691 700 Auctoris
2741 646 2913 701 nostri
2964 649 3286 704 sententiam
3335 655 3496 725 magis
3539 659 3711 717 condno

2159 741 2309 786 cunt.
2368 730 2425 786 lu
2484 735 2661 803 primo
2711 736 2889 807 itaque
2930 737 3354 795 Tusculanarum
3394 747 3709 815 quaestionum

2158 824 2300 881 libro
2351 825 2466 882 bare
2521 826 2721 886 habet:
2757 848 2777 881 ιι
2822 830 2960 885 Sunt
3013 833 3104 902 qui
3152 833 3446 889 discessum
3497 840 3641 893 animi
3688 857 3712 896 a

2158 935 2383 993 corpore
2427 932 2613 993 putent
2651 939 2774 980 esse
2808 936 3057 982 mortem.
3089 927 3225 983 Sunt
3272 930 3358 1000 qui
3391 930 3582 986 nullum
3608 951 3715 991 (τεη-

2158 1026 2313 1071 seant
2368 1016 2480 1073 fieri
2533 1018 2871 1081 discessum.
2918 1020 3013 1074 sed
3062 1037 3165 1077 una
3207 1024 3443 1077 animum
3474 1034 3525 1080 et
3548 1041 3736 1099 corpus

2157 1108 2439 1177 occidere,
2488 1111 2836 1182 animumque
2884 1129 3007 1168 cum
3053 1128 3282 1185 corpore
3330 1116 3594 1191 extingui;
3641 1122 3715 1193 qui

2156 1204 2437 1261 discedere
2467 1206 2703 1261 animum
2732 1217 2987 1275 censent,
3020 1209 3108 1264 alii
3140 1209 3318 1264 statim
3349 1211 3614 1281 dissipari,
3639 1214 3718 1269 alii

2159 1299 2251 1353 diu
2276 1315 2621 1368 permanere,
2654 1301 2743 1354 alii
2771 1316 3006 1370 semper.
3043 1322 3061 1355 ι
3090 1300 3316 1375 (Cicer.,
3342 1303 3428 1358 lib.
3457 1320 3477 1359 1
3516 1305 3717 1374 Tuscul.,

2159 1393 2313 1465 pag.l
2332 1393 2415 1457 l8,
2448 1395 2542 1450 lin.
2567 1393 2650 1466 4.)
2670 1394 2805 1449 Τιιιιι
2830 1394 3026 1451 deinde
3046 1398 3289 1467 singulas
3313 1397 3719 1468 philos0phorum

2158 1484 2227 1539 de
2252 1485 2416 1540 animi
2443 1495 2631 1541 natura
2657 1488 2941 1558 opiniOnos
2964 1489 3220 1559 explicat.
3247 1489 3592 1564 Posteaquam
3616 1508 3722 1549 vero

2160 1576 2436 1643 Platonis,
2471 1578 2709 1635 Socratis
2779 1590 2834 1635 et
2863 1578 3084 1635 Catonis
3129 1581 3198 1636 de
3244 1583 3440 1637 anima:
3481 1585 3724 1641 immorta-

2157 1670 2311 1727 litate
2334 1675 2633 1727 senteutias
2666 1675 2881 1741 retulit,
2916 1677 2997 1730 his
3023 1677 3098 1730 ait
3133 1678 3528 1736 coutradixisse
3554 1681 3725 1751 Epicu-

2159 1777 2302 1829 reos,
2332 1775 2494 1835 atque
2520 1765 2787 1836 imprimis
2820 1766 3212 1833 Dicmarchum,
3237 1771 3327 1840 qui
3346 1770 3728 1827 docuitanimos

465 1831 651 1899 ribus;
705 1835 897 1889 mortis
950 1837 1220 1909 particeps
1266 1836 1455 1909 degat,
1509 1853 1575 1892 an
1625 1839 2051 1895 immortalitatis

2164 1873 2279 1913 esse
2322 1831 2617 1915 mortales;
2657 1879 2676 1913 ‹
2712 1860 2879 1917 Stoici
2909 1872 3121 1928 autem,
3161 1883 3180 1916 ι
3219 1866 3393 1937 pergit
3422 1864 3725 1939 ille(lbid.,

465 1928 831 1998 perpetuitate
877 1929 1074 1988 donata
1106 1933 1196 1987 sit.
1238 1952 1257 1985 ι
1296 1930 1548 2006 (Aruob.,
1587 1935 1677 1989 lib.
1712 1950 1746 1999 ι,
1778 1951 1899 2006 pag.
1928 1933 2049 2004 22.)

463 2017 582 2074 Non
612 2020 756 2077 enim
784 2036 947 2079 ausus
975 2025 1042 2080 sit
1067 2038 1173 2080 tam
1206 2038 1585 2083 asseveranter
1632 2026 1906 2082 affirmare
1941 2028 2057 2084 hrec

464 2109 740 2169 Christum
789 2114 1079 2186 docuisse;
1130 2120 1232 2175 nisi
1278 2136 1342 2176 ea
1390 2136 1511 2192 qua:
1555 2122 1621 2176 ab
1650 2122 1739 2176 illo
1765 2120 1834 2177 de
1860 2122 2056 2176 animae

463 2206 705 2279 origine,
736 2217 926 2265 natura
969 2218 1023 2267 et
1075 2213 1481 2270 immortalitate
1509 2215 1663 2270 nobis
1688 2214 1881 2269 tradita
1908 2222 2053 2280 sunt,

463 2298 657 2371 legerit
676 2311 768 2357 aut
796 2306 1027 2360 noverit.
1057 2308 1126 2361 At
1155 2306 1303 2375 hac,
1351 2308 1630 2379 inquient,
1664 2307 1710 2363 si
1754 2307 1915 2378 legit,
1966 2316 2058 2361 aut

464 2396 644 2461 novit,
676 2411 774 2451 cur
796 2398 862 2454 ad
889 2400 1071 2455 varios
1100 2402 1168 2456 de
1193 2401 1383 2459 eadem
1416 2405 1594 2458 anima
1636 2417 1886 2457 errorum
1934 2415 2056 2456 seo-

465 2490 622 2560 pulos
654 2491 947 2550 oﬂ‘eudisse
996 2496 1275 2567 arguitur?
1302 2495 1408 2552 Sed
1441 2505 1618 2551 utrum
1670 2496 1762 2550 ille
1798 2494 1921 2567 jure
1972 2494 2056 2548 vel

464 2582 663 2652 injuria
693 2587 1036 2657 corripiatur,
1068 2588 1383 2660 priusquam
1410 2588 1785 2654 excutiamus,
1814 2588 1967 2655 juvat
1991 2600 2057 2640 ex

464 2676 794 2752 Hieronymo
814 2681 1122 2749 observare,
1148 2699 1268 2754 qua:
1288 2682 1416 2739 olim
1442 2680 1645 2738 fuerint
1664 2681 1731 2737 de
1751 2682 2057 2736 animarum

465 2770 675 2842 origine
707 2777 993 2830 sententiae
1020 2784 1073 2830 et
1115 2790 1353 2832 errores.
1386 2776 1468 2830 Ab
1513 2775 1603 2828 illo
1633 2784 1815 2831 autem
1860 2775 1912 2828 in
1960 2787 2056 2827 sua

465 2863 531 2918 ad
573 2866 926 2936 Augustinum
991 2869 1219 2938 epistola
1278 2869 1361 2925 his
1418 2868 1603 2924 verbis
1645 2878 2000 2923 recensentur
2041 2885 2058 2921 :

472 2974 491 3007 ‹
528 2956 708 3028 Super
733 2961 930 3015 animae
956 2970 1098 3017 statu
1138 2963 1362 3017 memini
1390 2973 1586 3018 vestrae
1615 2961 2021 3031 qumstiunculze
2040 3002 2055 3026 ,

467 3048 638 3105 immo
695 3054 949 3108 maximae
1016 3056 1399 3112 ecclesiastica:
1471 3056 1808 3125 quaestionis.
1866 3053 2059 3110 Utrum

466 3145 617 3215 lapsa
647 3145 714 3201 de
744 3148 885 3202 creto
914 3148 1012 3215 sit,
1062 3159 1121 3205 ut
1167 3150 1498 3223 Pythagoras
1526 3150 1873 3220 philoSOphus
1893 3191 1907 3215 ,
1940 3163 2060 3203 om-

2162 1969 2281 2024 pag.
2310 1952 2459 2024 127),
2522 1972 2542 2005 ‹
2580 1968 2796 2009 usuram
2831 1957 2987 2011 nobis
3016 1958 3321 2027 largiuntur
3354 1972 3611 2033 tamquam
3648 1977 3727 2017 co-

2159 2046 2480 2103 turnicibus.
2518 2046 2614 2101 Diu
2641 2062 2930 2104 mansuros
2954 2049 3107 2107 aiunt
3127 2050 3340 2105 animos
3360 2095 3374 2116 ,
3403 2067 3626 2122 semper,
3657 2069 3728 2109 ne-

2157 2148 2303 2211 gant.
2341 2159 2359 2191 ι
2382 2139 2514 2209 Quis
2535 2156 2665 2197 vero
2695 2157 2799 2196 non
2823 2141 2967 2199 videt
2984 2144 3203 2199 easdem
3226 2144 3552 2215 aCicerone,
3576 2158 3622 2203 et
3637 2149 3729 2218 jam

2158 2234 2322 2289 citato
2335 2233 2682 2307 Hieronymo,
2703 2247 2862 2308 atque
2879 2238 2946 2293 ab
2964 2239 3202 2293 Arnobio
3224 2251 3433 2304 nostro,
3457 2242 3507 2297 in
3526 2243 3728 2299 medium

2158 2328 2391 2399 proferri
2423 2329 2868 2399 pltiloSOphorum
2894 2330 2959 2385 de
2987 2332 3164 2387 anima
3192 2333 3500 2404 opiniones,
3518 2346 3661 2406 atque
3675 2336 3730 2391 ab

2159 2420 2266 2477 illis
2283 2421 2505 2478 indicari
2522 2423 2610 2495 qui
2630 2439 2817 2479 eorum
2838 2436 3089 2480 auctores
3103 2425 3527 2500 defensoresque
3541 2428 3727 2485 fuerint.

2230 2514 2531 2570 Absurdam
2575 2532 2702 2572 vero
2744 2518 2958 2589 Epicuri
3006 2528 3444 2597 sectatornmque
3482 2521 3594 2593 ejus
3625 2522 3723 2592 opi-

2159 2611 2435 2665 nationem
2474 2610 2556 2665 bis
2584 2611 2852 2669 Arnobius
2898 2621 3085 2667 noster
3121 2612 3317 2669 refellit
3357 2616 3610 2671 rationum
3635 2629 3731 2671 m0.-

2160 2705 2405 2760 mentis:
2442 2723 2461 2756 ‹
2499 2704 2555 2761 Si
2601 2706 2793 2760 anima:
2842 2706 2973 2761 lethi
3022 2707 3221 2762 adeant
3267 2708 3497 2779 januas,
3549 2710 3734 2781 Epicuri

2160 2809 2219 2853 ut
2248 2800 2512 2855 sententia
2541 2799 2819 2864 deﬁnitur,
2854 2817 2954 2857 nec
2981 2803 3061 2857 sic
3089 2818 3252 2858 causa
3297 2814 3385 2863 est
3415 2816 3731 2874 competens,

2160 2908 2261 2948 cur
2289 2894 2467 2964 expeti
2524 2892 2866 2966 philosophia
2917 2895 3144 2964 debeat;
3197 2898 3413 2953 etiamsi
3458 2915 3634 2959 verum
3668 2908 3737 2953 est

2163 2986 2380 3057 purgari
2423 2987 2522 3042 bac
2561 2987 2806 3055 animas,
2840 2996 3001 3060 atque
3041 2990 3110 3044 ab
3153 2992 3299 3045 omni
3354 3007 3518 3065 puras
3560 2992 3734 3049 vitiosi-

2162 3085 2272 3132 tate
2310 3077 2577 3148 praestari.
2632 3078 2763 3133 Nam
2810 3080 2853 3133 si
2908 3082 3270 3137 communiter
3325 3086 3562 3149 obeunt,
3600 3093 3650 3140 et
3690 3085 3733 3138 in

2162 3169 2293 3239 ipsis
2319 3171 2639 3241 corporibus
2688 3187 2880 3227 sensus
2924 3171 3293 3243 eis'deperit,
3326 3178 3735 3249 extinguiturque

466 3253 672 3312 nesque
703 3239 965 3298 Platonici
997 3254 1051 3300 ct
1078 3244 1332 3316 Origines
1385 3255 1614 3318 putant;
1654 3260 1719 3299 an
1767 3259 1797 3298 a
1838 3242 2055 3313 propria

2164 3260 2375 3326 vitulis,
2409 3278 2514 3315 non
2541 3272 2743 3317 tantum
2776 3272 2859 3318 est
2888 3266 3090 3319 erroris
3115 3267 3375 3335 maximi,
3411 3284 3594 3324 verum
3640 3279 3736 3322 sto-

467 3330 563 3386 Dei
589 3334 923 3404 substantia,
969 3347 1029 3391 ut
1073 3337 1270 3403 Stoici,
1323 3337 1687 3405 Manichaeus,
1734 3346 1790 3393 et
1821 3337 2055 3406 Hispana

467 3427 790 3486 Priscilliani
818 3431 1040 3488 haeresis
1067 3435 1446 3503 snSpicantur;
1476 3450 1543 3488 an
1576 3434 1627 3488 in
1660 3433 1916 3487 thesauro
1962 3431 2060 3485 ha—

467 3520 696 3579 beantur
722 3524 815 3580 Dei
845 3526 974 3581 olim
1016 3528 1286 3596 condita},
1337 3537 1397 3583 ut
1439 3528 1657 3599 quidam
1707 3526 2063 3584 ecclesiastici

466 3615 629 3670 stulta
659 3620 1007 3687 persuasione
1026 3619 1337 3686 confidunt;
1367 3635 1434 3675 an
1454 3620 1693 3692 quotidie
1713 3635 1742 3674 a
1769 3619 1882 3674 Deo
1906 3617 2059 3681 ﬁant,

466 3716 523 3762 et
549 3708 829 3767 mittantur
872 3714 924 3767 in
973 3724 1234 3783 c0rpora,
1285 3713 1581 3769 secundum
1648 3712 1783 3767 illud
1821 3710 1963 3782 quod
2007 3710 2060 3764 in

469 3800 764 3873 Evangelio
821 3806 1080 3876 scriptum
1122 3818 1238 3871 est;
1287 3807 1445 3862 Pater
1508 3820 1661 3863 meus
1729 3803 2062 3875 usquemodo

469 3908 745 3966 operatur,
792 3908 847 3953 et
883 3914 983 3970 ego
1032 3915 1261 3969 operor;
1308 3916 1377 3955 an
1422 3911 1571 3956 certe
1617 3914 1681 3954 ex
1715 3896 1970 3960 traduce,
2006 3905 2065 3950 ut

468 3989 859 4057 Tertullianus,
907 3993 1303 4064 Appollinaris,
1348 4003 1404 4048 et
1450 3992 1687 4047 maxima
1733 4005 1856 4061 pars
1903 3989 2057 4047 Occi-

468 4085 761 4141 dentalium
783 4096 1096 4155 autumant;
1128 4097 1186 4143 ut
1211 4087 1484 4159 quomodo
1503 4101 1700 4156 corpus
1722 4098 1787 4140 ex
1811 4096 2061 4153 corpore,

468 4179 548 4235 sic
571 4181 748 4235 anima
779 4191 1036 4237 nascatur
1060 4196 1127 4238 ex
1169 4183 1346 4236 anima
1368 4223 1382 4246 ,
1432 4190 1487 4238 et
1515 4180 1676 4237 simili
1723 4193 1846 4234 cum
1893 4177 2065 4233 brutis

468 4273 834 4329 animantibus
910 4275 1222 4331 conditione
1282 4274 1577 4330 subsistat?
1624 4293 1643 4326 ι
1694 4272 2059 4344 (Ηὶενοιινηι

480 4366 644 4438 Epist.
660 4368 784 4436 165,
802 4387 857 4440 ρ.
871 4367 1094 4438 582.)Et
1113 4367 1228 4424 haec
1244 4368 1458 4439 quidem
1481 4370 1603 4423 ideo
1621 4366 1924 4430 retulimus,
1939 4363 2062 4433 quia

471 4475 580 4515 non
624 4461 866 4521 inutilem
900 4464 1005 4529 bis,
1043 4480 1163 4533 quae
1214 4461 1439 4519 dicenda
1486 4471 1629 4526 sunt,
1673 4459 1842 4516 facem
1872 4458 2065 4528 praefe—

471 4560 613 4610 rent.

2162 3343 2284 3409 lida:
2312 3356 2570 3410 caecitatis
2600 3356 2825 3413 frzenare
2859 3358 3124 3430 ingenitus
3147 3362 3458 3439 appetitus,
3511 3362 3737 3418 cohibere

2164 3449 2219 3503 in
2275 3449 2542 3519 angustiis
2572 3451 2769 3517 vitam,
2832 3451 2967 3505 nihil
3023 3451 3306 3522 indulgere
3361 3465 3595 3520 naturm,
3648 3469 3735 3509 nou

2164 3540 2307 3611 quod
2338 3540 2618 3612 cupidines
2644 3543 2908 3613 jusseriut
2932 3553 3093 3614 atque
3121 3546 3500 3616 instigaveriut
3552 3548 3732 3610 facere;

2163 3646 2286 3688 cum
2322 3634 2462 3689 nulla
2487 3643 2539 3689 te
2558 3636 2775 3706 praemia
2797 3637 2927 3691 tanti
2944 3636 3143 3693 laboris
3157 3650 3473 3710 expectent,
3506 3656 3619 3696 cum
3643 3639 3737 3693 dies

2164 3731 2358 3783 mortis
2378 3727 2681 3789 advenerit.
2707 3738 2761 3784 et
2786 3732 3158 3801 corporalibus
3185 3731 3355 3788 lueris
3369 3736 3591 3790 vinculis
3604 3748 3737 3787 exso-

2165 3821 2331 3878 lutus.
2362 3842 2381 3875 ι
2405 3823 2649 3895 (Ληθὼ,
2666 3823 2754 3878 lib.
2777 3840 2834 3890 ιι,
2857 3824 2993 3894 μϐί
3016 3834 3070 3879 et
3093 3824 3407 3891 65.)Talem
3421 3843 3579 3897 porro
3596 3826 3737 3881 fuisse

2167 3913 2387 3983 Epicuri
2415 3915 2483 3969 de
2503 3917 2677 3969 anima
2704 3917 2914 3971 mortali
2942 3919 3296 3973 assertionem
3323 3920 3492 3991 liquet
3510 3936 3572 3973 ex
3594 3919 3735 3974 Locro

2167 4010 2242 4064 tio
2256 4006 2480 4083 (Laert.,
2506 4009 2595 4064 lib.
2614 4026 2664 4077 χ,
2687 4010 2750 4065 de
2776 4009 2945 4064 Vitaet
2964 4012 3136 4084 dogm.
3154 4010 3439 4087 Epicuri,§
3464 4013 3532 4071 65
3559 4022 3602 4068 et
3623 4010 3734 4081 seq.)

2167 4112 2223 4159 et
2250 4102 2534 4172 Lucretio,
2594 4105 2747 4175 cujus
2791 4104 3063 4160 Arnobius
3117 4106 3359 4164 imitatus
3399 4117 3487 4167 est
3511 4102 3734 4181 loquendi

2167 4197 2386 4254 modum
2417 4197 2524 4254 hoc
2551 4198 2605 4252 in
2634 4198 2875 4252 carmine
2897 4196 3194 4254 adhibitum
3233 4219 3247 4255 :

2260 4334 2404 4389 Haud
2427 4337 2580 4401 igitur
2602 4336 2731 4388 lethi
2753 4336 2991 4401 praeclusa
3016 4344 3096 4389 est
3110 4338 3260 4399 janua
3278 4340 3456 4391 menti.

2841 4421 3077 4486 (Lucret.
3096 4420 3180 4476 lib.
3208 4438 3277 4484 ιιι,
3292 4436 3422 4477 uera.
3446 4421 3581 4488 829.)

2240 4552 2412 4621 Quam
2439 4552 2612 4608 valida
2646 4563 2827 4609 autem
2869 4551 3337 4623 argumentatione
3377 4553 3639 4609 Arnobius
3660 4563 3735 4604 re-

542 4645 736 4703 Narrat
778 4658 956 4704 autem
986 4650 1255 4725 Arnobius
1285 4651 1554 4722 triplicem
1602 4650 1731 4706 olim
1780 4649 1946 4704 fuisse
1974 4660 2063 4702 ve.
2091 4652 2151 4715 1)
2173 4644 2324 4701 fellat
2382 4647 2525 4701 hunc
2555 4648 2778 4717 impium
2807 4659 3050 4700 errorem
3073 4687 3089 4712 ,
3120 4660 3284 4701 neruo
3315 4646 3455 4701 adeo
3480 4659 3645 4702 emcus
3670 4648 3737 4696 est

474 4750 650 4796 terum
679 4742 1124 4813 philosophorum
1148 4745 1217 4800 de
1239 4749 1541 4801 animarum
1590 4741 1906 4799 conditione
1953 4741 2069 4811 upi-

474 4833 691 4888 nionem
724 4852 737 4888 :
776 4852 794 4885 ι
828 4834 925 4891 Hic
953 4836 1130 4899 enim,
1169 4855 1190 4888 ι
1223 4838 1384 4893 verba
1435 4837 1582 4892 illius
1636 4844 1759 4891 sunt
1804 4833 2028 4904 (Arnob.
2050 4875 2066 4899 ,

2172 4738 2265 4809 qui
2293 4754 2398 4793 non
2432 4739 2632 4795 videat.
2680 4740 2745 4794 Et
2774 4749 2923 4795 certe
2952 4738 3074 4809 quis
3112 4738 3286 4794 nescit
3311 4754 3433 4794 eam
3479 4739 3603 4794 tanti
3637 4748 3736 4792 esse

2172 4834 2431 4888 momenti
2461 4848 2523 4887 ac
2550 4831 2836 4903 ponderis,
2868 4839 2927 4884 ut
2954 4831 3023 4884 ab
3051 4831 3283 4901 ipsomet
3314 4832 3487 4888 Paulo
3512 4828 3737 4902 Apostolo

475 4927 566 4983 lib.
594 4942 655 4993 ιι,
688 4944 806 4998 pag.
840 4927 979 5001 82.),
1006 4946 1025 4978 ι
1049 4940 1200 4984 retur
1228 4943 1282 4985 et
1308 4945 1429 4986 esse
1456 4940 1768 5002 perpetuas,
1795 4941 1849 4985 et
1876 4936 2073 5000 super-
2174 4939 2286 4984 tota
2317 4928 2400 4983 his
2427 4927 2769 4995 paucioribus
2788 4926 2969 4980 verbis
2998 4926 3498 4994 comprehendatur
3526 4946 3538 4981 :
3576 4943 3594 4975 ‹
3622 4916 3734 4993 Quid

474 5034 601 5076 esse
615 5020 924 5076 mortalium
956 5019 1219 5079 functioni
1256 5041 1268 5076 :
1298 5037 1587 5093 superesse
1614 5024 1704 5080 ille
1731 5038 1839 5078 nou
1868 5020 2065 5085 credit,
2175 5020 2307 5077 mihi
2335 5019 2590 5091 prodest.
2639 5018 2686 5074 si
2727 5018 2925 5072 mortui
2965 5032 3072 5071 non
3107 5019 3444 5089 resurgunt?
3474 5016 3736 5074 manduce-

475 5113 573 5168 sed
609 5129 733 5169 cum
762 5114 893 5183 ipsis
914 5113 1239 5183 corporibus
1258 5114 1500 5171 interire.
1533 5118 1769 5173 Alterius
1797 5132 1928 5172 vero
1942 5129 2071 5171 sen-
2178 5132 2321 5180 mus,
2352 5124 2406 5169 et
2434 5113 2718 5174 bibamus;
2748 5126 2873 5167 cras
2896 5112 3041 5167 enim
3086 5113 3406 5168 moriemur.
3446 5131 3466 5164 ι
3506 5111 3526 5182 (
3551 5108 3697 5179 Epist.
3723 5118 3736 5155 ι

478 5209 642 5263 tentia
661 5221 744 5266 est
757 5209 996 5266 nihileas
1011 5212 1271 5266 continuo
1292 5214 1630 5284 perpeti,sed
1658 5222 1777 5284 post
1797 5211 2071 5266 hominem
2178 5211 2246 5266 ad
2275 5207 2506 5303 Corinth.
2528 5248 2543 5274 ,
2577 5221 2668 5303 sv.
2698 5206 2787 5261 ‘52.
2820 5204 2840 5275 )
2995 5298 3008 5303 Δ
3043 5297 3056 5303 Δ
3272 5297 3335 5303 ψ

481 5305 716 5374 positum
739 5300 940 5376 aliquid
964 5307 1045 5361 eis
1075 5307 1141 5361 ad
1171 5310 1331 5364 vitam
1350 5310 1488 5376 dari,
1512 5308 1855 5364 mortalitatis
1877 5304 2074 5362 deinde
2250 5302 2402 5358 Alius
2432 5301 2501 5356 de
2525 5300 2704 5355 animo
2734 5314 2908 5367 error,
2932 5298 3009 5353 uti
3036 5297 3147 5369 jam
3174 5313 3240 5354 ex
3272 5297 3597 5369 Hieronymo
3624 5288 3736 5345 ridi-

479 5397 535 5453 in
570 5398 693 5469 jura
734 5400 1047 5455 succedere.
1086 5419 1104 5453 ι
1137 5402 1184 5457 Α
1210 5402 1364 5457 nobis
1409 5416 1538 5457 vero
1577 5400 1703 5456 alibi
1758 5407 2072 5454 annotatum
2178 5411 2301 5450 mus
2324 5437 2339 5460 ,
2386 5403 2505 5449 erat
2540 5407 2631 5448 eas
2659 5407 2781 5448 esse
2816 5408 2879 5446 ex
2910 5390 3126 5461 ρτοριίε
3166 5390 3260 5445 Dei
3300 5388 3590 5488 ευὺειθηιίῆ
3613 5377 3735 5488 in"?!

480 5495 660 5547 varias
685 5492 755 5548 de
779 5495 956 5550 anima
979 5494 1294 5550 earumdem
1324 5494 1768 5567 philosophorum
1793 5492 2078 5562 opiniones
2181 5488 2278 5543 Del
2309 5495 2547 5556 partem,
2582 5493 2640 5541 ut
2666 5485 2803 5540 bene
2833 5484 3164 5555 Augustinus
3192 5484 3480 5581 admonet,
3513 5479 3590 5581 vel
3615 5476 3733 5581 ἀφ’

481 5598 512 5638 a
540 5584 801 5644 Cicerone
821 5629 836 5653 ,
865 5586 1082 5642 .lustlno
1111 5598 1379 5660 martyre,
1410 5588 1763 5651 Tertulliano,
1789 5584 2078 5641 Ambrosio
2181 5596 2295 5644 nas,
2328 5581 2411 5635 vel
2443 5581 2603 5635 etiam
2642 5580 2831 5643 Deum,
2864 5578 3024 5634 sicuti
3056 5593 3119 5631 ex
3151 5577 3235 5632 his
3265 5576 3429 5631 Tullii
3450 5574 3617 5630 verbis
3643 5568 3736 5660 dis-

483 5688 538 5732 et
559 5678 861 5751 Augustino
882 5679 1164 5736 enodatius
1183 5659 1543 5753 exponi(tom.
1564 5696 1581 5734 ι
1600 5680 1879 5748 Αρραναι.,
1905 5676 1997 5732 lib.
2016 5693 2073 5745 ιι,
2180 5677 2353 5731 cimus
2381 5692 2394 5729 :
2430 5691 2449 5726 ‹
2485 5675 2713 5729 Animus
2733 5675 2822 5742 qui
2846 5715 2859 5737 ,
2888 5680 2944 5725 ut
2974 5686 3075 5742 ego
3100 5672 3228 5765 dico!
3248 5670 3540 5765 ,Adivinus;
3571 5673 3629 5765 ut

486 5771 688 5826 disseri.
723 5774 777 5839 9,
810 5789 927 5842 ειη),
960 5774 1014 5840 7,
1041 5773 1070 5845 §
1098 5774 1190 5840 29,
1224 5790 1343 5846 pag.
1371 5774 1509 5839 .456;
1552 5771 1750 5827 Justin.
1773 5812 1789 5836 ,
1844 5770 2040 5826 cohort.
2061 5810 2078 5837 ,
2182 5769 2382 5839 ripides
2407 5768 2566 5823 audet
2593 5765 2809 5832 dicere,
2856 5765 2995 5820 Deus
3019 5774 3123 5820 est.
3160 5782 3179 5816 ι
3209 5762 3519 5837 (Augustin.
3546 5799 3560 5822 ,
3588 5755 3730 5846 Epid:

491 5881 612 5938 pag.
638 5866 691 5934 8,
737 5877 785 5921 et
831 5840 922 5923 alii
970 5840 1068 5924 loc:
1120 5840 1551 5942 ciu-Apparet).
1579 5868 1922 5940 Quapropter
1947 5864 2058 5923 eihi

2185 5863 2324 5931 166,
2374 5878 2491 5935 pug.
2546 5861 2685 5930 584;
2717 5859 2881 5916 Cicer.
2903 5903 2919 5928 ,
2949 5858 3037 5914 lib.
3069 5875 3085 5914 I
3132 5856 3345 5913 Tuscul.
3372 5897 3390 5924 ,
3418 5869 3535 5929 pag.
3577 5840 3730 5910 495i
