3904 6326
177 344 253 402 lii
1315 340 1382 397 IN
1425 333 1709 400 ARNOBII

1844 343 1998 400 CAP.
2043 338 2134 400 lx.

3292 347 3400 406 478

178 461 344 518 Fabam
363 457 551 528 litaque
595 457 736 512 hanc
764 455 1074 528 opinionem
1115 455 1260 512 haud
1291 457 1456 512 dubie
1495 460 1704 513 notavit
1729 461 1782 523 Α
1805 473 2028 515 sennam
2055 459 2108 514 id
2141 457 2232 516 ille
2255 459 2390 516 dixit
2415 477 2428 526 ;
2479 461 2576 517 sed
2599 460 2844 517 eamdem
2874 459 3249 530 probationem
3282 461 3405 516 aliis

177 553 394 611 Arnobius
416 592 432 618 ,
458 550 545 605 ubi
568 559 728 620 negat
757 551 957 603 animus
983 549 1138 621 Regis
1163 551 1377 605 maximi
1406 567 1514 605 esse
1535 551 1695 620 ﬁlias.

174 646 366 719 (Arnob,
392 644 474 697 lib.
499 659 563 705 ll,
592 661 712 715 pag.
743 643 812 700 68
839 651 891 698 et
913 643 1078 715 seqq.)
1117 645 1249 699 Eam
1288 654 1466 700 autem
1497 644 1600 700 hoc
1623 659 1710 699 ar-

173 749 376 813 gumento
400 738 693 793 convellit:
727 757 745 790 α
781 739 938 808 Quod
978 740 1023 792 si
1070 748 1277 805 essent,
1320 749 1376 792 ut
1414 738 1552 793 fama
1581 749 1665 794 est
1688 781 1703 804 ,

172 833 401 888 dominica!
430 831 590 899 prolis
609 840 662 884 et
686 830 968 898 potestatis
990 831 1185 884 anima:
1209 832 1484 902 generatio
1508 831 1707 902 princi—

171 928 306 999 palis,
351 923 476 982 nihil
517 926 596 980 eis
643 924 709 981 ad
764 925 1154 994 perfectionem
1198 926 1464 982 defuisset
1507 930 1707 983 virtute

169 1021 506 1093 perfectissima
557 1021 870 1090 procreatis.
927 1021 1104 1076 Unum
1137 1035 1324 1076 omnes
1371 1021 1703 1078 intellectum

168 1117 427 1172 habuissent
446 1158 460 1179 .
495 1131 767 1185 unumque
793 1131 1142 1181 consensum,
1171 1117 1350 1170 aulam
1379 1131 1594 1186 semper
1621 1117 1707 1170 in-

166 1209 359 1264 colerent
385 1213 582 1278 regiam
602 1248 618 1272 ,
659 1223 759 1262 nec
789 1210 1168 1278 praetermissis
1198 1209 1545 1263 beatitudinis
1569 1208 1710 1264 sedi-

167 1303 254 1364 bus,
281 1301 327 1354 in
348 1301 537 1370 quibus
561 1301 973 1369 angustissimas
1003 1312 1266 1356 noverant
1295 1302 1708 1372 retinebantque

163 1395 405 1459 doctrinas,
433 1395 810 1466 imprudenter
837 1405 1156 1466 appeterent
1181 1406 1398 1450 terrena
1428 1397 1542 1450 hinc
1565 1396 1701 1460 loca,

163 1489 412 1544 tenebrosis
455 1498 514 1543 ut
549 1489 867 1557 corporibus
905 1491 1189 1557 involutae,
1225 1491 1364 1544 inter
1397 1491 1614 1560 pituitas
1653 1497 1708 1544 et

158 1584 420 1653 sanguinem
466 1581 763 1651 degerent,
805 1584 945 1637 inter
983 1585 1240 1639 stercoris
1276 1583 1374 1639 bos
1421 1594 1604 1648 utres,
1652 1593 1707 1640 et

157 1675 310 1729 saccati
333 1675 766 1730 obscaenissimas
791 1677 981 1731 serias.
1019 1695 1038 1729 ι
1083 1677 1272 1734 Nonne
1296 1693 1430 1733 vero
1454 1679 1705 1749 Augusti-

157 1781 229 1821 nus
267 1766 417 1821 simili
463 1768 876 1837 argumentandi
923 1770 1132 1824 ratione
1179 1769 1502 1826 Manichaeos
1534 1813 1548 1837 ,
1610 1771 1700 1841 qui

1814 561 1993 608 tamen
2022 553 2202 609 verbis
2234 552 2350 608 fuse
2381 556 2573 624 repetit
2605 562 2658 609 et
2686 553 2940 610 inculcat.
2970 551 3210 625 (Arnob.,
3233 552 3321 607 lib.
3342 569 3400 623 ιι,

1813 662 1931 716 pag.
1963 645 2036 701 76
2063 656 2110 700 et
2136 663 2270 718 seqq.
2299 649 2315 718 )

1883 739 1953 794 At
1975 740 2212 794 nonnulli
2243 740 2381 795 hanc
2412 742 2934 812 argumentationem
2963 749 3192 796 censent
3211 755 3401 796 eorum

1815 845 1937 886 esse
1959 874 1974 898 ,
2002 833 2091 902 qtti
2120 832 2394 888 hominem
2423 848 2450 886 a
2479 833 2589 888 Deo
2617 843 2857 888 creatum
2889 834 3176 904 negabant.
3201 832 3308 888 Sed
3351 827 3403 888 id

1811 932 1958 978 certe
1990 931 2045 978 ut
2075 926 2174 980 rite
2203 939 2265 979 ac
2302 926 2598 994 prudenter
2626 931 2949 981 annotarent
2979 969 2993 992 ,
3041 924 3198 981 nobis
3225 939 3408 980 oSten-

1811 1016 1940 1072 dere
1985 1017 2289 1079 debebant.
2336 1018 2608 1088 quomodo
2650 1019 2918 1074 Arnobius
2962 1034 3024 1074 ea
3064 1028 3408 1090 argumenta—

1813 1111 1958 1165 tione
1981 1152 1995 1174 ,
2029 1113 2167 1167 sicut
2198 1113 2276 1167 illi
2305 1114 2454 1182 impii
2487 1114 2688 1169 erroris
2720 1113 3038 1170 defensores
3061 1155 3077 1180 ,
3127 1116 3401 1170 abutatur.

1811 1205 1942 1259 Nam
1986 1208 2028 1262 si
2060 1209 2131 1261 ibi
2178 1209 2268 1262 ille
2296 1223 2484 1263 eorum
2528 1217 2730 1263 tantum
2763 1210 2851 1278 qui
2883 1211 3089 1264 animas
3130 1209 3404 1265 hominum

1811 1309 1862 1354 et
1885 1300 2116 1364 divinas,
2151 1309 2205 1354 et
2231 1301 2539 1364 dominicae.
2578 1304 2652 1356 uti
2686 1303 2922 1371 loquitur
2949 1303 3114 1374 prolis
3139 1345 3154 1369 ,
3185 1318 3281 1358 seu
3312 1305 3405 1359 Dei

1810 1395 1946 1448 filias
1972 1410 2094 1449 esse
2123 1397 2430 1465 garriebant
2456 1438 2470 1459 ,
2510 1413 2754 1451 errorem
2780 1399 2945 1450 voluit.
2986 1397 3253 1464 refellere,
3297 1413 3402 1452 non

1808 1487 1952 1542 male
1977 1486 2202 1542 forsitan
2233 1489 2350 1542 illos
2375 1531 2389 1554 ,
2417 1489 2571 1543 sicuti
2594 1489 2919 1558 Augustinus
2944 1530 2959 1555 ,
2992 1487 3075 1543 his
3105 1489 3404 1544 rationibus

1809 1578 2160 1647 impugnavit.
2198 1579 2337 1633 Nihil
2369 1582 2513 1634 enim
2540 1623 2555 1645 ,
2592 1579 2690 1635 nisi
2727 1581 3199 1650 perfectissimum,
3232 1596 3261 1634 a
3297 1579 3403 1635 Deo

1808 1671 2079 1740 proﬁcisci
2107 1680 2302 1741 potest.
2336 1672 2535 1727 Verum
2558 1674 2679 1743 quia
2711 1671 2780 1727 ibi
2811 1675 2911 1728 hoc
2940 1673 3058 1742 ipso
3083 1684 3403 1744 argmnento

1807 1766 2140 1832 probandum
2173 1767 2223 1819 in
2254 1779 2315 1820 se
2344 1767 2649 1835 suscepisse
2676 1766 2907 1832 videtur,
2941 1768 3147 1820 animas
3190 1777 3402 1820 nostras

157 1860 342 1913 animam
384 1869 594 1929 partem
633 1861 723 1914 Dei
751 1875 874 1915 esse
901 1862 1245 1933 garriebant,
1286 1872 1470 1936 aperte
1507 1864 1704 1918 obterit
1735 1849 1915 1915 Bnon
1959 1859 2027 1911 ait
2075 1861 2447 1930 omnipotente
2486 1862 2629 1924 Deo,
2676 1859 2772 1914 sed
2819 1860 2888 1913 ab
2934 1858 3052 1914 aliis
3083 1857 3400 1930 quibusdam

152 1968 197 2008 ac
218 1953 505 2022 prosternit.
544 1951 668 2005 llaec
698 1962 877 2006 autem
910 1953 1055 2007 illius
1085 1962 1210 2007 sunt
1229 1954 1295 2007 ad
1320 1953 1702 2024 Hieronymum

152 2047 199 2100 de
232 2048 390 2104 anima
438 2047 731 2101 scribentis
783 2045 946 2101 verba
1001 2063 1014 2100 :
1070 2063 1090 2097 ο
1142 2046 1259 2101 Non
1307 2057 1390 2100 est
1437 2061 1563 2116 pars
1611 2048 1704 2102 Dei

150 2141 305 2192 anima.
335 2139 389 2195 Si
417 2141 567 2194 enim
601 2138 701 2192 hoc
726 2150 910 2205 esset,
945 2139 1256 2194 omnimodo
1287 2139 1705 2194 incommutabi—

150 2234 196 2285 lis
214 2240 350 2303 atque
376 2231 798 2299 incorruptibilis
817 2240 980 2290 easet.
1007 2231 1160 2300 Quod
1186 2234 1228 2286 si
1257 2241 1422 2298 esset,
1453 2247 1550 2287 nec
1580 2232 1684 2287 de-

152 2324 300 2380 ﬁceret
327 2325 375 2379 itt
403 2325 672 2389 deterius,
706 2338 806 2378 nec
835 2325 1116 2394 proliceret
1142 2324 1198 2378 in
1227 2325 1454 2388 melius;
1485 2339 1584 2380 nec
1607 2326 1708 2379 ali-

150 2416 245 2481 quid
276 2417 324 2470 in
366 2416 658 2484 semetipsa
707 2416 790 2469 vel
837 2416 1101 2485 inciperet
1140 2417 1374 2483 habere,
1407 2417 1548 2487 quod
1596 2433 1706 2472 non

150 2511 357 2576 habebat,
387 2513 472 2567 vel
499 2512 778 2566 desineret
805 2511 1026 2577 habere,
1055 2512 1196 2582 quod
1227 2513 1497 2580 habebat,
1529 2529 1704 2583 quan-

151 2617 233 2658 tum
265 2607 324 2660 ad
360 2608 476 2677 ejus
521 2605 693 2676 ipsius
720 2605 1034 2661 affectiones
1069 2609 1324 2678 pertinet.
1368 2608 1540 2676 Quam
1577 2623 1708 2662 vero

149 2699 271 2753 aliter
297 2714 352 2754 se
380 2700 614 2765 haheat,
667 2715 772 2754 non
803 2715 936 2769 opus
975 2710 1060 2755 est
1089 2701 1424 2756 extrinsecus
1460 2702 1706 2756 testimo-

149 2791 518 2864 niozquisquis
559 2794 801 2862 seipsum
845 2793 1108 2859 advertit,
1149 2795 1446 2864 cognoscit.
1490 2813 1508 2845 ι
1555 2797 1710 2865 (Au-

147 2888 327 2955 gustin.,
353 2889 502 2957 epist.
550 2887 672 2950 i66,
707 2905 826 2957 pag.
861 2888 1034 2958 584.)

199 2983 419 3038 Maxima:
471 2984 642 3040 etiam
681 2985 1004 3039 temeritatis
1043 2998 1138 3040 eos
1175 2992 1367 3038 auctor
1404 2994 1587 3040 noster
1618 3001 1706 3040 re-

147 3075 318 3146 darguit
337 3120 352 3145 ,
385 3078 478 3148 qui
510 3077 778 3132 docebant
811 3078 1020 3132 animas
1047 3093 1169 3132 esse
1195 3080 1402 3149 genitas
1429 3096 1458 3132 a
1485 3080 1593 3135 Deo
1613 3121 1627 3144 ,
1657 3089 1711 3134 et

149 3168 225 3223 huc
250 3172 311 3224 ab
337 3171 430 3226 illo
467 3171 698 3236 missas,
731 3179 788 3224 ut
816 3186 935 3241 quae
962 3171 1157 3225 divina:
1192 3183 1254 3224 ac
1286 3173 1499 3240 penitus
1530 3174 1708 3226 incor-

1807 1951 2162 2022 porestatibus
2217 1953 2538 2023 procreari,
2613 1967 2718 2007 non
2773 1953 2948 2006 minus
3002 1951 3186 2020 procul
3238 1949 3403 2004 dubio

1807 2049 1998 2102 vitiosa
2025 2057 2107 2102 est
2148 2047 2264 2104 haec
2295 2049 2436 2102 illitis
2463 2049 2728 2118 probatio,
2760 2062 2920 2119 quam
2950 2045 3080 2099 falsa
3111 2045 3398 2099 sententia.

1807 2137 2000 2195 Utrum
2034 2148 2212 2195 autem
2244 2142 2314 2194 ita
2345 2141 2412 2194 de
2443 2140 2637 2193 animm
2667 2139 2876 2209 origine
2901 2151 3094 2195 revera
3125 2137 3358 2192 senserit
3384 2177 3399 2204 ,

1806 2233 2036 2288 articulo
2065 2234 2312 2304 sequenti
2345 2233 2804 2303 investigabimns.

1879 2325 2227 2381 Gravioribus
2251 2342 2414 2397 porro
2436 2327 2704 2381 rationum
2733 2325 3022 2380 momentis
3042 2325 3155 2395 ipse
3173 2332 3228 2379 et
3251 2324 3398 2378 hunc

1805 2419 2044 2474 concutit
2087 2431 2362 2486 errorem,
2405 2433 2512 2490 quo
2558 2420 2753 2473 anima.I
2804 2429 3002 2472 nostra:
3051 2415 3405 2472 tradebantur

1807 2511 2023 2582 generis
2069 2525 2195 2567 esse
2241 2512 2412 2566 divini
2460 2511 2480 2583 (
2505 2510 2669 2578 Ibid,
2717 2527 2838 2580 pag.
2867 2509 2940 2566 56
2977 2521 3024 2562 et
3065 2525 3202 2578 seqq.
3237 2508 3300 2575 l;
3351 2513 3406 2562 et

1807 2603 1970 2660 alium
1998 2647 2010 2669 ,
2057 2620 2167 2676 quo
2200 2606 2364 2662 iidem
2397 2607 2539 2661 haud
2567 2607 2731 2660 dubie
2763 2602 3070 2676 pltilosoithi
3098 2603 3408 2674 garriebant

1807 2711 1900 2752 eas
1937 2698 2029 2752 diu
2070 2708 2196 2754 ante
2235 2715 2431 2771 corpus
2462 2701 2757 2754 existentes
2784 2742 2798 2764 ,
2854 2699 2904 2753 in
2954 2698 3096 2754 hunc
3145 2698 3404 2753 mundum

1809 2789 2061 2844 omnibus
2091 2792 2333 2846 scientiis
2356 2833 2372 2858 ,
2403 2792 2701 2862 disciplinis
2723 2837 2737 2858 ,
2770 2802 2824 2847 et
2849 2793 3054 2846 artibus
3087 2792 3402 2862 plenissime

1810 2885 2099 2940 instructas
2127 2886 2410 2942 advolasse
2436 2905 2451 2953 ;
2482 2898 2644 2957 atque
2673 2887 2808 2942 adeo
2836 2887 3068 2942 hominis
3093 2887 3411 2953 scientiam,

1811 2978 1889 3032 uti
1933 2980 2239 3034 somniabat
2284 2979 2436 3034 Plato
2463 3023 2476 3046 ,
2527 2980 2659 3033 nihil
2689 2993 2809 3034 esse
2853 2979 3000 3033 aliud
3038 2979 3138 3033 nisi
3169 2979 3407 3047 priorum

1810 3069 2236 3125 recordationem
2267 3073 2285 3143 (
2324 3070 2476 3125 Plato
2502 3114 2514 3137 ,
2551 3073 2603 3125 in
2633 3070 2891 3126 Phaedon.
2917 3114 2931 3137 ,
2968 3079 3091 3125 tom.
3127 3087 3162 3134 t.
3192 3089 3311 3142 pug.
3339 3070 3409 3125 72

1811 3176 1860 3218 et
1889 3181 2022 3235 seqq.
2047 3182 2065 3228 ;
2087 3167 2141 3219 in
2171 3165 2407 3230 Menam,
2431 3175 2555 3221 tam.
2589 3179 2625 3221 tt
2651 3209 2665 3232 ,
2690 3183 2810 3239 pag.
2842 3167 2904 3221 81
2941 3175 2986 3220 et
3008 3181 3143 3236 seqq.
3173 3183 3188 3232 ;
3219 3165 3407 3231 Cicer.,

144 3278 292 3325 porca:
321 3274 530 3318 natura:
564 3273 708 3325 sunt.
745 3265 795 3317 in
830 3265 1059 3318 humana
1092 3277 1322 3334 corpora
1348 3264 1707 3319 detruduntur
1737 3253 1780 3316 C
1813 3258 1901 3312 lib.
1938 3275 1990 3325 ι,
2023 3257 2237 3313 Tuscul.
2266 3302 2280 3325 ,
2313 3276 2435 3331 pag.
2473 3260 2627 3327 124).
2686 3261 2896 3314 Anima:
2932 3260 3129 3314 etenim
3162 3259 3411 3313 humana:

147 3356 384 3425 (Arnob,
434 3359 528 3412 lib.
563 3373 634 3422 ll,
683 3375 802 3426 pag.
837 3358 970 3426 55).
1025 3357 1172 3412 lianc
1223 3373 1351 3412 vero
1401 3357 1708 3426 opinionem

144 3450 297 3505 iisdem
326 3451 436 3508 fere
460 3467 531 3506 ac
563 3451 958 3520 praecedentem
991 3452 1288 3505 rationibus
1311 3450 1545 3506 refutare
1580 3451 1709 3504 niti-

145 3552 224 3597 tur.
261 3545 396 3601 Nulli
440 3546 717 3616 siquidem
739 3587 753 3611 ,
785 3545 901 3616 a‘t(
930 3545 1068 3600 Ibid.
1098 3589 1112 3611 ,
1161 3563 1279 3616 pag.
1322 3547 1391 3600 70
1421 3555 1467 3600 el
1507 3562 1644 3616 seqq.
1667 3546 1708 3615 ),

141 3639 365 3696 credibile
393 3641 529 3697 ﬁet.
576 3643 784 3694 animas
812 3640 926 3694 illas
967 3656 994 3693 a
1025 3641 1136 3694 Deo
1168 3641 1221 3694 in
1253 3639 1509 3694 mundum
1540 3648 1712 3694 trans-

144 3733 286 3798 mitti,
335 3743 394 3789 iit
435 3750 504 3788 ex
543 3733 756 3788 feminis
798 3744 967 3796 ortas.
1019 3732 1305 3798 omnibus,
1351 3748 1469 3801 quae
1497 3732 1565 3786 ab
1596 3731 1714 3800 ipso

142 3826 379 3884 uberrime
402 3835 776 3898 exponuntur,
807 3826 1045 3881 infantiae
1073 3835 1233 3896 atque
1266 3826 1489 3880 aliarum
1526 3835 1709 3896 postea

141 3930 324 3976 aetatum
352 3922 592 3978 miseriis
618 3964 632 3989 ,
661 3922 914 3975 aerumnis
939 3963 952 3983 .
985 3919 1379 3975 calamitatibus
1401 3962 1415 3985 ,
1456 3920 1670 3974 casibus
1693 3963 1708 3985 ,

138 4012 339 4080 damnis,
373 4017 761 4080 incommodis,
804 4015 980 4086 pravis
1021 4014 1183 4068 animi
1211 4013 1514 4078 affectibus,
1546 4013 1708 4078 vitiis,

140 4110 378 4173 peceatis,
424 4109 762 4171 sceleribus,
813 4106 1024 4179 ﬂagitiis
1052 4147 1065 4170 ,
1115 4105 1431 4170 maleficiis,
1484 4105 1714 4177 aliisque

137 4200 265 4255 malis
290 4203 394 4258 sint
429 4201 708 4257 obnoxiae.

192 4291 367 4363 Neque
413 4293 540 4349 vult
581 4291 681 4347 sibi
724 4289 1040 4361 responderi
1087 4289 1208 4344 illas
1253 4305 1348 4344 sua
1395 4289 1710 4356 voluntate,

135 4398 219 4438 non
247 4386 333 4442 Dei
361 4387 522 4457 jussu
554 4384 658 4439 huc
690 4385 919 4438 venisse.
947 4382 966 4456 (
995 4381 1132 4436 Ibid.
1157 4426 1171 4448 ,
1206 4400 1326 4453 pag.
1359 4381 1432 4437 75
1457 4392 1501 4436 et
1529 4399 1665 4452 seqq.
1695 4379 1714 4453 )

136 4476 247 4531 Nam
281 4481 324 4534 si
369 4497 461 4534 res
504 4481 576 4533 ita
605 4479 705 4535 sit.
747 4477 1093 4546 omnipotens
1122 4475 1260 4530 Deus
1292 4474 1570 4544 praevidit,
1617 4488 1716 4528 nec

134 4569 248 4626 sicut
275 4582 508 4642 poterat,
542 4570 832 4640 prohibuit.
865 4585 932 4622 ne
961 4568 1064 4622 illa:
1095 4568 1251 4638 primi
1282 4565 1516 4620 numinis
1542 4567 1704 4620 sobo—

1811 3353 1858 3406 si
1884 3362 2067 3407 essent
2092 3352 2289 3408 divina:
2313 3394 2325 3415 ,
2361 3363 2415 3408 et
2449 3356 2628 3408 omnia
2657 3354 2785 3407 olim
2813 3355 3188 3422 cognatissent
3214 3395 3227 3418 ,
3268 3354 3408 3406 nulla

1812 3460 1934 3501 esse
1971 3459 2154 3516 posset
2196 3449 2336 3501 inter
2366 3447 2618 3501 homines
2649 3445 2754 3501 ulla
2797 3448 2864 3501 de
2893 3461 2950 3500 re
2978 3443 3264 3500 dissensio.
3311 3449 3401 3498 At-

1811 3540 1900 3609 qui
1943 3540 2044 3594 ltoc
2082 3541 2428 3596 talsissimum
2475 3555 2596 3596 esse
2636 3545 2758 3611 quis
2796 3541 2996 3594 mentis
3035 3555 3146 3594 sua:
3187 3553 3410 3608 compos

1815 3649 2064 3703 umquam
2097 3635 2358 3705 negabit?

1886 3726 2040 3782 Plato
2083 3737 2260 3782 tamen
2308 3729 2446 3783 hanc
2488 3729 2826 3800 quantumvis
2870 3727 3158 3783 absurdam
3196 3727 3408 3798 opinio-

1815 3837 1960 3882 nem.
1993 3833 2153 3894 alque
2180 3833 2234 3876 ut
2256 3831 2406 3893 putat
2428 3824 2757 3889 Lactantius,
2785 3840 2846 3878 ex
2879 3833 3154 3893 poetarum
3183 3825 3408 3892 ligurem

1817 3918 1886 3972 tis
1918 3917 2164 3972 haustam
2189 3963 2202 3982 ,
2239 3918 2564 3972 confirmare
2595 3919 2748 3973 sicuti
2792 3917 2982 3972 Cicero
3025 3918 3186 3971 etiam
3217 3917 3407 3970 obser-

1815 4019 1936 4073 vat,
1977 4011 2168 4064 nititur
2213 4012 2464 4080 exemplo
2514 4011 2790 4078 pusionis,
2843 4013 2931 4080 qui
2975 4012 3043 4064 de
3085 4010 3409 4078 geometrica

1815 4103 2152 4159 dimensione
2193 4107 2556 4176 interrogatus
2584 4149 2598 4171 ,
2648 4106 2725 4159 sic
2754 4103 3081 4175 respondet,
3113 4104 3264 4174 quasi
3296 4103 3413 4158 sine

1817 4199 2076 4269 magistro
2117 4198 2470 4268 geometriam
2519 4199 2769 4253 didicerit
2809 4200 2830 4269 (
2862 4197 3034 4260 Plato.
3069 4199 3121 4251 in
3154 4196 3364 4250 Menon.
3395 4239 3411 4264 ,

1818 4301 1940 4344 tam.
1974 4305 2031 4356 tt,
2060 4307 2177 4362 pag.
2211 4291 2281 4347 82
2307 4299 2354 4345 et
2375 4307 2537 4362 seqq;
2565 4291 2752 4356 (licem,
2783 4290 2871 4344 lib.
2900 4308 2912 4345 ι
2942 4289 3150 4344 Tuscul.
3200 4298 3411 4359 quiest,

1819 4403 1936 4458 pag.
1972 4387 2076 4442 124
2099 4430 2112 4453 ,
2142 4387 2233 4441 lin.
2262 4386 2332 4441 ‘24
2362 4385 2400 4457 ).
2437 4385 2629 4441 Verum
2659 4383 2791 4439 illud
2833 4383 3101 4455 opinionis
3133 4389 3414 4438 commen-

1818 4486 1928 4533 tum
1956 4480 2062 4534 alio
2092 4479 2274 4542 simili,
2305 4478 2398 4534 sed
2426 4480 2584 4549 longe
2612 4477 2902 4533 efficaciori
2935 4477 3187 4546 exemplo
3217 4478 3284 4529 ab
3308 4477 3413 4532 Ar-

1818 4576 1981 4630 nobio
2007 4585 2191 4630 nostro
2222 4575 2538 4630 destruitur.
2569 4573 2670 4639 Sit,
2705 4574 2874 4643 inquit
2901 4573 2919 4645 (
2953 4572 3144 4627 Arnob.
3175 4614 3186 4636 ,
3222 4573 3309 4627 lib.
3344 4589 3399 4637 ll,

136 4662 230 4728 les,
269 4665 318 4718 in
359 4676 438 4721 1οι
465 4673 722 4734 tantaque
753 4663 1062 4717 laberentur
1093 4661 1317 4715 crimina
1339 4701 1354 4726 ,
1385 4669 1440 4715 et
1476 4658 1670 4728 ﬂagitia
1697 4701 1712 4725 ,
1821 4684 1943 4738 pag,
1975 4668 2043 4722 57
2074 4678 2120 4721 ει
2151 4666 2328 4738 seqq.)
2354 4709 2369 4733 ,
2401 4682 2534 4736 puer
2561 4666 2754 4737 aliquis
2786 4667 2838 4720 in
2867 4643 3232 4721 sécrelissimo
3274 4665 3413 4732 loco,

136 4771 285 4825 neque
312 4767 387 4813 tot
415 4767 677 4824 tantaque
715 4755 908 4810 damna
935 4797 949 4820 ,
985 4754 1246 4819 adversa,
1297 4766 1360 4806 ac
1395 4752 1715 4806 detrimenta

138 4862 455 4918 paterentur.
491 4856 563 4906 At
587 4867 730 4922 sane.
755 4849 1018 4921 quisquis,
1052 4864 1172 4902 cum
1209 4857 1403 4916 potest,
1435 4847 1573 4900 mala
1610 4861 1716 4899 non

137 4944 371 5015 impedit,
415 4946 515 5003 sed
564 4945 856 5016 permittit,
901 4958 1088 4998 eorum
1137 4957 1297 4995 causa
1335 4951 1440 4995 est.
1488 4941 1714 5009 Impiutn

138 5054 249 5093 vero
291 5041 441 5096 dictu
484 5043 650 5096 Deum
682 5038 1137 5109 sapientissimum
1185 5047 1239 5092 et
1274 5037 1713 5106 benignissimum

139 5139 202 5186 tot
228 5142 606 5204 tantorumque
637 5133 899 5186 malorum
933 5147 1054 5187 esse
1079 5146 1296 5185 causam
1325 5172 1340 5196 ,
1369 5145 1540 5199 coque
1563 5128 1716 5184 sicuti

141 5236 348 5292 poterat,
397 5244 510 5281 non
559 5225 902 5296 prohibente,
949 5231 1156 5278 animas
1207 5223 1352 5290 prius
1399 5223 1617 5288 felices,
1664 5229 1720 5277 et

140 5319 291 5373 omnis
320 5321 572 5375 humana:
600 5319 933 5388 eontagiunis
961 5327 1244 5387 expertes,
1291 5317 1355 5370 ad
1380 5317 1630 5372 miseram
1665 5325 1719 5370 et

143 5412 197 5465 ad
220 5429 374 5469 omne
422 5414 650 5469 sceleris
680 5428 851 5483 genus
882 5414 1169 5481 proclivem
1213 5410 1490 5464 hominum
1535 5409 1719 5464 condi-

144 5506 328 5563 tionem
373 5509 518 5564 mitti
550 5524 612 5564 ac
642 5507 834 5577 redigi.
888 5506 1077 5562 Nonne
1107 5507 1244 5559 Deus
1280 5507 1510 5574 perfecta
1542 5505 1721 5558 omnia

147 5599 290 5666 facit,
315 5612 367 5656 et
392 5603 702 5673 integritatis
732 5617 838 5656 stite
863 5643 877 5668 ,
913 5602 1051 5655 sicut
1075 5601 1151 5654 ait
1176 5599 1447 5654 Arnobius
1471 5642 1485 5666 ,
1513 5617 1719 5654 conser-

146 5696 609 5749 rcmtiamansioncs
638 5697 765 5764 (ms.
798 5693 949 5766 cod.)
971 5694 1274 5758 mansiones,
1302 5707 1396 5746 seu
1428 5692 1722 5747 dimensio-

149 5803 250 5858 nes,
278 5791 433 5846 sicuti
464 5806 530 5846 ex
562 5789 820 5846 Cicerone
843 5788 1138 5860 probatur?
1177 5786 1196 5860 (
1228 5787 1391 5842 Cicer.
1422 5783 1512 5841 lib.
1546 5785 1719 5852 0rat.,

152 5895 257 5954 pag.
285 5881 458 5957 268.)
504 5882 612 5940 Nec
659 5884 826 5942 semel
869 5882 1106 5956 quidem,
1139 5895 1239 5938 nec
1269 5881 1419 5952 quasi
1449 5897 1546 5953 per
1572 5887 1720 5936 tran-

1819 4771 1874 4816 et
1927 4762 1994 4816 ab
2046 4763 2323 4816 hominum
2370 4761 2610 4815 omnium
2665 4760 2998 4815 habitatione
3051 4759 3416 4814 remotissimo

1822 4865 2004 4921 natus,
2034 4870 2096 4909 ac
2129 4866 2392 4925 perpetuo
2416 4856 2468 4908 in
2491 4854 2706 4908 silentio
2727 4896 2740 4919 ,
2775 4855 2892 4909 sine
2917 4853 3020 4907 ulla
3055 4861 3203 4908 veste
3229 4895 3241 4912 .
3277 4867 3414 4906 uno-

1820 4964 1926 5018 que
1949 4958 2154 5002 tantum
2184 4948 2328 5013 cibo,
2351 4957 2404 5001 et
2428 4963 2561 5017 aqua
2582 4947 2692 5002 Sola
2719 4948 2783 5002 ad
2813 4949 3146 5002 tricesimum
3173 4947 3255 5001 vel
3287 4963 3416 5016 qua-

1819 5040 2178 5109 dragesimum
2203 5041 2378 5094 artatis
2417 5056 2528 5093 sua:
2555 5055 2752 5095 annum
2781 5042 3040 5094 educatus
3070 5056 3130 5094 ac
3157 5039 3412 5093 nutritus.

1824 5132 2059 5188 Prodest
2086 5131 2291 5187 deinde
2329 5134 2380 5186 in
2416 5132 2693 5188 hominum
2721 5144 2958 5199 coetum,
2993 5144 3151 5203 atque
3185 5133 3414 5186 interro.

1822 5239 1978 5298 getur
1999 5229 2068 5283 de
2092 5241 2248 5298 patre
2289 5245 2389 5284 suo
2415 5270 2430 5292 ,
2463 5228 2529 5287 de
2557 5245 2653 5285 sua
2680 5229 2998 5288 educatione
3036 5236 3091 5282 et
3120 5227 3280 5282 domo
3305 5269 3318 5291 ,
3349 5231 3416 5282 tie

1824 5323 1989 5396 variis
2057 5323 2289 5378 vestium
2357 5323 2711 5393 ciborumque
2766 5323 3094 5393 generibus,
3147 5322 3215 5380 de
3265 5320 3412 5386 Stile,

1825 5418 1972 5485 luna,
2003 5427 2170 5482 terra,
2197 5419 2264 5475 de
2293 5421 2615 5489 gentnetria,
2644 5419 2798 5476 sicuti
2830 5418 3070 5474 Platonis
3114 5416 3291 5486 pusio,
3325 5426 3418 5472 aut

1823 5513 1926 5566 alia
1956 5511 2195 5582 qualibet
2224 5513 2507 5583 disciplina
2531 5555 2546 5577 ,
2579 5527 2755 5574 nonne
2787 5511 2879 5565 ille
2900 5525 2963 5563 ea
2994 5508 3174 5564 omnia
3199 5508 3412 5578 ignora-

1825 5605 1921 5670 bit,
1947 5615 2002 5660 et
2029 5607 2220 5675 magis,
2245 5622 2404 5678 quam
2430 5607 2613 5675 piscis,
2645 5613 2823 5660 mutus
2851 5603 2993 5660 erit?
3022 5603 3075 5658 Si
3103 5617 3261 5674 quam
3289 5617 3417 5655 vero

1825 5715 2013 5754 vocem
2045 5700 2296 5766 emittere
2327 5711 2569 5774 cogatur.
2598 5698 2884 5771 quamdam
2916 5696 3136 5751 minime
3164 5694 3418 5750 articula-

1825 5800 1934 5848 tam
1966 5793 2176 5847 reddet.

1901 5885 1988 5940 Ad
2025 5883 2272 5941 Platonis
2304 5893 2484 5941 autem
2517 5884 2798 5956 pusionem
2827 5881 2970 5954 quod
3002 5892 3243 5954 spectat,
3290 5896 3422 5938 cou-
