3904 6326
499 313 608 373 479

1756 323 2204 384 DISSERTA'I‘IO
2240 325 2516 387 PREVIA
3661 349 3753 410 480

504 434 676 490 tendit
696 432 969 492 Arnobius
1009 433 1192 500 illum,
1225 434 1270 490 si
1298 443 1447 492 recte
1485 436 1830 509 interrogatis
1867 455 2089 512 respon-
2118 445 2463 504 Aretinentia
2527 445 2689 500 nobis.
2765 445 2869 504 Sed
2927 449 3074 520 prior
3129 450 3287 507 lectio
3341 455 3552 512 Arnobii
3602 470 3748 523 nostri

502 527 617 596 det,
647 546 754 586 non
780 547 843 586 ex
876 531 976 596 iis,
1009 547 1130 602 quae
1159 532 1562 588 reminiscendo
1585 539 1961 607 recognoscit,
1995 541 2092 595 sed

502 635 572 676 ex
629 621 749 676 aliis
778 663 794 682 ,
839 637 960 692 quae
999 623 1318 693 quotidiano
1357 642 1455 680 usu
1495 626 1776 693 didicerat,
1831 628 1961 686 dare
2010 648 2097 688 re-

501 726 723 784 Sponsa.
754 714 1092 787 Quapropter
1126 717 1252 772 hinc
1278 729 1468 774 auctor
1499 723 2094 781 noster'concludittota

499 806 585 861 via
631 822 846 865 errasse
893 809 1172 866 Platonem
1203 811 1396 880 (Plat.,
1435 814 1493 867 in
1530 813 1720 870 Timaeo
1748 857 1763 879 ,
1821 826 1944 878 tam.
1995 836 2090 886 nt,

500 915 623 971 pag.
654 900 717 955 41
750 899 768 972 )
794 945 810 967 ,
838 901 929 972 qui
958 902 1210 974 opinatur
1243 905 1451 960 animas
1492 907 1769 962 hominum
1802 909 2012 967 divinas
2039 923 2094 968 et

499 995 738 1053 Scientiis
769 997 1022 1053 omnibus
1046 998 1300 1065 imbutas,
1332 1000 1385 1053 in
1409 1001 1549 1056 hunc
1580 1003 1837 1059 mundum
1869 1021 1934 1061 ex
1959 1007 2095 1062 vivis

498 1089 718 1164 prodire
750 1091 1071 1148 crate-ribus.
1124 1092 1232 1148 Sed
1275 1093 1550 1150 fatendum
1595 1098 1760 1156 estin
1793 1097 1892 1153 hac
1931 1116 2090 1172 argu-

501 1185 836 1242 mentatione
868 1188 1170 1243 Arnobium
1201 1188 1437 1259 plurium
1467 1205 1649 1245 rerum
1677 1231 1692 1256 ,
1749 1208 1868 1263 qua:
1901 1209 2088 1264 parum

501 1276 568 1333 ad
619 1293 738 1334 eam
789 1278 1203 1348 conducebant,
1258 1284 1670 1340 enumeratione
1717 1286 1886 1342 multo
1935 1303 2088 1358 esse,

501 1386 660 1441 quam
693 1387 788 1440 par
816 1382 953 1438 erat,
987 1373 1305 1445 longiorem.

572 1462 820 1518 Pressius
849 1465 1030 1532 itaque
1065 1475 1119 1522 et
1151 1469 1329 1523 acrius
1362 1470 1454 1526 ille
1491 1471 1772 1528 Platonem
1805 1474 1885 1530 sic
1909 1485 2086 1546 urget.

498 1553 553 1611 Si
579 1555 756 1609 anima
788 1556 1119 1625 quibuslibet
1157 1559 1424 1616 doctrinis
1452 1563 1660 1618 erudita
1687 1608 1700 1630 ,
1747 1565 1798 1621 in
1827 1568 2084 1624 mundum

498 1647 669 1715 venit,
701 1646 896 1704 docere
920 1652 1118 1720 potius.
1147 1668 1307 1724 quam
1330 1653 1546 1711 discere
1575 1657 1794 1714 deberet
1821 1659 1840 1733 (
1867 1661 2086 1729 Arnob.,

499 1740 586 1794 lib.
621 1757 691 1808 ιι,
737 1759 858 1814 pag.
903 1745 966 1799 61
999 1745 1041 1817 ).
1093 1745 1279 1816 Neque
1321 1748 1477 1804 Plato
1517 1751 1743 1821 ejusque
1789 1764 2088 1812 sectatores

2199 539 2519 594 auctoritate
2568 542 2880 597 conﬁrmari
2913 544 3145 601 videtur.
3203 547 3278 604 Ibi
3309 559 3484 606 autem
3512 563 3752 626 repetentia

2195 631 2336 686 idem
2364 642 2523 703 atque
2546 635 2844 692 recordatio
2873 638 3156 708 signilieat.

2804 769 3101 811 ABTICULUS
3128 771 3162 811 ll
3173 795 3188 810 .

2195 879 2237 929 Ν
2242 894 2326 952 ιιιιιΔ
2343 891 2480 952 recte
2506 885 2748 952 Arnobius
2764 886 2951 952 dixerit
2968 890 3210 938 incertam
3236 904 3348 941 esse
3371 893 3586 944 humanae
3608 901 3753 952 anima:

2256 946 2522 1023 originem.-
2541 958 2688 1022 atque
2715 951 2765 998 in
2786 950 2998 1001 Simonis
3021 955 3172 1023 [τιτιςίἐ
3216 951 3486 1023 Saturnini,
3515 946 3754 1023 (Σπιτόέιῇ

2257 1009 2338 1077 tis,
2365 1016 2418 1057 et
2441 1009 2866 1077 Seleucianorum,
2891 1028 3000 1063 eam
3025 1017 3087 1062 ab
3100 1009 3226 1075 'alio,
3274 1029 3419 1077 quam
3445 1009 3548 1069 Deo
3571 1009 3753 1074 cit-attain

2259 1068 2409 1148 fuisse
2433 1073 2789 1148 adiuuantium,
2837 1068 3060 1125 errorem
3099 1068 3381 1142 impege'rit,
3423 1068 3515 1131 nec
3535 1068 3751 1148 εόςὶιῖίῦἱῆ

2258 1134 2345 1196 ipsi
2371 1134 2518 1185 fuerit
2539 1137 2781 1199 originale
2800 1147 3072 1200 peccatum.

2267 1285 2434 1340 Nemo
2477 1303 2606 1342 sane
2645 1287 2960 1345 dilﬁtebitur
2998 1307 3184 1348 verum
3226 1309 3350 1351 esse
3375 1336 3391 1361 ,
3432 1296 3569 1366 quod
3606 1298 3738 1355 docet

2195 1377 2466 1434 Arnobius
2496 1380 2514 1450 (
2541 1381 2755 1449 Arnob.,
2803 1383 2892 1437 lib.
2923 1400 2982 1450 ιι,
3028 1402 3148 1457 pag.
3189 1386 3301 1458 55)
3329 1429 3344 1452 ,
3386 1403 3572 1446 omnes
3610 1391 3753 1447 homi-

2196 1487 2321 1526 num
2373 1473 2580 1528 animas
2624 1489 2690 1529 ex
2736 1489 2843 1530 uno
2892 1477 3195 1549 eodemque
3244 1477 3394 1535 fonte
3439 1481 3745 1550 proﬂuxisse.

2196 1563 2328 1630 Quis
2367 1565 2435 1619 sit
2465 1575 2645 1620 autem
2679 1567 2766 1623 hic
2786 1567 2940 1634 fons,
2975 1569 3117 1625 unde
3145 1571 3250 1626 ilhc
3282 1570 3626 1642 proﬂuxerint
3649 1619 3661 1642 ,
3689 1574 3748 1629 ita

2194 1659 2409 1727 quidem
2438 1661 2671 1729 explicat
2699 1672 2758 1717 ut
2785 1664 3091 1733 gravissimi
3119 1667 3326 1721 erroris
3347 1707 3364 1732 ,
3409 1683 3514 1737 quo
3547 1684 3657 1722 eum
3683 1671 3748 1723 in-

2193 1761 2401 1805 certum
2431 1767 2552 1808 esse
2581 1754 2852 1824 signiﬁcat
2877 1797 2893 1823 ,
2945 1756 3086 1812 haud
3117 1758 3278 1828 plane
3305 1759 3574 1815 immerito
3597 1770 3749 1832 postu-

499 1834 832 1902 respondere
857 1845 1109 1906 poterant
1133 1854 1252 1894 eam
1271 1883 1286 1906 ,
1338 1857 1461 1897 cum
1491 1858 1724 1914 corpore
1747 1847 2093 1920 circumliga-
2123 1841 2170 1901 B
2200 1844 2358 1902 lelnr.

499 1929 588 1978 tur
608 1965 623 1990 ,
668 1940 739 1979 ex
769 1925 926 1981 docta
957 1927 1072 1984 ﬁeri
1102 1931 1488 1988 elementariam
1515 1977 1531 2003 ,
1567 1935 1618 1990 id
1646 1947 1731 1993 est
1756 1981 1770 2005 ,
1807 1948 1865 1994 ut
1893 1956 1959 1995 ex
1988 1940 2089 1997 Se-

487 2033 632 2073 neca
690 2019 1042 2092 intelligitur,
1100 2026 1293 2094 primis
1351 2027 1635 2084 elementis
1692 2032 2091 2091 informandam

501 2111 671 2188 (Sen.
697 2156 712 2181 ,
765 2117 918 2186 epist.
949 2117 1056 2174 306
1085 2161 1099 2184 ,
1143 2137 1265 2191 pag.
1296 2121 1402 2177 109.
1429 2124 1469 2194 ).
1519 2125 1622 2193 Qui
1660 2127 1805 2181 enim
1852 2128 2091 2185 discerni

500 2217 686 2277 posset
726 2218 909 2264 utrum
941 2212 1256 2269 recordetur
1287 2216 1524 2285 priorum
1553 2259 1567 2284 ,
1616 2220 1696 2274 vel
1732 2235 1866 2276 nova
1897 2221 2093 2279 docea-

504 2309 591 2356 tur
617 2301 680 2372 ῗλξ

571 2395 652 2450 Ad
683 2395 798 2453 haec
831 2413 965 2454 vero
989 2441 1005 2468 ,
1051 2403 1229 2458 anima
1271 2405 1594 2477 incorporea
1639 2417 1694 2464 et
1722 2409 2048 2467 immortalis
2072 2453 2086 2477 ,

497 2488 676 2558 qualis
711 2491 780 2546 ab
807 2491 886 2547 eis
913 2508 1035 2550 esse
1064 2496 1327 2552 asseritur
1347 2543 1362 2568 ,
1398 2501 1548 2555 nullo
1575 2503 1823 2571 corporis
1856 2505 2087 2573 impedi-

499 2590 684 2637 mento
727 2594 906 2654 potest
949 2590 1189 2643 omnium
1239 2592 1387 2660 prius
1432 2597 1768 2665 cognitorum
1816 2598 2088 2654 oblivisci.

496 2673 553 2730 Si
586 2674 639 2730 in
670 2691 732 2731 ea
763 2678 961 2734 etenim
1008 2689 1152 2735 tanta
1182 2682 1275 2738 liat
1302 2687 1564 2747 mutatio,
1615 2688 1820 2758 aliquid
1859 2689 1927 2746 de
1955 2691 2088 2747 inte-

493 2767 690 2836 gritate
718 2786 812 2824 sua
847 2771 1069 2842 perdet,
1103 2783 1262 2846 atque
1294 2780 1367 2831 ita
1395 2781 1670 2850 corrumpi
1702 2784 1942 2850 poterit,
1990 2799 2091 2840 nec

492 2862 726 2934 amplius
755 2865 860 2921 erit
891 2868 1231 2925 immortalis.

567 2958 857 3029 Pratterea,
891 2963 937 3017 si
966 2979 1163 3033 corpus
1195 2967 1389 3022 animae
1417 2968 1614 3025 inferat
1641 2971 1883 3038 pristinae
1911 2975 2089 3031 omnis

495 3050 736 3108 scientias
775 3065 830 3108 et
865 3057 1188 3126 cognitionis
1215 3059 1543 3117 oblivionem
1570 3105 1586 3130 ,
1635 3065 1909 3135 quomodo
1947 3068 2089 3123 scire

497 3154 676 3214 potest
703 3161 763 3201 se
797 3149 946 3217 prius
995 3151 1310 3208 instructam
1343 3155 1590 3212 scientiis
1611 3199 1625 3224 ,
1657 3158 1941 3216 obstaculo
1963 3177 2086 3217 cor-

494 3237 662 3306 poris,
691 3253 879 3296 earum
906 3245 1147 3299 omnium
1179 3261 1300 3304 esse
1322 3249 1542 3304 oblitam
1568 3250 1591 3303 ?

569 3330 810 3403 Denique
839 3335 883 3389 si
907 3337 1054 3392 senis
1081 3337 1315 3394 hominis
1337 3343 1511 3396 anima
1539 3344 1606 3399 ab
1632 3347 1924 3416 octoginta,
1953 3364 2018 3405 ac
2042 3351 2088 3405 si

495 3424 632 3479 velis
661 3429 947 3498 nonaginta
979 3442 1033 3486 et
1063 3436 1294 3503 amplius
1334 3439 1491 3492 annis
1522 3453 1753 3510 corpore
1791 3443 2042 3500 conclusa
2069 3489 2083 3513 ,

497 3532 679 3572 rerum
709 3519 848 3592 jante
889 3524 1270 3597 quinquaginta
1314 3538 1367 3583 et
1407 3533 1685 3602 sexaginta
1731 3548 1905 3590 annos
1943 3547 2090 3592 acta-

496 3626 636 3676 rum,
663 3614 1022 3686 nequidquam
1053 3619 1380 3688 impediente
1402 3636 1652 3693 corpore,
1684 3627 1960 3693 meminit;
1989 3645 2088 3685 cur

499 3707 680 3760 omnia
728 3723 850 3778 quae
894 3719 1180 3782 antequam
1226 3715 1279 3769 in
1323 3730 1523 3791 corpus
1574 3719 1917 3786 mitteretur,
1967 3736 2087 3777 eam

495 3799 699 3868 optime
727 3815 890 3856 nosse
921 3805 1103 3870 aiunt,
1140 3807 1238 3876 ipsi
1271 3816 1454 3877 postea
1483 3809 1755 3866 excidisse
1787 3821 1893 3868 tam
1924 3817 2089 3883 perti-

504 3890 714 3946 naciter
739 3897 1102 3950 asseverant?

574 3983 650 4038 Ea
685 4001 846 4056 porro
878 4000 1005 4043 sunt
1034 3993 1256 4046 Arnobii
1298 4009 1609 4066 argumenta
1650 4039 1667 4064 ,
1713 4015 1832 4069 qua:
1870 4001 2086 4072 quidem

495 4080 674 4134 omnia
705 4083 805 4137 etsi
848 4099 955 4138 non
984 4085 1229 4155 ejusdem
1259 4089 1366 4144 sint
1387 4091 1643 4160 ponderis
1669 4135 1684 4158 ,
1715 4109 1877 4150 nemo
1905 4105 2088 4152 tamen

494 4171 816 4230 dillitcbitur
844 4176 908 4232 iis
937 4179 1193 4234 omnibus
1215 4197 1456 4238 errorem
1480 4185 1721 4241 Platonis
1749 4187 1905 4256 plane
1936 4191 2088 4259 peni-

495 4271 689 4336 tusque
733 4268 960 4325 destrui.
1011 4271 1094 4327 Ad
1138 4262 1307 4342 ipsius
1339 4287 1518 4330 autem
1546 4279 1772 4333 Aruobii
1812 4279 1880 4334 de
1907 4281 2086 4336 homi-

493 4372 621 4411 num
665 4360 842 4414 anima
885 4362 1263 4433 explicandam
1309 4367 1617 4436 opinionem
1664 4380 1952 4442 antequam
1997 4389 2090 4443 ag-

495 4447 843 4519 grediamur,
896 4454 1051 4523 juvat
1101 4455 1364 4525 quosdam
1414 4460 1846 4517 animadvertere
1897 4465 2091 4521 modos

491 4539 747 4611 loquendi
775 4586 790 4607 ,
833 4561 969 4614 quos
1002 4547 1092 4602 ille
1124 4548 1176 4602 in
1206 4549 1306 4604 hac
1337 4551 1701 4621 disputatione
1730 4569 1794 4609 ex
1826 4555 2085 4612 Lucretio

2269 1938 2507 1994 Primum
2535 1941 2676 1995 enim
2705 1940 2966 1998 Ethnicos
2993 1943 3220 2010 inducit,
3249 1945 3337 2014 qui
3361 1945 3431 2002 ab
3459 1945 3573 2017 ipso
3591 1947 3753 2016 exqui-

2197 2041 2356 2093 runt.
2381 2049 2486 2102 quo
2514 2044 2736 2089 auctore
2774 2036 3071 2105 progenita:
3093 2079 3108 2103 ,
3157 2045 3213 2092 et
3250 2037 3523 2108 quomodo
3547 2039 3748 2109 prolata

2195 2127 2303 2180 sint
2323 2127 2520 2181 animae
2544 2168 2560 2193 ,
2585 2142 2648 2181 ac
2680 2139 2856 2182 utrum
2887 2128 3026 2185 Deus
3052 2129 3262 2184 illarum
3295 2127 3495 2200 parens
3533 2141 3585 2186 et
3628 2146 3753 2186 crea-

2197 2230 2282 2274 tor
2309 2220 2328 2292 (
2355 2219 2518 2283 lbid.,
2549 2238 2670 2292 pag.
2704 2221 2772 2275 75
2798 2231 2844 2275 et
2865 2238 3003 2291 seqq.
3031 2222 3071 2295 ).
3116 2223 3250 2292 Quid
3283 2239 3417 2279 vero
3447 2223 3528 2278 his
3557 2239 3752 2294 respon-

2193 2313 2322 2368 dere
2366 2314 2562 2383 putas?
2589 2315 2754 2371 Plane
2784 2320 3007 2371 omnino
3047 2327 3206 2388 atque
3231 2318 3465 2388 ingenue
3501 2321 3689 2372 fatetur
3711 2317 3752 2372 id

2193 2423 2301 2461 non
2331 2409 2504 2462 solum
2535 2409 2708 2473 nobis,
2739 2409 2832 2464 sed
2865 2410 3116 2465 omnibus
3138 2412 3322 2476 etiam,
3345 2427 3469 2482 quae
3495 2411 3545 2465 in
3575 2411 3746 2464 mundo

2194 2508 2353 2562 sunt,
2409 2501 2763 2571 potestatibus
2807 2517 2942 2565 esse,
2973 2504 3370 2574 incompertum
3398 2545 3416 2572 ,
3468 2518 3755 2571 omnemque

2192 2609 2377 2650 earum
2406 2607 2458 2652 et
2483 2605 2718 2650 nostram
2749 2611 3007 2664 superare
3037 2599 3428 2668 cognitionem.

2263 2691 2332 2744 At
2374 2692 2644 2747 instabant
2685 2693 2902 2748 Ethnici
2933 2711 2946 2746 :
2974 2693 3029 2749 Si
3065 2704 3243 2749 tecum
3277 2693 3564 2749 christiani
3593 2701 3759 2763 negent

2192 2785 2399 2838 animas
2433 2801 2461 2838 a
2498 2786 2608 2841 Deo
2635 2797 2846 2842 creatas
2869 2829 2882 2850 ,
2930 2787 3082 2843 vobis
3117 2787 3308 2842 saltem
3347 2786 3746 2858 patefaciendnm

2193 2878 2452 2946 incumbit
2481 2895 2508 2932 a
2535 2895 2644 2950 quo
2674 2879 2783 2933 sint
2815 2890 3133 2950 procreatae.
3173 2879 3279 2936 Sed
3314 2879 3422 2936 hoc
3453 2893 3654 2951 quoque
3680 2878 3751 2931 ille

2192 2972 2404 3040 penitus
2435 2971 2726 3027 inliciatur.
2757 2971 2903 3027 Citra
2936 2987 3151 3040 omnem
3177 2973 3463 3028 enimvero
3491 2973 3749 3042 reprehen~
3825 3038 3829 3047 Δ

2191 3057 2400 3110 sionem
2427 3100 2442 3124 ,
2473 3058 2674 3128 inquit,
2709 3060 2920 3114 nescire
2966 3073 3252 3128 possumus
3280 3060 3585 3114 animarum
3612 3056 3753 3127 origi-

2191 3166 2314 3206 nem
2341 3193 2356 3215 ,
2403 3161 2458 3206 et
2481 3155 2620 3207 seire
2663 3162 2841 3208 tamen
2882 3169 2975 3208 eas
3019 3167 3125 3208 non
3158 3168 3280 3209 esse
3309 3154 3406 3209 Dei
3435 3155 3752 3224 progeniem,

2114 3239 2158 3301 C
2194 3263 2366 3316 neque
2414 3246 2482 3300 ab
2531 3246 2624 3301 illo
2664 3256 2997 3317 procreatas.
3050 3248 3118 3302 Et
3159 3257 3308 3303 certe
3341 3249 3434 3319 qui
3468 3249 3581 3303 illas
3607 3262 3633 3301 a
3663 3247 3753 3301 Deo

2193 3337 2359 3392 laetas
2382 3381 2396 3403 ,
2430 3347 2486 3393 et
2513 3339 2564 3393 in
2599 3338 2874 3393 hominum
2907 3354 3106 3410 corpus
3135 3341 3323 3396 venire
3349 3342 3748 3404 existimabant,

2193 3431 2321 3485 nihil
2372 3434 2528 3501 plane
2577 3431 2825 3486 dicebant
2871 3433 3005 3487 certi
3052 3442 3108 3488 et
3149 3433 3452 3503 explorati;
3501 3433 3593 3488 sed
3633 3433 3749 3503 quod

2191 3523 2498 3592 conjectura
2557 3533 2762 3578 tantum
2815 3541 2878 3580 ac
2935 3527 3245 3596 suspicione
3294 3528 3534 3582 assecuti
3600 3534 3748 3580 erant.

2191 3617 2320 3684 Qua:
2344 3628 2522 3672 autem
2549 3660 2564 3682 ,
2590 3620 2665 3674 ait
2693 3619 2989 3679 Arnobius.
3020 3621 3347 3690 suspicionis
3377 3631 3435 3677 et
3459 3621 3752 3692 conjectura.

2190 3720 2350 3780 atque
2383 3713 2602 3766 incertae
2631 3712 2905 3781 Opinionis
2937 3722 2989 3767 et
3021 3713 3340 3783 ignorantiae
3370 3713 3702 3770 differentia?

2262 3803 2398 3872 Quid
2434 3818 2596 3874 porro
2636 3803 2854 3871 mirum,
2901 3806 3076 3876 pergit
3107 3805 3195 3860 ille
3228 3807 3246 3877 (
3278 3804 3418 3860 Ibid.
3449 3847 3463 3872 ,
3495 3823 3610 3878 pag.
3636 3805 3694 3858 78
3714 3813 3749 3856 et

2189 3911 2328 3966 seqq.
2365 3897 2383 3966 )
2415 3939 2430 3957 ,
2476 3895 2522 3949 si
2571 3897 2907 3966 incomperta
2957 3897 3112 3951 nobis
3165 3901 3236 3951 sit
3283 3899 3482 3953 anima:
3537 3899 3750 3953 humana:

2190 3988 2340 4057 origo
2365 4032 2378 4051 ,
2407 4003 2527 4043 cum
2562 4003 2661 4042 nec
2688 3989 2856 4058 magis
2886 3999 3226 4059 perspectum
3257 3989 3553 4046 habeamus
3577 4033 3590 4057 ,
3634 3987 3750 4043 unde

2190 4080 2500 4135 animalium
2533 4082 2726 4135 anima:
2755 4082 3040 4135 oriantur?
3066 4080 3251 4152 Neque
3280 4083 3427 4137 enim
3458 4084 3539 4137 ha:
3567 4099 3626 4137 ex
3648 4080 3748 4134 ficto

2193 4171 2430 4226 Platonis
2473 4181 2721 4237 cratere,
2751 4172 2904 4240 cujus
2943 4173 3150 4226 scilicet
3184 4173 3236 4226 in
3273 4173 3482 4228 Timaeo
3509 4173 3745 4231 meminit,

2191 4266 2284 4320 sed
2313 4282 2375 4320 ex
2397 4266 2681 4321 elementis
2709 4266 2968 4334 originem
2991 4265 3190 4320 ducere
3215 4265 3568 4335 perhibentur
3594 4264 3746 4335 (Plato

2193 4362 2246 4414 in
2273 4359 2316 4414 Τ
2321 4361 2481 4426 imw.,
2510 4369 2731 4425 tom.ttt,
2762 4359 3215 4430 pag.M).Verum
3239 4359 3436 4429 quibus
3453 4375 3518 4415 ex
3544 4359 3742 4414 elemen-

2194 4452 2293 4517 tis,
2339 4462 2430 4506 aut
2453 4451 2722 4521 quomodo
2762 4452 2930 4518 liaut,
2973 4451 3204 4506 maxima
3234 4460 3318 4506 est
3356 4452 3502 4508 inter
3528 4451 3745 4522 philoso-

2193 4543 2347 4612 phos,
2377 4545 2513 4598 sicut
2543 4555 2596 4598 et
2619 4543 2686 4598 de
2715 4545 2834 4598 aliis
2852 4544 3032 4598 multis
3059 4544 3449 4614 quaestionibus
3475 4539 3743 4599 contentio.

495 4644 770 4691 mutuatus
795 4648 900 4693 est.
946 4640 1319 4709 Scribitienim
1340 4685 1353 4706 ,
1387 4644 1431 4697 si
1464 4646 1660 4700 animae
1690 4650 1969 4716 corporeis
2002 4650 2082 4704 itt-

2204 4639 2266 4691 Ex
2297 4639 2491 4708 quibus
2521 4638 2609 4693 ille
2635 4638 2873 4708 colligit,
2907 4655 3063 4708 neque
3091 4653 3182 4692 cas
3231 4639 3364 4692 scire
3391 4639 3742 4708 compendium,

493 4729 833 4784 cnrsionibns
856 4732 1055 4788 cedunt
1083 4755 1095 4789 :
1131 4735 1239 4790 Usu
1270 4748 1317 4790 et
1346 4737 1449 4792 illis
1479 4750 1552 4793 est
1584 4741 1704 4804 vita,
1748 4757 1848 4795 non
1890 4745 2088 4798 manci-

495 4826 583 4892 pio
611 4825 839 4896 tradita(
868 4825 1085 4895 Arnob.,
1117 4830 1206 4896 lib,
1235 4847 1294 4900 tt,
1325 4849 1445 4903 pag.
1479 4832 1604 4903 62).
1640 4834 1926 4890 Lucretius
1955 4852 2084 4894 vero

495 4917 705 4972 dixerat
735 4937 746 4972 :

587 5028 797 5094 Vitaque
821 5035 1063 5097 mancipio
1088 5035 1207 5086 nulli
1228 5038 1388 5097 datur,
1406 5041 1635 5090 omnibus
1658 5055 1765 5092 usu.

1147 5119 1379 5183 (Lucret.,
1405 5119 1488 5172 lib.
1527 5137 1595 5184 tu,
1621 5138 1748 5178 vers.
1767 5125 1902 5188 984.)

494 5241 599 5296 hoc
625 5250 729 5305 est,
761 5244 893 5299 nulli
918 5246 1042 5298 vit'e
1071 5249 1396 5316 prolirietas,
1429 5251 1523 5306 sed
1554 5269 1680 5307 usus
1703 5252 1884 5309 datur.

567 5336 800 5391 Rursum
819 5349 998 5394 autem
1021 5342 1297 5397 Arnobius
1322 5362 1334 5396 :
1361 5343 1621 5413 Priorum,
1641 5348 1814 5417 inquit
1842 5350 2083 5420 (Arnob.,

495 5429 583 5484 lib.
615 5445 670 5495 ιι,
706 5447 826 5501 pag,
856 5432 926 5487 65
953 5432 997 5505 ),
1026 5438 1356 5502 repetentium
1385 5438 1625 5492 detrahit.
1667 5440 1756 5496 Sic
1783 5451 1910 5496 ante
1945 5444 2082 5498 cita-

495 5529 606 5576 tum
633 5538 661 5576 a
694 5525 848 5578 nobis
875 5541 1095 5581 carmen
1123 5527 1405 5584 Lucretius
1435 5530 1649 5586 dixerat
1677 5551 1690 5586 :

593 5634 869 5700 lnterrupta
890 5639 1047 5690 semel
1073 5653 1182 5690 cum
1205 5643 1271 5691 sit
1287 5646 1571 5705 repetentia
1597 5653 1775 5695 nostra.

1163 5726 1396 5788 (Lucret,
1423 5723 1504 5778 lib.
1523 5744 1591 5790 ιιι,
1619 5741 1743 5779 vers.
1767 5728 1904 5791 864.)

499 5906 513 5918 ο
571 5844 796 5913 Quidam
827 5858 1006 5907 tamen
1035 5850 1106 5907 ibi
1131 5853 1333 5925 legunt,
1360 5857 1590 5930 repentia
1617 5855 1910 5924 nostra,alii
1937 5871 2069 5914 vero

2192 4747 2351 4802 neque
2381 4733 2617 4802 ignorare
2639 4731 2992 4785 detrimentum
3032 4748 3138 4786 esse
3162 4732 3348 4794 ullum,
3393 4749 3452 4786 ac
3479 4730 3588 4786 Deo
3622 4728 3752 4783 relin-

2190 4823 2438 4894 quendas.

2266 4922 2320 4978 Si
2351 4921 2487 4975 intra
2516 4921 2615 4976 hos
2640 4920 2773 4976 lines
2803 4935 2922 4976 sese
2951 4920 3221 4976 Arnobius
3250 4922 3625 4984 continuisset,
3663 4931 3749 4971 non

2191 5015 2377 5071 debuit
2427 5015 2609 5084 utique
2665 5014 2752 5068 illa
2809 5015 2971 5068 animi
3022 5015 3165 5069 illius
3213 5015 3516 5069 moderatio
3539 5022 3752 5088 .prorsns

2193 5108 2418 5177 eulpari.
2461 5109 2616 5175 Swpe
2643 5108 2786 5160 enim
2819 5108 3014 5175 saepius
3047 5107 3379 5177 Augustinus
3416 5109 3622 5161 sincere
3651 5115 3750 5173 pro-

2193 5201 2368 5256 fessus
2407 5210 2491 5254 est
2531 5200 2970 5255 obscurissimam
3012 5215 3164 5263 esse,
3209 5211 3263 5256 et
3289 5203 3398 5255 sine
3443 5202 3656 5272 periculo
3684 5198 3750 5250 la-

2195 5307 2296 5350 tere
2330 5295 2514 5348 animo?
2543 5296 2808 5365 originem.
2851 5295 2990 5362 Qttin
3024 5297 3187 5350 immo
3214 5297 3265 5350 in
3301 5296 3476 5365 primo
3499 5295 3748 5350 Retracu-

2192 5391 2394 5444 tionunt
2424 5405 2641 5444 suarum
2674 5391 2813 5445 lihro
2838 5432 2852 5454 ,
2896 5405 3054 5460 quem
3080 5390 3193 5460 jam
3223 5405 3392 5446 senex
3419 5387 3744 5457 conscripsit,

2191 5483 2529 5552 apertissime
2557 5482 2796 5538 declarat
2821 5499 2878 5537 se
2904 5482 3140 5537 nondum
3171 5483 3368 5553 aliquid
3402 5484 3469 5538 de
3504 5483 3588 5537 illa
3616 5494 3746 5536 cont-

2193 5577 2398 5647 perisse
2424 5579 2554 5632 certi
2588 5578 2798 5646 penitus
2827 5586 2880 5631 et
2907 5577 3188 5632 indubitati
3217 5594 3231 5633 :
3256 5597 3274 5629 ι
3309 5577 3462 5646 Quod
3504 5577 3696 5636 attinet,
3727 5589 3742 5622 ι

2193 5671 2382 5742 inquit,
2414 5691 2431 5723 t
2461 5671 2526 5725 ad
2569 5671 2728 5725 animi
2761 5671 3020 5742 originem
3047 5715 3060 5737 ,
3111 5686 3214 5739 qua
3246 5671 3302 5725 [it
3324 5713 3339 5736 ,
3377 5681 3432 5724 ut
3465 5671 3533 5726 sit
3569 5671 3616 5723 in
3644 5680 3746 5717 cor-

2193 5781 2357 5836 pore,
2388 5775 2564 5820 utrum
2593 5763 2660 5820 de
2692 5764 2782 5819 illo
2808 5779 2915 5819 uno
2941 5765 3047 5830 sit,
3089 5765 3176 5836 qui
3210 5766 3410 5834 primus
3438 5773 3637 5820 creatus
3659 5769 3742 5858 est,

2196 5857 2410 5928 quando
2439 5860 2611 5913 lactus
2643 5866 2730 5912 est
2756 5857 2918 5912 homo
2950 5859 3001 5913 in
3033 5858 3266 5913 animam
3291 5857 3493 5920 vivam,
3520 5869 3584 5909 an
3617 5852 3746 5906 sitni-
