3904 6326
142 245 216 301 181

1321 250 1386 307 ΙΝ
1416 248 1791 323 ARNOBIUM,
1821 253 1974 312 CAP.
2017 254 2108 315 IX.

3290 269 3398 329 482

146 360 238 412 liter
261 356 325 411 ita
353 357 479 412 liant
499 357 724 430 singulis
751 360 980 431 singuli,
1013 375 1112 417 nec
1143 371 1268 419 tunc
1292 365 1567 434 sciebam,
1594 384 1694 424 nec
1723 386 1774 440 Α
1799 372 1990 428 scribit
2043 375 2318 430 Simonem
2372 376 2580 448 Magum
2626 377 2913 437 docuisse:
2965 400 2983 433 ι
3019 383 3271 440 Mundum
3327 388 3397 444 ab

144 454 282 507 adhuc
304 452 437 507 scio.
471 472 490 503 ι
524 454 541 522 (
578 454 768 509 Arnob.
793 498 807 520 ,
837 456 928 510 lib.
959 473 995 511 ll
1020 498 1036 524 ,
1069 476 1191 530 pag.
1235 461 1342 524 86;
1387 461 1691 535 Aagustin.,

139 546 256 616 epist.
285 545 406 610 {02,
429 564 552 618 pag.
582 547 723 613 587';
767 549 918 619 epist.
948 550 1052 606 119
1072 593 1086 617 ,
1147 570 1268 626 pag.
1299 555 1399 609 ’701
1437 555 1692 626 Retract.,

137 640 204 691 lib.
226 651 260 702 Ι,
287 653 401 710 cap.
423 639 492 694 45
518 647 564 694 et
590 640 691 706 56;
716 641 807 694 lib.
832 658 888 708 χ,
914 642 977 696 de
993 641 1178 699 Ganeo.
1201 646 1270 699 ad
1291 647 1472 715 litter.,
1496 666 1611 721 cap.
1637 653 1692 716 5;

135 733 200 785 lib.
225 747 292 800 tv,
313 731 376 785 de
402 732 574 787 Anim.
610 733 768 804 orig.,
797 751 914 806 cap.
951 735 984 791 5
1011 746 1057 791 et
1085 738 1147 793 11
1177 755 1192 805 ;
1225 740 1316 793 lib.
1348 756 1426 809 ιιι,
1450 757 1571 813 cap.
1604 744 1691 811 10,

134 824 340 893 lib.}t.v,
382 835 552 880 contr.
619 825 819 884 Julian.
850 872 864 898 ,
909 833 1028 901 capl
1076 831 1215 896 104;
1263 835 1352 888 lib.
1389 851 1406 889 ι
1440 835 1693 906 (tetram,

133 937 225 988 cap.
247 919 322 991 1.)

129 1065 132 1074 ,
185 1011 363 1067 Verum
394 1023 583 1070 auctor
614 1026 819 1085 noster,
872 1017 1097 1075 ulterius
1131 1036 1450 1093 progressus
1477 1065 1492 1087 ,
1544 1022 1694 1079 falsa:

131 1103 388 1171 Opinionis,
431 1108 747 1179 errorisque
777 1113 1062 1181 scopulum
1103 1114 1397 1172 offendisse
1426 1119 1689 1187 arguitur.

131 1196 215 1251 Non
238 1199 482 1270 ambigue
511 1203 656 1256 enim
687 1219 785 1259 nec
811 1203 1120 1262 dubitanter
1149 1211 1500 1279 pronuntiat,
1533 1228 1631 1267 nos
1661 1229 1692 1267 a

131 1289 308 1347 Christo
334 1293 617 1362 didicisse,
645 1316 664 1350 ς
698 1315 802 1352 non
835 1314 958 1356 esse
978 1303 1190 1359 animas
1217 1305 1381 1376 Regis
1410 1310 1686 1376 maximi,»

129 1403 199 1441 seu
224 1387 311 1442 Dei
342 1391 561 1456 summi,
599 1409 617 1442 ‹
651 1391 823 1461 filias,
871 1410 972 1450 nec
993 1397 1060 1452 ab
1084 1413 1181 1465 eo,
1234 1401 1690 1469 quemadmodum

127 1482 303 1549 dicitur,
331 1497 618 1554 generatas
649 1489 886 1558 cmpisse
909 1507 971 1545 se
1000 1507 1182 1558 nosse,
1213 1503 1375 1566 atque
1406 1499 1456 1548 in
1485 1498 1568 1551 sui
1602 1513 1691 1552 no-

125 1577 251 1632 minis
301 1578 539 1634 essentia
590 1582 732 1652 (ms.
781 1598 894 1654 reg.
944 1585 1067 1639 cod.
1111 1587 1162 1640 in
1207 1588 1289 1642 sui
1332 1589 1554 1644 nominis
1584 1607 1692 1645 esse

126 1673 361 1743 sententia)
410 1675 692 1744 praadicari
722 1695 735 1730 :
769 1679 863 1733 sed
889 1679 1120 1736 alterum
1147 1683 1452 1752 quempiam
1478 1687 1689 1755 genito-

1799 467 2005 534 angelis
2057 468 2170 522 suis
2221 469 2546 525 institutum.
2588 490 2606 524 ι
2641 471 2992 531 Saturninum
3039 492 3168 533 vero
3191 477 3394 550 (Ibid.,

1798 574 1916 628 cap.
1943 560 2037 629 48)
2066 578 2078 614 :
2104 559 2287 632 Longe
2331 562 2596 620 distantes
2621 581 2650 619 a
2673 566 2788 622 Deo
2814 569 3035 641 angelos
3080 570 3397 630 inferiorem

1798 651 2054 706 mundum
2115 653 2338 722 fecisse;
2406 675 2424 707 ›
2477 667 2646 728 atque
2698 659 3086 732 Carpocratem
3140 663 3391 721 dixisse:

1804 763 1822 795 ι
1863 745 2132 802 Distantes
2164 749 2322 819 longe
2349 767 2379 806 a
2405 754 2774 823 superioribus
2815 757 3103 813 virtutibus
3134 760 3396 818 mundum

1796 841 1956 897 istum
1985 842 2040 897 in
2074 843 2415 901 inferioribus
2447 848 2689 918 partibus
2717 851 3046 909 condidisse.
3084 873 3103 906 ι
3139 853 3243 911 Sed
3277 855 3396 912 haec

1795 936 1850 989 in
1906 947 2062 992 sexto
2107 954 2266 1009 supra
2315 941 2784 1014 quadragesimum
2838 947 2995 1017 hujus
3044 947 3170 1004 libri
3214 951 3396 1022 capite

1794 1030 1990 1102 scripta
2038 1043 2182 1088 sunt.
2210 1036 2259 1090 Α
2289 1037 2444 1092 nobis
2472 1047 2652 1094 autem
2681 1040 2804 1095 alibi
2835 1042 3181 1098 observatum
3211 1054 3295 1100 est
3325 1045 3395 1098 il-

1795 1124 1919 1191 lud,
1976 1136 2030 1181 et
2070 1129 2447 1200 subsequentia
2478 1131 2638 1203 hujus
2663 1135 2783 1190 libri
2815 1136 2988 1205 capita
3020 1138 3068 1192 ei
3109 1138 3176 1194 ab
3222 1139 3396 1208 impo-

1793 1228 1940 1275 store
1985 1221 2166 1291 aliquo
2205 1222 2372 1280 fuisse
2415 1225 2621 1296 adjecta
2652 1229 2801 1300 (tom.
2835 1231 2857 1284 1
2893 1231 3173 1300 Apparat.,
3206 1249 3328 1303 pag.
3357 1232 3392 1286 8

1794 1322 1841 1365 et
1873 1311 1988 1384 15).
2020 1315 2086 1370 Ει
2114 1332 2173 1371 re
2197 1319 2412 1388 quidem
2460 1335 2588 1377 vera
2618 1321 2669 1376 in
2697 1323 2880 1378 ultima
2927 1339 3151 1394 operum
3181 1325 3393 1382 Tertul-

1792 1405 1917 1460 liani
1947 1407 2184 1466 editione
2206 1423 2518 1467 annotatum
2547 1425 2628 1470 est
2649 1414 2765 1472 haec
2782 1417 2962 1472 omnia
2982 1421 3034 1472 in
3056 1418 3392 1476 vetutissimo

1793 1499 2061 1570 Agobardi
2090 1503 2276 1560 codice
2302 1521 2408 1560 non
2436 1509 2687 1577 reperiri.

1864 1594 1970 1648 Nos
1993 1597 2210 1666 quidem
2241 1615 2346 1655 non
2380 1601 2513 1672 fugit
2539 1603 2607 1657 ab
2631 1604 2822 1659 eodem
2855 1605 3188 1663 Tertulliano
3221 1607 3273 1663 in
3295 1625 3391 1682 ge-

1791 1688 1960 1743 nuino
1986 1689 2054 1744 de
2080 1693 2276 1748 Anima
2309 1695 2447 1749 libro
2477 1695 2590 1752 litec
2618 1698 2685 1752 de
2715 1697 2950 1755 Saturno
2976 1703 3191 1774 scriptis
3237 1721 3390 1760 man-

125 1784 207 1821 rem
245 1767 329 1823 his
369 1784 494 1825 esse
515 1811 528 1834 ,
582 1770 864 1841 dignitatis
892 1782 947 1828 et
973 1777 1230 1847 potentia!
1273 1778 1527 1848 gradibus
1556 1782 1688 1836 satis
1720 1778 1766 1837 Β
1792 1778 1914 1834 data
1943 1800 1956 1836 :
1990 1800 2008 1832 ‹
2039 1782 2320 1841 Hominem
2378 1787 2614 1845 affirmat
2645 1791 2715 1846 ab
2740 1792 2960 1864 Angelis
3012 1767 3231 1863 factum,
3274 1798 3386 1868 pri-

125 1863 338 1930 plurimis
366 1866 435 1920 ab
464 1867 812 1936 imperatore,
845 1889 864 1921 ›
900 1869 952 1924 id
979 1882 1084 1939 est,
1111 1871 1247 1941 Deo,
1276 1892 1295 1925 ι
1321 1873 1686 1945 disjunctum;

123 1956 209 2025 ejus
239 1966 419 2014 tamen
452 1974 516 2014 ex
545 1960 666 2015 aula
697 1963 1053 2018 eminentium
1084 1965 1321 2020 nobilem
1353 1967 1689 2024 sublimitate

124 2053 366 2107 natalium.
400 2073 420 2104 ι
474 2053 721 2124 (Arnob.,
753 2056 844 2110 lib.
878 2073 936 2124 ιι,
973 2074 1094 2129 pag.
1121 2056 1239 2129 68.)
1287 2058 1449 2115 Suam
1506 2061 1577 2116 ibi
1619 2061 1688 2117 de

123 2147 386 2202 animarum
442 2156 752 2203 nostrarum
793 2150 1003 2220 origine
1051 2160 1287 2206 mentem
1328 2168 1433 2208 non
1462 2153 1688 2210 obscure

120 2255 315 2308 prorsus
341 2240 539 2311 aperit.
570 2240 754 2297 Primo
783 2243 1050 2314 siquidem
1083 2259 1294 2312 eorum,
1318 2245 1385 2300 de
1414 2247 1608 2316 quibus
1633 2247 1685 2302 in

118 2333 354 2402 superiori
382 2333 636 2402 articulo,
663 2335 840 2406 rejicit
862 2338 1197 2407 opinionem,
1223 2339 1312 2408 qui
1344 2340 1685 2396 arbitraban-

121 2436 182 2480 tur
203 2426 323 2482 illas
349 2429 545 2482 summi
573 2427 667 2483 Dei
698 2429 837 2483 tilias
861 2471 874 2496 ,
909 2438 966 2485 et
987 2431 1054 2484 ab
1081 2446 1149 2487 eo
1173 2441 1462 2502 generatas
1479 2475 1494 2500 ,
1527 2449 1688 2491 nosse

118 2534 162 2574 se
183 2521 411 2591 ctepisse
441 2531 734 2593 antequam
767 2523 819 2577 in
853 2538 1052 2594 corpus
1100 2525 1531 2582 infunderentur.
1585 2526 1687 2583 Se.

116 2614 257 2670 eundo
303 2617 498 2671 asserit
527 2631 618 2671 eas
648 2633 678 2671 a
710 2617 963 2688 quopiam
998 2627 1314 2690 procreatas
1337 2619 1505 2676 fuisse
1529 2621 1686 2692 geni-

116 2713 221 2772 tore,
250 2709 349 2778 qui
373 2725 440 2763 ex
469 2712 712 2779 ejusdem
763 2712 958 2765 summi
995 2711 1091 2766 Dei
1123 2713 1244 2767 aula
1276 2714 1393 2779 fuit,
1427 2714 1685 2769 natalium

115 2815 301 2857 suorum
328 2804 623 2872 splendore
653 2804 882 2870 nobilis,
921 2805 1015 2860 sed
1063 2807 1196 2862 satis
1227 2807 1476 2876 plurimis
1503 2809 1683 2879 digni-

116 2897 210 2948 tatis
235 2907 288 2953 et
315 2898 575 2968 potentiae
596 2914 706 2954 suae
731 2899 989 2969 gradibus
1016 2899 1085 2955 ab
1115 2900 1234 2972 ipso
1261 2901 1563 2972 sejunctus.

165 2990 334 3062 Neque
367 2992 420 3047 id
445 2993 514 3047 ab
543 3008 609 3048 eo
639 2994 851 3050 incaute
877 3003 971 3048 aut
1002 2994 1320 3050 hzesitanter
1347 2997 1549 3053 dictum
1584 3015 1681 3068 pu-

115 3085 295 3140 taveris.
338 3084 479 3141 Nam
513 3086 643 3142 illud
675 3103 806 3142 sane
832 3088 962 3144 alibi
991 3088 1132 3143 haud
1161 3089 1329 3146 semel
1360 3106 1681 3148 asseveran-

1793 1890 1988 1946 moque
2017 1892 2151 1948 opus
2175 1879 2324 1936 futile
2353 1893 2406 1936 et
2433 1882 2748 1952 invalidum,
2771 1895 2825 1942 et
2845 1887 3112 1955 instabile,
3162 1889 3214 1944 in
3244 1899 3387 1947 terra

1791 1968 1990 2023 vermis
2013 1969 2182 2025 instar
2204 1973 2515 2042 palpitasse,
2537 1976 2677 2046 quod
2705 1979 3035 2035 consistendi
3064 1981 3210 2036 vires
3230 1982 3388 2038 dees-

1792 2070 1935 2115 sent.
1967 2061 2170 2120 Dehinc
2196 2080 2264 2120 cx
2296 2068 2665 2124 misericordia
2697 2086 2921 2127 summae
2968 2074 3249 2143 potestatis
3272 2117 3287 2143 ,
3316 2075 3384 2132 ad

1791 2153 1942 2223 cujus
1968 2153 2226 2227 efﬁgiem,
2261 2175 2361 2214 nee
2391 2170 2568 2216 tamen
2601 2163 2759 2233 plene
2788 2176 3148 2238 perspectam,
3181 2179 3387 2226 temere

1791 2255 2026 2303 structus
2052 2250 2263 2319 fuisset,
2294 2254 2642 2312 scintillulam
2673 2259 2800 2314 vita:
2829 2271 3179 2318 consecutum
3206 2307 3220 2331 ,
3265 2281 3386 2335 qua:

1792 2338 1919 2394 illud
1950 2345 2288 2400 exsuscitarit
2309 2355 2363 2402 et
2387 2351 2645 2416 erexerit,
2669 2361 2724 2407 et
2749 2355 3084 2413 constantius
3109 2357 3381 2428 animarit,

1788 2441 1842 2486 et
1885 2445 2006 2504 post
2049 2436 2332 2494 decessum
2387 2442 2510 2498 vitae
2540 2443 2608 2498 ad
2642 2447 2915 2502 matricem
2965 2449 3201 2506 relatura
3231 2453 3318 2507 sit.
3357 2472 3376 2502 ι

1789 2524 2056 2596 (Tertull.,
2090 2529 2178 2585 lib.
2207 2534 2270 2587 de
2292 2533 2490 2601 Anim.,
2525 2553 2642 2607 cap.
2670 2537 2760 2605 25,
2791 2557 2912 2612 pag.
2942 2541 3096 2616 555.)
3142 2544 3246 2601 Sed
3294 2545 3384 2602 hic

1791 2633 1946 2675 error
1971 2634 2229 2693 quantum
2263 2627 2329 2681 ab
2354 2629 2616 2699 explicata
2641 2633 2865 2687 Arnobii
2897 2635 3150 2705 Opinione
3175 2637 3382 2695 discre-

1790 2722 1900 2780 pet,
1931 2729 2093 2770 nemo
2113 2732 2244 2772 sane
2265 2729 2348 2774 est
2379 2721 2468 2790 qui
2493 2739 2598 2779 non
2631 2724 2828 2780 videat.

1859 2807 2127 2880 Praeterea
2183 2812 2294 2866 alio
2343 2814 2394 2868 in
2447 2815 2589 2871 libro
2639 2817 3118 2878 animadvertimus
3161 2824 3306 2896 (tom.
3341 2842 3378 2893 t,

1788 2903 2044 2972 Apparat.
2079 2903 2167 2960 lib.
2189 2922 2261 2973 tt;
2290 2908 2492 2965 dissert.
2532 2912 2583 2977 1,
2615 2929 2732 2984 cap.
2763 2914 2816 2981 5,
2871 2924 2971 2969 art.
3011 2916 3061 2983 1,
3097 2935 3217 2992 pag.
3250 2919 3378 2987 9.86,
3413 2959 3418 2966 ι

1787 3003 1834 3047 et
1871 3007 1972 3051 art.
2016 2998 2084 3064 5,
2122 2999 2150 3070 §
2182 2999 2251 3066 9.,
2285 3020 2404 3074 pag.
2436 3002 2577 3071 292;
2607 3015 2656 3061 et
2685 3024 2800 3078 cap.
2831 3009 2899 3077 5,
2926 3010 2954 3084 δ
2983 3013 3043 3078 5,
3074 3033 3192 3088 pag.
3225 3017 3377 3089 517).

1790 3087 2143 3147 Saturninum
2175 3093 2430 3152 docuisse
2472 3099 2746 3157 hominem
2776 3114 3078 3176 cmteraque
3102 3087 3280 3166 omnia
3312 3087 3382 3170 ab

112 3190 172 3235 ter
195 3185 530 3253 pronuntiat.
565 3184 780 3239 Alicubi
811 3184 1078 3255 siquidem
1114 3205 1126 3241 :
1163 3205 1182 3237 ι
1213 3185 1612 3257 Conspicimus,
1656 3208 1675 3241 ι
1712 3166 1758 3228 C
1789 3185 1994 3255 angelis
2023 3229 2036 3252 ,
2075 3198 2262 3256 praeter
2289 3193 2655 3249 conscientiam
2683 3196 2890 3266 Patris;
2922 3211 2977 3257 et
2999 3203 3381 3275 Carpocratem

111 3277 163 3330 ait
185 3276 373 3352 (Ibid.,
405 3296 529 3349 pag.
556 3278 672 3350 75),
704 3297 722 3329 α
755 3278 1021 3346 homines,
1058 3279 1109 3334 id
1135 3290 1237 3348 est,
1278 3282 1486 3337 animas
1515 3284 1678 3352 ipsas,

111 3370 229 3438 (quid
255 3350 407 3430 enim
437 3383 566 3428 sunt
596 3373 865 3441 homines,
885 3374 987 3428 nisi
1010 3375 1204 3430 animm
1230 3376 1551 3445 corporibus
1581 3377 1682 3432 illi-

107 3465 272 3539 gatae?)
331 3467 588 3523 suavitate
630 3467 1010 3523 innumerabili
1038 3468 1294 3524 vitiorum
1324 3469 1472 3540 ipsos
1503 3485 1564 3527 se
1592 3473 1678 3527 in-

107 3558 254 3618 dicare
281 3579 396 3619 non
424 3578 548 3618 esse
575 3563 787 3634 patricii
815 3564 1033 3633 generis
1057 3606 1072 3630 ,
1107 3565 1201 3620 sed
1226 3580 1289 3619 ex
1314 3565 1681 3622 mediocribus

104 3651 286 3711 familiis
329 3665 677 3728 procreatos.
723 3675 741 3706 ι
796 3655 939 3711 Alibi
994 3672 1124 3712 vero
1169 3656 1355 3728 (lbid.,
1387 3675 1508 3728 pag.
1537 3659 1675 3729 79):

106 3764 122 3796 ι
147 3747 247 3805 Non
268 3751 481 3808 absone
501 3793 517 3816 ,
567 3765 738 3821 neque
768 3749 1000 3806 inaniter
1023 3751 1294 3807 credimus
1322 3752 1513 3807 media:
1543 3769 1676 3823 qua-

100 3837 235 3899 litatis
287 3860 421 3901 esse
475 3845 685 3898 animas
735 3843 1044 3911 hominum,
1080 3852 1321 3914 utpotea
1356 3845 1520 3900 rebus
1572 3861 1677 3902 non

100 3937 462 4006 principalibus
505 3937 696 3992 editas.
734 3956 752 3988 ι
807 3937 946 4006 Quid
996 3938 1166 3992 vero?
1211 3938 1353 4009 quod
1389 3941 1679 4009 impietatis

101 4043 196 4085 eum
249 4041 518 4097 accusat,
568 4030 659 4101 qui
709 4031 944 4084 animam
974 4047 1003 4084 a
1031 4031 1138 4085 Deo
1175 4043 1414 4086 creatam
1458 4033 1676 4089 dixerit.

59 4135 68 4148 ‘
103 4126 418 4200 «Sacrilegrc
466 4127 668 4181 crimen
720 4123 1011 4195 impietatis
1043 4125 1293 4191 incurrit,
1328 4126 1578 4197 quisquis
1609 4125 1676 4183 ab

99 4232 148 4271 eo
169 4218 318 4292 (Deo)
347 4219 669 4288 conceperit
699 4218 974 4273 hominem
1000 4233 1121 4274 esse
1146 4229 1502 4289 prognatum,
1553 4235 1667 4275 rem

98 4308 333 4370 infelicem
358 4323 417 4370 et
441 4315 718 4368 miseram.
747 4332 766 4364 ι
792 4312 922 4380 Quis
950 4313 1132 4383 itaque
1159 4311 1477 4367 diffitebitur
1507 4323 1676 4367 ratam

98 4401 156 4458 illi
179 4415 493 4477 certamque
524 4405 691 4460 fuisse
718 4404 858 4460 hanc
887 4405 1216 4475 opinionem,
1238 4421 1397 4476 quam
1428 4406 1587 4460 toties
1615 4422 1678 4461 ac

94 4503 181 4550 tam
206 4499 350 4555 clare
373 4509 433 4554 et
454 4506 770 4554 constanter
795 4497 1013 4551 tradidit
1035 4506 1088 4551 et
1111 4496 1384 4552 asseruit?
1423 4497 1542 4552 Non
1571 4498 1677 4552 alio

1786 3275 1855 3331 ab
1877 3278 2101 3349 angelis,
2136 3295 2391 3352 supremo
2420 3297 2661 3355 parente,
2683 3305 2712 3343 a
2737 3307 2844 3362 quo
2870 3293 3200 3365 defecerant,
3226 3301 3382 3373 longe

1785 3371 2167 3440 interioribus;
2223 3375 2550 3435 Marcionem
2583 3396 2714 3438 vero
2742 3384 2812 3440 ab
2837 3387 3009 3444 altero
3037 3390 3148 3447 Deo
3174 3371 3377 3451 creata.

1785 3462 1917 3532 Quae
1970 3467 2324 3536 proculdubio
2371 3472 2684 3541 opinionum
2730 3488 2971 3536 monstra
3019 3483 3089 3538 ab
3137 3487 3380 3546 Arnobio

1785 3559 1968 3627 potius
1994 3559 2197 3628 rejecta
2224 3577 2387 3634 quam
2419 3565 2671 3637 adoptata
2698 3580 2842 3626 sunt.

1856 3652 2161 3709 Seleuciani
2194 3672 2387 3726 porro,
2419 3668 2557 3716 teste
2586 3667 2885 3736 Augustino
2911 3687 2923 3722 :
2956 3689 2974 3722 ι
3008 3670 3118 3728 Nec
3143 3677 3377 3734 animam

1787 3746 1896 3802 Deo
1928 3749 2166 3805 tribuunt
2192 3755 2459 3820 creatori,
2511 3758 2605 3812 sed
2635 3772 2909 3819 creatures
2934 3781 3056 3823 esse
3078 3771 3377 3828 animarum

1783 3840 2006 3910 angelos
2035 3843 2219 3898 volunt
2245 3845 2312 3900 de
2342 3848 2464 3917 igne
2492 3859 2545 3904 et
2571 3853 2784 3922 spiritu.
2824 3875 2846 3910 λ
2879 3855 3119 3930 (August.
3145 3904 3160 3930 ,
3194 3863 3281 3918 lib.
3315 3868 3379 3921 de

1786 3931 2016 4002 "tarem,
2051 3936 2080 4007 §
2113 3935 2229 4008 56.)
2262 3939 2367 3994 Sed
2401 3939 2452 3996 hi
2495 3942 2735 4002 haeretici
2784 3949 3024 4008 Arnobio
3052 3959 3377 4025 posteriores

1785 4025 2057 4082 videntur.
2092 4029 2160 4084 Et
2189 4030 2302 4087 haec
2333 4034 2550 4103 quidem
2576 4037 2631 4092 in
2658 4055 2844 4097 eorum
2872 4049 3094 4114 gratiam
3123 4049 3376 4108 observa-

1783 4135 1922 4188 mus,
1946 4123 2036 4192 qui
2060 4122 2183 4192 jure
2212 4125 2404 4182 tnerito
2431 4131 2618 4186 volunt
2644 4133 2712 4190 de
2739 4138 3082 4208 antiquorum
3115 4143 3374 4204 Ecclesiae

1781 4211 1997 4268 Patrum
2026 4216 2242 4285 scriptis
2271 4228 2326 4272 et
2348 4225 2632 4281 sententiis
2663 4241 2912 4285 accurate
2943 4231 3238 4305 disputari,
3273 4255 3374 4297 nec

1780 4307 1859 4361 eis
1885 4307 2111 4375 alienos,
2140 4311 2209 4366 de
2229 4312 2425 4383 quibus
2449 4314 2579 4372 nihil
2609 4334 2859 4391 umquam
2877 4326 3200 4398 cogitarunt,
3224 4346 3374 4390 erro-

1781 4413 1869 4453 res
1899 4401 2118 4457 ascribi.

1853 4491 2120 4552 Cteterum
2149 4499 2291 4556 scire
2313 4517 2501 4572 parum
2532 4505 2759 4564 interest
2784 4520 2986 4582 utrum,
3012 4526 3066 4572 et
3088 4533 3153 4574 ex
3178 4522 3372 4590 quibus

2314 4562 2330 4572 _
2625 4562 2636 4563 ,
2788 4562 2986 4582 _--_...,
3015 4562 3066 4572 ν-
3090 4562 3152 4574 ν..
3179 4562 3372 4590 ..η-..ιω

96 4600 246 4646 autem
275 4591 639 4648 fundamento
666 4589 890 4655 nititur;
924 4589 1026 4643 nisi
1057 4589 1201 4659 quod
1228 4605 1569 4658 persuasum,
1595 4589 1672 4644 uti
1703 4562 1758 4622 D
1783 4587 2054 4647 haereticis
2083 4608 2235 4649 suam
2264 4598 2572 4667 opinionem
2600 4603 2874 4661 Arnobius
2898 4608 3233 4669 delibavcrit.
3266 4616 3373 4672 No-

94 4688 321 4754 vidimus,
353 4690 521 4761 plane
553 4687 740 4741 habuit
763 4684 1030 4749 homines,
1064 4700 1160 4740 seu
1184 4686 1396 4740 animas
1424 4685 1674 4741 hmuanis

93 4781 390 4850 corporibus
416 4781 670 4851 illigatas,
697 4787 774 4832 tot
805 4776 949 4831 vitiis
973 4777 1303 4842 obnoxias,a
1333 4777 1443 4832 Deo
1469 4780 1673 4848 optimo

93 4873 321 4940 maximo,
341 4875 436 4943 qui
468 4873 600 4928 nihil
623 4871 727 4926 nisi
748 4871 968 4926 omnino
997 4869 1292 4940 perfectum
1325 4881 1377 4926 et
1405 4871 1671 4941 integrum

93 4965 244 5025 facere
271 4977 484 5042 potest,
516 4976 727 5023 creatas
757 4982 863 5022 non
890 4967 1075 5022 fuisse.

149 5061 245 5117 Sed
296 5063 427 5118 huic
474 5061 702 5119 Arnobii
741 5060 981 5132 opinioni
1009 5075 1114 5114 non
1143 5059 1320 5114 solum
1350 5059 1596 5115 falsitatis
1618 5071 1672 5117 et

94 5156 291 5225 erroris,
324 5156 424 5214 sed
461 5155 805 5212 deliramenti
838 5155 1031 5218 etiam,
1063 5153 1454 5224 horrendaque
1485 5154 1672 5223 impie-

93 5250 215 5316 tatis,
237 5260 290 5305 et
317 5249 678 5320 blasphemite
701 5256 824 5303 nota
851 5247 919 5301 ab
937 5245 1336 5302 Elmenhorstio
1361 5255 1413 5300 et
1440 5245 1698 5302 Heraldo

94 5335 318 5396 inuritur.
353 5342 438 5397 Ex
469 5341 708 5397 Simonis
740 5351 918 5395 autem
947 5339 1220 5394 Saturnini
1244 5383 1257 5406 ,
1293 5337 1669 5409 Carpocratis,

94 5426 355 5488 Marcionis
387 5477 400 5496 ,
463 5433 908 5488 Seleucianorum
951 5441 1006 5486 et
1055 5431 1471 5486 Hermianorum
1511 5432 1674 5499 insig-

96 5523 220 5580 nium
243 5527 626 5584 haereticorum
671 5527 855 5581 schola
885 5527 1026 5580 hunc
1049 5539 1294 5579 errorem
1323 5525 1668 5592 depromtum

96 5617 394 5674 existimant.
430 5619 586 5686 Quod
615 5619 834 5690 quidem
877 5618 1106 5687 probare
1134 5627 1400 5670 conantur
1431 5618 1668 5671 auctori-

98 5715 189 5765 tate
205 5711 543 5780 Tertulliani,
566 5714 654 5784 qui
687 5714 738 5767 in
767 5711 905 5768 libro
930 5711 998 5768 de
1027 5709 1531 5781 Prtescriptionibus
1559 5709 1670 5766 bte-

100 5805 362 5867 reticorum
388 5805 633 5880 (Tertull.
666 5807 753 5863 lib.
801 5807 865 5863 de
914 5804 1137 5863 Prwscr.
1171 5807 1348 5864 Itwret.
1377 5849 1392 5876 ,
1425 5821 1543 5877 cap.
1570 5805 1669 5880 46)

1777 4683 1860 4738 bis
1889 4687 2031 4741 enim
2057 4703 2218 4745 nosse
2244 4691 2444 4748 sufficit
2462 4710 2580 4750 eam
2605 4697 2856 4756 falsitatis
2877 4713 2932 4759 et
2953 4709 3152 4764 erroris
3177 4714 3372 4771 merito

1778 4779 2154 4838 condemnari.
2172 4783 2255 4837 Ab
2273 4783 2575 4855 Augustino
2591 4791 2810 4862 quippe,
2836 4805 2891 4850 ut
2910 4797 3044 4855 alios
3073 4810 3368 4875 taceamus,

1777 4867 1862 4924 his
1889 4871 2070 4927 verbis
2102 4877 2460 4943 proscribitur
2488 4897 2502 4934 :
2537 4898 2556 4932 ε
2590 4881 2690 4950 Qui
2738 4884 2950 4943 Platoni
2985 4907 3086 4946 suo
3119 4867 3368 4966 credunt,

1775 4976 1883 5017 non
1910 4963 1978 5017 ab
2001 4964 2094 5020 illo
2119 4980 2331 5023 summo
2363 4971 2496 5040 Deo,
2529 4975 2619 5044 qui
2651 4975 2944 5038 fabricatus
2972 4995 3055 5040 est
3085 4963 3366 5059 mundum,

1779 5054 1874 5109 sed
1895 5053 1964 5109 ab
1991 5055 2111 5112 aliis
2156 5061 2456 5119 minoribus
2478 5105 2492 5130 ,
2521 5081 2658 5137 quos
2681 5071 2898 5140 quidem
2929 5076 3046 5147 ipse
3067 5053 3368 5153 creaverit

1779 5148 2046 5217 permissu
2087 5151 2202 5207 sive
2232 5153 2388 5223 jussu
2418 5156 2537 5227 ejus
2578 5161 2831 5220 animalia
2865 5167 2999 5224 facta
3030 5183 3220 5230 cuncta
3249 5148 3370 5234 esse

1776 5239 2054 5309 mortalia,
2087 5241 2141 5297 in
2169 5245 2365 5314 quibus
2407 5249 2571 5306 homo
2611 5256 2964 5326 prtecipuum.
2998 5261 3208 5336 diisque
3239 5268 3369 5338 ipsis

1777 5342 2100 5403 cognatum,
2134 5346 2341 5394 teneret
2382 5339 2590 5410 locum,
2621 5345 2664 5399 si
2696 5351 3084 5418 superstitione
3110 5372 3364 5432 careant,

1775 5441 1878 5495 qua
1901 5439 2170 5496 quzerunt,
2195 5431 2340 5488 unde
2362 5432 2509 5503 juste
2535 5437 2822 5495 videantur
2848 5459 3000 5501 sacra
3027 5461 3077 5504 et
3101 5431 3365 5515 sacrificia

1774 5517 1975 5586 facere,
2000 5524 2153 5592 quasi
2175 5525 2545 5584 conditoribus
2575 5531 2709 5598 suis,
2732 5533 2889 5592 facile
2914 5542 3173 5600 carebunt
3200 5551 3363 5610 etiam

1775 5614 1932 5685 hujus
1962 5617 2228 5687 opinionis
2251 5637 2459 5679 errore.
2488 5624 2674 5696 Neque
2701 5630 2845 5685 enim
2875 5633 2955 5690 fas
2976 5647 3060 5693 est
3079 5640 3240 5699 ullius
3270 5663 3364 5702 na-

1775 5718 1932 5777 turai,
1957 5714 2252 5782 quamlibet
2272 5717 2507 5775 minimae
2538 5723 2888 5796 mortalisque
2917 5742 3235 5804 creatorem,
3259 5743 3359 5799 nisi

1771 5804 1941 5865 Deum
1993 5808 2219 5868 credere
2245 5826 2309 5869 ac
2333 5812 2515 5875 dicere
2536 5857 2551 5884 ,
2601 5826 2658 5872 et
2685 5827 2972 5892 antequam
3001 5831 3171 5900 possit
3193 5833 3357 5898 intel-
