3904 6326
517 231 628 302 485

1766 237 2130 319 totssun'ra

2244 247 2251 289 ι
2284 237 2564 296 PRJVIA
3670 250 3752 305 484

522 352 670 424 ligia
703 352 971 426 (Augusti,
1001 356 1092 412 lib.
1124 371 1222 423 xu,
1250 356 1315 410 de
1340 357 1649 430 Civit.,cap.
1673 358 1764 427 24,
1799 379 1917 432 pag.
1949 359 2102 427 δεῖ.)
2131 367 2184 425 Α
2209 359 2369 413 etiam
2397 353 2716 410 heterodoxi
2743 353 3041 424 scriptores
3069 352 3302 423 ingenue
3326 365 3388 408 ac
3410 357 3621 413 rotunde
3647 377 3754 416 con-

521 447 673 514 Quod
717 449 932 518 quidem
977 449 1317 520 Epiphanius
1367 452 1570 521 aliique
1612 453 1776 508 variis
1831 455 2107 523 certisque

523 554 692 593 sacrae
716 540 1009 610 Scriptura:
1029 544 1352 598 tesnmoniis
1377 544 1774 601 demonstrant.
1795 545 2114 619 (Epiphan.,

522 632 702 688 lueret.
726 634 818 701 εδ,
849 633 954 706 55,
981 653 1106 706 pag.
1131 637 1202 692 65
1225 648 1269 690 et
1289 639 1452 709 seqq.)

595 724 763 780 Porro
783 736 962 784 autem
991 731 1244 798 quamvis
1267 730 1539 788 Arnobius
1569 741 1675 786 tam
1706 732 1990 801 praefracte
2015 747 2116 787 ne-

521 833 652 887 gare
685 819 930 880 videatur
951 822 1164 878 animas
1199 824 1476 878 hominum
1517 841 1546 878 ιι
1574 839 1788 881 summo
1813 827 1922 882 Deo
1951 827 2119 882 fuisse

522 921 730 966 creatas
760 951 776 978 ,
825 912 883 968 in
927 914 1074 971 illius
1117 927 1295 972 tamen
1338 916 1713 973 defensionem
1757 918 1942 974 afferri
1975 919 2120 974 haud

523 1003 748 1060 forsitan
777 1007 958 1076 inepte
981 1012 1179 1077 poterit
1198 1027 1322 1070 eum
1347 1021 1553 1079 aperte,
1599 1021 1658 1067 ut
1687 1013 1924 1068 vidimus
1953 1013 2116 1086 (Sup.

524 1097 690 1168 cap),
720 1097 970 1156 docuisse
996 1102 1161 1156 Deum
1195 1119 1465 1159 summum
1493 1119 1615 1159 esse
1644 1121 1826 1160 rerum
1854 1107 2118 1174 omnium,

523 1203 588 1242 ac
631 1191 950 1246 nominatim
979 1194 1130 1258 solis,
1179 1195 1343 1262 lunae,
1371 1205 1535 1264 atque
1564 1197 1848 1265 ipsiusmet
1886 1198 2122 1254 hominis

527 1293 846 1338 creatorem.
883 1285 1007 1340 llmc
1037 1288 1316 1343 enimvero
1345 1299 1471 1344 sunt
1497 1290 1722 1346 totidem
1748 1293 1892 1348 illius
1915 1293 2079 1348 verba
2104 1313 2118 1348 :

534 1392 552 1425 ι
584 1373 775 1430 Nonne
816 1376 938 1432 huic
966 1395 1157 1436 omnes
1184 1380 1445 1437 debemus
1467 1423 1483 1448 ,
1516 1383 1620 1438 hoc
1648 1385 1824 1453 ipsum
1854 1386 2117 1454 primum,

527 1468 673 1537 quod
705 1484 891 1525 StIIIIUS
912 1513 926 1538 ,
960 1472 1104 1542 quod
1133 1488 1256 1529 esse
1285 1474 1532 1531 homines
1572 1474 1804 1532 dicimur
1823 1519 1838 1544 ,
1884 1478 2026 1548 quod
2055 1477 2126 1532 ab

528 1578 594 1617 eo
623 1563 705 1616 vel
738 1564 928 1632 missi,
983 1566 1069 1621 vel
1115 1566 1250 1636 lapsi
1301 1569 1547 1624 excitate
1595 1568 1756 1638 hujus
1794 1574 1849 1624 in
1881 1571 2126 1641 corporis

529 1658 907 1716 continemur?
950 1659 1067 1714 Non
1090 1661 1236 1728 quod
1268 1662 1599 1728 incedimus,
1635 1665 1775 1732 quod
1824 1665 2122 1734 spiramus,

2219 448 2458 503 fitentur.
2511 446 2800 518 (ﬂoornb.,
2864 445 3095 500 Emere-it.
3153 444 3411 518 theolog.,
3460 446 3755 524 lib.t,§tt,

2217 558 2339 612 pag.
2375 537 2528 611 130.)

2291 636 2400 690 Cur
2429 649 2579 705 ergo,
2618 635 2851 702 inquies,
2883 643 3034 688 tanto
3055 633 3262 701 labore,
3297 643 3440 690 tanta
3477 651 3641 707 opera,
3672 650 3757 697 tam

2221 729 2394 796 longis
2445 730 2784 783 sermonibus
2832 729 3060 798 probare
3107 729 3390 783 contendit
3441 729 3654 788 hominis
3696 743 3759 791 tot

2217 824 2487 892 tantisque
2547 823 2776 878 miseriis
2840 823 3059 878 obnoxii
3097 826 3330 879 animam
3357 839 3386 876 a
3413 823 3518 879 Deo
3553 841 3648 880 non
3687 844 3762 898 po.

2221 917 2390 970 tuisse
2417 916 2633 971 creari?
2663 915 2853 972 Nonne
2879 918 3008 972 illud
3038 919 3148 973 sola
3183 917 3386 987 peccati
3417 917 3665 988 originalis
3687 937 3760 976 ex-

2223 1010 2490 1080 positione
2509 1053 2522 1074 ,
2555 1011 2638 1065 vel
2667 1011 2878 1081 prolato
2927 1023 3130 1066 tantum
3164 1013 3382 1067 nomine
3411 1013 3659 1082 explicare
3685 1030 3762 1084 po-

2223 1105 2403 1159 terat?
2446 1103 2664 1174 Optime
2717 1106 2957 1175 quidem.
3001 1106 3110 1163 Sed
3164 1105 3570 1174 animadvertas,
3611 1108 3760 1175 velim,

2223 1212 2347 1252 eum
2374 1198 2632 1253 adversus
2655 1199 2910 1255 Ethnicos
2933 1199 3341 1271 disputare,qui
3370 1201 3565 1255 animas
3591 1213 3763 1257 nostras

2223 1291 2456 1350 divinas,
2481 1299 2576 1346 aut
2597 1292 2802 1361 prolem
2843 1293 3114 1370 divinam,
3162 1304 3256 1347 aut
3310 1292 3402 1348 Dei
3441 1303 3629 1362 partem
3671 1309 3764 1349 esse

2225 1388 2648 1452 somniaveram,
2683 1385 2923 1456 nihilque
2949 1401 3018 1441 ne
3043 1385 3365 1441 somniando
3387 1385 3588 1456 quidem
3609 1385 3666 1440 de
3683 1389 3764 1441 ori-

2229 1479 2389 1550 ginali
2415 1479 2785 1548 cogitaverant
2812 1489 3053 1549 peccato.
3090 1479 3228 1546 Quid
3275 1493 3435 1549 ergo,
3485 1481 3528 1533 si
3573 1478 3679 1534 illos
3715 1494 3766 1534 ex

2229 1574 2467 1643 ipsorum
2494 1584 2701 1630 tantum
2746 1577 2953 1646 placitis
2993 1575 3314 1648 redarguat,
3361 1586 3517 1645 atque
3544 1574 3604 1628 ad
3634 1575 3768 1628 homi-

2231 1682 2377 1732 nem,
2409 1677 2467 1723 ιιι
2490 1668 2659 1733 aiunt,
2689 1679 3094 1740 argumentatus
3129 1669 3219 1724 .sit
3243 1713 3257 1735 ,
3311 1683 3412 1722 nec
3455 1667 3692 1738 putaverit
3715 1667 3768 1721 ibi

529 1761 585 1804 et
615 1751 844 1806 vivimus
869 1752 938 1806 ab
965 1768 1032 1808 eo
1057 1753 1123 1810 ad
1155 1769 1253 1809 nos
1299 1756 1446 1810 venit
1477 1797 1492 1820 ,
1546 1756 1707 1823 vique
1731 1758 1868 1825 ipsa
1911 1757 2123 1812 vivendi
2157 1773 2205 1838 Β
2231 1762 2434 1830 peccati
2489 1763 2768 1833 originalis
2796 1804 2811 1826 ,
2869 1763 2964 1818 sed
3009 1761 3135 1817 alibi
3185 1761 3485 1817 faciendam
3516 1776 3626 1816 esse
3650 1775 3768 1814 men-

531 1845 696 1901 efﬁcit
721 1861 822 1901 nos
851 1862 992 1914 esse,
1021 1857 1074 1902 et
1100 1849 1317 1904 animali
1352 1851 1645 1920 agitatione
1675 1851 1922 1906 moveri?
1951 1871 1970 1903 ι
2007 1852 2127 1921 (Αν-

532 1938 676 2005 uob.,
711 1939 799 1994 lib.
831 1955 868 2005 ι,
897 1958 1022 2011 pug.
1050 1938 1164 2011 16.)
1193 1942 1262 1996 At
1289 1943 1334 1996 si
1367 1942 1508 1998 Deus
1539 1957 1804 2005 summus,
1828 1943 1896 1999 de
1921 1959 2026 2012 quo
2055 1944 2126 1999 ibi

528 2031 807 2101 disputat,
841 2032 912 2086 sit
943 2048 1122 2087 rerum
1155 2033 1397 2088 omnium
1427 2046 1662 2100 creator,
1689 2037 1736 2091 si
1765 2037 1842 2092 illi
1866 2036 2128 2092 debemus

532 2125 674 2195 quod
700 2141 884 2179 sumus
916 2125 1189 2190 homines,
1213 2128 1258 2182 si
1283 2128 1354 2183 ab
1381 2143 1448 2184 eo
1475 2128 1542 2182 ad
1569 2145 1669 2185 nos
1698 2131 1844 2186 venit
1868 2131 2010 2200 quod
2037 2147 2128 2188 su-

531 2234 670 2283 mus,
704 2226 759 2272 et
787 2218 1036 2281 viviums,
1068 2229 1215 2274 certe
1245 2218 1371 2276 inde
1393 2221 1636 2290 sequitur
1665 2221 1811 2292 quod
1841 2231 1898 2277 et
1919 2223 2129 2278 anima-

533 2328 649 2366 rum
675 2323 978 2368 nostrarum
999 2326 1191 2370 auctor
1217 2317 1288 2370 sit
1313 2327 1367 2370 et
1395 2329 1627 2372 creator.
1646 2317 1788 2373 Nihil
1813 2318 2038 2388 quippe,
2070 2326 2130 2373 ut

534 2409 602 2462 ab
631 2424 696 2463 eo
726 2409 1004 2464 deﬁnitum
1055 2411 1463 2468 observavimus
1490 2410 1677 2482 (Ibid.,
1702 2412 1792 2467 lib.
1823 2428 1879 2477 ιι,
1908 2429 2040 2484 pag.
2060 2413 2130 2467 52

533 2511 580 2554 ct
612 2501 728 2575 56),
758 2502 906 2558 aliud
935 2515 1061 2562 sunt
1087 2505 1368 2574 homines,
1396 2519 1558 2576 quam
1583 2505 1780 2561 animae
1807 2507 2130 2576 corporibus

537 2594 752 2661 clausae,
781 2596 861 2650 vel
885 2596 1137 2665 alligatur.

608 2686 746 2752 Quid
773 2687 943 2756 ergo?
970 2686 1240 2758 Numquid
1270 2689 1365 2744 ille
1391 2689 1495 2744 sibi
1523 2705 1629 2744 non
1649 2692 1994 2758 constitisse,
2035 2690 2132 2748 sed

537 2780 772 2838 absurde
807 2783 1213 2840 contradixisse
1259 2785 1526 2841 dicendus
1555 2787 1677 2842 est?
1707 2787 1812 2843 Sed
1843 2787 1973 2857 quid
1998 2802 2130 2857 pro-

541 2875 688 2929 liibet
715 2876 1002 2944 quominus
1027 2879 1144 2934 sine
1177 2878 1285 2932 ulla
1311 2878 1466 2947 plane
1494 2878 1660 2934 animi
1686 2879 2051 2936 inconstantia
2078 2889 2133 2934 et

540 2967 876 3023 volubilitate
913 2985 1160 3026 asserere
1183 2973 1420 3040 potuerit
1445 2972 1654 3026 animas
1679 2987 1786 3027 non
1809 2973 1876 3027 ab
1905 2973 2136 3043 ipsemet

540 3063 911 3134 omnipotente
933 3065 1064 3132 Deo,
1090 3074 1360 3135 tamquam
1389 3080 1550 3120 causa
1575 3066 1842 3136 proxima,
1859 3071 1956 3122 sed
1973 3081 2134 3122 causa

2229 1855 2470 1910 tionem?
2511 1855 2652 1924 Quid
2695 1867 2876 1911 autem
2904 1871 2970 1911 ex
2997 1864 3228 1928 negante
3274 1863 3583 1926 argumento
3617 1853 3770 1908 conﬁci

2229 1959 2409 2022 potest
2455 1960 2644 2006 contra
2694 1965 2807 2007 rem
2839 1951 3072 2022 aliquam
3095 1993 3110 2018 ,
3149 1961 3313 2021 quam
3355 1957 3604 2004 assertum
3644 1944 3772 2002 habe-

2231 2059 2352 2099 mus
2372 2044 2395 2096 ?

2825 2151 3120 2193 ARTICULUS
3151 2151 3210 2192 lll
3221 2180 3234 2192 .

2228 2252 2352 2310 Quae
2389 2250 2540 2301 fuerit
2562 2261 2680 2299 vera
2706 2247 2904 2299 Arnobii
2923 2249 2986 2299 de
3013 2251 3186 2299 animae
3218 2249 3448 2298 humanae
3470 2256 3628 2298 natura
3649 2249 3692 2295 et
3709 2245 3774 2293 im-

2229 2352 2238 2370 -,
2293 2312 2594 2425 ωοτιῗιίωιθ
2616 2315 2800 2426 opimo,
2827 2321 2882 2363 et
2903 2322 3066 2364 utrum
3089 2315 3138 2363 in
3161 2313 3426 2378 quemdam
3457 2312 3521 2362 de
3557 2310 3635 2360 illa
3665 2319 3774 2358 erro~

2294 2391 2400 2426 rem
2447 2390 2592 2426 ausus
2610 2390 2653 2426 st
2681 2412 2692 2424 .

2294 2391 2400 2427 rem
2427 2390 2592 2440 lapsus
2610 2390 2692 2426 stt.

2304 2481 2442 2550 Quid
2472 2481 2538 2536 de
2565 2483 2679 2550 ipsa
2707 2480 2957 2536 humana:
2979 2481 3174 2536 animae
3203 2491 3418 2547 natura,
3449 2480 3674 2549 illiusque
3697 2476 3774 2531 im-

2231 2577 2564 2635 mortalitate
2579 2577 2775 2630 sentiat
2789 2575 3080 2640 Arnobius,
3095 2587 3150 2630 et
3170 2584 3353 2629 utrum
3375 2575 3428 2628 in
3447 2589 3508 2628 ea
3525 2567 3776 2626 deﬁnienda

2231 2684 2423 2726 rursus
2453 2685 2550 2740 per
2579 2684 2844 2735 errorem,
2870 2677 2928 2724 ut
2953 2668 3170 2738 quidam
3192 2668 3508 2737 opinantur,
3530 2666 3689 2734 lapsus
3709 2660 3775 2724 sit,

2235 2782 2266 2822 a
2293 2766 2449 2822 nobis
2476 2765 2654 2821 adhuc
2679 2775 2765 2820 est
2793 2762 2984 2818 sedulo
3023 2762 3426 2833 inquirendum.
3475 2760 3554 2816 Ah
3589 2753 3777 2814 Heraldo

2237 2872 2414 2917 autem
2460 2859 2709 2915 docuisse
2751 2856 3095 2912 insimulatur
3116 2871 3234 2911 eam
3257 2866 3574 2926 corpoream
3601 2863 3718 2910 esse,
3739 2853 3780 2899 et

2239 2953 2543 3012 mortalem.
2589 2951 2698 3010 Sed
2729 2951 2845 3006 hmo
2871 2949 3050 3022 gravis
3079 2949 3392 3004 criminatio
3430 2944 3659 3004 examine
3684 2953 3779 3011 pro-

2239 3048 2494 3104 culdubio
2519 3047 2744 3118 indiget.

543 3126 747 3212 tantum
775 3169 1002 3225 remota,
1025 3169 1079 3213 et
1105 3126 1348 3216 omnium
1381 3126 1588 3230 prima;
1603 3177 1699 3230 per
1720 3161 1885 3216 alium
1914 3176 1944 3216 e
1967 3175 2129 3231 supe-
2157 3167 2206 3234 ρ
2313 3143 2551 3197 Primum
2604 3142 2783 3208 ἱωειυε
2830 3147 2978 3209 Ριιιειι
3017 3126 3781 3234 Ηετδίδυδμδ¹¹ίωξ¹⁵ξξ⁰ωίξ¹¹ξω

541 3249 775 3304 rioribns
803 3252 1157 3319 potestatibus
1185 3251 1417 3320 aliquem
1446 3254 1696 3307 creatas?
1749 3253 1945 3309 Verum
1996 3253 2136 3308 hanc

544 3357 649 3395 non
680 3340 846 3420 fuisse
877 3342 1018 3400 illius
1048 3345 1357 3414 opinionem
1383 3345 1507 3400 inde
1527 3345 1722 3400 conﬁci
1745 3345 2136 3416 videtur,quod

545 3433 632 3487 illa
655 3433 848 3490 iisdem
872 3445 1144 3490 evertatur
1163 3437 1750 3508 argumentis,quibus.
1773 3438 1847 3493 uti
1869 3439 2132 3502 diximus,

544 3528 659 3599 ipse
684 3531 913 3600 probare
943 3542 1172 3586 conatus
1236 3541 1352 3603 est,
1393 3534 1634 3599 animus,
1669 3542 1853 3602 utpote
1877 3534 2022 3588 vitiis
2043 3535 2140 3588 ob-

546 3625 774 3694 noxias,
818 3641 924 3682 non
976 3627 1270 3696 potuissea
1297 3643 1510 3682 summo
1561 3630 1670 3681 Deo
1710 3629 1906 3684 creari.
1949 3627 2141 3682 Nonne

547 3735 675 3790 ergo
700 3719 1049 3775 verisimilius
1077 3729 1162 3776 est
1190 3719 1342 3774 illum
1370 3720 1754 3790 disputationis
1783 3729 1918 3776 testu
1949 3720 2142 3790 abrep-

549 3825 695 3882 tum,
739 3824 890 3870 extra
922 3824 1093 3871 statos
1122 3814 1322 3870 limites
1348 3825 1725 3886 argumentum
1758 3831 1916 3870 suum
1947 3829 2142 3885 urgere

547 3924 610 3962 ac
639 3907 928 3979 prosequi?
978 3909 1036 3964 Si
1076 3909 1196 3980 quis
1237 3919 1415 3964 tamen
1465 3909 1622 3965 nobis
1651 3918 1801 3966 certo
1831 3909 2144 3980 probaverit

549 4003 704 4058 illum
773 4001 1070 4058 credidisse
1142 4003 1347 4058 animas
1399 4002 1664 4058 humanas
1719 4017 2059 4073 nequaquam
2111 4017 2146 4057 a

548 4113 758 4152 sunmto
807 4097 952 4163 Deo,
999 4096 1093 4152 sed
1117 4096 1186 4151 ab
1213 4096 1562 4152 inferioribus
1590 4105 1794 4152 tantum
1821 4095 2144 4166 quibusdam

550 4192 806 4249 natalium
834 4181 1126 4262 splendore
1156 4190 1512 4246 nobilissimis
1543 4189 1902 4260 potestatibus
1932 4199 2146 4244 creatas

551 4285 716 4340 fuisse
737 4325 751 4350 ,
777 4300 876 4339 nos
903 4283 1050 4340 illico
1079 4299 1202 4340 eum
1231 4299 1443 4340 errasse
1471 4282 1758 4339 fatebimur
1778 4323 1792 4348 ,
1824 4297 1925 4338 nec
1952 4297 2146 4353 seque-

553 4396 673 4434 Ιιιυι·
703 4389 999 4435 errantem.

625 4477 694 4526 At
722 4489 826 4527 non
850 4473 1023 4526 deerit
1054 4470 1283 4528 fortasse
1310 4470 1521 4540 aliquis,
1557 4469 1651 4540 qui
1693 4468 1852 4524 nobis
1898 4477 2152 4538 suggerat

2238 3250 2526 3306 corporeas
2551 3236 2621 3290 ab
2648 3246 2869 3290 auctore
2891 3240 3078 3288 nostro
3101 3231 3312 3286 censeri
3337 3271 3354 3298 ,
3395 3227 3513 3301 quia
3535 3225 3644 3280 illas
3666 3218 3782 3274 dolo-

2240 3331 2313 3386 ris
2340 3344 2499 3384 sensu
2535 3326 2680 3384 afﬁci
2713 3326 3006 3382 arbitratus
3040 3334 3144 3378 est.
3177 3322 3410 3378 Ubinam
3443 3334 3567 3375 vero
3590 3322 3781 3388 genuum
3845 3381 3850 3388 ⁴

2241 3425 2440 3492 scripto
2465 3422 2580 3477 haec
2615 3421 2834 3476 tradidit
2859 3420 2882 3474 ἲ
2929 3418 3020 3472 ubi
3051 3416 3119 3472 de
3147 3417 3380 3471 Platone
3405 3414 3480 3469 ait
3528 3405 3781 3466 l'leraldus,

2239 3517 2612 3588 haecloquitnr
2635 3516 2688 3570 in
2720 3514 2914 3570 verba:
2943 3530 2961 3562 ι
2991 3511 3127 3567 item
3154 3507 3549 3565 incnodabilem
3576 3496 3782 3567 suscipit:

2241 3621 2301 3666 ut
2330 3627 2452 3665 cum
2481 3609 2688 3664 animas
2715 3607 2858 3662 dicat
2881 3604 3217 3661 immortales
3237 3645 3253 3672 ,
3289 3611 3571 3673 perpetuas
3588 3636 3602 3660 9
3627 3605 3674 3650 ει
3694 3603 3784 3644 C0"

2243 3705 2416 3777 porali
2447 3703 2720 3760 soliditate
2748 3703 3019 3772 privatas;
3055 3698 3231 3770 puniri
3272 3705 3452 3754 tamen
3479 3708 3568 3751 eas
3585 3690 3722 3749 dicat,
3747 3688 3785 3735 cl

2243 3801 2449 3860 doloris
2482 3800 2680 3855 alliciat
2719 3813 2904 3853 sensu.
2950 3796 3080 3863 Quis
3110 3803 3290 3849 autem
3316 3791 3587 3848 hominum
3612 3798 3702 3839 non
3725 3777 3784 3831 τί·

2245 3897 2336 3953 det
2364 3895 2508 3966 quod
2534 3896 2605 3950 sit
2633 3891 2958 3958 immortale,
2989 3890 3130 3960 quod
3163 3888 3416 3960 simplex,
3451 3884 3640 3940 nullum
3664 3885 3785 3976 pii-$58

2246 3991 2489 4048 dolorem
2515 3989 2834 4052 admittere;
2859 3983 3002 4055 quod
3031 3994 3210 4038 autem
3239 3982 3442 4037 sentiat
3461 3977 3699 4034 dolorem,
3720 3979 3787 4020 utr

2249 4085 2634 4142 mortalitatem
2663 4082 2863 4137 habere
2891 4095 2999 4136 non
3027 4078 3223 4150 posse?
3258 4097 3278 4129 ι
3325 4073 3552 4149 (Arnob.
3582 4112 3598 4138 ,
3637 4065 3712 4121 lib.
3734 4075 3785 4121 tl,

2249 4200 2368 4252 pag.
2399 4181 2513 4247 52.)
2544 4179 2742 4235 Verum
2770 4174 3044 4232 Arnobius
3069 4183 3306 4228 mentem
3335 4178 3650 4236 sensumque
3670 4167 3788 4213 suum

2250 4276 2324 4332 ibi
2355 4291 2459 4330 non
2493 4272 2726 4342 esplicat
2758 4289 2769 4323 :
2813 4270 2907 4325 sed
2953 4268 3188 4324 ostendit
3225 4265 3510 4321 Platonem
3535 4268 3695 4314 secum
3719 4265 3790 4320 pu-

2251 4385 2467 4444 gnasse,
2501 4384 2623 4424 cum
2645 4369 2855 4422 animas
2883 4363 2984 4419 etsi
3009 4361 3367 4428 immortales,
3398 4368 3453 4414 et
3476 4356 3787 4444 incorpot'mo

2222 4514 2226 4517 .
2253 4440 2456 4520 doloris
2486 4476 2648 4517 sensu
2677 4460 2816 4515 afﬁci
2847 4458 3184 4514 adsseverat.
3212 4452 3370 4522 Quod
3424 4450 3564 4506 enim
3618 4440 3788 4497 dolore.

554 4565 854 4622 Arnobium
879 4566 930 4620 in
963 4566 1104 4620 hunc
1131 4565 1413 4634 delapsum
1435 4577 1558 4618 esse
1578 4562 1983 4632 errorem,qnia
2006 4576 2146 4616 com-
2177 4573 2230 4638 Ῑ)
2256 4559 2457 4628 inquit,
2498 4556 2756 4620 afﬁcitur,
2793 4553 3023 4612 mortale
3066 4552 3171 4617 sit,
3222 4549 3380 4618 plane
3429 4546 3645 4638 oportet.
3688 4524 3789 4597 QuId

559 4668 764 4731 portam
798 4674 902 4714 non
929 4658 1115 4713 habuit
1138 4658 1342 4729 peceati
1363 4656 1641 4726 originalis
1672 4655 1882 4718 labem,
1911 4670 2015 4725 qua
2043 4653 2148 4709 fac-

559 4766 667 4810 tnm
697 4765 801 4820 csr,
828 4763 886 4808 ut
914 4754 1076 4810 homo
1103 4764 1179 4808 tot
1208 4751 1469 4818 miseriis,
1503 4750 1934 4814 inﬁrmitatibus,
1960 4757 2014 4805 et
2041 4749 2149 4804 illi-

558 4846 680 4902 citis
731 4846 1113 4918 cupiditatibus
1162 4846 1234 4900 sit
1283 4845 1570 4900 obnoxius.
1629 4843 1827 4898 Verum
1880 4841 2151 4912 quomodo

559 4941 828 4998 Arnobius
877 4939 1140 5009 originale
1183 4949 1464 5009 peccatum
1495 4937 1671 5007 potuit
1697 4937 1965 5006 ignorare,
1993 4951 2023 4988 a
2045 4951 2151 5006 quo

561 5037 818 5104 scriptum
844 5033 1072 5104 legimus
1097 5049 1112 5086 :
1151 5052 1171 5084 ι
1199 5031 1333 5100 Quia
1362 5032 1515 5104 proni
1537 5030 1604 5085 ad
1632 5031 1842 5100 culpas,
1872 5041 1927 5086 et
1947 5030 2013 5084 ad
2035 5030 2153 5084 libi-

561 5130 703 5184 dinis
756 5130 934 5184 varios
977 5127 1250 5198 appetitus
1276 5127 1405 5182 vitio
1431 5142 1617 5182 sumus
1647 5125 1978 5180 inﬁrmitatis
2006 5125 2152 5194 inge—

566 5223 691 5277 nitm
712 5263 727 5286 ,
780 5222 980 5292 patitur
1021 5221 1161 5276 Dens
1185 5236 1246 5276 se
1271 5235 1488 5289 semper
1518 5220 1721 5275 nostris
1739 5217 2153 5289 cogitationibus

567 5315 815 5386 concipi;
850 5325 906 5369 ut
929 5315 1056 5370 dum
1090 5314 1238 5370 illum
1269 5328 1523 5380 oramus,
1561 5323 1613 5367 et
1656 5313 1851 5367 mereri
1888 5312 2004 5381 ejus
2026 5326 2159 5366 con-

571 5409 842 5464 tendimus
879 5423 1134 5472 munera,
1173 5409 1502 5477 accipiamus
1539 5408 1862 5462 innocentia:
1913 5406 2159 5460 volunta-

565 5509 692 5567 tem,
723 5512 778 5556 et
808 5501 874 5558 ab
897 5501 1046 5556 omni
1077 5516 1178 5558 nos
1200 5501 1319 5558 labe
1339 5501 1659 5573 delictorum
1699 5501 1939 5556 omnium
1969 5515 2160 5571 ampu-

571 5596 770 5652 tatione
811 5613 1125 5668 purgemus.
1157 5617 1179 5652 ι
1215 5596 1402 5669 (Μήτι,
1431 5598 1521 5652 lib.
1555 5614 1594 5662 I,
1618 5614 1739 5668 pug.
1770 5595 1886 5667 ιέ.)
1909 5595 2049 5663 Quid
2077 5606 2162 5651 est

571 5695 770 5752 autem,
803 5688 1031 5744 obsecro
1060 5696 1133 5755 te,
1164 5689 1296 5749 illud
1325 5689 1576 5760 ingenitae
1599 5688 1928 5743 infirmitatis
1948 5687 2158 5755 vitium,

575 5779 675 5833 nisi
707 5781 998 5856 ipsummet
1025 5781 1302 5854 peccatum
1345 5783 1644 5855 originale?
1678 5781 1840 5840 Certe
1865 5781 2080 5854 quidem
2109 5781 2161 5837 id

2251 4664 2430 4708 autem
2461 4651 2516 4706 in
2542 4649 2645 4705 hac
2669 4646 3033 4704 coniutatione
3053 4635 3561 4698 condemnandum?

2325 4747 2428 4811 At,
2473 4742 2712 4813 inquies,
2755 4741 2848 4795 ille
2885 4752 3076 4808 reapse
3113 4735 3319 4790 animas
3349 4740 3561 4786 nostras
3588 4712 3792 4813 mortalis

2253 4855 2376 4895 esse
2403 4802 2742 4908 apertissime
2769 4833 2973 4887 docuit.
3013 4828 3148 4885 Nam
3173 4827 3372 4881 ibidem
3401 4821 3558 4895 paulo
3579 4821 3682 4886 post
3699 4802 3792 4861 sub-

2251 4931 2460 5003 jnnxit:
2493 4949 2512 4982 ι
2534 4931 2672 4985 Sunt
2703 4926 2893 4983 medim
2923 4922 3218 4994 qualitatis,
3243 4921 3384 4975 sicut
3402 4907 3792 5003 Christoauctore

2253 4998 2590 5096 compertum
2639 5030 2718 5077 est
2742 5063 2758 5087 ,
2809 5028 2865 5075 et
2913 5018 3136 5072 interire
3165 5029 3285 5084 quae
3313 5009 3552 5082 possint,
3589 5001 3626 5101 si
3666 4998 3792 5101 .06"?

2256 5095 2656 5190 ignoraverint;
2708 5116 2826 5171 vita:
2853 5124 2907 5168 et
2928 5114 2996 5167 ab
3017 5110 3180 5167 exitio
3208 5105 3460 5174 liberari,
3488 5101 3534 5155 si
3552 5095 3612 5152 ad
3635 5095 3730 5196 fdus
3750 5095 3792 5135 δε

2257 5213 2432 5266 minas
2463 5212 2590 5283 (ms.
2619 5208 2739 5264 cod.
2776 5223 2892 5278 reg.
2924 5201 3143 5275 semina)
3173 5209 3339 5273 atque
3365 5193 3699 5265 indulgentias
3720 5193 3791 5246 θρ·

2256 5305 2526 5378 plicarint.
2563 5324 2583 5357 ι
2623 5301 2815 5374 (Ibid.)
3590 5377 3594 5378 ί
3715 5367 3722 5376 ,

2329 5400 2522 5455 Postea
2547 5415 2676 5454 vero
2709 5395 3153 5468 plli|08()pltttl'um
3181 5388 3324 5446 haud
3357 5384 3514 5441 dubie
3544 5375 3794 5463 Platonico-

2261 5510 2414 5558 rum,
2455 5493 2546 5562 qui
2571 5493 2777 5546 animas
2807 5487 3146 5545 immortales
3179 5499 3300 5540 eSse
3330 5474 3667 5536 asserebant,

2263 5558 2486 5643 nionem
2513 5585 2633 5641 ideo
2659 5583 2860 5641 refellit
2881 5581 3070 5652 (lbid.,
3105 5596 3228 5651 pag.
3258 5577 3330 5632 65
3355 5583 3403 5629 et
3428 5565 3619 5637 seqq.);
3645 5558 3741 5625 quia
3761 5558 3793 5652 st

2264 5681 2317 5738 id
2340 5695 2526 5737 verum
2547 5680 2637 5744 sit,
2657 5648 2900 5749 quilibet,
2929 5648 3257 5744 contemptis
3281 5654 3646 5759 virtutibus,.itt
3669 5648 3793 5759 0122‘:

2264 5777 2554 5850 voluptatis
2576 5784 2636 5834 et
2662 5729 2849 5845 ilagitii
2895 5785 3068 5844 genus
3118 5781 3241 5826 sese
3285 5773 3474 5824 secure
3502 5763 3556 5812 et
3580 5729 3794 5808 intreP‘d"
