3904 6326
488 195 588 252 487

1762 203 2215 268 DlSSERTATlO
2252 211 2413 272 PRIE
2422 217 2528 275 VIA

3641 245 3725 304 ⁴488

489 322 670 428 turam
684 356 701 428 ,
746 328 866 388 qua:
897 329 1106 428 summe
1131 317 1699 428 incommutabilis.‘et
1727 322 1945 428 ubique
1966 331 2073 426 tota
2101 339 2157 397 Α
2181 347 2300 428 pag.
2334 335 2404 390 90
2431 347 2478 390 et
2502 335 2690 409 καφ).
2720 337 2911 396 Utrum
2937 351 3116 400 autem
3148 345 3264 402 b:ec
3293 348 3403 419 ipsa
3432 368 3637 428 veraque
3660 363 3719 417 sit

489 417 615 476 est,
644 424 840 480 corpus
884 419 967 466 est
995 409 1208 477 anima;
1255 411 1507 482 quoniam
1561 412 1668 468 tale
1721 414 2078 486 aliquid'ipsa

489 519 598 560 non
625 517 726 561 est.
769 505 936 560 Porro
966 506 1009 560 si
1039 521 1236 577 corpus
1263 523 1368 562 non
1399 517 1519 572 est,
1552 508 1653 563 nisi
1684 509 1824 579 quod
1855 524 1950 580 per
1979 509 2079 563 loci

488 599 718 668 spatium
749 598 926 668 aliqua
955 599 1292 671 longitudine
1313 642 1328 667 ,
1360 600 1661 668 latitudine,
1698 601 1980 657 altitudine
2011 603 2079 656 ita

486 690 725 758 sistitur,
773 691 857 746 vel
894 701 1160 758 movetur,
1204 701 1262 746 ut
1292 692 1499 764 majore
1527 693 1610 748 sui
1643 703 1794 763 parte
1819 693 2081 764 majorem

486 785 659 840 locum
682 792 931 854 occupet,
975 794 1028 839 et
1058 783 1308 841 breviore
1329 785 1632 841 breviorem
1651 826 1666 852 ,
1705 787 1986 856 minusque
2015 787 2085 841 sit

488 878 540 932 in
573 887 722 947 parte
747 919 761 944 ,
794 893 954 949 quam
992 876 1045 932 in
1083 885 1228 945 toto,
1272 894 1380 932 non
1421 888 1504 933 est
1529 894 1725 950 corpus
1750 879 1946 934 anima.
1984 880 2084 934 Per

488 983 658 1030 totum
688 973 886 1046 quippe
911 989 1139 1044 corpus,
1171 974 1314 1045 quod
1344 975 1570 1042 animat,
1603 990 1710 1028 non
1739 975 1895 1029 locali
1922 973 2084 1029 dillu-

488 1068 682 1135 sione,
728 1067 824 1124 sed
875 1067 1106 1139 quadam
1137 1068 1284 1122 vitali
1333 1067 1638 1123 intensione
1675 1069 2081 1139 porrigitur....,

487 1165 824 1232 Quapropter
841 1161 886 1217 si
907 1160 1084 1216 anima
1106 1175 1305 1232 corpus
1332 1175 1456 1216 esse
1480 1160 1705 1216 dicenda
1731 1170 1835 1226 est,
1864 1176 1972 1215 non
2000 1170 2086 1215 est

489 1266 637 1312 certe
662 1272 860 1326 corpus
881 1298 896 1324 ,
939 1256 1099 1328 quale
1128 1266 1404 1311 terrenum
1434 1264 1557 1320 est,
1593 1271 1692 1310 nec
1723 1255 1882 1325 quale
1911 1255 2088 1309 humi-

489 1349 657 1416 dum,
711 1360 803 1405 aut
826 1365 1068 1415 aereum,
1115 1356 1210 1404 aut
1239 1349 1658 1405 mthercum.....
1704 1349 1860 1406 Unde
1892 1350 2092 1406 intelli-

490 1444 634 1513 gitur
663 1443 867 1510 anima,
909 1443 1022 1499 sive
1051 1458 1270 1515 corpus,
1309 1443 1424 1500 sive
1449 1459 1708 1514 corporea
1731 1443 1953 1498 dicenda
1995 1445 2087 1508 sit,

491 1537 763 1608 propriam
817 1536 1107 1608 quamdam
1158 1536 1363 1593 habere
1406 1550 1676 1601 naturam,
1721 1536 1974 1590 omnibus
2007 1536 2090 1591 his

493 1635 777 1690 mundanae
827 1635 988 1690 molis
1034 1633 1321 1690 elementis
1359 1634 1744 1690 excellentiore
1789 1633 2091 1689 substantia

2183 425 2405 484 Arnohii
2435 432 2721 497 sententia,
2745 437 3018 506 expendas
3049 441 3209 496 velim
3229 484 3244 508 ,
3275 458 3337 500 ac
3362 425 3617 517 dijudices.
3641 456 3728 513 Sed

2185 519 2400 576 interim
2433 525 2708 584 videamus
2739 537 2916 584 utrum
2964 547 3151 588 revera
3196 540 3458 605 putaverit
3495 541 3730 603 immorta-

2187 613 2291 670 lem
2324 632 2546 686 prorsus
2576 635 2700 677 esse
2733 621 2966 679 hominis
3002 627 3259 684 animam.

2745 799 2749 802 ~
2783 777 3073 820 ARTICULUS
3110 782 3183 821 IV.

2189 889 2648 974 υιςξιέξξέωῲξμε
2689 898 2931 974 docuerit
2961 904 3146 974 apimas
3178 905 3428 968 impiorum
3451 909 3736 974 aliquaudoiu

2249 954 2453 1033 nihilum
2485 959 2808 1033 redigendas,
2856 971 2940 1033 aut
2984 965 3195 1017 futuram
3228 954 3738 1033 c'orpdiiini'iibsiiéiui;

2185 1015 2228 1074 ἔθ’
2249 1015 2668 1072 resurrectionem
2700 1015 2978 1087 negaverit.

2259 1141 2531 1209 Quosdam
2571 1163 2693 1202 cum
2750 1139 2984 1208 lleraldo
3009 1153 3236 1226 aliisque
3277 1161 3546 1216 nonnullis
3583 1165 3744 1222 audire

2191 1235 2342 1290 nobis
2368 1236 2632 1303 videmur,
2664 1243 2751 1310 qui
2783 1252 2972 1299 contra
2996 1249 3296 1318 expositam
3314 1266 3344 1304 a
3367 1252 3514 1307 nobis
3540 1255 3731 1312 Arnobii

2190 1326 2259 1382 de
2287 1330 2482 1384 anima:
2523 1330 2771 1389 humana:
2815 1336 3223 1394 immortalitate
3254 1341 3554 1411 opinionem
3583 1348 3748 1402 acriter

2193 1433 2386 1492 urgent
2417 1425 2566 1480 illum
2609 1442 2800 1482 revera
2833 1429 3231 1488 existimavisse
3265 1435 3544 1506 impiorum
3571 1441 3749 1497 animas

2195 1518 2370 1583 mori,
2405 1532 2469 1572 ac
2489 1522 2738 1588 quamvis
2756 1538 2860 1578 non
2885 1524 3068 1580 statim
3097 1528 3500 1600 extinguantur,
3543 1535 3750 1590 consumi

2197 1615 2375 1662 tamen
2405 1609 2705 1680 longissimi
2734 1617 2992 1685 temporis
3019 1619 3370 1677 cruciatibus.
3414 1623 3527 1679 Non
3553 1625 3748 1684 obscure

491 1737 751 1794 creatam,
775 1744 894 1796 qum
919 1728 1188 1782 veraciter
1211 1743 1314 1782 non
1343 1727 1512 1796 possit
1534 1728 1585 1780 in
1604 1727 1778 1798 aliqua
1807 1723 2088 1796 phantasia
2121 1748 2170 1808 B
2195 1698 2459 1806 Siquidem
2489 1746 2502 1768 ν
2532 1706 2629 1808 εθ-(Ῑ
2659 1707 2803 1808 flare
2831 1719 2886 1764 el
2913 1721 3101 1796 δραι-ιβ
3127 1712 3195 1768 de
3224 1715 3290 1769 iis
3326 1716 3459 1772 dixit
3484 1735 3497 1771 :
3549 1737 3566 1768 ‹
3594 1718 3641 1772 In
3665 1718 3748 1772 llu-

493 1822 855 1890 corporalium
876 1821 1192 1891 imaginum,
1241 1837 1376 1891 quas
1414 1836 1509 1891 per
1533 1836 1727 1876 sensus
1749 1823 1931 1876 carnis
1966 1835 2090 1890 per-

493 1913 756 1982 cipimus,
814 1915 1086 1984 cogitari,
1138 1913 1235 1969 sed
1290 1925 1472 1970 mente
1526 1914 1800 1984 intelligi,
1867 1914 2084 1984 vitaque

493 2006 705 2062 sentiri.
744 2024 763 2057 ι

566 2100 786 2157 Fatetur
813 2102 997 2173 itaque
1027 2101 1358 2174 Augustinus
1389 2102 1623 2157 animam
1666 2101 1900 2158 hominis
1927 2100 2095 2155 variis

497 2194 748 2266 loquendi
802 2196 978 2251 modis
1026 2195 1130 2251 dici
1174 2211 1333 2267 posse
1383 2211 1698 2266 corpoream
1744 2207 1799 2251 et
1845 2194 2095 2264 incorpo-

496 2306 684 2358 rcam,
738 2291 1022 2346 mortalem
1073 2301 1128 2346 et
1181 2291 1562 2345 immortalem.
1629 2289 1770 2359 Quid
1823 2303 2000 2359 ergo,
2049 2287 2095 2342 si

498 2384 674 2455 primo
694 2399 855 2440 sensu
886 2382 1158 2440 Arnobius
1187 2383 1386 2440 dixerit
1415 2399 1537 2439 esse
1562 2398 1909 2455 corpoream,
1934 2393 2097 2452 atque

498 2495 559 2533 ea
584 2493 798 2549 quoque
829 2478 1037 2533 ratione
1063 2478 1348 2533 mortalem
1372 2519 1386 2543 ,
1433 2478 1554 2547 quia
1587 2477 1653 2531 ab
1693 2477 1922 2547 ipsumet
1962 2476 2093 2542 Deo,

497 2586 527 2626 a
577 2587 685 2642 quo
727 2584 908 2628 creata
953 2580 1073 2639 est,
1121 2571 1279 2626 sicuti
1331 2570 1399 2626 dc
1443 2569 1672 2625 Tatiano
1721 2568 2097 2623 annotavimus

500 2663 644 2736 (tom.
691 2681 741 2728 ι,
801 2665 1050 2736 Apparat.
1101 2663 1191 2718 lib.
1235 2679 1307 2730 tt,
1358 2663 1562 2718 dissert.
1599 2662 1664 2730 5,
1703 2679 1821 2732 cap.
1879 2661 1935 2730 ἓ,
1966 2660 1995 2732 §
2026 2659 2095 2726 4,

500 2778 622 2832 pag.
650 2759 813 2832 559),
861 2775 1016 2815 suam
1055 2758 1517 2814 immortalitatem
1563 2755 1876 2826 acceperit?
1924 2754 2096 2810 Nunt-

498 2851 628 2924 quid
658 2851 808 2908 illum
837 2851 905 2908 ab
934 2866 1125 2908 errore
1155 2849 1377 2920 negabis
1407 2848 1776 2904 vindicatum?

497 2955 516 3010 L
569 2946 730 3017 Atqui
762 2948 899 2999 hanc
928 2943 1098 2999 fuisse
1125 2943 1243 3012 ejus
1271 2953 1505 2998 mentem
1541 2951 1594 2996 et
1621 2941 1932 3011 opinionem
1965 2955 2099 2994 non-

500 3057 570 3096 ne
607 3057 676 3097 ex
708 3040 791 3095 his
818 3037 1012 3110 confici
1060 3047 1238 3108 potest
1294 3037 1474 3092 verbis
1507 3078 1521 3101 ,
1577 3035 1771 3106 quibus
1802 3035 1959 3116 istam
1991 3033 2097 3088 sibi

2197 1797 2340 1850 mina
2376 1800 2632 1854 torrentia
2665 1801 3004 1859 flammarum
3028 1794 3339 1876 jaciuntur,
3380 1819 3436 1866 et
3469 1811 3533 1865 ad
3563 1810 3750 1866 nihilum

2197 1891 2431 1948 redacta:
2454 1938 2467 1960 ,
2533 1895 2857 1954 interitionis
2893 1911 3167 1970 perpetua:
3211 1904 3556 1962 frustratione
3588 1922 3751 1962 vanes-

2197 1997 2325 2040 cunt
2359 2007 2377 2039 ›
2424 1988 2676 2059 (Arnob.,
2722 1991 2810 2046 lib.
2844 2009 2911 2058 ll,
2959 2011 3076 2062 pag.
3113 1994 3227 2065 52).
3277 1995 3390 2053 Nec
3442 2000 3626 2068 opponi
3672 1999 3752 2053 sibi

2201 2079 2475 2150 patiuntur
2504 2081 2573 2136 ibi
2600 2082 2779 2139 abillo
2810 2087 2988 2141 minus
3011 2103 3186 2155 suam,
3211 2105 3377 2160 quam
3400 2091 3628 2147 Platonis
3648 2108 3752 2148 sen-

2201 2174 2419 2227 tentiam
2449 2173 2656 2230 referri.
2697 2176 2831 2232 Nam
2862 2179 2979 2235 lucc
3011 2181 3211 2237 ibidem
3241 2183 3541 2254 subjunxit.
3583 2203 3600 2235 ι
3632 2185 3689 2239 Ει
3711 2195 3754 2239 ut

2199 2267 2341 2335 quod
2366 2268 2604 2336 ignotum
2629 2280 2714 2324 est
2739 2282 2937 2340 pateat,
2965 2273 3081 2328 lucc.
3105 2286 3189 2330 est
3212 2276 3449 2332 hominis
3477 2293 3610 2333 mors
3631 2293 3752 2341 vera,

2200 2359 2317 2414 hmc
2339 2361 2468 2416 nihil
2497 2364 2768 2420 residuum
2803 2366 3026 2422 faciens.
3055 2368 3190 2425 Nam
3217 2371 3332 2439 illa,
3363 2388 3481 2443 quae
3505 2373 3598 2428 sub
3615 2373 3754 2428 oculis

2199 2455 2457 2523 cernitur,
2489 2457 2791 2514 animarum
2807 2468 2938 2515 esta
2964 2476 3193 2531 corpore
3219 2464 3499 2536 dijugatio,
3537 2481 3632 2521 non
3658 2465 3755 2520 linis

2200 2549 2508 2605 abolitionis
2534 2562 2833 2609 extremus.
2853 2554 3002 2622 Haec,
3026 2555 3264 2627 inquam,
3289 2567 3376 2614 est
3391 2557 3614 2614 hominis
3636 2573 3755 2614 mors

2201 2657 2326 2697 vera
2351 2686 2366 2712 ,
2403 2659 2524 2698 cum
2555 2646 2751 2701 anima:
2789 2650 3096 2706 nescientes
3133 2649 3340 2717 Deum,
3377 2667 3474 2724 per
3499 2651 3755 2723 longissimi

2203 2739 2460 2808 temporis
2488 2739 2784 2795 cruciatum
2814 2753 3208 2799 consumentur
3232 2745 3343 2815 igni
3371 2749 3518 2811 fero,
3552 2748 3600 2801 in
3623 2762 3753 2817 quem

2202 2827 2319 2883 illas
2334 2829 2534 2898 jacient
2553 2832 2771 2902 quidam
2794 2834 3086 2890 crudeliter
3116 2837 3268 2904 sznvi,
3296 2850 3356 2894 et
3372 2850 3498 2894 ante
3517 2838 3751 2894 Christum

2202 2922 2492 2992 incogniti,
2539 2934 2593 2980 ct
2631 2925 2700 2982 ab
2741 2928 2858 2982 solo
2888 2928 3096 2984 sciente
3120 2929 3356 3000 jdetecti.
3390 2951 3409 2984 ι
3453 2932 3632 2989 Nonne
3653 2946 3758 2999 ergo

2201 3015 2293 3071 ille
2315 3016 2430 3086 ipse
2460 3017 2566 3084 ibi,
2606 3018 2886 3089 inquiunt,
2923 3021 3203 3092 perspicue
3240 3024 3524 3094 palamque
3554 3038 3756 3093 pronun-

499 3136 616 3206 ipse
645 3108 896 3206 proponit
938 3131 1332 3203 quaestionem?
1364 3149 1382 3180 ‹
1443 3127 1510 3182 Et
1534 3108 1988 3200 quemadmodum
2037 3140 2098 3182 se
2126 3135 2172 3197 ρ
2204 3108 2299 3206 Eii“
2334 3109 2552 3206 filiiﬁlii?)
2604 3111 2893 3206 ίιηνίοτιιφ
2945 3122 3001 3167 ει
3049 3114 3217 3170 Deum
3253 3117 3643 3186 ίευοτειηιὶυηι.
3686 3130 3759 3184 νοτ

501 3240 728 3303 possunt
771 3225 1200 3298 incorporalibus
1243 3239 1470 3294 corpora
1505 3223 1863 3292 conjungere,
1893 3231 2020 3287 aut,
2066 3235 2098 3274 a

500 3325 616 3381 Deo
643 3321 905 3395 principe,
958 3336 1045 3375 res
1073 3317 1230 3373 facta:
1272 3317 1341 3372 ab
1383 3315 1771 3371 infirmioribus
1806 3313 1986 3369 causis
2030 3314 2098 3368 ad

501 3416 757 3473 vitiorum
789 3413 1275 3469 dehonestamenta
1322 3407 1527 3463 traduci
1553 3427 1573 3460 ι
1609 3405 1850 3478 (Arnob.,
1902 3406 1993 3459 lib.
2023 3420 2096 3475 llo,

503 3531 625 3585 pag.
656 3508 789 3581 5'5)?
815 3508 896 3564 Ad
936 3507 1084 3563 illam
1135 3504 1280 3561 enim
1329 3503 1684 3574 qumstionem
1715 3501 2100 3584 quidrespon:

500 3608 648 3672 deat,
675 3605 938 3666 animum,
965 3600 1149 3666 velim,
1178 3597 1447 3654 advertas.
1482 3596 1565 3651 Ab
1598 3595 1839 3650 Ethnicis
1865 3593 2098 3648 vicissim

501 3699 636 3775 petit
661 3694 855 3771 (fbid.)
882 3706 1083 3756 utrum.
1115 3691 1281 3748 animi
1314 3688 1527 3744 fastidio
1557 3687 1975 3759 arrogantiaque
1999 3685 2098 3740 de-

500 3794 692 3867 positis
713 3835 729 3862 ,
773 3807 936 3848 unam
966 3788 1323 3857 eamdemque
1346 3800 1468 3840 cum
1499 3784 1608 3839 Deo
1637 3783 1796 3838 Patre
1823 3783 2100 3837 immorta-

502 3889 707 3944 litatem
731 3902 791 3943 se
812 3883 1135 3957 participare
1164 3877 1518 3936 contendant.
1552 3879 1742 3932 Postea
1773 3887 1952 3931 autem
1984 3891 2100 3930 rur-

503 3998 596 4038 sus
617 3980 709 4037 ille
735 3977 985 4035 eumdem
1007 3972 1454 4047 philosophorum
1482 3970 1832 4025 Ethnicorum
1860 3984 2100 4024 errorem

503 4073 803 4134 refellendo
845 4091 860 4127 :
923 4090 940 4121 ι
967 4067 1124 4138 Quod
1156 4068 1205 4122 si
1238 4066 1486 4122 homines
1517 4107 1532 4133 ,
1568 4084 1586 4118 ›
1636 4064 1815 4135 inquit
1856 4062 2098 4132 (ibidem,

504 4189 626 4244 pag.
661 4167 778 4240 56),
813 4184 832 4217 ‹
886 4164 1097 4236 penitus
1137 4169 1229 4216 aut
1267 4163 1413 4230 ipsos
1443 4176 1504 4216 se
1534 4167 1792 4226 nossent,
1822 4168 1914 4213 aut
1938 4157 2100 4212 intel-

505 4265 703 4321 lectum
730 4261 822 4317 Dei
845 4256 1166 4330 suspicionis
1183 4254 1411 4324 alicujus
1432 4255 1740 4324 acciperent
1760 4269 1911 4318 aura,
1939 4267 2099 4307 num-

505 4372 668 4426 quam
695 4353 800 4409 sibi
831 4351 1195 4408 adsciscerent
1229 4346 1467 4401 divinam
1509 4346 1972 4415 immortalemque
2004 4358 2100 4398 ua-

507 4460 702 4504 turam.
739 4466 758 4499 ›
821 4443 1012 4501 Nonne
1061 4451 1238 4496 autem
1291 4439 1417 4493 hinc
1460 4438 1637 4508 colligi
1687 4436 1830 4492 haud
1879 4451 2102 4507 prorsus

2204 3201 2503 3272 longissimi
2531 3204 2900 3260 tantummodo
2931 3207 3193 3277 temporis
3224 3207 3584 3275 intervallum,
3605 3208 3687 3264 sed
3706 3208 3758 3261 li-

2203 3297 2413 3352 niendis
2435 3298 2725 3368 aliquando
2750 3299 3082 3356 cruciatibus
3108 3303 3463 3374 torquendas,
3492 3318 3553 3359 ac
3577 3301 3758 3358 tandem

2203 3391 2522 3463 redigendas
2548 3391 2616 3447 ad
2648 3393 2922 3450 nihilum?

2275 3485 2414 3553 Quid
2440 3502 2590 3548 vero,
2614 3486 2756 3557 quod
2785 3487 2875 3543 ille
2898 3487 3076 3545 adhuc
3103 3500 3293 3560 postea
3317 3492 3523 3549 diserte
3549 3491 3760 3547 tradidit:

2210 3598 2228 3631 ‹
2263 3579 2379 3647 Quo
2427 3588 2583 3650 pacto
2620 3580 2998 3638 immortalitas
3038 3585 3310 3656 largitoris
3359 3599 3444 3644 est
3477 3587 3662 3644 donum
3687 3584 3762 3640 Dei

2204 3675 2345 3731 circa
2371 3676 2609 3744 prolatos
2634 3675 2766 3732 deos
2788 3718 2804 3743 ,
2844 3687 2899 3733 et
2922 3678 3131 3734 animas
3167 3681 3271 3737 hoc
3312 3693 3472 3754 pacto
3497 3683 3763 3755 dignabitur

2203 3767 2606 3822 immortalitate
2635 3767 2842 3824 donare
2859 3809 2876 3835 ,
2906 3772 3154 3839 quamvis
3179 3788 3273 3828 eas
3296 3792 3448 3833 mors
3474 3791 3608 3830 saeva
3635 3786 3764 3845 posse

2203 3868 2448 3924 videatur
2502 3869 2856 3940 extinguere,
2913 3879 2968 3926 et
3006 3871 3074 3927 ad
3115 3873 3344 3930 nihilum
3393 3875 3630 3932 redactas
3655 3873 3763 3928 irre-

2205 3963 2420 4021 meahili
2449 3963 2740 4019 abolitione
2794 3963 2976 4021 delere
3005 3985 3024 4018 ι
3060 3964 3248 4038 (lbid.,
3283 3985 3410 4038 pag.
3439 3968 3552 4040 68).

2279 4055 2386 4112 Sed
2419 4056 2470 4110 in
2491 4056 2595 4112 hoc
2616 4057 2904 4126 posteriori
2924 4058 3044 4114 loco
3065 4058 3201 4116 nihil
3222 4061 3370 4117 aliud
3399 4063 3618 4118 innuere
3641 4058 3762 4114 vide-

2207 4161 2312 4216 tur,
2344 4150 2445 4204 nisi
2479 4149 2686 4204 animas
2715 4160 2966 4219 nostras,
3008 4155 3358 4223 quantumvis
3387 4155 3700 4225 incorporea:
3722 4158 3765 4204 et

2204 4242 2500 4312 Spiritualis
2520 4241 2837 4298 substantia:
2865 4243 2998 4309 sint,
3024 4259 3202 4314 posse,
3231 4247 3378 4316 quod
3412 4248 3588 4303 nullus
3609 4252 3761 4315 negat,

2203 4353 2232 4392 a
2262 4337 2390 4402 Deo,
2417 4351 2602 4391 earum
2625 4346 2888 4405 creatore,
2922 4339 3138 4408 penitus
3171 4340 3385 4398 destrui
3409 4353 3464 4399 et
3486 4343 3550 4398 ad
3573 4340 3761 4396 nihilum

2204 4430 2398 4498 redigi.
2443 4430 2578 4486 Tota
2604 4441 2782 4486 autem
2831 4431 3122 4489 difﬁcultas
3163 4434 3216 4488 in
3245 4450 3312 4491 eo
3343 4445 3591 4492 versatur
3617 4445 3764 4488 utrum

506 4543 686 4613 inepte
739 4549 914 4612 potest
972 4535 1194 4592 Arnobii
1237 4533 1547 4603 opinionem
1591 4531 1755 4586 fuisse
1785 4572 1801 4597 ,
1861 4531 2098 4600 animam
2126 4537 2180 4598 1)
2203 4521 2494 4581 crediderit
2520 4524 2727 4578 animas
2753 4524 3142 4580 sceleratorum
3181 4526 3462 4584 hominum
3491 4541 3665 4584 revera
3691 4538 3763 4593 pe-

507 4633 743 4689 hominis
783 4646 890 4686 non
937 4629 1128 4685 eodem
1161 4668 1176 4695 ,
1215 4642 1325 4698 quo
1371 4625 1549 4691 Deus,
1599 4625 1692 4678 sed
1730 4623 1836 4676 alio
1879 4635 2100 4692 prorsus

506 4729 669 4790 modo
698 4743 821 4786 esse
846 4725 1208 4781 immortalem
1231 4764 1245 4788 ,
1276 4737 1338 4778 ea
1371 4721 1622 4776 nimirum
1661 4717 2097 4785 immortalitate,

507 4837 666 4896 quam
697 4836 726 4874 a
753 4835 814 4876 se
840 4834 948 4874 non
976 4817 1173 4873 habeat
1191 4857 1206 4882 ,
1243 4815 1337 4870 sed
1364 4831 1394 4870 a
1423 4815 1535 4869 Deo
1561 4811 1829 4882 acceperit
1847 4854 1862 4878 ,
1897 4820 1953 4865 et
1978 4826 2099 4882 quae

504 4934 572 4974 cx
606 4915 751 4972 illius
780 4911 1014 4984 pendeat
1043 4907 1348 4979 potestate?
1372 4908 1443 4962 At
1475 4905 1521 4959 si
1553 4905 1668 4959 haec
1697 4903 1813 4973 ejus
1843 4903 1913 4958 sit
1946 4917 2100 4957 mens

505 5022 563 5069 et
605 5007 868 5066 sententia
900 5047 916 5073 ,
957 5018 1060 5059 nec
1111 5002 1270 5056 aliam
1321 4999 1603 5071 agnoverit
1655 4999 1850 5053 anima:
1899 5006 2102 5052 nostrae

508 5103 852 5160 medietatem
880 5141 896 5168 ,
960 5096 1064 5153 nisi
1118 5111 1238 5150 eam
1280 5110 1383 5164 qua
1413 5094 1583 5149 ‘inter
1628 5091 1992 5148 immortalem
2047 5101 2104 5147 et

507 5199 880 5268 iucorpoream
914 5191 1043 5258 Dei,
1085 5199 1245 5259 atque
1273 5188 1407 5243 alias
1435 5187 1691 5243 mortales
1720 5203 1783 5243 ac
1811 5201 2102 5255 corporeas

506 5299 731 5347 naturas
759 5284 934 5342 media
959 5282 1063 5338 dici
1095 5289 1305 5352 potest,
1357 5278 1631 5335 fatendum
1675 5288 1759 5334 est
1811 5278 1961 5333 illum
1993 5295 2102 5333 non

506 5381 732 5439 omnino
757 5391 988 5434 errasse.
1013 5373 1252 5430 Plurium
1279 5371 1544 5443 siquidem
1565 5383 1812 5428 veterum
1845 5371 2104 5427 Ecclesiae

505 5475 728 5534 Patrum
778 5470 1098 5527 auctoritate
1154 5466 1401 5537 probavit
1451 5465 1702 5521 Petavius
1756 5465 1878 5521 ideo
1927 5465 2104 5522 solum

506 5570 677 5629 Deum
721 5581 842 5624 esse
885 5562 1274 5629 immortalem,
1317 5560 1441 5632 quia
1487 5576 1594 5615 non
1635 5561 1703 5615 ah
1745 5560 1851 5615 alio
1896 5561 2106 5632 accepit

506 5661 992 5724 immortalitatem,
1037 5673 1102 5712 ac
1128 5669 1355 5728 prorsus
1381 5653 1729 5710 immutabilis
1757 5663 1840 5710 est
1868 5651 2100 5726 (Petav.,

511 5765 635 5816 tom.
655 5773 693 5814 ι.
722 5753 974 5826 Theolog.
1005 5753 1204 5824 dogm.,
1239 5751 1329 5807 lib.
1361 5763 1442 5817 tu,
1471 5765 1588 5820 cap.
1621 5747 1676 5813 4,
1709 5747 1738 5819 ς
1764 5747 1831 5803 10
1859 5757 1906 5802 et
1935 5765 2100 5819 seqq.,

2209 4619 2435 4683 rituras,
2479 4627 2762 4688 postquam
2804 4632 2900 4688 per
2927 4617 3226 4690 longissimi
3268 4622 3532 4692 temporis
3568 4619 3763 4690 spatium

2207 4713 2330 4782 igne
2359 4712 2681 4768 excruciata;
2708 4709 2930 4766 fuerint.
2976 4711 3046 4766 At
3087 4723 3242 4771 certe
3281 4730 3408 4771 cum
3435 4716 3636 4771 animas
3661 4709 3765 4764 lide-

2205 4805 2336 4861 lium
2367 4815 2418 4860 et
2449 4805 2656 4874 piorum
2688 4803 2996 4873 hominum,
3033 4804 3110 4860 uti
3140 4807 3412 4874 diximus,
3445 4808 3560 4864 solo
3589 4803 3670 4860 Dei
3688 4803 3764 4856 be.

2205 4898 2398 4953 nelicio
2439 4897 2776 4953 immortales
2820 4899 2938 4954 fieri
2987 4898 3282 4955 arbitretur
3315 4943 3332 4968 ,
3387 4900 3512 4956 inde
3557 4895 3764 4969 profecto

2203 4991 2486 5047 coniicitur
2515 5007 2637 5047 eum
2680 5001 2898 5061 putasse
2938 4992 3148 5046 animas
3189 4992 3490 5051 infidelium
3517 5033 3532 5058 ,
3564 4991 3658 5045 hoc
3681 4987 3766 5040 im-

2207 5087 2550 5142 mortalitatis
2573 5102 2799 5142 munere
2829 5086 3087 5157 privatas,
3124 5103 3314 5143 revera
3343 5084 3624 5156 aliquando
3649 5082 3764 5136 inte-

2206 5181 2315 5236 rire
2359 5189 2416 5235 ct
2469 5179 2688 5234 omnino
2725 5180 3021 5251 exstingui.
3048 5181 3412 5250 Quamobrem
3437 5181 3678 5236 Ethnicos
3698 5171 3765 5227 his

2204 5274 2384 5330 verbis
2415 5275 2702 5343 compellat
2747 5295 2762 5331 :
2805 5295 2824 5327 ι
2857 5275 2964 5331 Res
2990 5287 3166 5332 vestra
3205 5278 3258 5331 in
3297 5276 3518 5346 ancipiti
3559 5273 3653 5328 sita
3677 5275 3759 5329 est.

2207 5371 2356 5426 salus
2383 5370 2506 5426 dico
2534 5369 2836 5426 animarum
2886 5381 3186 5426 vestrarum
3224 5390 3237 5426 :
3279 5383 3337 5427 et
3361 5371 3466 5427 nisi
3508 5384 3600 5424 vos
3623 5359 3766 5434 appli-

2208 5464 2344 5521 catis
2382 5464 2474 5519 Dei
2508 5465 2768 5535 principis
2805 5465 3043 5530 notioni,
3099 5481 3130 5520 a
3159 5464 3534 5535 corporalibus
3571 5451 3763 5513 vinculis

2210 5561 2485 5616 exsolutos
2531 5568 2810 5631 exspectat
2847 5575 2996 5617 mors
3022 5574 3182 5626 sazva,
3229 5575 3338 5615 non
3365 5556 3685 5629 repentinam
3702 5545 3766 5600 af-

2207 5655 2388 5711 ferens
2413 5655 2798 5712 extinctionem
2834 5696 2847 5719 ,
2881 5654 2976 5710 sed
3001 5669 3095 5726 per
3125 5662 3356 5710 tractum
3388 5647 3636 5720 temporis
3657 5654 3762 5695 cru-

2205 5748 2413 5808 ciabilis
2437 5763 2612 5820 paenae
2631 5748 2927 5806 acerbitate
2939 5764 3300 5808 consumens»
3329 5744 3517 5820 (Ibid.,
3540 5756 3652 5812 pag.
3670 5731 3761 5804 86).
