3904 6326
202 307 283 368 ‘89

1459 303 1530 361 1N
1564 293 1945 360 ARNOBIUM,
1985 292 2141 352 CAP.
2181 294 2250 351 Χ.

3357 297 3462 355 490

204 429 263 486 De
287 422 614 483 ethnicorum
654 423 875 494 itaque,
920 419 1024 477 hoc
1061 428 1178 487 est,
1233 419 1534 479 inﬁdelium
1581 421 1753 477 ltomi-
1790 419 1968 477 Auec
2010 414 2285 469 ttttnimam
2337 412 2555 484 quidem
2613 412 2843 485 proferri
2889 426 3049 485 posse
3101 428 3224 470 mox
3280 424 3464 473 osten-

203 536 307 577 nutn
333 516 607 589 suppliciis
637 527 758 588 post
804 522 1034 572 utortem
1084 515 1296 570 luendis
1335 517 1603 587 loquitur,
1648 524 1766 570 taur

202 628 335 684 quam
369 622 571 667 aeterna
601 626 710 666 non
730 610 839 667 sint
860 650 876 676 ,
915 608 1011 666 sed
1042 610 1205 666 finem
1233 625 1356 666 cum
1401 609 1617 666 illorum
1648 609 1767 665 ani-

201 705 366 761 mabus
387 702 679 774 aliquando
704 701 972 759 habitura.

257 795 628 852 Verumtamen
674 810 782 850 non
824 796 1004 849 minus
1042 792 1200 864 plane
1235 803 1293 851 et
1330 793 1567 850 dilucide
1604 791 1770 848 docet

201 890 331 963 ignes
390 887 652 959 quosdam
717 902 839 945 esse
889 887 1329 959 inextingttibilcs
1364 931 1380 957 ,
1443 887 1639 960 quibus
1663 886 1770 941 illa:

203 984 466 1055 impiorum
495 983 690 1038 animm
743 991 1081 1054 torquentur.
1136 982 1271 1038 Nam
1328 980 1579 1037 ethnicos
1632 979 1773 1034 hanc

203 1077 595 1135 christianorum
638 1075 947 1146 Opinionem
988 1074 1275 1133 irridentes
1313 1075 1394 1131 sic
1439 1072 1728 1144 alloquitur
1752 1086 1772 1125 :

208 1172 462 1230 tAudetis
506 1171 682 1228 ridere
727 1186 870 1234 nos,
918 1185 1040 1227 cum
1086 1170 1362 1242 gehcttnas
1401 1168 1674 1229 dicimus,
1721 1173 1778 1221 et

203 1264 621 1336 inextinguibiles
686 1263 949 1336 quosdam
1008 1262 1161 1334 ignes
1196 1304 1212 1329 ,
1277 1262 1331 1316 itt
1378 1275 1516 1333 quos
1568 1258 1777 1314 animas

203 1359 337 1427 dejici
386 1358 457 1415 ab
507 1373 692 1414 earum
750 1356 992 1413 hostibus
1042 1355 1381 1426 inimicisque
1426 1351 1778 1425 cognovimus

204 1449 369 1525 (Ibid,
391 1468 516 1524 pag.
539 1448 653 1523 δε).
683 1470 703 1504 ι
742 1449 812 1505 Ει
834 1448 985 1516 alibi,
1015 1448 1221 1505 diserte
1245 1447 1516 1519 appellat,
1553 1448 1781 1502 inextin-

203 1545 397 1618 gtu'biles
442 1545 685 1616 gehennae
726 1545 965 1614 ﬂatantes
1003 1543 1141 1613 (lib.
1164 1558 1239 1611 tv,
1293 1559 1413 1615 pag.
1462 1540 1626 1615 159).
1674 1540 1783 1598 Ne—

202 1655 289 1709 que
335 1638 666 1708 re-pondeas
705 1639 856 1709 ignes
896 1636 1112 1708 quidem
1164 1637 1234 1692 ab
1288 1651 1356 1692 eo
1396 1634 1501 1692 dici
1552 1634 1781 1690 inextin-

201 1731 452 1803 guibiles,
497 1729 596 1788 sed
641 1731 862 1787 silentio
904 1730 1239 1801 praztertnitti
1282 1738 1458 1785 utrum
1491 1728 1779 1799 impiorum

202 1826 374 1881 animae
400 1825 467 1881 iis
498 1841 715 1895 semper
743 1836 798 1882 et
838 1825 894 1880 in
939 1834 1258 1895 perpetuum
1304 1822 1412 1878 sint
1439 1821 1773 1894 torquendus.
1809 1817 1858 1877 B

204 1920 316 1978 Eam
343 1920 542 1992 quippe
568 1922 641 1978 ob
660 1922 925 1977 rationem
954 1924 1107 1990 ignes
1133 1917 1255 1973 illos
1283 1916 1505 1972 accendi
1555 1914 1781 1980 asserit;

204 2025 251 2071 ut
287 2016 336 2071 in
361 2031 460 2072 eos
482 2014 678 2070 animae
731 2014 1014 2083 impiorum
1042 2012 1111 2068 ab
1137 2026 1320 2068 earum
1351 2009 1597 2065 hostibus
1621 2050 1636 2075 ,
1680 2010 1785 2064 hoc

203 2120 273 2165 est
294 2149 311 2166 .
337 2108 678 2164 daemonibus
703 2106 1043 2177 dejiriatttnr.
1078 2104 1239 2173 Atqui
1268 2104 1313 2158 si
1336 2101 1653 2175 sempiterni
1674 2102 1785 2156 sint

202 2202 334 2273 ignes
361 2200 435 2256 illi
460 2242 477 2268 ,
510 2210 567 2256 et
591 2199 787 2256 anima:
817 2206 996 2254 tamen
1027 2198 1079 2252 in
1106 2196 1332 2253 nihilum
1361 2194 1651 2264 aliquando
1691 2209 1782 2249 re-

202 2295 452 2367 digcndae,
480 2306 597 2352 tum
627 2304 778 2351 certe
798 2294 1017 2349 inutiles
1042 2291 1245 2360 forent,
1283 2299 1562 2360 postquam
1589 2303 1783 2344 omnes

201 2392 387 2447 eadem
434 2392 633 2446 animae
672 2406 779 2445 non
803 2387 1095 2444 exstabant
1126 2386 1403 2457 amplius.
1450 2384 1509 2439 in
1544 2396 1650 2439 tam
1690 2383 1785 2439 ab-
1828 2404 1833 2408 ’

200 2484 400 2540 surdam
447 2493 627 2540 autem
671 2482 980 2553 Opinionem
1025 2480 1189 2536 ivisse
1220 2478 1517 2535 Arnobittm
1540 2520 1556 2543 ,
1595 2488 1652 2533 et
1681 2477 1782 2533 sibi

200 2579 284 2649 ipsi
309 2588 418 2634 tam
442 2576 678 2633 absurde
705 2574 1131 2640 contratlixisse,
1160 2572 1280 2644 quis
1305 2571 1462 2627 nobis
1493 2570 1785 2641 persuade-

200 2671 300 2727 bit?
335 2673 394 2728 Si
432 2672 556 2743 quis
594 2681 773 2727 tamen
817 2669 870 2724 id
913 2668 982 2724 ab
1007 2683 1074 2725 eo
1112 2678 1379 2724 assertum
1429 2665 1595 2723 fuisse
1638 2677 1785 2721 recte

198 2765 524 2840 probaverit,
564 2765 822 2823 cedemus
849 2762 1022 2830 illico,
1051 2773 1106 2818 et
1135 2761 1285 2817 illum
1319 2760 1544 2831 turpiter
1569 2772 1785 2816 errasse

198 2863 491 2921 fatebimur.

257 2956 359 3014 Sed
410 2953 678 3012 Arnobius
703 2951 968 3026 gravioris
988 2949 1163 3008 adhuc
1187 2990 1203 3014 ,
1230 2949 1278 3006 si
1306 2950 1416 3004 Deo
1442 2948 1619 3018 placet
1639 2986 1655 3010 ,
1698 2961 1787 3002 ero

199 3052 321 3108 roris
356 3051 432 3108 ab
462 3047 864 3106 Elmenhorstio
892 3055 947 3102 et
988 3043 1223 3101 rleraldo
1267 3041 1511 3114 arguitur
1533 3083 1548 3107 ,
1600 3039 1688 3095 ttbi
1716 3036 1800 3094 de‘

196 3160 476 3217 corporum
500 3154 810 3201 nostrorum
839 3138 1239 3197 resurrectione
1259 3136 1340 3192 sic
1364 3144 1555 3192 contra
1588 3131 1786 3188 Ethni-

1867 504 2078 562 demus.

1942 601 2177 659 Heraldo
2201 611 2380 658 autem
2413 604 2582 659 haeret
2611 619 2770 675 aqua,
2799 617 3107 675 ancepsque
3133 614 3183 661 et
3232 605 3468 662 incertus

1872 694 2088 751 videtur
2112 696 2391 766 cujnsnam
2421 696 2490 752 de
2534 713 2817 767 corporum
2845 700 3241 754 resurrectione
3269 698 3471 754 erroris

1872 790 2172 848 Arnobium
2203 791 2497 848 insimulet.
2550 791 2681 847 Nam
2713 793 2863 848 illum
2893 794 2960 849 ad
3007 795 3191 849 falsam
3223 795 3474 862 Origenis

1874 885 2208 957 opinionem,
2243 885 2405 940 modo
2434 885 2500 940 ad
2526 886 2851 956 graviorem,
2881 888 3043 943 modo
3069 887 3137 943 ad
3185 887 3473 943 Marcionis

1875 977 2140 1033 insaniam
2157 978 2476 1045 accessisse,
2497 977 2658 1033 modo
2680 978 2813 1034 nihil
2834 980 2968 1035 certi
2987 980 3056 1036 de
3072 980 3474 1036 resurrectione

1877 1083 1964 1127 aut
1998 1072 2306 1132 tradidisse.
2339 1080 2433 1126 aut
2459 1072 2792 1142 comperisse
2821 1071 3111 1143 redarguit.

1949 1165 2056 1221 Sed
2089 1174 2195 1220 tam
2225 1164 2385 1235 hujus
2426 1181 2587 1235 quam
2622 1164 3005 1222 Elmenhorstii
3036 1166 3230 1238 iniqua:
3258 1183 3479 1239 prorsus

1879 1268 1933 1314 et
1955 1259 2249 1328 nugatoria:
2264 1266 2650 1312 suntceusurze
2671 1269 2726 1312 et
2746 1260 3169 1315 criminationes.
3197 1259 3310 1315 Non
3332 1262 3475 1317 enim

1878 1352 1952 1408 ibi
1980 1352 2253 1408 Arnobius
2283 1352 2408 1407 data
2437 1367 2599 1422 Opera
2644 1352 2712 1408 de
2740 1367 3075 1410 mortuorum
3108 1355 3381 1410 hominum
3407 1357 3476 1412 ad

1882 1449 2045 1503 vitam
2075 1461 2324 1519 regressu
2357 1446 2595 1516 disputat
2623 1466 2636 1502 :
2666 1450 2760 1505 sed
2788 1451 3048 1507 adversus
3073 1451 3340 1519 ethnicos,
3389 1454 3479 1524 qui

1881 1542 2095 1596 tametsi
2141 1540 2271 1596 nihil
2303 1542 2356 1595 in
2389 1542 2617 1613 negotiis
2663 1543 2781 1599 sine
2826 1545 2930 1600 fide
2976 1557 3217 1618 agerent,
3271 1547 3482 1601 tametsi

1886 1634 2330 1705 philosophorum
2359 1636 2592 1705 placitis,
2619 1636 2819 1706 aliquid
2853 1654 3253 1710 nonnumquam
3283 1639 3484 1695 nostris

1883 1730 2045 1786 affine
2072 1728 2413 1794 habentibus,
2441 1729 2600 1785 fidem
2632 1730 2853 1795 darent;
2882 1730 3205 1787 christianos
3234 1743 3410 1787 tamen
3432 1740 3488 1789 et

1883 1823 2124 1891 Christo,
2148 1836 2200 1878 ct
2226 1824 2478 1879 omnibus
2504 1824 2766 1879 doctrina:
2795 1824 2915 1895 ejus
2936 1826 3179 1881 articulis
3201 1828 3489 1883 credentes

1886 1919 2207 1975 irridehaot.
2239 1918 2310 1975 At
2331 1919 2509 1974 varios
2538 1918 2761 1987 hujusce
2788 1920 3050 1975 doctrinae
3080 1922 3336 1976 articulos
3367 1937 3488 1992 per-

1885 2016 2174 2080 currendo,
2208 2014 2273 2069 ad
2307 2013 2437 2069 illud
2465 2014 2535 2070 de
2564 2024 2853 2083 corporum
2897 2028 3209 2072 nostrorum
3244 2032 3489 2072 resurre-

1886 2110 2068 2166 ctione
2094 2109 2382 2165 delabitur.
2433 2107 2510 2163 lbi
2560 2117 2739 2164 autem
2787 2119 2992 2164 tantum
3040 2119 3377 2181 argumento.
3435 2118 3495 2165 ut

1886 2202 2032 2274 loqui
2059 2212 2264 2266 amant,
2298 2200 2366 2256 ad
2394 2201 2671 2256 hominem
2697 2201 2937 2256 ostendit
2966 2201 3220 2255 insulsam
3270 2214 3492 2270 prorsus

1887 2313 2011 2354 esse
2039 2297 2187 2352 illam
2216 2295 2562 2351 ethnicorum
2583 2295 3039 2361 criminationem,
3067 2297 3189 2368 quia
3214 2295 3493 2351 christiani

1886 2391 2208 2449 certissimis
2236 2391 2479 2462 Apostoli
2532 2391 2598 2443 ad
2641 2391 3160 2447 Tltessalonicenses
3207 2391 3494 2447 scribentis

1886 2486 2066 2543 verbis
2100 2485 2334 2540 debitam
2379 2482 2433 2555 (Ι
2469 2480 2678 2547 Thess,
2708 2497 2797 2557 tv,
2848 2483 2914 2537 l2
2960 2494 3005 2538 et
3047 2482 3245 2557 seqq.),
3301 2482 3503 2556 ethnici

1888 2597 2019 2638 vero
2065 2581 2229 2637 dubio
2277 2580 2436 2650 plane
2487 2577 2725 2633 Platonis
2774 2578 2842 2634 de
2895 2581 3193 2634 animarum
3227 2580 3292 2634 ad
3332 2580 3495 2635 vitam

1886 2675 2066 2732 reditu
2098 2673 2423 2730 documento
2454 2669 2745 2725 intlebitatn
2775 2673 3100 2740 prmstahattt
3134 2671 3314 2728 fiderit.
3356 2672 3497 2740 Quid

1886 2780 2069 2824 autem
2097 2768 2196 2821 hac
2221 2767 2273 2821 in
2302 2768 2773 2837 argumentatione
2802 2773 2979 2834 potest
3000 2765 3224 2834 erroris,
3251 2766 3495 2834 insanias,

1886 2861 2091 2917 luroris
2121 2859 2309 2930 argui?
2339 2858 2475 2926 Quid
2507 2857 2699 2912 amabo
2727 2866 2797 2921 te,
2844 2857 3059 2928 iniquis.
3109 2874 3269 2929 quam
3318 2858 3498 2914 Aruo-

1888 2954 2040 3011 bium
2072 2953 2217 3007 illius
2243 2938 2446 3008 erroris
2495 2950 2830 3012 insimulare,
2881 2967 3039 3021 quem
3097 2951 3388 3019 proscribit
3439 2967 3505 3007 ac

1889 3046 2176 3119 repudiat?
2227 3043 2410 3114 Neque
2455 3043 2680 3111 objicias
2710 3044 2860 3097 illum
2893 3059 3045 3097 suam
3080 3042 3153 3097 ibi
3183 3059 3287 3100 non
3321 3043 3501 3113 expli-

1898 3154 2055 3195 casse
2081 3138 2431 3194 sententiam.
2462 3135 2596 3192 Nam
2628 3151 2693 3191 ex
2723 3136 2840 3203 ejus
2868 3136 3085 3192 silentio
3134 3137 3265 3191 nihil
3315 3145 3504 3192 contra

202 3215 294 3295 cos
325 3238 616 3307 disputat:
665 3254 685 3288 ι
722 3234 979 3300 Audetis,
1005 3251 1025 3284 ι
1081 3231 1257 3302 inquit
1301 3227 1496 3283 Arnob.
1520 3269 1535 3294 ,
1590 3224 1682 3281 lib.
1719 3240 1756 3279 tt
1777 3266 1792 3292 ,
1827 3215 1873 3279 C
1906 3234 2055 3289 illum
2085 3231 2286 3289 inferre
2318 3229 2398 3287 fas
2423 3239 2525 3286 est.
2562 3230 2763 3285 Deinde
2793 3244 2924 3285 vero
2958 3229 3042 3284 ltic
3068 3230 3220 3287 locus
3250 3245 3355 3285 non
3384 3239 3507 3287 erat

198 3349 306 3404 pag.
338 3330 465 3404 51),
513 3349 534 3383 ι
565 3329 745 3386 ridere
787 3342 926 3392 nos,
975 3324 1120 3398 quod
1170 3332 1505 3378 mortuorum
1551 3318 1800 3375 dicamus

198 3425 654 3482 resurrectionem
699 3420 977 3486 futuram;
1024 3433 1187 3489 quam
1233 3415 1450 3489 quidem
1481 3428 1581 3469 nos
1615 3412 1800 3467 dicere

199 3520 567 3577 confitemur:
598 3515 695 3573 sed
731 3530 761 3570 a
807 3511 963 3570 vobis
1006 3512 1198 3576 aliter,
1248 3524 1408 3580 quam
1461 3504 1796 3569 sentiamus,

202 3615 387 3671 audiri.
422 3612 570 3681 Quid
601 3612 655 3666 in
688 3608 922 3666 Politico
950 3607 1143 3663 Plato?
1191 3604 1386 3661 Nonne
1416 3618 1540 3659 cum
1569 3599 1803 3656 mundus

204 3706 500 3778 occeperit
526 3705 598 3761 ab
622 3702 869 3761 occiduis
900 3698 1148 3771 partibus
1176 3694 1379 3753 exoriri
1403 3736 1420 3762 ,
1442 3703 1502 3749 et
1532 3693 1586 3769 in
1624 3690 1806 3747 cardi-

205 3818 322 3861 nem
340 3816 598 3875 vergere,
632 3798 723 3871 qui
744 3795 976 3854 orientis
1003 3804 1087 3851 est
1116 3792 1273 3859 solis,
1299 3803 1491 3846 rursus
1518 3794 1809 3857 erupturos

205 3895 452 3954 homines
475 3892 689 3951 telluris
715 3905 748 3947 e
773 3887 982 3962 gremio
1008 3885 1231 3953 scribit,
1259 3898 1419 3941 senes
1436 3922 1453 3948 ,
1486 3895 1677 3942 canus,
1708 3877 1807 3934 de-

207 3990 479 4057 crepitos,
519 3996 578 4044 et
601 4000 726 4042 cum
752 3983 880 4039 anni
906 3980 1175 4050 cmperiut
1212 3977 1478 4034 accedere
1509 3974 1809 4047 longiores,

207 4097 299 4155 per
334 4080 568 4140 eosdem
600 4076 804 4150 gradus
823 4117 841 4145 ,
880 4075 1079 4147 quibus
1108 4071 1270 4127 hodie
1299 4068 1587 4132 crescitur,
1630 4066 1697 4123 ad
1729 4066 1813 4120 in-

209 4176 477 4233 cunabula
515 4171 759 4229 infantiae
791 4168 1077 4226 exituros?
1109 4186 1128 4220 t
1173 4164 1244 4220 Et
1289 4163 1378 4220 hic
1423 4160 1642 4233 quidem
1692 4158 1816 4214 Pla-

209 4270 347 4325 tonis
374 4268 558 4333 locus,
584 4264 743 4335 cujus
766 4277 986 4319 sensum
1004 4301 1019 4325 ,
1056 4256 1398 4328 potiusquam
1434 4255 1608 4312 verba
1632 4252 1815 4309 Arno-

210 4359 326 4419 hius
352 4361 582 4420 exhibet
604 4399 620 4424 ,
662 4359 715 4413 in
754 4358 921 4413 citato
946 4353 1065 4426 ejus
1097 4349 1327 4408 Politico
1357 4349 1554 4422 legitur
1582 4346 1814 4421 (Plato.,

208 4466 329 4515 tom.
345 4473 410 4519 ιι.
433 4454 678 4518 Politia,
709 4450 931 4526 p.170).
954 4447 1075 4520 Ipsa
1106 4457 1289 4503 autem
1306 4445 1471 4502 verba
1503 4445 1591 4500 hic
1613 4442 1820 4498 referre

211 4550 338 4607 nihil
388 4563 627 4608 necesse
652 4555 775 4612 est;
805 4560 929 4602 nam
961 4555 1017 4601 et
1043 4542 1095 4599 id
1132 4540 1395 4614 longioris
1421 4546 1570 4596 esset
1597 4550 1817 4608 operas,

170 4696 179 4701 -
214 4644 359 4701 etde
381 4646 452 4700 iis
478 4642 631 4699 nulla
654 4655 878 4712 prorsus
904 4652 1025 4695 esse
1048 4645 1224 4716 potest
1251 4634 1649 4691 controversia.
1727 4662 1743 4693 ι

285 4742 357 4797 At
381 4739 588 4796 mirum
640 4751 772 4792 sane
817 4744 1253 4806 quantacumque
1282 4731 1499 4787 infamis
1524 4744 1631 4784 non
1678 4742 1830 4784 erro—

215 4836 289 4892 ris
316 4845 557 4897 tantum,
586 4830 682 4887 sed
726 4827 948 4885 insanias
979 4837 1032 4883 et
1061 4825 1258 4881 furoris
1286 4831 1408 4879 nota
1440 4821 1661 4879 Auctori
1697 4836 1823 4876 nos.

220 4939 301 4984 tro
324 4928 460 4984 inde
491 4927 755 4981 inuratur.
808 4922 865 4979 Si
906 4922 1050 4977 enim
1086 4917 1487 4976 Elmenhorstio
1515 4914 1785 4973 credimus
1815 4929 1831 4970 :

224 5039 245 5073 ι
280 5021 497 5078 insanit
522 5034 646 5074 cum
678 5014 978 5072 furentibus
1029 5013 1356 5075 hominibus,
1392 5009 1685 5075 Marcione,
1734 5009 1834 5063 8a-

221 5114 397 5178 silide,
453 5122 517 5169 et
561 5110 817 5183 Origene,
871 5108 962 5178 qui
1015 5106 1465 5163 resurrectionem
1498 5117 1604 5158 non
1630 5101 1834 5164 carnis,

222 5208 313 5264 sed
345 5206 628 5279 corporis,
675 5213 733 5261 et
768 5201 1013 5272 corporis
1043 5201 1260 5273 quidem
1309 5198 1607 5271 spiritualis
1646 5195 1838 5252 crede-

227 5300 374 5357 bant.
416 5320 439 5353 ι
471 5299 727 5356 Tmidem
758 5298 875 5353 haec
901 5305 1029 5352 sunt
1060 5294 1202 5350 illius
1249 5293 1552 5350 Arnobittm
1583 5301 1689 5345 tant
1715 5302 1839 5360 gra-

228 5396 363 5454 riter
389 5411 563 5468 quam
584 5405 789 5451 temere
807 5390 1113 5448 accusantis
1133 5388 1318 5461 verba,
1344 5404 1463 5459 qum
1490 5386 1616 5442 ideo
1640 5382 1845 5439 descrio

231 5493 465 5563 psimus,
501 5506 572 5548 ne
596 5491 717 5562 quis
742 5490 858 5544 haec
886 5487 1044 5543 nobis
1065 5483 1367 5541 dicentibus
1397 5482 1553 5537 fidem
1576 5481 1843 5550 derogan-

237 5583 357 5640 dam
386 5592 639 5641 censeat.
690 5583 824 5649 Quae
867 5592 1047 5636 autem
1107 5577 1281 5649 major
1327 5576 1628 5640 temeritas,
1684 5587 1844 5644 quam

240 5679 682 5750 antiquissimum
714 5686 987 5733 auctorem
1019 5673 1244 5739 erroris,
1277 5670 1522 5737 insanite,
1567 5678 1623 5726 et
1648 5665 1849 5723 furoris

242 5771 505 5828 audacter
558 5784 834 5836 accusare,
886 5778 942 5826 et
996 5768 1194 5824 nullam
1238 5763 1599 5823 accusationis
1656 5759 1852 5823 afferre

246 5866 519 5924 rationem
548 5862 841 5922 ?-Nullam
892 5871 1074 5920 autem
1122 5857 1555 5921 Elmenhorstius
1614 5854 1853 5929 profert,

703 5957 979 6023 ΡΑι-ισι.
1010 5950 1091 6019 ν.

1846 4613 1904 4674 Ι)

1901 3329 2224 3387 sententiam
2274 3343 2425 3382 suam
2466 3326 2792 3396 explicandi,
2840 3326 2926 3381 ubi
2990 3326 3220 3381 insulsus
3268 3336 3507 3382 lautum-

1904 3422 2066 3480 modo
2120 3420 2400 3491 gentilium
2460 3420 2529 3475 de
2584 3420 3041 3481 christianorum.
3101 3419 3175 3473 uti
3233 3419 3508 3485 diximus,

1905 3517 2012 3574 fide
2055 3516 2427 3573 cavillationes
2456 3512 2973 3583 crimittationcsque
3021 3511 3243 3583 repellit
3284 3522 3335 3568 et
3384 3529 3513 3569 exa-
3614 3566 3620 3571 .

1906 3608 2057 3680 gitat.
2115 3606 2222 3663 Sed
2273 3606 2343 3662 de
2386 3605 2475 3661 illa
2525 3603 2944 3661 ehristianorum
2990 3604 3096 3659 fide
3148 3620 3293 3661 ttuttc
3340 3603 3511 3663 fusius

1909 3701 2201 3775 agendum.
2642 3748 2647 3753 ,

2540 3833 2767 3891 CAPUT
2810 3832 2876 3889 Χ.

1915 3974 1995 4036 De
2012 3976 2408 4034 christianorum
2432 3974 2554 4044 ﬁde,
2584 3989 2698 4045 spe,
2722 3973 2967 4038 ecclesiis,
2995 3974 3159 4030 sacris
3198 3974 3509 4047 Scripturis,

1952 4072 1957 4087 ‘
2059 4070 2327 4139 altaribus,
2360 4068 2671 4131 simulacris.
2715 4066 3014 4139 synaxibus,
3057 4085 3117 4122 ac
3146 4068 3375 4138 precibus

2386 4175 2395 4179 ·
2452 4161 2606 4217 etiam
2632 4176 2725 4231 pro
2746 4159 2979 4215 mortuis.

2448 4313 2743 4355 ARTICULUS
2784 4313 2994 4353 PRIMUS.

1921 4440 2001 4494 De
2016 4441 2388 4492 ebriatianorum
2411 4434 2507 4486 nde
2527 4436 2733 4498 eiusque
2752 4436 3072 4492 necessitate.
3093 4448 3152 4486 ac
3172 4441 3311 4487 certa
3328 4437 3523 4488 illorum

1986 4506 2052 4555 de
2069 4503 2384 4566 futuregvita:
2408 4514 2518 4565 spe,
2538 4505 2876 4562 quantumque
2900 4510 2961 4548 ea
2998 4499 3262 4561 gentilium
3284 4514 3332 4566 οι
3350 4501 3527 4552 inioni-

1987 4569 2083 4619 bus
2099 4564 2321 4631 opposita
2346 4564 2429 4613 sit.

2004 4721 2327 4791 Supremam
2370 4712 2571 4770 Christi
2619 4709 2825 4767 domini
2873 4708 3207 4768 divinitatem
3237 4711 3420 4778 variis,
3454 4714 3530 4769 uti

1933 4817 2191 4879 vidimus,
2220 4812 2486 4868 rationum
2520 4805 2809 4862 momentis
2833 4820 2953 4861 cum
2995 4805 3265 4862 Arnobius
3308 4806 3533 4864 demon-

1935 4909 2208 4969 straverit.
2238 4920 2344 4962 non
2386 4902 2581 4958 mirum
2625 4914 2756 4955 sane
2797 4899 2842 4954 si
2891 4899 3049 4954 dictis
3093 4899 3230 4969 ejus,
3263 4909 3531 4964 tamquam

1939 5008 2136 5064 divinis
2153 5002 2312 5058 ﬁdem
2335 5001 2404 5055 ab
2425 4997 2679 5054 omnibus
2698 4995 3060 5050 adhibendam
3082 5010 3203 5050 esse
3228 4995 3536 5053 firmissime

1940 5106 2232 5156 asseverct.
2280 5094 2531 5151 Totidem
2578 5090 2859 5146 enimvero
2887 5090 3217 5160 argumentis
3246 5104 3370 5144 eum
3411 5105 3535 5146 vera

1940 5193 2180 5258 dixisse,
2231 5198 2286 5243 et
2339 5187 2413 5243 illi
2465 5183 2798 5241 credendum
2850 5197 2973 5237 esse
3023 5182 3295 5242 ostendit.
3346 5183 3542 5254 quibus

1942 5302 2208 5346 summam
2241 5282 2383 5338 illius
2410 5280 2746 5334 divinitatem
2797 5275 2993 5351 asserit
3022 5284 3076 5331 et
3124 5275 3379 5330 vindicat.
3435 5276 3542 5333 Sed

1945 5385 2068 5457 quia
2099 5379 2328 5453 gentiles
2363 5375 2503 5431 hanc
2531 5372 2949 5430 christianorunt
2994 5369 3155 5424 fidem
3200 5369 3425 5426 irridere
3456 5387 3545 5427 so-

1949 5480 2151 5538 lebant,
2184 5473 2311 5528 hinc
2338 5479 2530 5525 auctor
2576 5475 2761 5523 noster
2806 5463 2955 5520 brevi
3005 5462 3315 5519 inductione
3358 5467 3550 5534 probat

1952 5575 2113 5629 fidem
2134 5569 2295 5625 etiam
2316 5566 2604 5621 humanam
2631 5570 2790 5615 tanta:
2811 5572 2934 5613 esse
2947 5556 3284 5613 necessitatis
3307 5558 3548 5631 (Arnob,

1949 5668 2041 5724 lib.
2083 5681 2141 5729 tt,
2170 5679 2222 5734 p.
2251 5656 2378 5731 b7);
2412 5665 2472 5711 ut
2498 5654 2713 5725 ipsimet
2739 5649 2966 5722 gentiles
2994 5648 3139 5704 illam
3172 5651 3283 5705 suis
3310 5667 3417 5710 non
3466 5670 3556 5712 so.

1955 5761 2068 5816 ium
2090 5764 2353 5827 cogantur
2382 5748 2584 5805 habere
2625 5741 2935 5801 auctoribus
2982 5753 3143 5815 atque
3196 5743 3557 5819 philosophis,

1960 5851 2056 5910 sed
2074 5848 2221 5907 nulla
2241 5844 2405 5903 etiam
2427 5837 2663 5912 negotia,
2678 5836 3066 5910 navigationes,
3093 5847 3253 5897 terra:
3268 5843 3557 5919 culturam,

2990 5932 3066 5999 18
