3904 6326
425 304 528 360 491

1664 313 1682 350 '.
1740 301 2146 364 ISSERTATIO
2181 300 2466 364 ΡΜῊΔ

3595 313 3688 370 49Ξ

424 421 697 493 conjugis,
724 419 888 486 bella,
918 416 1163 490 aliasque
1185 432 1278 475 res
1305 416 1420 475 sive
1442 411 1732 482 humanas,
1757 420 1874 475 sive
1893 419 2029 474 divi-
2055 429 2112 490 Α
2132 428 2342 488 nentes,
2373 418 2758 478 existimabant
2797 433 2858 476 se
2885 419 3004 476 solo
3031 430 3228 479 conatu
3256 435 3358 480 suo
3380 423 3490 481 ﬁeri
3530 426 3688 485 deos:

426 532 544 584 nas,
572 515 676 570 nisi
699 513 806 569 fide
827 521 1123 583 prmeuntc,
1151 513 1426 583 suscipere
1449 523 1795 584 praesumant.
1816 512 2025 570 Eodem

423 624 636 680 quoque
661 615 982 679 argumento
1007 615 1194 677 postea
1222 606 1452 662 Ruﬁnus
1473 607 1553 663 sic
1582 623 1716 663 usus
1742 602 1848 677 est,
1871 607 2024 678 quasi

422 703 554 757 illud
595 702 664 756 ab
706 701 825 770 ipso
864 709 1086 755 auctore
1114 709 1303 756 nostro
1330 699 1638 756 delibasset.
1664 700 1798 756 Nam
1830 701 2023 758 eadem

422 793 654 864 sumpsit
681 792 950 862 exempla,
983 799 1146 862 atque
1167 808 1232 848 ex
1257 793 1339 849 eis
1367 793 1509 848 hunc
1537 792 1782 864 disputat
1822 794 1876 849 in
1905 809 2025 850 mo—

422 888 550 943 dum
581 905 594 941 :
629 904 650 938 ι
685 885 756 942 Ut
781 884 1156 955 intelligentia:
1186 885 1282 940 tibi
1327 884 1514 941 aditus
1556 895 1822 955 patescat,
1873 897 2028 942 recte

420 981 595 1050 primo
638 979 880 1035 omnium
907 989 961 1036 te
986 979 1211 1036 credere
1240 980 1542 1050 profiteris;
1588 980 1716 1050 quia
1744 994 1844 1036 nec
1874 995 2027 1036 mare

420 1072 539 1143 quis
566 1071 886 1144 ingreditur,
903 1081 962 1128 et
981 1072 1185 1143 liquido
1208 1087 1272 1127 ac
1296 1071 1563 1143 profundo
1584 1087 1706 1129 sese
1735 1072 2027 1129 committit

420 1165 715 1227 elemento,
757 1164 860 1220 nisi
906 1179 966 1220 se
1013 1165 1162 1234 prius
1206 1163 1394 1220 credat
1442 1179 1602 1234 posse
1646 1165 1861 1221 salvari.
1913 1164 2025 1220 Nec

419 1257 654 1329 agricola
697 1257 906 1313 semina
950 1257 1116 1312 sulcis
1145 1256 1344 1322 obruit,
1393 1268 1454 1313 et
1495 1258 1675 1328 fruges
1722 1259 1930 1329 spargit
1969 1259 2026 1313 in

421 1362 641 1419 terram,
697 1350 802 1406 nisi
829 1350 1120 1406 crediderit
1151 1364 1407 1406 venturos
1437 1351 1644 1408 imbres
1665 1393 1681 1417 ,
1732 1351 2026 1407 affuturum

419 1461 632 1516 quoque
659 1445 802 1500 Solis
829 1454 1092 1515 teporem,
1124 1445 1320 1514 quibus
1352 1455 1494 1499 terra
1544 1444 1780 1513 confota,
1813 1455 2024 1516 segetes

420 1538 772 1608 multiplicata
820 1537 974 1608 fruge
1029 1537 1311 1607 producat,
1357 1553 1422 1592 ac
1471 1537 1650 1593 ventis
1697 1538 2026 1608 spirantibus

420 1630 639 1686 nutriat.
683 1628 832 1685 Nihil
857 1629 1090 1700 denique
1138 1638 1241 1695 est,
1277 1630 1418 1698 quod
1450 1629 1642 1685 invita
1667 1632 1784 1700 geri
1829 1631 2019 1700 possit,

416 1722 597 1778 sinon
641 1721 934 1778 credulitas
978 1732 1103 1776 ante
1132 1721 1493 1791 prmccsserit.
1542 1720 1682 1789 Quid
1721 1721 1883 1793 igitur
1923 1722 2025 1776 mi-

2127 511 2412 568 christiani
2439 528 2568 570 vero
2594 513 2828 568 inﬁrmae
2855 522 3060 570 natura;
3099 529 3212 571 suae
3235 515 3441 573 viribus
3469 517 3693 578 difﬁden-

2129 613 2230 670 tes,
2252 604 2404 660 illam
2433 605 2504 661 ab
2527 604 2915 677 omnipotentis
2950 605 3049 663 Dei
3076 607 3442 665 misericordia
3475 624 3694 682 expecta-

2127 695 2276 752 bant.
2309 696 2550 753 Gentiles
2575 697 2935 768 cpinabantur
2962 699 3078 755 alas
3103 700 3206 756 sibi
3234 711 3360 771 post
3381 714 3598 761 mortem
3617 707 3691 766 fu-

2130 800 2298 855 turas,
2349 791 2551 860 quibus
2590 792 2650 846 in
2688 791 2886 848 omium
2939 793 3313 850 convolat-ent.
3375 795 3511 864 Quin
3549 797 3695 857 immo

2127 890 2538 946 somniaveram.
2556 891 2820 962 qiiasthm
2851 906 2976 948 esse
2997 902 3314 963 potestates,
3348 907 3468 964 quae
3485 906 3698 953 secreta-

2127 980 2250 1036 i'um
2275 982 2476 1038 artium
2502 983 2998 1053 superstitionibus,
3027 994 3086 1041 et
3127 985 3575 1044 commendamus
3595 1005 3698 1044 tua-

2125 1090 2318 1146 gorum
2348 1077 2598 1147 precibus
2647 1077 2896 1143 mollitae,
2951 1078 3170 1135 facilem.
3192 1079 3250 1133 in
3276 1079 3476 1136 omium
3501 1092 3700 1138 conten-

2128 1168 2383 1226 dentibus
2405 1170 2609 1226 debant
2646 1172 2851 1227 aditum
2881 1170 3071 1244 (Mitt,
3121 1188 3243 1244 pag.
3287 1173 3359 1228 52
3384 1173 3574 1246 e187).
3601 1176 3701 1244 Qua

2127 1261 2196 1318 de
2225 1279 2288 1319 re
2320 1264 2472 1319 Plato
2516 1265 2570 1320 in
2598 1267 2850 1337 genuinis
2877 1265 2994 1322 sive
3057 1267 3242 1323 nothis
3292 1267 3407 1323 suis
3447 1269 3700 1339 operibus,

2129 1356 2379 1426 Servius,
2439 1368 2498 1414 et
2536 1359 2680 1430 apud
2727 1361 3086 1431 Augustinum
3137 1360 3472 1433 Porphyrius
3521 1361 3706 1434 legendi

2128 1447 2332 1518 (Plato,
2362 1453 2418 1505 in
2445 1450 2730 1520 Phariam,
2760 1462 2886 1508 tom.
2916 1468 2957 1521 ι,
2987 1472 3041 1524 ρ.
3076 1453 3204 1519 107,
3251 1463 3300 1510 et
3342 1454 3552 1523 Axioeo,
3597 1466 3704 1512 tom.

2125 1557 2204 1609 ιιι,
2227 1562 2280 1614 ρ.
2313 1546 2454 1612 571ς
2485 1547 2658 1614 δεῖν..
2685 1548 2743 1603 in
2769 1549 2858 1604 lib.
2889 1553 2964 1615 v't,
2989 1547 3232 1616 Αῖιιοὶάη
3274 1564 3406 1606 aen.
3438 1550 3576 1616 758;
3617 1553 3708 1608 Au-

2125 1647 2262 1706 gusl.
2301 1637 2390 1692 lib.
2420 1655 2478 1707 ι,
2507 1640 2572 1696 de
2597 1641 2764 1708 civit.,
2810 1658 2861 1697 ο.
2904 1641 2940 1697 9
2981 1651 3029 1696 et
3071 1641 3160 1708 10,
3211 1659 3264 1712 p.
3303 1641 3415 1698 356
3455 1654 3502 1697 et

2127 1728 2332 1786 Verum
2363 1732 2684 1789 christianis
2704 1735 2974 1790 incertum
3003 1745 3088 1792 est
3119 1745 3300 1790 utrum
3327 1736 3492 1791 vitam
3513 1736 3711 1791 immor-

414 1831 556 1882 rum,
605 1815 650 1870 si
695 1813 1017 1869 accedentes
1064 1814 1130 1869 ad
1183 1814 1372 1879 Deum,
1421 1813 1650 1871 credere
1697 1830 1797 1871 nos
1847 1816 2022 1886 primo
2053 1829 2102 1890 Β
2129 1825 2295 1880 tatem
2341 1826 2596 1896 accipere
2623 1828 2916 1898 aliquando
2955 1841 3292 1886 mereantur.
3321 1830 3712 1886 Arbitrabantur

419 1907 654 1961 omnium
681 1905 1016 1976 profitemur,
1037 1921 1159 1962 cum
1180 1907 1298 1962 sine
1317 1908 1419 1962 hoc
1444 1922 1544 1964 nec
1559 1907 1676 1977 ipsa
1692 1908 1832 1978 exigi
1850 1909 2026 1979 possit

416 2000 522 2055 vita
551 2000 873 2055 communis.
909 1999 1033 2054 Haec
1063 2007 1243 2055 autem
1277 1999 1489 2074 idcirco
1509 2001 1563 2054 in
1589 2001 1855 2071 principio
1883 2017 2024 2072 prte-

419 2092 696 2157 misimus,
729 2092 852 2163 quia
900 2091 1090 2162 pagani
1120 2091 1278 2146 nobis
1325 2091 1563 2162 objicere
1609 2092 1831 2157 solent,
1877 2093 2026 2163 quod

413 2188 605 2257 religio
627 2196 830 2248 nostra,
856 2186 977 2256 quia
1001 2186 1301 2242 rationibus
1326 2186 1530 2254 deficit,
1554 2187 1610 2242 in
1627 2188 1742 2243 sola
1764 2188 2026 2246 credendi

414 2281 768 2350 persuasione
809 2279 1088 2335 consistat.
1144 2279 1209 2335 Et
1253 2280 1376 2338 ideo
1407 2281 1744 2338 ostendimus
1771 2297 1876 2338 nec
1900 2282 2018 2354 agi,

414 2388 515 2428 nec
535 2381 682 2434 stare
701 2371 900 2442 aliquid
931 2387 1112 2441 posse,
1143 2372 1244 2426 nisi
1274 2375 1616 2442 praecesserit
1631 2374 1710 2429 vis
1737 2374 2016 2432 credendi.

411 2464 658 2534 Denique
684 2474 740 2519 et
791 2463 1132 2520 matrimonia
1164 2464 1578 2532 contrahuntur,
1628 2467 1751 2537 quia
1782 2466 2022 2524 creditur

412 2572 733 2614 successnra
767 2557 1054 2628 posteritas
1086 2575 1099 2610 :
1131 2567 1186 2612 et
1207 2559 1358 2628 pueri
1387 2558 1660 2615 discendis
1681 2560 1885 2615 artibus
1908 2570 2018 2616 tra-

409 2652 628 2717 duntur,
649 2652 771 2722 quia
790 2653 1167 2724 uiagistrorum
1196 2653 1249 2708 in
1273 2652 1568 2723 discipulos
1596 2654 2022 2712 transfundenda

409 2747 646 2803 creditur
667 2745 950 2815 disciplina
982 2763 994 2798 :
1030 2754 1085 2801 et
1107 2745 1317 2815 imperii
1351 2746 1584 2816 insignia
1609 2728 1747 2802 unus
1770 2747 2016 2818 suscipit,

410 2841 535 2896 dum
559 2840 733 2897 credit
755 2839 984 2909 populos
1004 2850 1058 2894 et
1086 2838 1270 2904 urbes,
1295 2848 1352 2895 et
1375 2848 1642 2895 armatum
1671 2840 1834 2896 etiam
1861 2855 2019 2896 exer-

407 2937 573 2992 citum
613 2936 922 3004 .pariturum
961 2953 980 2986 ι
1035 2931 1330 3006 (Ruﬁnus,
1384 2931 1666 2992 Comment.
1697 2935 1752 2988 in
1796 2935 2016 3006 symbol.

407 3038 520 3098 post
548 3029 688 3094 init.,
721 3046 776 3098 p.
802 3027 950 3097 171).
983 3026 1136 3081 Prius
1159 3042 1290 3082 vero
1311 3025 1500 3084 eadem
1528 3027 2018 3099 argumentatione,

406 3121 706 3190 iisdemque
755 3119 1016 3188 exemplis
1062 3118 1278 3176 Celsum
1331 3119 1615 3190 Origenes,
1648 3130 1705 3178 et
1748 3119 2020 3180 Eusebius

2128 1917 2368 1989 denique
2396 1919 2602 1976 ethnici
2632 1938 2694 1977 se
2718 1933 2916 1992 sponte
2947 1939 3065 1991 sua,
3099 1925 3360 1995 nulloque
3390 1925 3708 1996 prohibente,

2129 2012 2183 2066 in
2211 2011 2561 2078 dominicam,
2599 2025 2857 2088 tanquam
2889 2033 3044 2073 suam
3075 2019 3354 2090 propriam
3373 2012 3562 2076 sedem
3589 2020 3714 2077 redi-

2129 2117 2302 2162 turos.
2355 2105 2563 2164 Contra
2611 2125 2744 2166 vero
2771 2111 3052 2167 christiani
3097 2112 3242 2169 istud
3275 2114 3398 2170 fieri
3428 2129 3582 2184 posse
3619 2130 3713 2170 non

2127 2202 2444 2270 sperabant,
2487 2205 2609 2260 sine
2633 2220 2819 2261 rerum
2862 2207 3103 2262 omnium
3134 2207 3390 2274 Domino,
3424 2206 3476 2263 id
3501 2215 3598 2270 est,
3626 2205 3714 2262 nisi

2132 2292 2273 2347 Deus
2290 2295 2656 2366 omniipotens,
2681 2308 2737 2352 et
2752 2298 3002 2358 Christus
3017 2299 3279 2356 Dominus
3295 2299 3711 2366 immortalitatis,

2127 2404 2215 2453 eo,
2249 2405 2358 2459 quo
2386 2392 2638 2462 superius
2681 2393 2922 2449 diximus
2951 2394 3104 2466 (Cap.
3134 2413 3310 2467 super.
3336 2406 3443 2451 art.
3467 2396 3543 2469 4),
3572 2395 3714 2452 modo

2126 2482 2353 2551 gratiam
2365 2525 2380 2547 ,
2397 2496 2454 2540 et
2476 2497 2697 2542 aeternae
2720 2486 2992 2544 felicitatis
3007 2491 3290 2560 praemium
3308 2489 3716 2561 promerentibus

2127 2576 2442 2632 contulerit.
2478 2577 2646 2635 Visne
2673 2581 2972 2637 Arnobium
3007 2593 3252 2639 nostrum
3289 2586 3595 2657 loquentem
3629 2600 3714 2639 au-

2126 2670 2284 2726 dire?
2299 2671 2383 2726 En
2410 2673 2531 2743 ejus
2558 2675 2726 2732 verba
2753 2693 2768 2731 :
2799 2696 2819 2729 ‹
2854 2677 2957 2734 Per
2984 2677 3126 2734 hunc
3151 2679 3330 2735 solum
3358 2687 3444 2736 est
3463 2680 3713 2752 ingressus

2126 2765 2198 2818 ad
2242 2763 2463 2834 Lucem,
2510 2782 2690 2838 neque
2716 2769 2854 2826 alias
2897 2771 3082 2827 datum
3117 2781 3203 2827 est
3231 2773 3320 2828 vel
3357 2775 3610 2845 irrepere,
3641 2771 3714 2828 vel

2127 2856 2406 2927 invadere,
2439 2861 2657 2918 caeteris
2685 2864 2936 2920 omnibus
2959 2865 3181 2933 clausis,
3213 2855 3381 2938 atque
3403 2867 3714 2938 inexpugna-

2127 2951 2224 3006 bili
2251 2968 2378 3009 arce
2403 2955 2647 3012 munitis.
2667 2955 2835 3013 .Licet
2856 2973 2987 3029 ergo
3007 2973 3199 3029 purus,
3227 2970 3284 3014 et
3307 2959 3380 3015 ab
3398 2959 3544 3014 omni
3569 2957 3714 3014 fueris

2126 3045 2379 3102 vitiorum
2405 3049 2872 3107 eontaminatione
2893 3061 3172 3122 purgatus,
3200 3053 3576 3110 conciliaverit
3603 3051 3712 3107 illas

2124 3145 2288 3206 atque
2343 3139 2623 3198 iubereris
2670 3153 2990 3213 potestates,
3042 3144 3110 3200 ad
3159 3145 3360 3202 omium
3395 3145 3634 3204 redeunti
3657 3157 3716 3198 ne

407 3215 675 3286 quoslibet
698 3211 949 3308 ethnicos
994 3212 1380 3308 refellunttad
1409 3211 1534 3270 fidei
1564 3215 1796 3284 probant
1825 3229 2021 3272 ueces-
2045 3228 2096 3293 ο
2123 3231 2240 3285 vias
2268 3231 2546 3298 claudam,
2579 3211 2746 3307 alq'ue
2771 3236 3060 3308 obsepiam
3088 3240 3398 3308 transitum,
3428 3240 3496 3295 ad
3514 3240 3716 3295 immo,“

406 3309 620 3366 sitatem
651 3306 824 3378 (Orig.
857 3307 942 3360 lib.
976 3324 1012 3371 ι,
1045 3317 1224 3361 contra
1263 3305 1425 3374 Cels.,
1458 3326 1580 3380 pag.
1626 3309 1660 3363 9
1703 3318 1751 3364 et
1782 3311 1884 3375 10;
1909 3308 2017 3366 Eu-

405 3401 535 3469 seb.,
566 3400 657 3454 lib.
701 3416 752 3464 ι,
802 3397 1097 3470 Ρνιεραναι.
1131 3397 1357 3470 Evang.,
1389 3417 1434 3454 c.
1465 3401 1520 3465 5,
1552 3418 1603 3471 ρ.
1638 3401 1706 3458 14
1734 3411 1781 3457 et
1810 3418 1948 3472 seqq.
1969 3402 2015 3476 ).

407 3497 539 3566 Quae
569 3494 784 3576 quidem
819 3495 895 3549 illi
918 3493 1096 3550 adhuc
1124 3493 1345 3550 uberius
1368 3505 1786 3566 prosequuntur.
1815 3497 2018 3564 Quaru-

404 3592 592 3648 obrem
625 3589 834 3660 longius
867 3587 1106 3658 profecto
1135 3586 1274 3644 foret
1302 3589 1484 3644 omnia
1509 3605 1694 3644 eorum
1724 3590 1888 3644 verba
1917 3591 2017 3647 de.

403 3683 663 3749 scribere,
713 3697 832 3752 quae
881 3682 950 3736 ab
998 3681 1248 3736 omnibus
1299 3683 1352 3736 in
1408 3682 1622 3762 illorum
1653 3683 1825 3752 libris,
1857 3683 2024 3750 facile

404 3775 623 3832 cuilibet
670 3774 865 3842 obviis,
899 3775 1002 3845 legi
1047 3786 1295 3845 possunt.
1328 3776 1409 3830 Ad
1437 3791 1532 3832 eos
1561 3792 1724 3846 porro
1744 3776 1895 3832 adire
1921 3779 2016 3848 qui

403 3872 657 3937 voluerit,
686 3886 868 3941 Opera:
897 3869 1121 3924 forsitan
1167 3885 1280 3925 suae
1308 3886 1414 3924 non
1446 3870 1748 3940 paenitebit,
1773 3880 2014 3942 gratum-

404 3980 511 4034 que
532 3963 688 4019 nobis
718 3963 900 4030 faciet,
931 3963 976 4017 si
1004 3962 1434 4032 deprehendere,
1466 3963 1814 4034 indicarequc
1846 3966 2021 4036 possit

405 4068 584 4114 utrum
615 4073 754 4114 unus
782 4073 850 4114 ex
897 4057 1006 4113 illis
1034 4058 1103 4114 ab
1129 4057 1240 4120 alio
1266 4073 1362 4112 sua
1392 4057 1749 4129 decerpserit.
1783 4059 1866 4115 De
1887 4059 2014 4115 ﬁdei

405 4168 571 4222 porro
616 4150 943 4208 necessitate
989 4150 1117 4206 alibi
1163 4149 1556 4220 disputavimus
1593 4149 1612 4222 (
1643 4160 1765 4205 tom.
1805 4168 1850 4218 ι,
1899 4152 2010 4223 Αρ-

408 4255 601 4316 parat.,
651 4245 740 4300 lib.
775 4261 834 4311 ιι,
865 4242 1081 4298 Dissert.
1123 4242 1179 4308 ‘2,
1209 4259 1254 4296 ε.
1305 4241 1394 4308 li,
1434 4252 1532 4296 art.
1577 4242 1634 4310 9.,
1681 4262 1734 4314 p.
1781 4244 1921 4300 1025
1965 4255 2017 4299 et

402 4355 540 4410 seqq.
567 4336 607 4409 ).

482 4432 560 4486 Ex
607 4428 800 4484 eadem
828 4438 1032 4485 asserta
1085 4427 1288 4484 Christi
1329 4428 1609 4486 divinitate
1651 4429 1903 4495 efficitur,
1955 4441 2018 4485 ut

407 4522 597 4579 salutis
613 4530 850 4586 aeternae,
871 4529 927 4574 et
941 4535 1130 4575 eorum
1153 4536 1274 4590 quae
1294 4520 1544 4576 Christus
1564 4521 1833 4593 promisit,
1855 4521 2010 4578 firma

407 4617 629 4671 omnino
644 4623 897 4683 certaque
910 4615 979 4669 sit
1000 4612 1420 4669 Christianorum
1443 4629 1568 4685 spes
1601 4626 1656 4670 et
1678 4616 2002 4685 expectatio.
2032 4624 2092 4685 Β

408 4708 551 4764 Deus
580 4707 722 4763 enim
757 4707 850 4762 ille
871 4706 1056 4776 utique
1082 4721 1202 4762 esse
1230 4722 1335 4762 non
1365 4716 1566 4778 potest,
1594 4707 1686 4777 qui
1731 4708 2012 4776 promissis

407 4816 516 4856 non
541 4798 818 4856 satisfecit.
867 4798 1052 4866 Neque
1097 4800 1365 4855 Arnobius
1404 4800 1534 4856 sinit
1552 4800 1658 4855 sibi
1683 4801 1752 4858 ab
1782 4801 2012 4858 ethnicis

403 4897 564 4968 objici
611 4911 803 4950 vanam
854 4903 910 4949 et
956 4908 1166 4948 cassam
1219 4909 1340 4950 esse
1383 4893 1801 4952 Christianorum
1856 4911 2009 4966 spem

401 4989 659 5063 (Arnob.,
690 4988 777 5042 lib.
821 5004 875 5054 ιι,
908 5005 961 5058 p.
993 4986 1116 5058 44);
1147 5001 1246 5041 nec
1270 5003 1330 5043 ea
1361 5003 1393 5042 a
1422 4986 1638 5044 Christo
1688 4988 1911 5058 impleta
1957 4999 2016 5046 et

398 5083 542 5147 data,
589 5096 709 5153 quae
753 5080 952 5149 smpius
998 5078 1270 5149 pollicitus
1315 5078 1508 5135 fuerat.
1537 5080 1669 5135 Nam
1700 5083 2006 5151 promissis,

401 5180 694 5234 constituto
723 5184 988 5244 tempore,
1033 5173 1216 5236 stetit;
1265 5181 1428 5243 atque
1479 5172 1597 5243 ejus
1639 5175 1918 5242 miracula,
1951 5185 2014 5234 et

402 5272 505 5329 alia
527 5270 595 5326 ab
624 5271 742 5340 ipso
769 5267 1024 5323 divinitus
1055 5265 1212 5331 facta,
1242 5280 1342 5322 nec
1368 5265 1590 5326 dubium
1616 5282 1766 5333 sane,
1802 5284 1900 5324 nec
1920 5268 2004 5324 in-

402 5374 610 5420 certum
659 5363 888 5416 aliarum
935 5358 1052 5429 ejus
1099 5358 1514 5429 promissionum
1560 5368 1682 5416 sunt
1713 5359 1904 5430 pignus
1948 5369 2013 5418 et

403 5457 795 5528 comprobatio.

471 5549 718 5606 Ostendit
762 5550 980 5618 insuper
1024 5545 1294 5600 Arnobius
1339 5554 1596 5614 quantum
1623 5547 1904 5601 christiani
1951 5555 2011 5602 et

398 5643 598 5699 ethnici
628 5643 696 5699 de
724 5642 918 5698 futurae
945 5640 1243 5698 animarum
1277 5649 1397 5711 post
1421 5649 1652 5702 mortem
1681 5642 1872 5698 salutis
1899 5657 1999 5712 spe

398 5737 539 5791 inter
564 5750 623 5789 se
649 5733 1019 5792 dissentirent.
1048 5733 1310 5800 Gentiles,
1365 5733 1539 5805 inquit
1579 5731 1781 5804 (Idem,
1811 5735 1898 5790 fib.
1935 5751 1993 5801 ιι,

399 5845 448 5898 ρ.
484 5826 599 5897 66),
630 5825 856 5883 salutem
911 5828 1207 5884 animarum
1241 5842 1457 5883 suarum
1489 5826 1543 5882 in
1573 5841 1632 5884 se
1658 5827 1789 5898 ipsis
1834 5844 1996 5900 repo-

2128 3327 2352 3383 talitatis
2395 3330 2660 3387 accedere
2689 3332 2852 3387 nullis
2884 3334 3090 3404 poteris
3121 3335 3565 3392 contentionibus
3591 3346 3716 3403 prte-

2127 3420 2321 3489 mium,
2346 3421 2450 3479 nisi
2479 3423 2622 3494 quod
2651 3424 2824 3494 ipsam
2847 3425 3317 3483 immortalitatem
3345 3427 3493 3497 facit,
3519 3424 3716 3482 Christo

2127 3513 2477 3583 attribuente,
2527 3519 2862 3590 perceperis,
2915 3529 2973 3576 et
3018 3535 3205 3576 veram
3248 3521 3422 3579 fueris
3470 3520 3716 3577 admissus

2125 3605 2194 3661 ad
2225 3608 2390 3662 vitam
2423 3609 2682 3679 (Arnob.,
2718 3609 2810 3667 lib.
2835 3627 2890 3677 ιι,
2924 3630 3044 3683 pag.
3078 3614 3192 3685 90).
3225 3633 3245 3668 ι

2200 3700 2422 3757 Summa
2443 3717 2575 3774 ergo
2601 3715 2722 3760 erat
2748 3706 3031 3776 gentilium
3059 3707 3357 3774 dementia,
3403 3707 3714 3780 qui-beatam

2128 3795 2590 3855 immortalitatem
2622 3815 2650 3853 a
2697 3802 3060 3872 potestatibus
3091 3804 3278 3858 nescio
3323 3803 3538 3876 quibus,
3591 3799 3713 3856 vela

2126 3888 2320 3959 seipsis
2346 3894 2724 3962 expectabant.
2771 3895 2972 3950 Contra
3015 3911 3144 3952 vero
3171 3895 3473 3952 certissima
3502 3905 3583 3950 est
3606 3905 3714 3963 spes

2125 3983 2573 4054 christianorum,
2593 3988 2683 4059 qui
2709 3989 2755 4044 si
2785 3988 2935 4060 digni
2953 3989 3081 4056 sint,
3115 3992 3252 4046 hanc
3274 3991 3493 4047 beatam
3520 3993 3714 4046 immor-

2127 4078 2389 4135 talitatem
2437 4080 2506 4135 ab
2534 4083 2906 4151 omnipotente
2936 4083 3070 4152 Deo,
3100 4085 3222 4140 solo
3249 4084 3397 4143 illius
3423 4084 3639 4152 datore,
3662 4092 3713 4136 se

2123 4182 2448 4242 accepturos
2474 4174 2772 4231 conﬁdunt.

2737 4327 3031 4370 ARTICULUS
3059 4329 3114 4369 ll.

2123 4445 2205 4498 De
2227 4449 2606 4522 christianorum
2645 4451 2889 4515 ecclesiis,
2931 4456 3084 4508 sacris
3123 4455 3415 4519 Scriptor-is,
3453 4462 3509 4506 et
3591 4455 3712 4504 nasi-

2187 4511 2299 4570 bus,
2325 4525 2488 4572 quove
2511 4520 2613 4564 ritu
2637 4511 2798 4566 Deum
2822 4518 2874 4567 in
2895 4518 2970 4570 eis
2993 4527 3338 4572 precaremur.
3371 4533 3431 4572 ac
3451 4467 3590 4572 Quid7
3589 4518 3645 4568 ab
3659 4529 3711 4567 eo

2187 4511 2488 4637 ἓὲῗὲΐιέιέιιένε
2511 4514 2613 4564 ritu
2637 4511 2798 4566 Deum
2822 4511 2970 4570 in'eis
2993 4511 3338 4582 precarentur,
3369 4511 3431 4578 ac
3451 4511 3577 4586 quid
3589 4518 3711 4568 abeo

2197 4701 2280 4758 Ad
2307 4703 2432 4771 alia,
2463 4720 2582 4775 qua:
2613 4705 2939 4766 christianos
2965 4708 3143 4768 adhuc
3181 4719 3457 4783 spectant,
3503 4708 3708 4784 gradum

2123 4805 2188 4851 ut
2235 4796 2519 4865 faciamus,
2567 4801 2800 4864 ethnicis
2850 4801 3228 4872 objicientibus
3271 4805 3458 4868 nullas
3501 4804 3568 4866 ab
3620 4800 3710 4858 illis

2124 4891 2488 4948 exaedificatas
2513 4910 2687 4952 sacras
2729 4895 2884 4962 mdes,
2914 4896 3188 4954 Arnobius
3213 4898 3293 4954 sic
3322 4897 3632 4969 respondet,
3659 4901 3709 4948 ut

2123 4983 2180 5039 id
2213 5000 2549 5057 nequaquam
2581 4988 2797 5044 difﬁteri
2842 4989 3086 5046 videatur
3113 4991 3354 5062 (Arnob.,
3377 4991 3467 5048 lib.
3500 5007 3572 5059 vr,
3601 5004 3704 5059 pag-

2127 5077 2274 5150 189).
2328 5078 2468 5146 Quid
2513 5081 2680 5152 ergo?
2727 5080 2998 5154 Numquid
3029 5099 3217 5140 revera
3243 5083 3529 5142 christiani
3549 5081 3708 5152 nullas

2121 5169 2291 5239 ipsius
2321 5181 2562 5242 tempore
2580 5173 2849 5236 habebant
2869 5191 3054 5231 sacras
3081 5176 3263 5243 aedes,
3294 5175 3518 5235 domos.
3547 5171 3708 5231 eccle-

2116 5263 2251 5324 sias.
2283 5263 2396 5319 sive
2427 5266 2649 5335 templa,
2679 5266 2735 5322 in
2767 5268 2960 5340 quibus
2986 5283 3179 5328 omnes
3203 5270 3367 5334 simul
3398 5262 3703 5337 congregati.

2123 5360 2290 5414 Deum
2321 5361 2708 5428 precarentur?
2739 5361 2958 5418 Minime
2984 5362 3228 5434 quidem.
3256 5363 3394 5430 Sam
3421 5363 3602 5435 plures
3623 5356 3705 5410 ha-

2118 5452 2374 5516 buerunt,
2425 5468 2557 5522 quas
2602 5455 2893 5524 Apostolus
2922 5456 3205 5523 ecclesias,
3237 5455 3510 5524 Eusebius
3539 5463 3657 5514 vero
3683 5463 3698 5499 ε

2115 5551 2536 5624 προσευκτηρίων
2567 5550 2686 5609 τοὺς
2711 5547 2901 5617 οἴκους,
2931 5550 3132 5618 domos,
3161 5552 3216 5607 in
3238 5549 3423 5622 quibus
3446 5544 3702 5621 precaban-

2117 5649 2219 5706 tur.
2273 5640 2502 5712 ipsemet
2530 5650 2709 5702 autem
2759 5643 3033 5704 Arnobius
3063 5645 3420 5702 conventicula
3446 5637 3701 5715 appelkult

2109 5731 2318 5804 (Paul.,
2349 5731 2519 5803 Epist.
2563 5750 2606 5798 ι,
2633 5733 2703 5790 ad
2728 5733 2874 5802 Con,
2903 5753 3022 5806 cap.
3051 5753 3150 5804 xv,
3179 5753 3312 5810 rem.
3342 5737 3459 5802 45;
3505 5727 3695 5792 Euseb»

2109 5827 2200 5882 lib.
2231 5844 2340 5895 vui,
2371 5827 2517 5884 Eccl.
2555 5826 2784 5898 Hirtam,
2825 5846 2944 5902 cap.
2970 5831 3027 5900 2,
3055 5848 3178 5904 pag.
3208 5831 3354 5899 9.95;
3383 5827 3590 5896 Arnob"
3613 5821 3690 5882 lib.
