3904 6326
270 305 360 364 tas
1482 299 1550 360 ut
1586 278 1962 371 Aesonium.
1986 253 2152 362 car.
2193 307 2265 363 χ.

3421 311 3530 370 ιθι

269 439 330 487 ιν.
350 439 459 493 pag.
488 420 638 490 ηε).
667 421 779 480 Sed
805 421 922 478 hinc
949 420 1046 479 ille
1065 420 1136 480 ab
1157 419 1394 482 ethnicis
1413 419 1612 490 diruta,
1641 438 1830 493 quem-
1856 419 1910 484 Δ
1935 423 2133 494 logesis
2162 425 2536 494 prosternendi
2558 432 2615 481 et
2648 423 2966 482 bumiliandi
2988 424 3223 482 hominis
3247 425 3530 497 disciplina

264 513 526 574 admodum
553 514 969 574 Christianorum
1000 512 1204 584 scripta
1234 512 1448 585 ignibus
1493 513 1618 574 data
1665 514 1831 573 fuisse

264 617 357 667 tam
375 622 572 673 amaro.
594 623 755 678 quam
776 622 936 680 equo
962 606 1171 666 doloris
1189 622 1354 670 sensu
1377 607 1464 666 bis
1482 607 1832 679 conqueritur

262 699 462 758 verbis:
495 720 515 755 ι
550 699 746 757 Nostra
793 701 1034 774 quidem,
1071 721 1091 755 ι
1142 701 1217 764 ait
1263 701 1376 769 ille,
1433 720 1454 755 ς
1483 701 1683 774 scripta
1732 717 1832 760 cur

259 793 448 865 ignibus
472 792 590 850 dari
615 796 966 852 meruerunt?
990 792 1100 852 Cur
1124 795 1432 852 immaniter
1457 795 1830 852 conventicula

256 886 397 952 dirui,
441 885 496 943 in
539 887 736 956 quibus
763 903 1011 954 summus
1035 899 1222 948 oratur
1251 888 1426 948 Deus?
1455 908 1477 943 ι
1508 888 1660 947 Sicut
1699 903 1831 959 ergo

252 983 412 1042 nullus
434 982 606 1053 potuit
625 997 860 1054 unquam
883 997 1083 1055 tiegare
1107 983 1434 1041 christianos
1461 997 1560 1040 sua
1582 983 1832 1040 habuisse

249 1077 450 1148 scripta,
476 1092 770 1149 sacrosque
790 1077 985 1134 divinae
1009 1079 1292 1148 scriptura:
1311 1078 1497 1144 libros,
1529 1077 1600 1134 ita
1625 1078 1830 1138 inﬁcias

248 1189 391 1231 nemo
444 1173 522 1230 ire
573 1183 752 1243 potest
798 1189 893 1230 eos
941 1182 1069 1229 ante
1116 1172 1340 1229 Arnobii
1388 1182 1599 1242 tempus
1629 1173 1831 1240 eteius

246 1278 468 1338 tempore
489 1282 620 1323 suas
643 1267 900 1324 habuisse
921 1266 1200 1332 ecclesias.
1223 1267 1314 1325 vel
1341 1276 1400 1324 ut
1423 1267 1514 1323 ille
1541 1266 1685 1337 loqui
1717 1280 1831 1321 ma-

245 1359 346 1425 luit,
377 1361 754 1428 cotweaticsta,
785 1360 876 1417 ubi
904 1360 977 1418 ab
1001 1359 1238 1418 ethnicis
1264 1359 1541 1420 destructa
1569 1375 1678 1416 non
1709 1357 1830 1416 iue-

243 1465 368 1514 rant.
399 1454 478 1510 De
502 1463 690 1510 notata
730 1463 912 1510 autem
955 1452 1026 1510 ab
1065 1468 1134 1509 eo
1179 1451 1370 1509 harum
1422 1451 1728 1514 eversione.
1777 1459 1832 1510 et

241 1561 502 1606 sacrorum
554 1547 820 1604 librorum
870 1546 1186 1606 incensione
1227 1560 1394 1616 supra
1436 1544 1832 1614 disputavimus

242 1639 434 1710 (Supra.
474 1656 594 1711 cap.
625 1642 682 1706 Ξ,
711 1651 813 1697 art.
848 1641 904 1706 1,
935 1651 1058 1698 tarn.
1101 1656 1138 1706 ι,
1168 1640 1450 1711 Δρραωι..
1486 1656 1610 1711 pag.
1654 1639 1754 1696 751
1784 1649 1832 1696 et

236 1748 356 1803 ιαμ
385 1732 612 1790 Μαι.
636 1735 692 1790 in
720 1733 949 1799 κὶηιιιη
989 1750 1106 1805 cap.
1138 1733 1229 1800 I2,
1280 1743 1382 1790 art.
1429 1732 1510 1804 9).
1543 1731 1831 1792 Rationem

1932 526 2017 574 est
2048 516 2237 585 (Idem,
2290 519 2360 573 ib.
2389 520 2452 574 de
2485 517 2695 585 Panic,
2741 535 2859 590 cap.
2892 520 2971 588 9).
3005 538 3023 572 ι
3054 517 3162 576 Sed
3185 519 3296 590 jam
3326 535 3528 576 conce-

1931 610 2077 669 ditur
2108 612 2211 668 hoc
2239 611 2309 669 de
2335 612 2578 683 pluribus
2607 613 2920 670 cbristianis
2958 613 3391 684 intelligendum.
3417 612 3530 669 Nec

1932 706 2114 766 minus
2136 715 2344 764 certum
2377 706 2830 778 manifestumque
2853 716 2958 773 est,
2987 708 3131 780 quod
3161 707 3434 764 Arnobius
3458 707 3526 763 de

1933 801 2185 856 omnibus
2209 803 2508 872 generatim
2553 799 2689 857 dixit
2737 799 3050 857 cbristianis
3079 800 3331 872 (Amat,
3364 801 3454 857 tib.
3487 815 3527 865 ι,

1933 912 2056 966 pag.
2087 894 2204 965 15),
2246 895 2337 966 qui
2369 895 2422 950 in
2453 895 2744 967 synaxibus
2769 896 2881 951 suis
2907 895 3079 952 Deum
3119 895 3375 964 prostrati
3399 910 3526 966 pre-

1932 990 2214 1056 cabantur,
2242 1004 2307 1046 ac
2329 989 2552 1056 collatis,
2587 1000 2646 1046 ut
2672 989 2768 1045 ille
2805 988 2898 1055 ait,
2953 987 3184 1058 precibus
3209 988 3527 1046 adurebant.

1932 1079 2123 1138 Nonne
2163 1081 2307 1136 enim
2361 1081 2446 1138 ita:
2494 1081 2704 1136 collata:
2755 1095 2959 1151 praeces
3009 1089 3164 1144 sunt,
3219 1079 3288 1135 de
3339 1080 3531 1149 quibus

1932 1175 2059 1230 alibi
2109 1173 2474 1231 Tertullianus
2527 1191 2540 1228 :
2607 1193 2627 1227 ι
2684 1175 2912 1246 Corpus,
2978 1191 3000 1226 ι
3057 1173 3228 1244 inquit
3279 1172 3534 1246 (Tertul—

1934 1265 2088 1333 lian.,
2126 1265 2376 1337 Apolog.,
2429 1281 2546 1336 cap.
2588 1265 2682 1332 59,
2721 1282 2841 1336 pag.
2889 1264 3004 1334 54),
3041 1283 3063 1317 r
3098 1279 3284 1322 sumus
3309 1263 3379 1320 de
3401 1282 3533 1320 con-

1933 1358 2160 1416 scientia
2191 1357 2488 1429 religionis,
2519 1365 2576 1413 et
2601 1356 2907 1428 disciplinae
2929 1357 3160 1421 unitate.
3191 1367 3246 1412 et
3274 1356 3398 1414 ﬁdei
3429 1357 3531 1416 fte-

1933 1451 2087 1509 dere.
2117 1452 2337 1510 Coimus
2365 1452 2432 1508 ad
2480 1451 2673 1520 Deum,
2722 1452 2876 1523 quasi
2906 1468 3067 1510 manu
3093 1451 3234 1508 facta
3267 1454 3532 1522 precatio—

1935 1544 2096 1600 nibus
2119 1545 2442 1601 ambiamus.
2471 1545 2601 1602 liaac
2629 1545 2712 1601 vis
2756 1545 2868 1600 Deo
2897 1555 3050 1616 grata
3075 1546 3202 1601 est?
3231 1563 3250 1598 ›
3285 1545 3358 1606 At
3383 1556 3534 1603 certe

1934 1639 2042 1698 hoc
2068 1641 2399 1713 precantium
2429 1639 2644 1710 agmine
2689 1648 2899 1710 gratam
2927 1640 3042 1696 Deo
3081 1640 3191 1698 vim
3241 1640 3530 1709 iaciebant,

1936 1741 1997 1787 ut
2016 1733 2083 1787 ab
2111 1733 2220 1799 illo,
2244 1732 2418 1804 inquit
2437 1731 2616 1789 adhuc
2639 1731 2913 1788 Arnobius
2939 1729 3155 1804 (lbid.),
3174 1731 3530 1803 impetrarent

235 1842 430 1898 quoque
465 1827 592 1890 alibi
617 1827 954 1890 reddidimus
976 1843 1072 1891 cur
1097 1827 1374 1886 Arnobius
1388 1825 1551 1884 fateri
1581 1826 1827 1884 videatur
1856 1821 1906 1902 Β
1930 1828 2236 1884 innocentia
2268 1827 2582 1883 uoluntatem
2610 1837 2659 1883 ct
2691 1825 2754 1882 ab
2784 1827 2924 1882 omni
2945 1826 3058 1884 labe
3091 1826 3393 1888 delictorum
3421 1844 3531 1883 om—

233 1919 392 1975 nullas
419 1919 596 1976 fuisse
625 1919 933 1976 cbristianis
969 1921 1248 1985 ecclesias,
1277 1921 1393 1976 sive
1419 1919 1588 1987 nulla,
1630 1933 1827 1990 quem-

233 2016 516 2076 admodum
542 2015 768 2084 ethnici,
825 2016 1046 2087 tempta.
1101 2016 1319 2076 tametsi
1359 2014 1714 2072 conuenticula
1757 2013 1826 2069 ab

232 2107 324 2166 illis
345 2119 602 2170 extructa
639 2109 811 2170 fuisse
837 2109 1182 2182 apertissime
1210 2107 1470 2167 declaret.
1500 2107 1638 2166 Cum
1666 2121 1828 2164 nemo

231 2212 394 2264 Cutem
438 2217 594 2262 sanas
621 2202 828 2268 mentis
847 2202 1011 2262 homo
1053 2203 1110 2258 id
1135 2201 1411 2274 denegare
1433 2208 1615 2272 queat,
1647 2199 1828 2258 nullus

231 2294 376 2356 etiam
432 2295 674 2356 ἰώοωὶ
722 2304 904 2368 potest
951 2296 1004 2356 in
1062 2295 1153 2356 bis
1203 2293 1632 2356 conventiculis.
1687 2307 1826 2364 quo-

230 2402 450 2460 cunque
518 2390 736 2450 nomine
790 2389 1162 2460 appellentur,
1211 2398 1366 2454 actas
1404 2388 1828 2448 cbristianorum

231 2497 482 2552 synaxes.

294 2575 348 2631 ln
395 2576 472 2634 iis
518 2590 656 2634 vero
697 2575 827 2649 quid
863 2585 1109 2649 agerent,
1157 2575 1204 2632 si
1249 2576 1396 2638 scire
1416 2574 1714 2641 desideres,
1747 2573 1831 2630 bis

231 2669 402 2740 accipe
423 2669 568 2741 ipsis
594 2669 844 2741 eiusdem
867 2669 1096 2732 Arnobii
1124 2668 1306 2728 verbis
1328 2687 1346 2724 :
1377 2686 1396 2722 ‹
1420 2668 1677 2728 Summus
1703 2682 1830 2730 ora-

237 2775 310 2824 tur
336 2765 510 2830 Deus,
543 2779 648 2835 pax
673 2764 886 2828 cunctis
909 2775 966 2822 et.
987 2765 1144 2826 venia
1173 2763 1476 2834 postulatur
1507 2761 1833 2834 magistrati—

230 2855 343 2922 bus.
371 2857 732 2926 exercitibus,
763 2857 999 2930 regibus,
1040 2857 1420 2934 laminaribus,
1453 2855 1688 2918 ininiicis
1713 2855 1834 2926 (Ar-

235 2952 366 3019 uob.,
392 2954 494 3012 ιειι.
527 2968 606 3020 tv,
640 2969 762 3026 pag.
797 2952 949 3028 152;.
973 2951 1202 3022 Accedit
1217 2950 1576 3022 adstipulator
1597 2949 1834 3022 Cyrillus

235 3045 779 3120 Hierosolymitanus,
810 3048 902 3120 qui
928 3043 1290 3121 paulolutiius.
1315 3045 1454 3113 dixit
1477 3042 1679 3118 (Cyrill-
1707 3041 1835 3110 Hie.-

236 3157 462 3214 νοηῳη..
490 3143 690 3198 cateclt.
722 3140 781 3207 5,
809 3138 1065 3213 Mystag.,
1092 3156 1210 3211 pag.
1239 3138 1374 3211 559)
1399 3157 1412 3192 :
1437 3137 1834 3215 Παρακαλοῦμεν

1929 1925 2077 1980 nium
2103 1923 2499 1994 purgationem.

2001 2015 2122 2073 Non
2148 2016 2344 2071 mirum
2368 2029 2496 2086 ergo
2516 2013 2564 2070 si
2585 2013 2678 2070 ille
2697 2013 2875 2086 palam
2901 2022 3180 2074 asseverct
3200 2015 3338 2072 nihil
3373 2015 3533 2086 plane

1929 2111 1988 2168 in
2022 2109 2322 2182 synasihus
2353 2108 2622 2174 auditum,
2648 2126 2667 2161 α
2697 2108 2804 2164 nisi
2845 2108 2992 2180 quod
3033 2108 3304 2165 humanos
3345 2108 3530 2175 iaciat,

1931 2205 2034 2261 nisi
2065 2204 2208 2275 quod
2239 2203 2421 2270 mites,
2461 2201 2820 2269 verecundos,
2851 2203 3099 2274 pudicos,
3135 2212 3338 2266 castos,
3371 2201 3534 2257 fami-

1931 2297 2085 2354 liaris
2107 2296 2602 2356 communicatores
2625 2296 2726 2362 rei,
2747 2305 2944 2353 etcum
2968 2295 3220 2354 omnibus
3240 2294 3535 2354 consolidze

1931 2389 2308 2462 germanitatis
2327 2388 2733 2448 necessitudine
2751 2389 3055 2459 copulatus.
3084 2408 3104 2442 ι
3133 2387 3326 2463 (Idem,
3345 2388 3432 2442 tib.
3458 2403 3534 2456 1v,

1933 2502 2056 2556 pag.
2090 2483 2242 2555 152.)
2275 2483 2616 2554 Quapropter
2659 2483 2994 2555 AuguStinus
3031 2482 3249 2542 brevius
3292 2481 3533 2553 quidem,

1930 2578 2031 2635 sed
2071 2592 2180 2635 non
2223 2580 2403 2634 minus
2443 2577 2747 2634 luculenter
2785 2576 2957 2634 dixit:
2986 2595 3007 2630 ι
3033 2574 3227 2646 Populi
3255 2574 3538 2632 confluunt

1932 2671 2007 2728 ad
2057 2670 2330 2730 Ecclesias
2383 2681 2537 2728 casta
2581 2670 2922 2742 celebritate,
2976 2670 3208 2728 honesta
3253 2669 3538 2739 utriusque

1933 2779 2098 2822 sexus
2136 2763 2490 2831 discretione,
2536 2763 2626 2822 ubi
2670 2761 2893 2820 audiant
2935 2777 3096 2831 quam
3147 2761 3288 2822 bene
3333 2759 3422 2815 hic
3466 2757 3536 2815 ad

1936 2867 2152 2928 tempus
2191 2858 2374 2914 vivere
2412 2856 2668 2931 debeant,
2716 2866 2775 2911 ut
2820 2865 2942 2926 post
2987 2855 3127 2910 banc
3167 2855 3332 2910 vitam
3377 2854 3538 2910 beate

1935 2964 2257 3021 semperque
2304 2949 2489 3006 vivere
2537 2959 2868 3006 mereantur.
2901 2968 2922 3002 ι
2949 2946 3216 3022 (August,
3259 2948 3350 3002 lib.
3385 2963 3444 3014 ιι,
3475 2946 3538 3000 de

1934 3043 2098 3110 civit.,
2124 3059 2242 3113 cap.
2274 3041 2368 3109 28,
2400 3058 2522 3114 pag.
2545 3041 2662 3114 57.)
2690 3039 2802 3098 Sed
2821 3041 2894 3098 de
2920 3040 3028 3105 bis,
3057 3057 3176 3110 qua:
3205 3041 3258 3098 in
3286 3041 3540 3098 christia—

1935 3151 2130 3192 norum
2170 3134 2466 3206 synaxibus
2513 3133 2832 3206 agebantur,
2885 3131 3016 3190 alibi
3057 3131 3440 3201 disseruimus,
3485 3141 3542 3189 et

230 3235 308 3290 τὸν
339 3237 448 3292 θεὸν
476 3237 611 3308 ὑπέρ
637 3243 804 3300 motui;
829 3240 930 3296 τῶν
957 3233 1257 3294 Ἐκκλησιῶν
1286 3235 1486 3310 cipiunt“
1512 3273 1532 3299 ν
1559 3233 1694 3309 ὑπὲρ
1739 3240 1831 3294 τῆς

1937 3229 2060 3288 haec
2096 3231 2276 3288 omnia
2308 3231 2376 3288 ab
2406 3229 2646 3286 Arnobio
2677 3237 3000 3296 memorata,
3041 3229 3245 3286 clarius
3275 3228 3456 3284 adhuc
3485 3230 3540 3284 in

230 3335 314 3386 τοῦ
339 3328 903 3402 κὸσμονβὺστσιθςὶαςι
926 3326 1060 3402 ὑπέρ
1090 3325 1364 3398 βασιλέων,
1401 3325 1533 3402 ὑπὲρ
1578 3343 1832 3400 στρατιω-

229 3433 344 3493 τῶν,
368 3428 468 3482 καὶ
488 3424 810 3497 συμμάχων,
840 3422 973 3498 ὑπὲρ
998 3427 1098 3482 τῶν
1131 3422 1182 3478 ἐν
1223 3419 1524 3492 ἀσθενείαις,
1563 3417 1697 3493 ὑπὲρ
1729 3424 1829 3472 τῶν

231 3520 684 3591 καταπονουμένων
701 3557 718 3584 ,
754 3519 842 3574 καὶ
865 3515 1201 3581 ἁπαξαπλῶς,
1223 3515 1356 3590 ὑπὲρ
1377 3515 1579 3572 πάντων
1598 3512 1832 3584 βοηθείας

231 3608 496 3685 δεομένων.
522 3629 544 3666 t
562 3610 924 3672 Obsecremus
948 3607 1248 3676 Deumpro,
1265 3605 1540 3672 communi
1563 3603 1833 3660 Ecclesia-

231 3721 345 3768 κω
366 3720 534 3778 pace,
558 3718 660 3778 pro
682 3701 1082 3772 tranquillitate.
1101 3699 1316 3768 mundi,
1336 3698 1698 3772 proregibus,
1733 3711 1831 3768 pro

231 3798 519 3865 militibus,
546 3811 649 3868 pro
677 3793 862 3862 sociis,
898 3808 1000 3868 pro.
1025 3794 1262 3866 aegrotis,
1301 3807 1398 3866 pro
1425 3790 1662 3859 afﬂictis,
1691 3798 1748 3847 et
1777 3791 1830 3846 in

229 3907 442 3964 summa
467 3906 566 3965 pro
593 3891 661 3948 iis
698 3889 972 3958 omnibus,
1020 3887 1116 3959 qui
1156 3897 1316 3961 egent
1357 3887 1579 3948 auxilio.
1612 3903 1634 3939 ι
1669 3884 1834 3940 Addit

231 3985 316 4046 ile
343 4001 546 4054 qrnnes
573 3983 898 4050 christianos
947 3992 1060 4054 tum
1088 3997 1273 4048 orasse
1317 3981 1666 4056 patriarchas,
1701 3995 1831 4052 pro-

232 4063 444 4150 liberas,
472 4077 750 4154 apostolos
773 4087 827 4134 et
858 4084 1148 4150 martgres,
1175 4084 1242 4148 ut,
1260 4074 1325 4130 iis
1350 4074 1827 4142 intercedentibus,

233 4171 369 4240 Deus
396 4174 621 4234 illorum
650 4171 938 4242 exaudiret
964 4185 1177 4242 preces,
1209 4179 1265 4226 et
1293 4169 1620 4246 concederet
1647 4180 1833 4239 postu-

232 4263 354 4328 lata.
397 4253 509 4327 Sed
555 4265 623 4320 de
653 4264 737 4322 his
765 4265 922 4334 plura
969 4273 1094 4334 ante
1142 4273 1430 4334 utrumque
1469 4263 1832 4320 Tertullianus

233 4368 290 4416 ut
331 4374 444 4430 sua
489 4361 610 4422 loco
654 4356 955 4414 videbimus
1010 4353 1390 4430 (Tertullian.,
1420 4357 1664 4430 ApOIOg.,
1713 4373 1828 4426 cap.

299 4548 458 4617 Quid.
495 4557 718 4610 autem,
765 4561 941 4622 quove
969 4545 1076 4602 ritu
1122 4557 1177 4602 et
1224 4559 1376 4600 more
1429 4543 1501 4599 ibi
1555 4541 1836 4599 christiani

1935 3335 2124 3384 nOStra
2147 3325 2213 3384 de
2233 3323 2557 3382 Tertulliani
2582 3323 2939 3394 Apologetico
2962 3323 3347 3392 dissertatione
3369 3323 3537 3394 explis

1934 3419 2204 3478 cabuntur
2254 3418 2404 3493 (tam.
2437 3435 2474 3474 ι.
2519 3419 2772 3491 Apparet.
2806 3435 2928 3490 pag.
2960 3418 3034 3472 25
3062 3427 3110 3474 et
3146 3419 3285 3492 41η
3319 3416 3550 3500 Dissert.

1933 3516 1992 3570 in
2015 3512 2324 3571 Tcrtullin.
2351 3529 2467 3585 cap.
2504 3512 2594 3579 15,
2622 3521 2724 3566 art.
2756 3511 2792 3565 2
2821 3519 2869 3566 et
2897 3509 3087 3584 seqq.).

2533 3639 2828 3684 Αιτιευιιιε
2864 3639 2944 3681 ω.

2185 3762 2263 3816 De
2287 3763 2660 3814 cbristianorum
2684 3761 2918 3825 precibus
2941 3773 3029 3826 pro
3051 3761 3277 3812 mortuis.

2007 3889 2308 3948 Christiani
2347 3891 2521 3950 sacris
2557 3891 2672 3948 suis
2704 3890 2758 3947 in
2791 3891 3092 3964 synaxibus.
3118 3892 3290 3950 Deum
3324 3891 3537 3963 publice

1937 4000 2043 4040 non
2087 3983 2264 4042 solum
2305 3999 2404 4056 pro
2443 3983 2584 4042 vivis
2610 3984 2924 4050 hominibus
2951 3984 3201 4053 orabant,
3233 3985 3332 4044 sed
3370 3985 3535 4042 etiam

1936 4093 2036 4152 pro
2065 4077 2316 4134 mortuis.
2348 4077 2410 4134 In
2448 4077 2515 4132 iis
2547 4078 2817 4149 siquidem
2846 4098 2872 4132 ο
2896 4093 3166 4150 summus,
3193 4099 3213 4133 ι
3242 4080 3318 4137 ait
3356 4079 3534 4136 Aruo-

1934 4172 2058 4230 bius
2084 4172 2324 4245 (Arnob.,
2349 4171 2440 4228 tib.
2469 4188 2554 4252 tv,_
2574 4189 2696 4245 pag.
2725 4172 2877 4246 152),
2907 4193 2932 4227 ι
2955 4183 3141 4232 oratur
3163 4174 3327 4240 Deus,
3354 4189 3455 4244 pax
3480 4183 3536 4230 et

1937 4265 2099 4321 venia
2128 4265 2574 4336 postulatur......
2601 4265 2781 4321 adhuc
2805 4266 2976 4324 vitam.
2997 4265 3339 4338 degentibus,
3369 4274 3424 4324 et
3451 4282 3536 4322 re-

1934 4360 2126 4418 solutis
2153 4375 2442 4431 corporum
2472 4360 2768 4418 vinctione.
2801 4380 2820 4415 ›
2848 4360 2980 4416 Tam
3027 4363 3312 4432 perspicua
3351 4372 3534 4417 autem

1935 4467 2303 4524 expressaque
2331 4453 2606 4510 sunthaec
2645 4455 2830 4522 verba,
2875 4463 2933 4510 ut
2972 4453 3288 4510 heterodoxi
3317 4454 3534 4526 quidam

1937 4563 2130 4606 eorum
2170 4549 2524 4622 splendorem
2565 4549 2910 4605 dissimulare
2947 4564 3054 4605 non
3098 4550 3387 4620 potuerint.
3429 4548 3534 4606 Vc-

235 4639 400 4698 Deum
452 4649 826 4711 precaremur.
867 4639 946 4695 Sic
1000 4638 1271 4694 ArnObius
1313 4637 1546 4708 explicat
1589 4655 1602 4692 ε
1649 4655 1668 4688 ι
1699 4625 2060 4698 HuicDrum
2102 4657 2210 4712 quo
2250 4643 2422 4714 magis
2460 4641 2607 4698 clara
2645 4651 2794 4709 sunt,
2837 4657 2904 4699 eo
2940 4641 3114 4712 magis
3151 4651 3324 4696 atram
3371 4641 3535 4696 bilem

235 4748 422 4796 omnes
449 4750 514 4794 ex
547 4750 708 4790 more.
729 4733 1142 4804 prosternimus,
1176 4733 1319 4788 hunc
1345 4731 1556 4788 collatis
1582 4731 1836 4804 precibus

235 4828 520 4908 adoramus
549 4844 562 4882 :
591 4831 659 4884 ab
702 4827 804 4896 hoc
846 4827 1013 4896 justa,
1057 4836 1113 4889 et
1158 4826 1344 4881 auditu
1399 4828 1518 4896 ejus
1567 4826 1833 4897 condigna

237 4919 602 4996 deposcimus.
648 4922 769 4984 Non
798 4938 907 4996 quo
937 4922 1211 4980 desideret
1248 4921 1520 4992 supplices
1561 4936 1661 4976 nos
1687 4937 1830 4987 esse,

237 5024 335 5088 aut
352 5025 508 5078 antet,
524 5017 795 5082 substerni
826 5025 908 5072 tot.
931 5017 1158 5072 millium
1190 5015 1593 5072 venerationem
1626 5015 1828 5071 videre.

243 5106 454 5168 Utilitas.
479 5110 598 5166 haec
627 5121 810 5178 nostra
838 5120 952 5179 est,
984 5097 1040 5168 et
1067 5109 1336 5168 commodi
1368 5111 1537 5166 nostri
1566 5111 1831 5165 rationem

238 5213 486 5278 spectans
516 5203 758 5275 (Arnob.,
791 5204 880 5259 lib.
929 5219 968 5273 ι,
1013 5221 1133 5276 pag.
1167 5204 1234 5259 Μ
1265 5213 1310 5258 et
1338 5201 1522 5277 seqq.).
1565 5223 1585 5256 ι
1617 5203 1832 5258 Tertul-

242 5291 418 5350 lianus
448 5311 599 5363 vero,
628 5295 721 5351 ubi
767 5297 1027 5352 adversus
1055 5295 1342 5351 Marcionis
1371 5296 1439 5352 de
1484 5297 1693 5352 duobus
1732 5296 1834 5351 diis

215 5389 722 5466 gerroremdimicat
753 5409 766 5444 :
803 5409 822 5442 ι
851 5391 907 5446 ln
931 5391 1189 5457 alienum,
1221 5409 1240 5442 ι
1268 5390 1443 5461 inquit
1472 5389 1832 5461 (Τενιιιιιὶαη.⁸

245 5479 330 5534 lib.
355 5498 394 5548 ι,
423 5484 538 5539 adv.
573 5477 767 5550 Mam,
808 5501 923 5555 cap.
953 5483 1072 5556 ‘24),
1108 5502 1126 5535 ‹
1156 5484 1356 5540 caelum
1388 5483 1481 5539 alii
1510 5485 1619 5539 Deo
1642 5491 1834 5539 exten-

245 5571 410 5644 ditur,
432 5577 484 5631 in
511 5577 688 5634 aliena
710 5587 852 5633 terra
875 5577 965 5632 alii
993 5578 1104 5633 Deo
1131 5579 1412 5633 sternitur.
1446 5597 1464 5630 ι
1496 5577 1663 5634 Nobis
1687 5587 1836 5634 certe

249 5667 391 5744 dicet
403 5671 596 5746 aliquis
625 5673 729 5729 hoc
754 5675 998 5734 ultimum
1025 5675 1246 5742 verbum
1263 5675 1527 5746 sternitur,
1561 5691 1590 5730 a
1615 5676 1839 5749 quibus-

254 5761 376 5826 dam
421 5765 484 5822 de
530 5767 794 5848 publicam
843 5767 1216 5837 paenitentiam
1247 5768 1531 5852 agentibus
1559 5770 1836 5840 explicari,

252 5852 398 5924 juxta
426 5859 560 5924 illud.
579 5859 824 5932 ejusdem
877 5855 1193 5923 Tertulliani
1241 5861 1462 5930 cii'atum
1493 5879 1506 5918 :
1542 5881 1561 5916 ‹
1599 5861 1837 5921 Exomo-

1935 4735 2058 4791 aliis
2085 4744 2396 4803 moverunt,
2429 4735 2526 4807 qui
2551 4735 2756 4808 optime
2785 4736 2969 4792 vident
3000 4737 3126 4793 inde
3149 4736 3290 4792 haud
3323 4737 3535 4792 incerto

1936 4832 2115 4904 colligi
2148 4831 2366 4902 aliquod
2401 4847 2522 4888 esse
2551 4834 2926 4903 purgatorium,
2960 4833 3074 4890 sive
3105 4832 3367 4904 aliquem,
3395 4846 3533 4902 quo-

1935 4925 2070 4984 libet
2094 4925 2313 4981 nomine
2346 4933 2592 4992 vocetur,
2622 4926 2822 4992 locum,
2859 4925 2947 4980 ubi
2982 4925 3327 4980 morientium
3351 4923 3529 4993 justo-

1939 5030 2057 5070 rum
2082 5017 2298 5080 anima),
2323 5018 2644 5088 quibusdam
2678 5017 2944 5073 leviorum
2973 5027 3316 5087 peccaturum
3345 5030 3532 5070 macu-

1936 5109 2003 5166 lis
2051 5111 2416 5182 coinquinata!
2465 5121 2782 5184 purgantur.
2833 5111 3193 5180 Quantumvis
3245 5118 3424 5164 tamen
3478 5106 3533 5162 lii

1937 5204 2192 5261 dentibus
2233 5204 2541 5274 frendeant,
2576 5220 2877 5277 onitiesque
2904 5203 3200 5259 adhibeant
3232 5199 3531 5265 machinas,

1938 5315 2211 5374 nunquam
2254 5314 2388 5355 sane
2430 5299 2652 5356 Arnobii
2683 5298 3059 5354 auctoritatem
3089 5295 3395 5352 elevabunt.
3429 5293 3536 5348 Cur

1936 5393 2103 5458 enim,
2137 5392 2330 5448 amabo
2371 5401 2445 5458 te,
2478 5392 2668 5448 harum
2713 5407 2962 5460 precum,
3001 5405 3136 5461 quas
3168 5387 3280 5451 ille,
3312 5385 3536 5441 minime

1936 5486 2220 5552 diminutis
2240 5486 2547 5558 argumenti
2569 5486 2650 5540 sui
2677 5485 2904 5552 viribus,
2936 5481 3356 5552 prmtermittere
3382 5489 3538 5551 pote-

1911 5592 2043 5656 ,rat,
2066 5581 2396 5640 mentionem
2425 5580 2588 5638 facit?
2615 5579 2726 5636 Cur
2751 5595 2843 5634 eas
2884 5577 3116 5633 ethnicis
3147 5585 3253 5630 tam
3283 5575 3543 5632 audacter

1939 5677 2198 5748 obiectat,
2230 5677 2334 5733 nisi
2365 5677 2493 5748 quia
2532 5683 2684 5732 certo
2711 5672 2914 5728 certius
2951 5679 3197 5738 noverat,
3231 5671 3537 5742 antiquum,

1940 5787 2306 5842 communem,
2345 5785 2409 5825 ac
2449 5769 2596 5840 pium
2634 5766 2803 5823 fuisse
2838 5764 3259 5822 Christianorum
3295 5780 3541 5831 morem;

1941 5881 2050 5936 quo
2080 5866 2248 5922 Deum
2271 5878 2372 5936 pro
2392 5861 2621 5920 mortuis
2643 5857 2953 5942 hominibus
2971 5873 3130 5917 orare
3151 5857 3434 5918 solebant?
