3904 6326
397 306 504 365 193

1652 300 2104 364 DISSERTATIO
2145 301 2425 361 PREVIA
3557 303 3648 363 ‘96

472 421 539 478 Et
571 435 700 477 vero
732 419 836 476 hoc
865 418 1284 476 cbristianorum
1317 417 1557 474 Arnobio
1604 420 1983 490 cmequalium,

2102 439 2178 481 τες
2217 421 2363 491 ἡμεῖς
2392 417 2524 495 ὑπὲρ
2559 409 2798 480 πάντων,
2829 412 3008 478 ἅπλῶς
3040 410 3219 470 trariis
3269 414 3386 487 ἡμῖν
3410 437 3650 493 «pontico;-

397 527 563 588 atque
593 515 954 583 antiquiorum
997 514 1297 570 institutum
1340 529 1656 582 moremque
1693 514 1858 570 fuisse
1887 530 1990 569 uon

397 609 570 664 solum
603 609 898 677 scriptores
929 607 1168 662 Aruobio
1218 615 1377 662 :etate
1407 621 1582 676 pares,
1613 622 1796 663 verum
1827 608 1990 662 etiam

397 702 709 772 superiores
753 700 843 755 alii
900 699 1138 771 plurimi,
1196 699 1340 770 iique
1386 701 1532 755 omni
1583 700 1688 756 fide
1734 699 1990 770 majores,

394 794 737 865 apertissime
792 793 1168 850 testificantur.
1214 791 1345 847 Nato
1390 792 1756 848 Tertulliauus
1805 803 1993 848 contra

395 886 637 958 higamos
682 885 799 942 haec
838 887 1027 943 scribit.
1066 887 1118 942 in
1160 887 1325 942 verba
1366 904 1379 940 ε
1415 905 1435 938 ‹
1483 886 1666 956 Neque
1711 886 1993 957 priSIiuam

2095 512 2349 584 μημένων,
2382 513 2628 583 μεγίστην
2657 505 2827 568 ὄνησιν
2855 511 3184 571 πιστεύοντες
3217 508 3418 576 ἔσεσθαι
3441 513 3651 586 mir-dra-

2095 611 2241 675 χαῐς,
2272 604 2404 674 ὑπὲρ
2435 599 2502 655 ὧν
2530 599 2702 664 δέησις
2747 603 3050 678 ἀναφέρεται
3077 611 3167 662 τῆς
3193 601 3359 677 ἁγίας,
3389 607 3470 660 καὶ
3493 627 3656 682 φρικω·

2095 693 2348 755 δεστάτης
2401 695 2733 772 προκειμένης
2781 695 2984 755 θυσίας.
3049 691 3307 763 Rogamus
3368 712 3526 750 omnes
3577 715 3656 767 pro

2095 786 2354 850 omnibus,
2384 789 2471 854 qui
2497 786 2630 840 inter
2656 802 2748 840 nos
2777 786 2878 839 vita
2913 787 3076 857 [uncti
3103 796 3243 851 sunt,
3266 790 3532 843 maximum
3567 808 3659 848 me

2095 882 2356 937 credentes
2385 883 2678 936 animarum
2695 883 2962 953 juvamett,
2999 896 3092 951 pro
3116 881 3298 951 quibus
3324 881 3527 948 offertur
3553 901 3656 952 prc-

394 997 618 1038 uxoretn
651 982 852 1051 potetis
904 984 1110 1048 odisse.
1151 983 1236 1040 cui
1273 983 1435 1039 etiam
1469 983 1862 1055 religiosiorem
1910 997 1996 1038 re-
2096 978 2230 1032 catio
2263 978 2428 1032 sancti
2467 977 2608 1030 illius
2645 985 2693 1030 et
2731 975 3002 1040 tremendi,
3031 974 3167 1045 quod
3207 976 3259 1028 in
3288 974 3437 1029 altari
3467 977 3660 1044 positum

393 1089 578 1131 servas
607 1076 972 1144 affectionem,
1007 1088 1066 1132 ut
1097 1078 1205 1146 jam
1246 1086 1478 1145 recepta:
1507 1077 1646 1148 apud
1685 1077 1993 1142 Dominum,

393 1183 494 1238 pro
514 1168 668 1241 cujus
691 1170 885 1238 spiritu
918 1171 1177 1239 postulas,
1206 1187 1304 1240 pro
1330 1186 1431 1238 qua
1460 1170 1761 1226 oblationes
1788 1184 1994 1226 annuas

393 1261 602 1317 reddis.
636 1281 656 1315 ι
685 1261 1047 1330 (Tertulliaa.,
1081 1262 1170 1316 lib.
1207 1262 1268 1318 de
1309 1260 1535 1316 Exhort.
1564 1271 1756 1325 casttt.,
1783 1279 1902 1330 cap.
1932 1277 1991 1328 ll,

391 1371 515 1428 pag.
547 1355 703 1430 671.)
746 1357 954 1413 Rursus
996 1367 1176 1412 autem
1212 1357 1458 1428 sequenti
1505 1356 1684 1411 libro:
1719 1375 1737 1408 ι
1771 1355 1934 1422 Uxor,
1968 1374 1988 1407 s

392 1451 766 1523 inquit,tpro
817 1451 996 1506 anima
1051 1451 1151 1505 viri
1208 1451 1290 1505 sui
1350 1460 1488 1510 orat.
1545 1461 1600 1507 et
1655 1449 1992 1520 refrigerium

390 1541 610 1600 interim
642 1544 953 1615 adpustulat
977 1544 1049 1612 ei,
1082 1553 1140 1598 et
1165 1544 1218 1598 itt
1250 1546 1419 1613 prima
1445 1545 1843 1599 resurrectione
1864 1558 1993 1597 con-

390 1639 644 1699 sortium.
675 1649 730 1694 et
763 1637 922 1694 oﬂ'ert
962 1637 1158 1694 annuis
1188 1638 1378 1693 diebus
1418 1637 1762 1692 dortuitionis
1798 1636 1935 1707 ejus.
1968 1655 1988 1688 ι

391 1732 588 1806 (Idem,
620 1733 708 1789 lib.
740 1733 802 1789 de
837 1733 1074 1803 Monog.,
1108 1750 1226 1803 cap.
1262 1734 1351 1798 10,
1386 1750 1505 1802 pag.
1537 1730 1691 1803 682.)

2099 1079 2194 1138 est,
2224 1069 2488 1138 sacriﬁcii.
2514 1068 2583 1124 At
2608 1071 2722 1123 bac
2749 1068 2934 1140 Cyrilli
2963 1069 3125 1122 verba
3155 1067 3336 1123 citavit
3365 1068 3659 1139 Eustratius,

2097 1162 2714 1235 Constantinopolitante
2758 1161 3023 1218 Ecclesiae
3069 1160 3372 1233 presbyter,
3422 1163 3472 1216 in
3522 1162 3662 1230 libro,

2097 1275 2258 1331 quem
2315 1260 2458 1314 circa
2516 1257 2753 1314 medium
2809 1256 3064 1312 saeculum
3120 1265 3332 1310 sextum
3379 1255 3445 1311 de
3495 1255 3665 1314 iisdem

2098 1354 2518 1409 cltristianorum
2563 1351 2816 1423 precibus
2855 1368 2952 1422 pro
2988 1350 3215 1406 mortuis
3251 1353 3565 1422 composuit,
3592 1353 3668 1410 ubi

2099 1446 2199 1502 has
2238 1447 2481 1518 aliasque
2521 1447 2723 1518 Cyrillo
2751 1447 2980 1502 asseruit
3009 1445 3345 1501 catecbeses.
3378 1445 3507 1514 Quis
3532 1461 3666 1516 ergo,

2098 1544 2294 1598 auditis
2313 1544 2464 1598 bisce
2484 1542 2627 1596 illius
2651 1540 2853 1605 verbis,
2879 1555 2986 1594 non
3009 1539 3294 1595 mirabitur
3314 1549 3669 1609 protestantes,

2097 1639 2187 1709 qui
2230 1637 2374 1694 serio
2420 1637 2753 1708 respondent
2795 1635 2942 1690 fusas
2988 1635 3120 1690 olim
3167 1651 3197 1688 a
3250 1633 3550 1690 christianis
3588 1636 3672 1688 bas

2098 1746 2288 1800 preces
2316 1734 2367 1786 in
2396 1730 2539 1797 fidei,
2567 1733 2707 1800 spei,
2734 1738 2790 1785 et
2814 1728 3096 1783 charitatis
3123 1737 3406 1786 tesseram.
3431 1743 3530 1783 nou
3559 1741 3674 1782 vero

463 1826 572 1882 Nec
601 1835 684 1883 est
711 1842 843 1882 sane
873 1826 1016 1898 quod
1051 1827 1207 1880 nobis
1235 1825 1604 1880 tteterudoxus
1632 1824 1830 1889 aliquis
1849 1823 1988 1894 obji-
2025 1862 2073 1925 Β
2097 1825 2150 1880 ἰη
2197 1825 2496 1882 subsidium
2541 1825 2870 1890 animarum,
2912 1839 2976 1879 ac
3018 1823 3156 1895 ignis
3204 1823 3495 1895 purgatorii
3533 1821 3674 1878 refri-

388 1922 496 1979 ciat
544 1921 962 1989 Tertullianutu,
1003 1937 1127 1976 cum
1171 1920 1270 1976 ItOs
1317 1919 1484 1974 libros
1529 1919 1872 1983 conficiebat,
1923 1917 1992 1972 ad

389 2015 771 2072 btereticorum
796 2015 906 2085 jam
939 2028 1120 2084 partes
1142 2013 1429 2075 defecisse.
1460 2023 1620 2081 atque
1643 2028 1708 2069 ex
1740 2013 1992 2068 Montano

389 2109 530 2165 hanc
555 2108 824 2164 delibasse
855 2107 1180 2164 doctrinam.
1208 2107 1506 2163 Enimvero
1536 2117 1822 2178 antequam
1854 2106 1993 2162 hanc

385 2203 439 2259 ln
491 2203 738 2258 haeresim
785 2203 1067 2273 prolapsus
1115 2213 1282 2269 esset,
1332 2216 1518 2257 sacros
1567 2202 1991 2258 cltristianorum

387 2299 527 2355 ritus
564 2299 807 2354 breviter
846 2296 1204 2362 recensendo,
1232 2296 1422 2352 cadent
1455 2311 1676 2368 prorsus
1705 2296 1994 2352 tradidisse

290 2427 300 2444 ι
389 2391 628 2463 legitur:
661 2409 679 2442 ι
708 2389 1041 2454 Oblationes,
1075 2409 1094 2442 ι
1126 2389 1300 2460 inquit
1335 2389 1528 2460 (Idem,
1563 2390 1680 2454 lib.,
1710 2389 1772 2443 de
1799 2386 1989 2444 Coron.

389 2487 568 2554 miltt.,
598 2501 716 2557 cap.
751 2485 833 2556 '5),
865 2503 884 2537 ι
914 2499 1010 2555 pro
1039 2483 1329 2549 defunctis,
1374 2498 1470 2552 pro
1511 2482 1770 2537 natalitiis
1815 2497 1992 2538 annua

389 2581 479 2638 die
521 2580 770 2636 facimus.
802 2597 822 2631 ι
853 2577 1084 2634 Tantum
1118 2578 1278 2648 igitur
1317 2577 1492 2638 abest,
1527 2586 1585 2630 ut
1629 2575 1992 2632 lteterodoxo-

386 2693 508 2734 rum
540 2676 896 2746 responsione
927 2671 1186 2728 infirmari
1223 2671 1395 2742 possit
1425 2671 1568 2725 illius
1599 2671 1666 2727 de
1699 2671 1782 2725 Itis
1811 2671 1990 2741 preci-

387 2775 490 2830 bus
529 2772 934 2836 testimonium;
965 2769 1093 2841 quin
1139 2766 1318 2838 potius
1357 2765 1484 2822 inde
1525 2766 1737 2837 plenius
1767 2767 1994 2820 demon-

387 2877 593 2925 stretur
621 2869 725 2923 hoc
754 2866 919 2921 fuisse
943 2876 1050 2918 tam
1076 2863 1480 2928 haereticorum,
1509 2877 1669 2932 quam
1699 2861 1993 2916 catholico-

389 2978 512 3020 rum
539 2972 819 3021 cuustaus.
847 2969 1165 3028 certumque
1195 2957 1599 3012 documentum.

463 3054 888 3125 Antiquissitnus
910 3068 1040 3108 vero
1065 3049 1525 3108 Constitutiontttn
1559 3048 1990 3122 Apostplicarttm

389 3160 579 3206 auctor
618 3147 946 3206 christianos
987 3147 1052 3201 ad
1100 3147 1266 3202 Deum
1315 3160 1412 3216 pro
1459 3147 1688 3202 mortuis
1735 3145 1992 3200 fratribus

2099 1921 2304 1992 geriutn
2321 1921 2349 1976 .’

2168 2015 2349 2071 Mirari
2399 2016 2560 2072 etiam
2601 2016 2734 2072 satis
2765 2029 2870 2069 non
2902 2029 3189 2086 possumus
3217 2011 3670 2078 Elmenhorstittm,

2097 2110 2188 2182 qtti
2231 2110 2286 2166 in
2327 2111 2440 2167 suis
2482 2109 2548 2166 ad
2593 2110 2734 2166 hunc
2763 2110 2988 2168 Arnobii
3022 2115 3190 2165 nostri
3223 2109 3400 2164 locum
3443 2108 3674 2164 observa-

2096 2203 2333 2258 tionibus
2384 2203 2640 2260 audacter
2682 2212 2960 2259 asseverat
3002 2203 3362 2274 Augustinum
3404 2203 3457 2255 in
3495 2215 3589 2257 suo
3623 2201 3678 2254 de

2099 2296 2236 2352 Cara
2264 2299 2487 2370 gerenda
2529 2315 2622 2370 pro
2665 2299 2878 2354 mortuis
2925 2297 3064 2353 libro
3105 2299 3338 2370 ingenue
3376 2297 3526 2353 fateri
3565 2311 3678 2351 cotv-

2097 2401 2284 2462 cept.ts
2315 2409 2412 2463 pro
2453 2393 2680 2449 mortuis
2715 2407 2904 2464 pret-es
2944 2393 3056 2448 sola
3095 2392 3361 2464 majorum
3403 2391 3498 2446 niti
3537 2387 3680 2444 tradi-

2098 2488 2264 2553 tione,
2301 2503 2402 2548 nec
2446 2490 2616 2545 sacris
2663 2490 2858 2544 litteris
2900 2488 3125 2544 firmari.
3173 2489 3302 2545 llaec
3343 2487 3537 2558 quippe
3572 2491 3681 2539 sunt

2096 2581 2387 2652 ipsissima,
2430 2600 2549 2655 qua:
2593 2583 2683 2638 ille
2727 2599 2833 2639 non
2876 2584 3081 2650 retulit,
3114 2597 3213 2639 nec
3256 2582 3374 2638 suis
3417 2584 3569 2646 forte,
3599 2577 3680 2634 sed

2095 2675 2290 2731 alienis
2329 2677 2502 2732 oculis
2545 2678 2768 2748 legerat,
2803 2678 3085 2746 Augustini
3118 2677 3279 2733 verba
3308 2695 3322 2734 :
3351 2695 3372 2728 ‹
3403 2675 3458 2730 1η
3489 2671 3680 2730 Macha-

2095 2770 2335 2825 bteorum
2370 2771 2523 2827 libris
2571 2772 2802 2843 legimus
2839 2772 3080 2827 oblatum
3109 2788 3208 2842 pro
3233 2771 3465 2828 mortuis
3501 2768 3683 2825 sacriﬁ-

2095 2865 2261 2918 cium.
2290 2863 2396 2919 Sed
2425 2863 2528 2919 etsi
2558 2880 2823 2936 nusquam
2857 2867 2909 2921 in
2951 2866 3248 2936 Scripturis
3291 2865 3560 2922 veteribus
3582 2876 3678 2918 om-

2094 2958 2226 3014 nino
2283 2961 2570 3032 legeretur.
2625 2977 2732 3016 non
2779 2977 2942 3032 parva
2985 2973 3068 3018 est
3115 2961 3385 3016 universae
3425 2957 3682 3022 Ecclesiae.

2094 3067 2214 3123 qum
2257 3051 2309 3108 in
2361 3052 2463 3109 bac
2507 3052 2904 3110 consuetudine
2947 3053 3113 3110 claret
3155 3051 3475 3118 auctoritas,
3519 3049 3598 3104 ubi
3637 3047 3684 3102 in

2097 3147 2351 3217 precibus
2381 3148 2700 3215 sacerdotis,
2741 3165 2863 3220 qua:
2897 3147 3120 3204 domino
3150 3148 3265 3203 Deo
3295 3146 3363 3202 ad
3395 3145 3510 3217 ejus
3535 3142 3686 3198 altare

389 3245 504 3300 suis
524 3242 789 3299 orandum
816 3243 895 3298 sic
915 3241 1270 3296 hortabatur:
1301 3258 1319 3292 ι
1354 3241 1458 3296 Pro
1483 3239 1738 3298 fratribus
1765 3240 1987 3300 nostris.
2019 3262 2064 3328 ο
2096 3243 2412 3313 fuudtttttui',
2460 3245 2638 3300 locum
2683 3259 2839 3300 suum
2888 3245 3044 3300 habet
3091 3244 3253 3299 etiam
3306 3235 3687 3298 couttttendalio

390 3339 482 3412 qui
532 3338 584 3394 itt
635 3337 857 3394 Christo
905 3338 1287 3408 reqttieverunt
1326 3349 1566 3400 oremus,
1611 3344 1668 3390 ttt
1711 3334 1988 3388 hominum

391 3448 584 3490 amans
611 3433 773 3497 Deus,
796 3431 888 3502 qui
916 3432 1150 3486 animam
1181 3429 1420 3486 debtncti
1447 3429 1702 3500 suscepit,
1729 3429 1777 3484 ei
1808 3429 1994 3484 remit-

395 3535 474 3583 tat
496 3542 658 3582 omne
681 3537 959 3597 peccatum
985 3525 1346 3579 voluntarium
1375 3538 1438 3580 ac
1460 3540 1565 3578 non
1590 3520 1989 3589 voluntarium;

390 3630 450 3680 et
491 3620 756 3692 propitius
793 3619 1143 3687 clemensque
1173 3617 1367 3679 factus.
1409 3619 1633 3673 cnlloeet
1669 3633 1791 3670 eum
1826 3617 1876 3670 in
1910 3631 1996 3670 re-

391 3715 551 3787 gione
578 3716 812 3786 piorum,
835 3713 1231 3784 quies-centium
1257 3713 1307 3767 in
1332 3711 1452 3766 sinu
1478 3709 1793 3775 Abrahami,
1823 3709 1994 3764 Isaaci

392 3817 448 3864 et
473 3806 656 3863 Jacobi
681 3822 802 3862 cum
826 3806 1100 3871 omnibus,
1123 3805 1269 3876 quia
1295 3803 1496 3860 swculo
1533 3804 1851 3872 placuerunt
1886 3801 1995 3857 Deo

390 3919 460 3960 ac
505 3902 622 3975 ejus
668 3902 1001 3958 voluntatem
1053 3903 1328 3966 fecerunt,
1382 3899 1522 3954 unde
1566 3899 1773 3970 aufugit
1813 3896 1991 3964 dolor,

391 3997 606 4053 tristitia
657 4005 712 4052 et
765 3995 1016 4066 gemitus.
1065 4013 1084 4046 ι
1133 3993 1372 4066 (Constit.
1425 3993 1683 4063 Apostal.,
1733 3991 1820 4047 lib.
1881 4007 1994 4058 vttt,

392 4106 512 4160 cap.
544 4092 614 4148 40
649 4101 696 4144 et
735 4089 830 4155 M,
869 4105 988 4160 pag.
1040 4088 1142 4145 769
1180 4098 1228 4142 et
1266 4087 1430 4160 seqq.)
1476 4086 1681 4143 Deinde
1722 4104 1851 4143 vero
1881 4086 1999 4141 vult

393 4184 536 4241 diem
574 4183 643 4238 ab
685 4199 873 4240 eorum
915 4194 1090 4238 morte
1136 4182 1374 4250 tertium,
1421 4199 1644 4258 nonum,
1690 4183 1996 4254 quadrage-

393 4279 624 4344 simum,
683 4288 738 4336 et
781 4278 1216 4336 anniversarium
1275 4278 1409 4334 fusis
1464 4279 1714 4334 similiter
1743 4279 1997 4351 precibus

393 4373 684 4429 celebrari.

469 4467 741 4525 Praeterea
784 4464 1086 4542 Cyprianus
1127 4468 1192 4524 ad
1242 4467 1566 4524 lt‘uruitanos
1610 4465 1727 4524 hrec
1767 4467 1993 4523 scribit:

403 4576 426 4616 α
454 4560 610 4629 Quod
642 4563 882 4633 episcolti
912 4575 1286 4619 antecessores
1332 4560 1502 4616 nostri
1545 4569 1896 4627 cen~ueruut,
1931 4575 1999 4614 ne

2097 3352 2431 3396 mortuorum
2468 3342 2760 3414 t(Augttst.,
2782 3340 2868 3394 lib.
2887 3338 3084 3395 deCur.
3100 3355 3207 3410 ger.
3230 3355 3330 3409 pro
3343 3347 3633 3406 mart..cap.
3650 3345 3684 3395 ι,

2098 3446 2221 3492 tom.
2253 3437 2307 3500 6,
2332 3453 2454 3508 pag.
2487 3435 2644 3505 616.)
2669 3435 2859 3491 Nonne
2881 3433 3025 3489 enim
3055 3433 3126 3488 ibi
3156 3441 3348 3502 aperte
3372 3431 3686 3498 ingenueque

2098 3530 2295 3585 fatetur
2326 3529 2516 3583 harum
2567 3544 2786 3598 precum
2836 3528 2887 3582 in
2918 3526 3351 3581 Macbabzeorunt
3379 3522 3548 3582 libris.
3571 3532 3690 3589 quos

2102 3641 2198 3694 pro
2229 3624 2508 3678 canonicis
2538 3623 2748 3690 habuit,
2778 3623 3109 3677 mentionem
3143 3620 3304 3674 fieri?
3325 3615 3581 3688 Quamvis
3604 3628 3686 3668 au-

2100 3727 2208 3774 tem
2259 3719 2543 3790 negaveris
2590 3719 2689 3773 hos
2745 3716 2915 3771 libros
2965 3715 3382 3798 cattotti.sacra2
3427 3711 3690 3780 scriptura:

2099 3814 2507 3878 adscribendos,
2541 3830 2636 3870 eos
2666 3822 2844 3868 tamen
2876 3812 3196 3882 antiquitate
3237 3825 3337 3865 sua
3375 3801 3690 3862 venerandos

2101 3927 2223 3967 esse
2271 3926 2470 3982 negare
2511 3927 2618 3964 tton
2668 3917 2842 3978 potes.
2886 3906 3148 3976 Quamvis
3195 3905 3362 3959 etiam
3410 3896 3690 3973 ingettttinis

2101 4023 2275 4063 sacrae
2304 4009 2588 4077 scriptura:
2616 4006 2769 4061 ltbris
2802 4003 2937 4060 nihil
2966 4004 3178 4073 penitus
3207 4000 3279 4058 de
3311 4000 3505 4056 iisdem
3532 3991 3690 4068 preci-

2103 4100 2204 4156 bus
2234 4102 2527 4171 legeretur,
2559 4099 2838 4156 contendit
2877 4107 3056 4153 tamen
3102 4095 3440 4168 Augustinus
3473 4107 3574 4148 nou
3606 4085 3691 4160 mi:

2102 4197 2259 4251 ninia.-
2295 4196 2634 4252 auctoritatis
2663 4209 2784 4251 esse
2820 4195 3020 4249 veteris
3053 4191 3317 4248 Ecclesiae
3360 4181 3691 4247 consuetudi-

2103 4305 2248 4343 nem.
2276 4288 2382 4344 Sed
2409 4290 2515 4350 dic,
2545 4304 2753 4360 qua-so,
2778 4285 2954 4352 nobis,
2986 4283 3385 4351 Elnteuborsti,
3416 4291 3588 4336 utrum
3614 4273 3693 4347 qui

2099 4381 2305 4437 diserte
2345 4381 2579 4436 afﬁrmat
2621 4380 2823 4450 aliquid
2878 4381 2930 4434 itt
2963 4379 3116 4433 libris
3153 4376 3583 4433 Macltabmorum
3613 4369 3693 4423 ha-

2103 4475 2241 4537 beri,
2272 4485 2436 4547 atque
2465 4475 2599 4530 satis
2628 4475 2846 4530 aliunde
2888 4473 3126 4543 probari,
3162 4471 3380 4528 tametsi
3428 4471 3480 4525 iu
3513 4462 3692 4522 veteri-

2103 4566 2203 4623 bus
2229 4569 2525 4638 Scripturis
2559 4586 2662 4622 nun
2693 4570 2986 4638 legeretur,
3015 4576 3215 4631 utrum,
3245 4564 3495 4636 inquam,
3524 4560 3567 4615 is
3595 4556 3694 4628 ipse

395 4653 518 4725 quis
548 4652 712 4708 frater
738 4655 804 4708 ad
847 4655 1066 4709 tutelam
1108 4654 1190 4709 vel
1235 4668 1419 4709 curam
1459 4653 1717 4707 clericum
1752 4653 1998 4706 nomina-
2024 4660 2080 4724 Ι)
2105 4661 2310 4716 idcirco
2337 4662 2614 4732 negaverit
2655 4661 2786 4716 illud
2818 4662 2870 4716 in
2909 4659 3080 4716 sacris
3113 4657 3412 4728 Scripturis
3453 4647 3694 4725 reperiri?

397 4756 484 4804 ret
511 4764 527 4803 :
557 4762 622 4802 ac
651 4747 697 4801 si
728 4747 848 4817 quis
880 4746 984 4802 hoc
1025 4747 1261 4806 fecisset.
1306 4762 1411 4800 nou
1453 4745 1740 4800 offerretur
1779 4759 1877 4814 pro
1906 4761 1995 4812 eo,

397 4859 501 4901 nec
527 4843 850 4898 sacrificium
892 4859 988 4913 pro
1021 4843 1351 4898 dormitione
1393 4841 1510 4912 ejus
1550 4841 1936 4897 celebraretur.
1971 4859 1989 4893 ›

399 4935 670 5010 (Cyprian.
709 4936 872 5008 Epist.
903 4952 940 5000 ι,
967 4955 1086 5008 pag.
1115 4933 1197 5009 2.)
1228 4938 1358 5002 Qua:
1385 4935 1601 5004 quidem
1628 4952 1658 4990 a
1685 4936 1838 4991 nobis
1865 4936 1994 4991 alibi

394 5030 559 5088 citata
591 5038 740 5097 sunt,
781 5031 868 5084 ubi
909 5029 1200 5095 Ambrosii,
1244 5040 1297 5086 et
1338 5029 1566 5086 aliorum
1608 5031 1864 5086 Ecclesia:
1896 5031 1996 5085 Pa-

395 5133 538 5181 trtttn
567 5126 888 5182 attetoritate
914 5126 1239 5180 sententiam
1273 5125 1341 5180 ab
1383 5109 1578 5196 ineptis
1617 5126 1993 5182 hmretitsornm

393 5224 847 5287 cavillationibus,
882 5222 1197 5293 friVoltsque
1229 5220 1678 5292 re~ponsiouibus
1705 5223 1998 5278 vindicavi—

395 5339 516 5379 mus
559 5317 710 5394 (Not.
755 5321 807 5373 in
855 5316 1113 5383 Ambros,
1157 5317 1219 5371 de
1263 5316 1384 5370 obit.
1433 5317 1684 5372 Valentia.
1719 5317 1997 5386 consulat,

397 5434 519 5488 pag.
553 5411 692 5471 1194
719 5425 765 5468 et
798 5429 969 5482 supr.,
1000 5429 1119 5484 pag.
1158 5410 1288 5466 “21
1322 5421 1366 5464 ct
1400 5412 1580 5483 H35).

473 5507 705 5586 l‘rodeat
730 5505 891 5562 etiam
919 5504 1150 5577 Cyrillus
1181 5503 1724 5574 Hierosolymbtauus,
1753 5515 1809 5562 et
1837 5521 1997 5578 quem

401 5599 470 5658 de
510 5601 761 5672 precibus
789 5600 1206 5658 Christianorum
1253 5614 1350 5670 pro
1385 5599 1521 5653 \'i\is
1549 5601 1873 5671 quibuslibet
1904 5602 2002 5656 ho-

402 5694 638 5750 minibus
682 5695 1042 5751 disserentem
1091 5693 1358 5764 superiori
1403 5694 1632 5750 articulo
1675 5696 1998 5766 audivimus,

397 5804 545 5856 nunc
583 5787 652 5844 de
699 5789 949 5857 precibus
993 5804 1089 5858 pro
1132 5789 1358 5845 mortuis
1399 5790 1672 5847 dicentem
1719 5792 2001 5848 audiamus

400 5880 630 5956 (Cyrill.,
659 5878 868 5938 Catach.
897 5881 952 5950 5,
987 5877 1234 5956 Μεμμίῳ,
1270 5900 1390 5956 pag.
1421 5883 1551 5958 559)
1577 5901 1590 5939 :
1626 5887 1840 5962 Διὸμιθα
1869 5889 1999 5947 πάν·

2102 4755 2236 4824 Quis
2277 4771 2534 4826 unquam,
2566 4755 2669 4809 nisi
2710 4770 2957 4809 errorum
3009 4753 3339 4825 pra'judiciis
3383 4751 3691 4810 οιιεπιιιυε,

2102 4850 2173 4904 ita
2218 4858 2629 4920 argumentatus
2667 4848 2786 4902 est?
2814 4847 2921 4903 Sed
2959 4847 3046 4902 die
3076 4845 3274 4913 adhuc,
3309 4860 3519 4916 qureso,
3553 4855 3692 4896 num—

2102 4945 2230 5018 quid
2272 4957 2377 5000 tam
2417 4944 2566 5016 parvi
2609 4943 2869 5015 ponderis
2914 4952 2998 4998 est
3045 4943 3316 4996 universa:
3367 4935 3614 4996 Ecclesia:
3651 4936 3696 4986 ei

2101 5039 2390 5109 Augustini
2432 5046 2611 5103 astate,
2646 5046 2702 5093 et
2744 5036 2918 5106 plttra,
2963 5045 3020 5091 ut
3058 5035 3312 5099 vidimus,
3349 5042 3478 5089 ante
3516 5024 3694 5085 sterula

2102 5132 2400 5186 auctoritas
2431 5141 2484 5187 et
2511 5129 2845 5186 consensus?
2875 5127 3028 5186 Unde
3062 5140 3241 5185 autent
3285 5127 3421 5183 illud
3455 5120 3692 5184 manavit,

2106 5223 2210 5279 nisi
2259 5237 2323 5279 ex
2373 5223 2759 5294 Apostolorum
2805 5221 3112 5294 discipulis,
3151 5234 3317 5294 atque
3357 5237 3427 5277 ex
3471 5217 3694 5292 ipsiStuet

2105 5326 2144 5373 Α
2156 5319 2382 5391 postolis
2402 5320 2426 5372 ?

2179 5413 2366 5484 Neque
2395 5413 2570 5470 minus
2596 5431 2626 5470 a
2653 5430 2819 5483 scopo
2839 5416 3057 5470 aberrat
3085 5413 3224 5470 idem
3250 5406 3690 5469 Εῐηιεηῑιοτειίιιεο

2105 5506 2196 5578 qui
2239 5506 2406 5562 instat
2454 5508 2810 5579 Epiphaniam
2859 5525 3086 5580 negasse
3134 5509 3339 5580 pariter
3391 5518 3572 5577 preces
3611 5511 3693 5572 pro

2109 5606 2340 5658 mortuis
2389 5601 2503 5658 ullo
2556 5619 2727 5660 sacrze.
2768 5604 3064 5674 Scriptura:
3119 5601 3438 5660 teStimouio
3484 5591 3692 5656 stabiliri

2111 5697 2428 5771 (Epipltatt.,
2464 5699 2646 5755 limes.
2679 5697 2769 5764 75,
2802 5698 2830 5770 §
2858 5700 2890 5754 5
2920 5710 2968 5756 et
2995 5701 3076 5770 7).
3114 5698 3231 5755 Jam
3269 5695 3420 5754 enim
3451 5691 3620 5751 citatis
3645 5685 3691 5741 in

2110 5796 2456 5852 Ambrosium
2480 5795 2950 5852 observationibus
2971 5797 3171 5853 nostris
3193 5793 3270 5869 (Ν
3275 5804 3349 5850 ot.
3372 5795 3426 5848 in
3450 5789 3686 5846 Ambros.

2111 5897 2236 5947 tam.
2272 5905 2331 5962 tt,
2368 5907 2488 5962 pag.
2533 5889 2698 5962 H93)
2736 5890 2898 5961 plane
2927 5889 3265 5948 ostendimus
3306 5889 3376 5946 ab
3405 5875 3690 5958 Epiphanio
