3904 6326
239 278 321 337 497

1437 254 1507 313 IN
1545 248 1918 317 ARNOBIUM,
1958 247 2110 304 CAP.
2151 245 2221 302 Χ.

3397 224 3504 282 498

240 391 608 456 catholicon
636 382 970 460 propugnari
998 347 1348 446 sententiam,
1387 384 1551 448 atque
1589 374 1809 446 opposi-
1834 373 1890 436 Α
1913 369 2081 426 fuisse
2108 367 2420 432 discrimen,
2451 362 2595 437 quod
2624 360 2713 417 illa
2741 355 3016 422 humanis,
3045 352 3161 409 haec
3197 362 3328 408 vero
3366 347 3506 405 divi-

243 504 337 564 tatn_
358 491 409 543 in
436 499 682 542 errorum
709 490 767 540 et
795 481 1095 536 hmreseum
1136 475 1282 532 Aerii
1325 471 1515 542 reponi
1557 482 1804 525 numero.

241 560 337 654 Quo
369 565 502 648 ει·κό
529 579 673 651 jure,
703 577 750 631 is
779 575 870 645 qui
901 586 1089 644 preces
1121 585 1219 641 pro
1246 566 1476 622 mortuis
1505 560 1809 618 fundendas

244 691 399 750 negat,
436 673 726 731 barri-licus
762 668 871 726 dici
912 676 1111 739 potest,
1156 665 1258 718 nisi
1302 660 1426 733 quia
1465 657 1584 729 ejus
1625 654 1809 727 Opinio

243 748 388 832 sacris
413 769 707 841 Scripturis
734 774 791 823 et
819 761 1092 820 constanti
1119 758 1382 817 Ecclesia:
1409 749 1686 809 traditioni
1713 748 1810 805 ad-

244 877 464 928 versatur
477 864 502 920 ?

819 1051 1112 1098 ARTICULUS
1151 1051 1222 1092 iV.

242 1216 303 1268 De
319 1211 684 1262 chris‘ianorum
707 1202 960 1268 altaribus.
979 1195 1243 1268 sacriﬁciis.
1263 1206 1321 1243 ac
1339 1193 1496 1268 thuris
1513 1203 1630 1268 usu;
1649 1192 1813 1268 utrum

291 1254 540 1328 ﬁdit};
553 1254 633 1319 de
643 1254 1052 1328 ﬁcatecbttmettis,
1103 1257 1541 1328 sacratuentisqtte
1562 1254 1811 1328 Baptistni,

292 1275 526 1328 Arnobius
556 1271 622 1319 de
666 1268 1052 1322 catecbttmettts,
1103 1268 1523 1316 sacratuenusque
1562 1268 1627 1302 ua
1668 1268 1811 1310 ttstnt,

292 1335 717 1454 fﬁerigl'ucharistiar,
768 1335 820 1379 et
840 1327 1020 1378 divina:
1067 1323 1237 1386 gratiae
1283 1319 1582 1370 necessitate
1627 1268 1815 1365 acutus

300 1552 619 1615 Christianis
639 1549 846 1605 crimen
868 1544 1045 1600 adhuc
1065 1541 1331 1597 faciebant
1348 1535 1546 1594 ethnici
1571 1531 1812 1608 (Arnob.,

246 1653 319 1707 lib.
352 1665 423 1714 vr,
454 1663 576 1717 pag.
598 1641 732 1714 28H)
761 1656 866 1697 non
893 1640 1070 1694 solum
1099 1633 1240 1706 quod
1269 1631 1434 1693 nulla,
1459 1629 1535 1683 uti
1559 1627 1812 1692 diximus,

245 1747 491 1803 haberent
533 1741 754 1811 templa.
785 1744 880 1790 aut
907 1732 1078 1788 nullas
1106 1742 1290 1784 sacras
1321 1725 1488 1788 a-des,
1519 1721 1613 1776 sed
1640 1718 1818 1774 nullas

245 1842 387 1898 etiam
416 1852 565 1900 aras,
593 1833 735 1889 nulla
761 1829 976 1894 altaria,
998 1825 1142 1881 nulla
1168 1818 1456 1882 sacriﬁcia,
1483 1815 1625 1872 nulla
1653 1813 1820 1867 simu-

243 1934 387 1997 lacra,
425 1929 633 1986 nullum
665 1925 839 1981 thuris
865 1935 1043 1977 usum.
1074 1915 1345 1972 Arnobius
1373 1924 1502 1966 vero
1531 1906 1580 1963 id
1608 1907 1820 1978 penitus

244 2041 421 2097 negare
471 2039 580 2078 non
629 2020 877 2081 videtur;
931 2014 1097 2069 immo
1143 2023 1273 2065 vero
1322 2006 1493 2076 palam
1543 2002 1820 2057 declarare

243 2121 371 2179 nulla
392 2137 423 2174 a
446 2115 761 2174 christianis
785 2111 926 2168 facta
956 2104 1244 2170 sacriﬁcia,
1270 2117 1368 2156 nec
1390 2096 1642 2154 debuisse
1671 2092 1822 2149 facti-

244 2216 348 2270 tari.
380 2213 612 2268 Sextum
642 2208 784 2264 enim
821 2205 1016 2260 librum
1047 2193 1204 2255 suum
1241 2195 1310 2250 ab
1347 2193 1432 2247 his
1461 2189 1670 2245 orditur
1695 2201 1820 2241 ver-

245 2309 348 2364 bis:
374 2326 394 2359 ι
424 2304 566 2375 Quid
587 2319 738 2372 ergo,
765 2297 963 2355 dixerit
985 2293 1274 2364 quispiam,
1297 2284 1564 2345 sacriﬁcia
1588 2276 1824 2336 censetis

243 2403 371 2458 nulla
414 2415 543 2458 esse
579 2397 800 2453 omnino
836 2388 1120 2448 facienda?
1160 2385 1230 2442 Ut
1274 2383 1431 2439 vobis
1467 2393 1575 2434 non
1613 2386 1820 2439 nostra,

241 2495 323 2552 sed
345 2493 609 2550 Varronis
630 2489 794 2545 vestri
817 2480 1085 2541 sententia
1109 2475 1531 2548 respondeamus
1556 2487 1570 2523 :
1595 2467 1774 2525 Nulla.
1798 2484 1818 2518 ι

245 2589 474 2661 (Arnob.,
519 2585 612 2640 lib.
643 2598 738 2647 vtt,
781 2597 903 2651 pag.
934 2573 1089 2646 2H.)
1126 2572 1232 2628 Sed
1271 2583 1432 2626 nemo
1468 2576 1574 2630 est,
1617 2560 1710 2632 qtti
1753 2575 1824 2615 ex

241 2685 384 2740 citata
428 2682 501 2737 ab
542 2676 782 2735 Arnobio
827 2671 1086 2728 Varronis
1129 2663 1494 2724 auctoritate,
1543 2667 1599 2713 et
1645 2653 1826 2710 allatis

243 2779 422 2835 deinde
465 2785 652 2832 contra
697 2766 961 2828 sacriﬁcia
1005 2758 1362 2834 argumentis,
1413 2752 1670 2809 facillime
1718 2761 1829 2802 non

243 2875 520 2945 intelligat,
562 2869 711 2924 illum
749 2865 823 2920 ibi
859 2862 928 2918 de
971 2855 1250 2916 sacriﬁciis
1297 2851 1637 2907 ethnicorum
1680 2855 1831 2898 more

245 2969 404 3036 factis,
456 2966 753 3036 disputare,
802 2969 964 3026 atque
1013 2953 1214 3008 idcirco
1259 2960 1458 3016 negare
1503 2957 1564 2996 ea
1609 2937 1714 2994 diis
1752 2934 1833 2990 fa-

244 3031 445 3122 cienda.
487 3031 594 3117 Sed
637 3053 904 3114 Heraldtts
940 3064 1062 3106 eum
1103 3042 1387 3114 imperitia:
1416 3046 1472 3092 et
1506 3031 1832 3104 stupiditatis

245 3159 306 3214 ibi
332 3163 590 3220 accusat;
623 3153 746 3222 quia
777 3147 1118 3204 ethnicorum
1144 3135 1408 3194 sacriﬁcia
1442 3125 1828 3201 impugnando,

246 3255 432 3309 nullam
482 3248 870 3306 sacrificiorum
915 3237 1100 3312 ρηιιιιιὶ
1137 3219 1417 3290 ΙςτειυἸίιίοἰ
1451 3225 1576 3282 fecit
1606 3221 1837 3276 mentio-

248 3363 382 3402 netn.
423 3345 487 3400 ln
519 3344 637 3396 suis
666 3352 811 3394 enim
838 3335 904 3389 ad
933 3331 1128 3387 librum
1158 3325 1299 3381 illius
1328 3320 1617 3392 septimum
1652 3313 1840 3386 primis

251 3433 808 3497 animadversionibus
833 3431 912 3483 sic
938 3442 1058 3480 cum
1086 3422 1310 3490 castigat
1337 3436 1350 3472 :
1380 3432 1399 3467 ι
1429 3412 1638 3468 Vellem
1661 3419 1840 3462 tamen

251 3534 466 3590 dixisset
496 3525 702 3600 aliquid
731 3520 1004 3580 Arnobius
1036 3515 1105 3572 de
1133 3507 1416 3570 sacriﬁctis
1444 3503 1627 3576 pepuli
1671 3499 1844 3554 lsrae-

253 3628 396 3692 litici,
425 3639 552 3696 qum
581 3620 758 3690 magni
787 3617 932 3672 illius
957 3609 1226 3676 sacriﬁcii,
1253 3622 1361 3678 quo
1386 3615 1558 3673 agnus
1586 3600 1843 3653 immacu-

254 3721 386 3778 latus
438 3736 539 3789 pro
586 3714 818 3789 peccatis
863 3710 1067 3766 nostris
1111 3715 1235 3761 ante
1278 3698 1461 3757 tttttndi
1513 3691 1843 3750 creationem

258 3814 587 3877 immolatus,
637 3817 856 3880 peccata
905 3811 1086 3858 nostra
1133 3795 1402 3868 purgavit,
1449 3793 1844 3844 sacramentum

257 3905 672 3963 constituebant.
724 3897 828 3956 Sed
869 3893 1092 3952 Arnobii
1143 3892 1197 3946 in
1247 3885 1510 3956 religione
1559 3880 1846 3935 ruditzttem

259 4001 381 4056 satis
410 4010 571 4054 antea
600 3992 924 4049 deteximus.
958 4009 976 4040 )
1012 3986 1207 4042 Verum
1242 3991 1294 4036 ct
1323 3993 1420 4034 nos
1457 3975 1525 4030 ibi
1565 3974 1851 4043 ipsantntet

259 4093 467 4148 Heraltli
508 4092 561 4145 itt
597 4087 858 4158 legendis,
901 4098 966 4138 ac
1006 4079 1172 4151 probe
1215 4069 1580 4143 intelligendis
1623 4063 1850 4122 Arnobii

263 4186 424 4240 nostri
457 4183 614 4238 libris
642 4179 938 4239 ruditrttem,
978 4174 1022 4227 si
1063 4171 1181 4238 ejus
1220 4167 1386 4221 verbo
1424 4163 1496 4218 uti
1533 4161 1712 4222 liceat,
1753 4171 1850 4212 seu

264 4283 436 4348 potius
479 4276 725 4345 iniquum
768 4272 1004 4325 animum
1043 4258 1518 4334 deprehendimus.
1556 4253 1670 4306 Non
1709 4248 1852 4304 aliud

1910 463 1994 520 nis
2027 460 2235 532 legibus
2261 459 2465 514 sancita
2497 453 2732 512 fuerint?

1984 554 2252 610 Praeterea
2281 550 2575 614 Arnobius,
2605 548 2692 603 ubi
2718 544 2998 618 gentilium
3029 537 3291 598 sacrificia
3322 533 3506 606 exagi-

1888 661 2011 712 ttat,
2045 659 2208 718 atque
2238 645 2502 716 explodit,
2533 643 2604 698 ihi
2643 641 2821 696 adhuc
2858 638 3061 694 diserte
3103 634 3266 691 tradit
3304 629 3506 700 (lbid.,

1912 760 2033 816 pag.
2083 738 2195 814 15),
2228 737 2361 794 nihil
2399 737 2468 792 ab
2506 735 2745 806 ipsismet
2782 733 2994 788 illorum
3037 728 3159 794 diis,
3201 725 3270 781 de
3308 739 3370 779 ea
3414 738 3505 778 ra-

1911 839 2080 903 tione,
2112 851 2215 906 qua
2248 833 2315 888 ab
2345 830 2649 886 hominibus
2685 827 2814 892 coli,
2845 833 2902 882 et
2927 821 3208 879 sacriﬁciis
3245 815 3506 874 honorari

1912 930 2131 995 vellent,
2177 927 2557 985 constitutum.
2603 923 2743 978 Ecce
2782 919 2828 975 si
2868 916 3055 972 audire
3094 914 3250 979 velis,
3282 912 3512 982 ipsamet

1915 1025 2032 1096 ejus
2074 1023 2276 1079 verba:
2309 1039 2329 1073 ‹
2357 1017 2626 1086 Numquid
2665 1015 2742 1072 dii
2785 1015 3012 1085 aliquas,
3043 1030 3062 1062 ι
3095 1010 3268 1079 inquit
3305 1003 3508 1076 (Ibid.,

1916 1135 2037 1192 pag.
2091 1116 2258 1187 2l5),
2297 1133 2316 1166 ι
2357 1114 2503 1184 leges
2555 1123 2788 1166 sanxere
2835 1103 3125 1176 aliquando
3172 1097 3511 1162 mortalibus,

1916 1212 2378 1279 constitutumque
2419 1216 2501 1262 est
2547 1205 2615 1260 ab
2657 1202 2741 1257 his
2780 1214 3016 1271 unquam
3062 1195 3187 1266 quid
3216 1208 3312 1249 eos
3351 1206 3516 1262 agere

1918 1304 2257 1367 conveniret,
2286 1302 2372 1356 vel
2402 1299 2530 1372 quid
2571 1313 2716 1361 non;
2748 1295 2876 1366 quid
2907 1289 3235 1348 consecrari.
3268 1285 3394 1357 quid
3429 1284 3513 1338 fu-

1918 1415 2069 1472 gere,
2095 1397 2179 1453 vel
2202 1396 2305 1452 coli
2328 1410 2389 1451 se
2411 1394 2601 1449 saltem
2625 1391 2820 1461 quibus
2841 1373 3141 1443 rationibus
3162 1389 3438 1452 cuperent.

1919 1493 1989 1551 Ut
2029 1493 2222 1564 opinor
2257 1491 2326 1546 ab
2368 1488 2452 1544 Itis
2496 1500 2787 1556 numquam
2829 1495 3004 1552 neque
3044 1477 3394 1535 constitutum
3432 1481 3520 1528 est

1919 1585 2146 1656 aliquid,
2200 1598 2377 1654 neque
2437 1578 2736 1642 sancitum;
2791 1573 3044 1646 quoniam
3105 1584 3205 1627 nec
3259 1567 3360 1623 visi
3414 1566 3518 1622 ali-

1920 1681 2160 1753 quando,
2186 1692 2361 1748 tthtte
2385 1675 2428 1730 si
2458 1686 2583 1729 sunt
2612 1672 2734 1737 visi,
2764 1668 3102 1740 apertissima
3129 1663 3304 1735 potuit
3328 1657 3520 1730 cogni-

1849 1786 1896 1847 Β
1925 1777 2069 1833 tione
2097 1771 2362 1845 dignosci.
2399 1789 2418 1823 ι
2452 1769 2639 1824 Nonne
2675 1781 2805 1835 ergo
2838 1766 2936 1817 hac
2975 1775 3191 1832 quoque
3227 1769 3522 1824 argumen-

1923 1872 2124 1928 tatione
2148 1869 2234 1924 ille
2258 1865 2473 1937 rejectis
2498 1863 2841 1920 ethnicorum
2866 1857 3164 1921 sacriﬁciis,
3190 1853 3292 1907 alia
3316 1849 3521 1916 omnia,

1923 1981 2042 2037 quae
2095 1963 2236 2018 Deus
2283 1975 2313 2013 a
2360 1957 2563 2014 ludatis
2607 1953 2722 2009 ﬁeri
2762 1956 3111 2023 praeceperat,
3164 1947 3323 2016 plane
3368 1942 3522 2013 peni-

1927 2035 2120 2130 tusque
2167 2051 2578 2125 comprobavit?
2622 2049 2692 2104 At
2739 2045 2950 2102 tametsi
3003 2041 3135 2098 nihil
3183 2039 3405 2094 omnino
3453 2035 3523 2091 de

1928 2154 2032 2209 illis
2057 2151 2304 2215 dixisset,
2332 2148 2433 2202 hoc
2459 2144 2735 2201 silentium
2757 2141 2808 2196 ei
2839 2151 3120 2210 perperam
3145 2133 3319 2204 culpae
3343 2131 3522 2186 datur.

1926 2248 2060 2306 Nam
2100 2253 2460 2317 praeterquam
2497 2237 2639 2309 quod
2681 2247 2808 2290 tunc
2846 2233 3100 2302 abrogata
3129 2236 3285 2284 erant
3313 2224 3526 2282 Judteo~

1929 2358 2048 2399 rttm
2078 2338 2366 2403 sacriﬁcia,
2391 2337 2460 2390 de
2481 2333 2589 2388 illis
2615 2338 2785 2396 certe,
2815 2328 2953 2382 sicut
2974 2325 3230 2385 diximus,
3263 2335 3369 2375 non
3396 2331 3528 2389 age-

1929 2435 2109 2499 batur,
2169 2431 2265 2487 sed
2314 2427 2384 2483 de
2434 2423 2615 2495 impiis
2663 2419 3003 2477 ethnicorum
3052 2412 3359 2477 sacriﬁciis,
3407 2424 3528 2479 qua:

1933 2531 2072 2589 ﬁctis
2110 2529 2368 2599 falsisque
2408 2523 2514 2578 diis
2545 2520 2705 2585 facta,
2735 2513 3015 2572 christiani
3047 2512 3169 2584 jure
3206 2508 3402 2566 merito
3427 2506 3530 2562 de-

1933 2626 2287 2686 testabantur.

2004 2724 2122 2791 Quo
2157 2732 2317 2790 porro
2363 2729 2526 2771 sensu
2565 2713 2680 2782 ipse
2725 2709 2829 2765 diis
2872 2700 3288 2762 sacriﬁcandum
3327 2705 3527 2768 negat;

1934 2815 2122 2872 eodem
2155 2811 2311 2881 plane
2337 2809 2403 2863 iis
2433 2819 2556 2861 aras
2585 2813 2642 2859 et
2677 2801 2966 2856 simulacra
3007 2792 3335 2853 exstrttenda
3367 2789 3534 2844 fabri-

1935 2909 2213 2979 candaque
2238 2903 2463 2959 omnino
2508 2898 2777 2954 inﬁciatus
2813 2906 2915 2950 eSt.
2951 2890 3056 2949 Sed
3097 2889 3164 2945 de
3191 2887 3276 2943 his
3315 2883 3535 2940 aliunde

1936 3003 2293 3062 disseruimus
2322 3002 2374 3055 in
2403 2997 2681 3068 superiore
2707 2993 2760 3047 itt
2793 2988 3008 3047 Minucii
3030 2986 3311 3042 Octavium
3333 2979 3536 3035 disser-

1939 3100 2143 3156 tatiotte
2164 3095 2406 3166 (Dissert.
2425 3092 2479 3145 in
2502 3089 2722 3153 Minuc.,
2739 3102 2855 3153 cap.
2882 3083 2972 3146 12,
2991 3091 3094 3135 arl.
3112 3075 3227 3150 29).
3252 3073 3371 3130 Non
3388 3071 3535 3128 enim

1862 3190 1908 3253 C
1939 3195 2046 3250 alio
2075 3163 2346 3247 Arnobius
2369 3184 2551 3249 modo,
2581 3195 2739 3253 quam
2768 3178 2882 3238 ille.
2905 3176 2972 3230 de
3000 3176 3061 3229 iis
3093 3179 3279 3225 contra
3305 3163 3539 3238 gentiles

1940 3288 2174 3358 disputat
2202 3282 2279 3338 uti
2310 3295 2378 3335 ex
2407 3276 2543 3333 infra
2566 3271 2810 3329 dicendis
2839 3270 2972 3324 satis
3002 3265 3227 3336 patebit.

2015 3353 2096 3437 Ᾱίι
2123 3379 2300 3434 thuris
2329 3384 2509 3429 autem
2545 3385 2700 3424 usum
2743 3365 2885 3436 quod
2935 3364 3161 3422 attinet,
3194 3355 3442 3414 ethnicos
3476 3353 3544 3408 il-

1945 3477 2054 3532 lum
2077 3489 2106 3528 a
2153 3469 2468 3528 chrisﬁanis
2507 3473 2749 3534 spretum
2785 3458 3141 3526 objicientes,
3173 3467 3242 3508 eo
3271 3446 3543 3505 Arnobius

1945 3567 2144 3626 refellit
2172 3563 2416 3638 (Arnob.,
2448 3559 2536 3613 lib.
2567 3573 2660 3623 νυ,
2697 3570 2817 3624 pag.
2845 3549 3000 3615 23H,
3026 3544 3169 3618 quod
3200 3542 3340 3614 apud
3371 3541 3539 3612 ipsos,

1948 3673 2004 3719 ut
2027 3663 2162 3717 infra
2183 3632 2404 3730 “quoque
2425 3651 2762 3714 ostendetur,
2786 3645 3039 3716 antiquus
3064 3655 3172 3696 non
3200 3635 3381 3692 fuerit.
3401 3632 3541 3688 Ter-

1948 3729 2387 3814 tullianusvero,
2428 3747 2497 3802 de
2535 3757 2642 3815 quo
2673 3757 2773 3796 nos
2803 3739 2973 3794 fusius
3015 3748 3115 3790 suo
3145 3733 3287 3795 loco,
3331 3729 3547 3783 tametsi

1951 3849 2145 3905 alicubi
2189 3846 2393 3901 nullum
2446 3856 2476 3896 a
2521 3836 2829 3895 christianis
2873 3834 2997 3889 thus
3041 3828 3251 3886 incendi
3285 3825 3547 3892 fateatur;

1953 3952 2206 4001 testatum
2235 3935 2586 3993 nihilominus
2616 3931 2738 3986 alibi
2771 3927 2919 3994 facit,
2951 3924 3077 3980 illttd
3108 3923 3177 3978 ab
3199 3922 3264 3976 iis
3281 3917 3547 3986 adhiberi,

1953 4054 2074 4095 cum
2119 4057 2147 4089 ιι
2171 4047 2449 4089 ortuorom
2493 4041 2719 4098 corpora
2768 4018 3133 4094 sepeliebant,
3177 4025 3229 4069 et
3268 4027 3388 4066 cum
3415 4009 3553 4064 odor

1954 4134 2060 4190 loci
2089 4130 2311 4200 alicujus
2347 4123 2675 4180 offendebat.
2718 4118 2823 4175 Sed
2855 4133 2955 4170 non
2975 4115 3169 4176 eodem,
3203 4107 3394 4176 inquit,
3424 4104 3551 4168 ritu,

1957 4244 2048 4283 nec
2071 4195 2246 4281 eodem
2275 4222 2470 4285 habitu,
2492 4233 2583 4273 nec
2605 4215 2781 4270 eodem
2803 4221 3080 4282 apparatu,
3099 4220 3198 4277 quo
3219 4201 3390 4273 agitur
3413 4195 3555 4266 apud

1957 4324 2122 4380 idola.
2152 4320 2312 4374 Vides
2339 4318 2501 4386 igitur
2529 4330 2633 4367 non
2663 4323 2878 4364 omnem
2925 4301 3098 4358 thuris
3146 4311 3299 4352 usum
3331 4293 3400 4348 ab
3439 4290 3552 4354 illo,

265 4343 528 4441 siquidem
573 4343 639 4421 eo
687 4366 739 4419 itt
785 4363 924 4419 libro
968 4357 1298 4431 propositum
1332 4349 1553 4408 Arnobii
1587 4346 1716 4411 fuit;
1751 4343 1855 4399 nisi

268 4474 321 4518 ut
341 4463 662 4519 ostenderet
690 4459 832 4514 nulla
854 4457 958 4511 diis
978 4453 1258 4525 gentilium
1284 4444 1521 4503 facienda
1545 4457 1667 4498 esse
1687 4438 1857 4496 sacri.

270 4557 406 4625 ﬁcia,
449 4572 625 4628 eaque
665 4558 789 4624 jure
833 4550 1030 4607 merito
1071 4563 1099 4601 a
1141 4542 1450 4599 christianis
1487 4537 1655 4605 rejici.
1698 4532 1858 4603 Atqui

270 4661 472 4707 constat
510 4667 579 4707 ex
604 4650 725 4703 data
754 4663 784 4702 a
817 4645 972 4701 nobis
1000 4642 1157 4712 hujus
1187 4639 1306 4693 libri
1337 4634 1570 4706 aualysi,
1602 4639 1763 4702 atque
1794 4642 1863 4683 ex

273 4745 403 4799 infra
427 4741 700 4808 dicendis,
726 4741 828 4795 hoc
853 4739 920 4793 ab
941 4738 1034 4790 illo
1057 4731 1406 4788 validissimis
1427 4735 1865 4798 argumentorum

275 4837 566 4892 momentis
592 4849 714 4891 esse
740 4834 1186 4888 demonstratum.
1211 4823 1342 4892 Quis
1369 4822 1528 4893 igitur
1548 4833 1694 4874 sanae
1719 4831 1868 4870 men-

274 4932 340 4986 tis
385 4932 550 4986 homo
591 4930 644 4985 itl
683 4928 782 4992 illi,
815 4924 1028 4981 tametsi
1071 4921 1138 4976 de
1185 4916 1542 4973 Israelitarum
1590 4907 1869 4966 sacriﬁciis

279 5027 489 5096 penitus
521 5021 802 5085 tacuisset,
835 5019 967 5073 satis
1000 5015 1164 5070 fuisse
1195 5005 1562 5067 inﬁciahitur?

347 5118 487 5188 Quid
514 5132 670 5183 vero,
697 5113 838 5186 quod
871 5111 960 5166 ille
988 5106 1330 5180 apertissime
1361 5099 1618 5173 praedicat
1647 5094 1876 5168 gentiles

282 5211 703 5284 inquirentibus,
735 5221 854 5278 qua:
893 5201 1281 5259 sacriﬁciorum
1325 5209 1546 5251 suorum
1583 5206 1741 5246 causa
1785 5186 1876 5251 sit,

286 5304 478 5360 frustra
514 5298 888 5370 adsignavissc
919 5309 1104 5351 eorum
1144 5289 1515 5359 antiquitatem
1553 5299 1616 5338 ac
1649 5295 1880 5336 consuc-

288 5398 547 5452 tudinem.
576 5392 814 5462 Utraque
840 5391 983 5445 enim
1007 5402 1071 5442 ex
1101 5381 1407 5439 hominibus
1434 5376 1723 5449 prodierat.
1748 5370 1882 5426 Nul-

290 5492 397 5547 lmu
445 5505 584 5546 vero
630 5485 951 5543 sacriﬁcium
1003 5483 1106 5536 rite
1149 5476 1262 5532 ﬁeri
1311 5483 1511 5545 potest,
1557 5469 1660 5525 nisi
1707 5466 1884 5521 divina

295 5585 410 5657 lege
467 5583 773 5639 institutum
818 5596 831 5633 :
881 5596 900 5629 ‹
955 5575 1066 5644 Ego
1126 5579 1338 5631 autem,
1389 5586 1406 5618 ι
1455 5563 1626 5634 inquit
1681 5557 1887 5629 (Ibid.,

298 5653 414 5750 pttvg.
444 5677 605 5748 227),
639 5694 659 5729 ι
693 5689 813 5730 cum
846 5670 1060 5744 postulo
1085 5680 1298 5724 causam
1330 5657 1459 5716 mihi
1491 5653 1761 5727 depromi,
1791 5668 1889 5707 au—

302 5745 416 5828 dire
444 5745 697 5828 desidero
718 5769 858 5824 coelo
885 5763 1086 5836 aliquid
1120 5762 1348 5831 lapsum.
1383 5773 1402 5808 ι
1430 5754 1499 5808 At
1523 5750 1663 5823 quis,
1691 5763 1789 5804 oro
1815 5745 1891 5811 te,

1970 4699 2059 4765 16,
2092 4714 2212 4768 pag.
2246 4690 2393 4764 198).
2425 4699 2481 4746 et
2513 4688 2737 4742 inlerius
2759 4682 2934 4737 adhuc
2963 4675 3252 4747 agendum.

2042 4791 2306 4862 Opinatus
2351 4795 2436 4841 est
2466 4780 2730 4837 Heraldus
2770 4773 3068 4831 Arnobium
3115 4769 3184 4822 de
3213 4758 3568 4820 sacramentis

1972 4883 2222 4957 baptismi
2253 4889 2308 4936 et
2355 4873 2697 4934 eueltaristiae
2740 4881 3047 4925 Sermonem
3087 4861 3310 4922 habere,
3359 4854 3449 4909 ubi
3479 4852 3576 4907 do-

1975 4990 2060 5036 cet
2081 4977 2292 5033 animas
2322 4982 2536 5028 nostras
2566 4979 2738 5039 po.~se
2756 4964 2874 5018 ﬁeri
2904 4981 2923 5015 ‹
2958 4961 3250 5029 longaevas,
3289 4971 3309 5004 ι
3335 4953 3449 5004 sive
3471 4949 3571 5002 im-

1981 5075 2262 5137 mortales,
2305 5091 2324 5123 ‹
2382 5070 2427 5125 si
2461 5066 2622 5122 modo
2664 5063 2833 5118 Deum
2883 5064 3094 5114 tentent
3135 5059 3466 5121 agnoscere,
3509 5054 3576 5095 ac

1980 5170 2176 5227 deinde
2205 5166 2463 5223 servitate
2483 5205 2497 5228 ,
2529 5171 2689 5231 atque
2735 5152 3128 5212 inhumanitate
3174 5138 3458 5213 depositis,
3489 5151 3576 5191 re-

1985 5271 2198 5320 sumant
2226 5258 2438 5331 ingenia
2465 5255 2719 5316 mitiora;
2763 5258 2819 5303 ιιι
2861 5245 2926 5300 ad
2969 5241 3122 5305 illud,
3153 5234 3295 5308 quod
3336 5231 3576 5295 dabitur,

1986 5374 2107 5415 esse
2137 5321 2342 5427 possint
2377 5358 2600 5420 parata'.
2641 5367 2661 5399 ι
2706 5340 2948 5415 (Aruob.,
2977 5337 3064 5390 lib.
3090 5350 3149 5394 ll,
3179 5347 3300 5401 pag.
3329 5325 3448 5398 65.)
3473 5321 3582 5380 Sed

1987 5469 2114 5525 qua,
2145 5429 2322 5520 putas,
2346 5445 2560 5501 ratione
2591 5437 2854 5495 i‘leraldtts
2877 5429 3077 5502 putavit
3103 5421 3283 5480 verbis
3315 5415 3585 5491 prim-ibus

1991 5519 2264 5615 baptismi,
2311 5549 2366 5594 et
2393 5533 2780 5608 posterioribus
2813 5522 3150 5582 eucltaristia:
3187 5519 3588 5573 sacramentum

1996 5635 2299 5712 designari?
2331 5632 2489 5694 Audi,
2521 5641 2728 5699 ιιυερευ,
2772 5631 2827 5677 et
2856 5615 3164 5675 miraberis.
3192 5608 3589 5680 Antiquissimi,

2001 5737 2196 5809 inquit,
2231 5731 2488 5787 Ecclesia:
2512 5725 2695 5780 Patres
2721 5735 2827 5774 non
2855 5713 3030 5770 solum
3063 5708 3342 5783 gentilium
3375 5716 3594 5774 usurpa-

2250 5828 2340 5892 ba,
2364 5821 2557 5894 quibus
2583 5817 2638 5873 in
2665 5809 3002 5885 explicandis
3040 5807 3152 5866 suis
3174 5801 3448 5876 mysteriis
3471 5806 3595 5856 uto-
3655 5811 3660 5818 ·
