3904 6326
380 265 486 321 490

1620 248 2078 310 ΒΙδΞΕΒΤᾹτΙθ
2116 249 2399 308 PREVIA

3551 253 3644 309 500

376 382 617 445 bantur;
651 376 748 434 sed
776 389 840 432 ea
866 375 1027 430 etiam
1055 373 1122 428 ad
1149 369 1568 428 cbristianorum
1599 367 1978 425 accommoda-
2004 374 2060 435 Α
2082 367 2277 431 dimus,
2321 366 2586 422 adversus
2609 375 2802 438 gentes
2828 365 3011 438 operis
3039 374 3246 436 septem
3273 366 3328 420 in
3360 365 3516 423 libros
3539 368 3640 424 dis-

378 481 512 529 runt
537 477 908 535 sacramenta,
953 477 1115 537 atque
1157 463 1374 519 illorunt
1419 463 1558 517 ritus
1588 461 1983 517 transtulerunt

379 568 441 623 in
467 563 790 620 Eccleslam.
835 559 996 630 Atqui
1023 555 1188 623 hanc,
1216 557 1412 628 inquit,
1435 557 1490 610 in
1513 553 1676 611 ﬁnem
1704 554 1979 610 Arnobius

380 659 548 714 citata
595 671 626 710 a
665 652 834 722 nobis
875 650 1041 707 verba
1087 665 1153 705 ex
1198 649 1285 704 bis
1330 646 1614 704 Ciceronis
1650 646 1924 716 excerpsit
1963 661 1978 701 :

388 770 410 805 ι
433 750 562 806 Mihi
591 762 712 804 cum
743 745 914 802 multa
943 744 1140 800 eximia
1162 743 1450 813 divinaque
1473 741 1726 796 videntur
1753 738 2002 796 Athenae.

379 855 487 902 tum
515 844 814 916 peperisse,
843 847 1005 910 atque
1026 839 1080 894 in
1107 838 1213 893 vita
1251 836 1526 892 hominum
1550 836 1801 892 attulisse
1821 875 1834 899 ,
1865 847 1978 889 tum

381 939 515 996 nihil
544 936 737 992 melius
761 934 866 989 illis
907 933 1182 1004 mysteriis
1215 932 1411 1003 quibus
1455 945 1523 986 ex
1551 930 1754 1001 agresti
1786 929 1979 984 imma-

383 1032 544 1103 niquc
567 1032 673 1084 vita
699 1026 921 1092 exculti,
945 1026 1014 1081 ad
1043 1024 1430 1080 humanitatem
1449 1033 1504 1080 et
1525 1024 1749 1094 mitigati
1771 1038 1978 1087 sumus;

381 1124 662 1194 initioque,
707 1131 769 1177 ut
814 1120 1173 1192 appellantur,
1216 1120 1286 1174 ita
1325 1131 1513 1174 revera
1554 1117 1818 1189 principia
1859 1117 1982 1172 vitat

380 1218 735 1290 cognovimus
772 1233 790 1269 ι
824 1213 1036 1289 (Cicera,
1066 1214 1154 1269 lib.
1181 1228 1242 1280 rt,
1267 1214 1330 1266 de
1351 1210 1552 1284 Legib.,
1578 1229 1699 1284 pag.
1732 1212 1860 1280 539-,
1884 1212 1979 1266 lin.

381 1311 497 1384 51).
528 1312 596 1366 At
639 1309 765 1364 inde
798 1307 1060 1363 Heraldus
1087 1306 1361 1362 concludit
1388 1305 1687 1364 Aruobium
1731 1306 1799 1361 ad
1841 1306 1984 1361 hunc

379 1403 536 1459 latini
563 1400 798 1456 oratoris
826 1400 1002 1454 locum
1019 1396 1386 1464 collineando,
1418 1397 1531 1452 suis
1560 1394 1828 1467 prioribus
1858 1412 1984 1451 ver-

381 1497 466 1552 bis
489 1495 560 1551 de
589 1494 879 1564 baptismo,
911 1478 1320 1562 'posterioribus
1356 1490 1425 1546 de
1478 1491 1806 1547 eucharistia
1833 1491 1985 1546 locu—

382 1599 496 1644 tum
543 1585 731 1643 fuisse.
783 1585 829 1641 0
875 1587 1147 1657 egregiam
1201 1584 1450 1657 profecto
1489 1583 1978 1654 consequentiam!

383 1683 549 1752 Quasi
574 1695 706 1737 vero
731 1675 1005 1738 Arnobius
1028 1678 1233 1750 aliquid
1259 1693 1327 1733 ex
1359 1679 1466 1733 illis
1493 1678 1774 1733 Ciceronis
1799 1675 1982 1732 verbis

2086 460 2274 516 tributi
2302 469 2502 531 partes,
2543 475 2770 531 quarum
2800 460 3239 516 una‘christiattte
3280 460 3537 540 religionis
3559 479 3642 519 vc-

2084 555 2317 622 ritatem,
2341 565 2399 610 et
2417 554 2587 610 altera
2616 553 2848 610 ethnicae
2863 553 3149 609 falsitatem
3176 551 3520 612 demonstrat.
3541 555 3643 618 iam

2086 663 2218 704 vero
2256 647 2612 718 expendimus
2659 649 2844 717 quanti
2890 645 3145 717 ponderis
3184 647 3294 701 sint
3331 659 3644 718 argumenta,

2084 741 2278 811 quibus
2316 740 2694 796 demonstrare
2721 741 3002 796 contendit
3037 740 3348 795 christiana
3375 741 3645 812 neligionis,

2086 833 2580 904 prtecipuorumque
2596 833 2712 904 ejus
2726 833 3034 904 dogmatum
3063 834 3368 900 veritatem,
3391 849 3644 892 sacrorum

2086 924 2228 978 illius
2254 923 2633 996 mysteriorum
2657 934 2712 981 et
2741 926 2942 979 rituum
2974 926 3346 993 sanctitatem,
3383 941 3444 982 ac
3471 943 3640 985 eorum

2085 1015 2171 1086 qui
2199 1031 2317 1070 eam
2351 1016 2562 1072 sincere
2587 1017 2951 1084 sectabantur,
2977 1017 3337 1088 integritatem
3362 1034 3581 1084 morum,
3603 1033 3650 1077 et

2084 1126 2147 1165 ea
2173 1111 2350 1165 omnia
2394 1111 2461 1164 ab
2490 1111 2732 1182 repetitis
2776 1111 2974 1181 saepius
3018 1111 3353 1166 ethnicorum
3389 1115 3649 1170 calumniis

2085 1201 2338 1260 vindicet.
2363 1201 2619 1275 Superest
2647 1212 2704 1262 ut
2738 1200 2904 1262 simili
2942 1201 3100 1262 modo
3141 1201 3246 1259 alia
3279 1202 3648 1271 examittenius,

2092 1309 2213 1365 qua:
2243 1294 2309 1348 ab
2339 1294 2438 1348 illo
2476 1296 2530 1349 iu
2571 1294 2806 1350 secunda
2845 1295 3028 1364 operis
3063 1295 3144 1349 sui
3174 1303 3352 1366 parte,
3399 1296 3468 1351 ad
3504 1313 3652 1354 vanas

2083 1384 2362 1458 gentilium
2390 1387 2696 1456 religiones,
2721 1387 2914 1456 impios
2929 1389 3126 1452 cultus,
3154 1401 3219 1442 ac
3237 1386 3487 1443 ridiculas
3513 1391 3654 1460 plane

2085 1488 2139 1534 et
2167 1479 2583 1536 absurdissimas
2620 1479 3029 1551 supersdtioncs
3079 1478 3318 1536 funditus
3358 1482 3655 1542 evertendas

2086 1575 2328 1646 protulit.

2156 1692 2394 1752 Primum
2423 1694 2602 1765 itaque
2639 1694 2884 1765 plurimis
2908 1704 3096 1754 auctor
3127 1706 3316 1760 noeter
3343 1697 3658 1768 argumentis

382 1776 618 1830 mutuari
657 1789 764 1829 non
790 1775 1051 1868 potuerit,
1091 1773 1196 1828 nisi
1223 1771 1293 1826 de
1333 1771 1417 1826 itis
1442 1769 1863 1825 christianorum
1888 1783 1980 1823 sa-
2009 1770 2058 1832 ll
2089 1797 2194 1844 iam
2226 1788 2509 1860 perspicue
2531 1804 2693 1857 quam
2717 1790 2916 1850 invicte
2945 1791 3144 1861 probat
3186 1790 3350 1850 falsos
3378 1791 3578 1862 penitus
3603 1806 3658 1868 ac

384 1868 681 1924 cramentis
702 1868 1018 1937 loqueretur
1033 1866 1057 1919 ?

458 1965 530 2018 At
572 1940 896 2018 nibil‘certe
933 1961 1004 2016 ab
1033 1961 1153 2032 ejus
1193 1969 1376 2016 mete
1404 1959 1576 2031 magis
1617 1959 1874 2014 alienum.
1904 1957 1984 2014 De

384 2056 506 2111 sola
533 2057 814 2111 enimvero
839 2052 1083 2125 disputat
1110 2051 1260 2109 felici
1292 2052 1488 2108 animai
1528 2060 1730 2108 nostra:
1755 2052 1982 2106 immor-

382 2149 611 2216 talitate,
647 2162 809 2218 quam
836 2147 940 2202 nisi
965 2147 1150 2219 agnito
1171 2161 1305 2201 vero
1334 2147 1468 2214 Deo,
1495 2160 1560 2200 ac
1581 2145 1796 2201 feritate
1821 2145 1980 2199 vitio-

384 2256 530 2309 rum,
580 2248 638 2296 et
681 2254 898 2294 morum
937 2239 1332 2294 inhumanitate
1373 2237 1668 2308 depositis,
1723 2236 1984 2306 consequi

385 2349 496 2392 non
539 2347 850 2405 possumus.
893 2332 1164 2402 Quorsum
1209 2332 1373 2402 igitur
1413 2331 1488 2386 ibi
1538 2329 1986 2387 commemoratio

385 2425 748 2496 baptismatis,
775 2425 844 2482 de
873 2439 977 2496 qua
1002 2439 1108 2479 non
1140 2423 1440 2496 agebatur?
1460 2421 1560 2478 Cui
1584 2423 1748 2477 etiam
1789 2431 1988 2492 praeter

385 2519 678 2577 nereidum
727 2519 783 2576 in
831 2529 1068 2576 mentem
1112 2518 1300 2574 venire
1348 2517 1524 2588 potuit
1561 2515 1648 2572 bis
1699 2514 1988 2585 postremis

389 2615 614 2671 Arnobii
645 2613 825 2671 verbis
857 2633 869 2669 :
907 2613 974 2669 Ut
995 2613 1064 2668 ad
1091 2613 1245 2681 illud,
1273 2611 1409 2683 quod
1435 2610 1662 2678 dabitur,
1691 2609 1862 2666 beata
1884 2609 1988 2664 im-

390 2708 742 2764 mortalitatis
765 2707 1083 2777 ,prtemium,
1126 2707 1323 2760 anima:
1365 2704 1562 2774 possint
1608 2718 1716 2758 esse
1760 2711 1984 2772 paratis,

392 2803 773 2860 eucharistiam
821 2800 1152 2872 significari?
1186 2799 1293 2857 Sed
1320 2797 1441 2854 vide
1470 2797 1758 2853 miriﬁcum
1785 2795 1993 2867 ingenii

393 2896 543 2952 illius
569 2911 823 2952 acumen.
857 2897 933 2950 De
961 2909 1047 2962 ea,
1080 2895 1274 2964 inquit,
1305 2892 1516 2950 obscure
1542 2891 1802 2962 esti-cpida
1821 2892 1992 2946 Arno-

393 2989 539 3057 bius,
570 2997 630 3044 ut
656 2999 784 3061 pote
827 2988 1272 3052 catechumenus,
1301 2985 1565 3056 loquitur.
1585 2983 1794 3054 iNonne
1832 2984 1993 3055 lynce

2083 1881 2480 1940 commentitios
2506 1898 2629 1942 esse
2656 1898 2846 1940 omnes
2866 1884 3024 1950 deos,
3050 1899 3188 1955 quos
3212 1882 3422 1946 ethnici
3446 1899 3548 1940 non
3572 1884 3660 1939 mi-

2083 1988 2186 2030 nus
2205 1975 2389 2046 impio,
2417 1989 2576 2046 quam
2607 1976 2831 2046 antiquo
2867 1975 3016 2036 cultu
3053 1977 3474 2038 venerabantur.
3504 1975 3580 2032 Ab
3600 1990 3659 2030 co

2083 2079 2261 2134 autem
2292 2069 2402 2137 ille,
2429 2071 2581 2140 quasi
2612 2069 2808 2140 praevia
2838 2071 3182 2138 velitatione,
3217 2070 3433 2128 initium
3461 2069 3659 2130 dicendi

2085 2162 2214 2220 fecit
2242 2162 2486 2236 (Arnob..
2519 2163 2607 2223 lib.
2653 2179 2746 2228 ut,
2777 2181 2900 2235 pag.
2937 2162 3094 2236 102),
3123 2163 3268 2234 quod
3307 2162 3508 2224 ethnici
3537 2177 3663 2218 nun-

2085 2272 2245 2327 quam
2276 2257 2550 2325 explicare
2575 2257 2850 2326 potuerint
2876 2257 3095 2322 ubinam
3130 2259 3378 2329 gentium
3416 2258 3572 2320 vitam
3600 2256 3663 2312 dii

2085 2353 2168 2410 sui
2195 2353 2414 2423 degant,
2438 2360 2533 2411 aut
2563 2361 2764 2422 quanta
2800 2353 2870 2412 sit
2914 2352 3134 2414 illorum
3167 2351 3480 2412 multitudo.
3519 2352 3667 2410 Certo

2087 2448 2236 2504 enim
2271 2447 2546 2505 afﬁrmare
2574 2457 2851 2518 nequeunt
2877 2461 2975 2508 eos
3015 2448 3070 2506 in
3099 2446 3239 2508 ctelo
3281 2447 3526 2508 habitare
3548 2487 3562 2510 .
3597 2455 3668 2506 ta-

2089 2541 2276 2610 lesque
2303 2539 2372 2594 ibi
2401 2555 2543 2606 esse,
2571 2539 2756 2610 quales
2799 2540 2852 2596 in
2898 2540 3060 2602 terris
3083 2540 3363 2602 coluntur.
3394 2539 3666 2605 Gentilium

2089 2631 2352 2702 siquidem
2381 2631 2561 2688 nullus
2587 2631 2717 2688 illuc
2758 2632 3068 2694 convolavit
3111 2647 3366 2703 unquam,
3399 2643 3456 2688 et
3477 2631 3664 2694 vultum

2090 2721 2432 2794 formamque
2458 2723 2675 2784 illorum
2708 2723 2932 2781 intuitus
2958 2733 3064 2784 est.

2163 2816 2349 2886 Neque
2375 2817 2537 2874 etiam
2570 2817 2676 2872 illis
2705 2818 2986 2888 explorata
3029 2820 3203 2890 magis
3245 2829 3367 2884 erat
3385 2821 3666 2885 nominum,

2092 2912 2286 2982 quibus
2313 2911 2388 2967 dii
2418 2912 2777 2979 vocabantur,
2810 2911 2986 2984 origo,
3022 2921 3078 2968 et
3102 2928 3130 2966 a
3160 2913 3359 2990 quibus
3388 2915 3670 2987 excogitata

2093 3004 2324 3074 dataque
2364 3003 2602 3060 fuerunt.
2631 3005 2764 3074 Quis
2794 3006 2936 3062 enim
2985 3020 3232 3068 asserere
3272 3007 3470 3070 audeat
3508 3015 3668 3062 utrum

393 3082 760 3154 perspicacior
809 3081 928 3149 fuit.
977 3083 1068 3152 qui
1120 3081 1172 3136 id
1219 3080 1381 3145 vidit.
1432 3081 1576 3150 quod
1619 3095 1728 3134 non
1771 3077 1990 3138 cuidem
2030 3165 2062 3172 _
2093 3096 2166 3153 dii
2196 3097 2324 3161 ιιωε,
2360 3097 2533 3168 inquit
2558 3098 2850 3166 Arnobius,
2884 3099 2982 3158 sibi
3008 3099 3183 3158 diebus
3209 3100 3546 3172 imposuerint
3579 3101 3672 3158 tui.

394 3177 646 3240 obscure,
675 3176 754 3231 uti
775 3176 869 3243 ait,
899 3175 994 3231 sed
1016 3175 1163 3231 nullo
1182 3174 1342 3244 plane
1367 3175 1530 3236 modo
1549 3173 1822 3229 Arnobius
1843 3173 1990 3228 dixe-

2098 3193 2261 3256 tricia,
2291 3192 2344 3246 in
2375 3165 2526 3263 regio
2547 3191 2738 3248 codice
2775 3194 3149 3266 manuscripto
3180 3165 3398 3266 legitur,
3430 3194 3670 3257 ludibriis,

394 3278 499 3335 rat,
530 3284 629 3325 nec
653 3270 836 3324 dicere
863 3269 1066 3323 voluit?
1113 3268 1255 3324 Nihil
1290 3267 1435 3324 enim
1481 3266 1626 3324 aliud
1648 3308 1663 3332 ,
1695 3267 1836 3324 sicut
1876 3282 1992 3322 mo-

393 3366 632 3432 nuimus,
673 3364 831 3429 dixit,
878 3380 1037 3435 quam
1071 3363 1280 3419 animas
1318 3363 1493 3418 beatae
1529 3363 1854 3417 aeternitatis
1883 3377 1989 3416 non

392 3458 507 3514 fore
535 3458 845 3527 participes,
870 3459 971 3514 nisi
1005 3457 1173 3512 Deum
1204 3465 1523 3526 agnoscant,
1569 3471 1632 3509 ac
1671 3456 1993 3525 purgatione

395 3551 650 3610 vitiorum
700 3549 767 3604 ad
817 3565 935 3605 eam
993 3549 1386 3620 assequendam
1417 3558 1620 3619 paratae
1645 3548 1771 3604 sint.
1809 3551 1993 3618 Apage

395 3659 547 3715 ergo,
598 3644 695 3700 has
744 3643 983 3714 aliasque
1030 3644 1237 3704 similes
1278 3642 1603 3712 scriptorum
1632 3642 1992 3712 quorumdam

393 3737 802 3804 annotationos,
845 3752 983 3807 quas
1019 3752 1083 3792 ea
1129 3735 1501 3792 tantummodo
1532 3737 1742 3790 ratione
1789 3751 1992 3806 conge-

392 3837 544 3898 runt,
577 3838 637 3884 ut
662 3844 831 3886 vanos
862 3831 1004 3885 male
1038 3829 1264 3901 digestae
1291 3829 1613 3888 eruditionis
1650 3830 1995 3885 rumusculos

393 3931 750 3992 aucupentur.

469 4014 640 4070 Multo
673 4014 839 4086 igitur
867 4013 1071 4070 certius
1095 4021 1180 4070 est
1203 4014 1438 4084 agnitum
1464 4011 1534 4068 ab
1559 4021 1781 4070 auctore
1807 4022 1996 4070 nostro

395 4109 590 4168 divinae
618 4111 839 4181 gratiae,
867 4123 966 4166 seu
1006 4107 1175 4164 divini
1204 4108 1398 4164 auxilii
1426 4107 1494 4164 ad
1526 4107 1866 4164 subeundum
1897 4123 1997 4179 pro

397 4202 708 4260 christiana
753 4202 1030 4274 religionis
1075 4201 1420 4260 confessione
1479 4202 1824 4273 martyrium.
1894 4202 1998 4260 Tot

397 4295 541 4358 enim
567 4296 797 4366 itumque
836 4295 1104 4354 horrenda
1134 4295 1203 4351 ad
1240 4305 1468 4354 mortem
1510 4310 1681 4367 usque
1714 4297 2001 4368 supplicia;

401 4398 509 4444 tam
540 4399 853 4446 constanter
883 4391 1090 4460 perpeti
1135 4391 1246 4446 sine
1267 4388 1412 4458 Deo,
1453 4389 1626 4460 inquit
1652 4406 1761 4446 non
1803 4401 1997 4460 potue-

399 4488 545 4538 runt.
577 4478 685 4536 Sed
715 4480 769 4536 id
813 4496 844 4538 a
872 4482 1028 4540 nobis
1057 4497 1219 4554 supra
1262 4484 1582 4554 explicatum
1621 4497 1687 4540 ac
1709 4483 1995 4560 probatum

403 4573 599 4644 (sum,
641 4588 760 4644 cap.
786 4574 844 4642 4,
877 4585 978 4630 art.
1008 4576 1103 4648 tl)
1137 4575 1307 4633 fusius
1348 4577 1567 4649 probari
1608 4577 1744 4636 nihil
1775 4592 1998 4636 necesse

401 4677 505 4724 εει.

1020 4783 1250 4842 CAPUT
1284 4782 1380 4840 XI.

403 4895 783 4956 Examinantur
809 4901 982 4970 priora
1018 4899 1229 4954 Arnobli
1255 4906 1577 4970 argumenta,
1619 4898 1798 4968 quibus
1838 4897 2004 4953 ethni-

610 5011 784 5050 corum
807 4995 1104 5068 religionem
1124 4993 1311 5066 falsam
1338 5008 1445 5049 esse
1465 4993 1798 5048 demortui-at.

932 5125 1233 5169 ABTICULUS
1269 5123 1484 5164 PRIIUS.

401 5225 1054 5286 Excutiunturgargumeuta,
1081 5219 1200 5286 inde
1219 5227 1389 5286 contra
1411 5221 1676 5286 gentilium
1699 5222 1996 5286 religionem

461 5289 523 5336 ab
559 5283 780 5334 Arnobio
804 5283 977 5348 petita,
1014 5283 1362 5348 quodetlmici
1405 5285 1656 5346 explicare
1702 5283 1999 5348 non—potue-

460 5351 578 5421 riut,
603 5344 1018 5420 ubiuam'iliorum
1033 5344 1104 5395 dii
1117 5347 1270 5421 vitam
1285 5344 1497 5421 degant}
1521 5359 1552 5394 a
1571 5349 1753 5410 quibus
1774 5344 1999 5421 imposita

461 5415 562 5464 sint
598 5423 769 5472 eorum
816 5411 1030 5469 nomina,
1083 5415 1134 5458 et
1172 5412 1353 5472 quanta
1397 5408 1461 5457 sit
1508 5408 1680 5460 eorum
1720 5408 1997 5469 multitudo,

466 5482 617 5537 atque
643 5483 705 5521 ex
731 5468 1301 5537 Ciceronis,_prmseijtim
1317 5468 1382 5537 de
1401 5478 1575 5537 natura
1598 5473 1822 5537 deorum,
1844 5468 1998 5532 libris,

466 5531 728 5598 de'quibus
745 5536 892 5598 quale
909 5531 1147 5598 judicium
1184 5531 1430 5598 Arnobius
1452 5533 1580 5598 ferat
1603 5535 1919 5598 expenditur,
1945 5548 2002 5583 ac

470 5595 669 5649 tandem
695 5595 981 5658 Euhemeri,
1006 5595 1278 5657 Nicagoras,
1299 5595 1468 5646 Pellaei
1493 5595 1711 5658 Leontis,
1732 5596 2000 5656 Theodori,

468 5659 722 5722 Hippouis,
749 5666 801 5708 et
823 5657 1027 5708 aliorum
1052 5657 1348 5708 testimonio.

390 5839 397 5847 .
484 5791 613 5848 Dum
637 5801 764 5850 sunt
783 5799 992 5850 tanmm
1014 5794 1178 5852 totius
1197 5791 1357 5864 hujus
1381 5790 1795 5860 Arnobiani,.uti
1821 5797 2008 5850 osten-

2097 3285 2148 3342 in
2170 3283 2405 3350 antiquis
2435 3283 2761 3342 editionibus
2793 3285 3029 3344 ludicris.
3055 3285 3108 3344 in
3136 3285 3324 3346 ultima
3358 3286 3596 3348 lustricia,
3628 3295 3675 3340 et

2097 3378 2148 3434 id
2178 3377 2392 3434 melius.
2426 3377 2521 3438 Est
2549 3378 2716 3442 enim,
2749 3377 2918 3448 inquit
2957 3377 3260 3438 Macrobius
3293 3377 3569 3452 (Macrob..
3594 3378 3672 3435 lib.

2065 3466 2067 3469 ’
2095 3489 2131 3537 ι,
2166 3471 2461 3536 Saturnal.,
2493 3489 2610 3543 cap.
2663 3473 2749 3538 16,
2796 3491 2915 3544 pag.
2949 3472 3102 3542 307),
3127 3475 3372 3534 lustricus
3413 3474 3549 3538 dies,
3579 3489 3673 3548 quo

2098 3565 2332 3622 infantes
2358 3568 2677 3632 lustrantur,
2710 3576 2754 3619 et
2774 3582 2956 3622 nomen
2983 3566 3264 3641 accipiunt,
3287 3581 3354 3625 ac
3381 3581 3553 3629 mares
3575 3565 3676 3636 qui-

2098 3658 2220 3726 dem
2243 3673 2408 3724 nono,
2442 3659 2653 3716 fetuinae
2682 3669 2878 3716 octavo
2898 3700 2913 3724 ,
2944 3659 3404 3730 quemadmodum
3435 3676 3462 3714 a
3507 3658 3676 3719 Servio

2097 3768 2311 3824 quoque
2340 3752 2678 3809 observatur.
2714 3755 2784 3808 At
2809 3752 2919 3822 dii,
2965 3767 3104 3822 quos
3129 3751 3371 3816 ethnici,
3406 3769 3510 3810 non
3536 3766 3677 3812 secus

2097 3861 2162 3902 ac
2187 3856 2416 3902 casteros
2457 3847 2725 3908 homines.
2756 3857 2914 3902 natos
2951 3860 3071 3902 esse
3103 3845 3430 3911 fatebantur,
3459 3855 3565 3902 tum
3596 3857 3678 3898 uo-

2098 3939 2244 3998 mina
2269 3939 2369 3996 sibi
2407 3954 2685 3996 assumere
2713 3952 2820 3994 non
2851 3945 3142 4008 potuerunt
3168 3935 3367 4012 (Fest.,
3401 3937 3462 3992 de
3499 3936 3676 3992 versor.

2101 4031 2334 4104 Signiﬁ.,
2379 4049 2500 4104 pag.
2551 4031 2704 4104 507).
2746 4030 2932 4103 Neque
2977 4031 3139 4087 etiam
3188 4031 3254 4086 iis
3298 4029 3423 4086 data
3467 4037 3588 4084 sunt
3620 4025 3679 4084 ab

2101 4123 2428 4180 hominibus.
2462 4124 2631 4180 Tanta
2675 4123 2821 4180 enim
2862 4132 2980 4178 erat
3014 4137 3077 4178 ac
3119 4137 3343 4194 prorsus
3389 4122 3679 4178 innumera-

2102 4217 2221 4274 bilis
2251 4217 2466 4275 illorum
2508 4215 2828 4282 multitudo,
2862 4224 2920 4269 ut
2965 4230 3154 4287 magna
3188 4229 3336 4285 pars,
3380 4215 3537 4274 sicuti
3576 4217 3681 4283 post

2103 4311 2497 4370 Tertullianum
2527 4310 2908 4378 ostendemus,
2950 4309 3225 4382 plerisque
3264 4309 3494 4366 diversis
3524 4304 3678 4378 genti-

2103 4405 2202 4461 bus
2231 4416 2286 4462 et
2312 4405 2526 4476 populis
2547 4421 2614 4460 nc
2641 4405 2862 4462 nomine
2893 4413 3049 4460 tenus
3079 4403 3291 4474 cognita
3324 4401 3507 4462 fuerit.

2175 4499 2347 4556 Velim
2379 4507 2558 4558 autem
2589 4497 2866 4568 expendas
2914 4507 3092 4554 utrum
3121 4506 3311 4552 auctor
3340 4505 3546 4558 noster,
3579 4492 3679 4548 haec

2103 4594 2410 4664 scribendo,
2452 4593 2588 4650 nihil
2632 4592 2962 4664 decerpserit
3008 4607 3072 4648 ex
3118 4591 3210 4648 illo
3241 4591 3516 4648 Ciceronis
3556 4588 3679 4650 loco,

2107 4688 2198 4744 ubi
2241 4684 2397 4743 Cotta
2443 4684 2547 4744 hoc
2587 4692 2961 4755 argumentum
2995 4691 3151 4755 urget
3175 4685 3391 4750 acrius,
3420 4680 3680 4748 nullosque

2106 4795 2228 4838 esse
2253 4779 2535 4850 gentilium
2561 4777 2694 4836 deos
2723 4777 3062 4834 demonstrat
3089 4794 3102 4830 :
3137 4793 3156 4828 ι
3195 4776 3333 4848 Age,
3357 4785 3412 4834 et
3438 4775 3518 4832 bis
3542 4786 3684 4827 voca-

2107 4871 2247 4932 bulis
2272 4871 2404 4928 deos
2431 4885 2552 4928 esse
2579 4869 2827 4932 facimus,
2858 4869 3053 4940 quibus
3078 4883 3108 4924 a
3135 4867 3294 4926 nobis
3327 4868 3677 4923 nominantur.

2107 4964 2178 5018 At
2203 4964 2430 5033 primum
2455 4970 2587 5033 quot
2622 4960 2898 5018 hominum
2930 4960 3148 5031 linguae,
3184 4969 3263 5016 tot
3309 4959 3522 5016 nomina
3566 4956 3679 5012 deo—

2107 5071 2249 5112 rum.
2283 5053 2403 5112 Non
2431 5054 2576 5110 enim
2601 5063 2656 5110 ut
2679 5062 2732 5108 tu
2762 5051 3020 5117 Velleius,
3045 5068 3431 5124 quoquumque
3461 5047 3676 5107 veneris.

2105 5149 2186 5204 sic
2208 5147 2348 5202 idem
2381 5147 2432 5204 in
2462 5144 2611 5202 Italia
2635 5143 2929 5211 Vulcanus,
2960 5144 3101 5200 idem
3142 5146 3192 5199 in
3220 5144 3400 5202 Africa
3422 5188 3437 5213 ,
3474 5141 3603 5200 idem
3632 5138 3677 5192 in

2107 5238 2380 5310 Hispania.
2411 5239 2616 5294 Deinde
2647 5240 2923 5298 nominum
2947 5254 3052 5296 non
3082 5255 3310 5310 magnus
3331 5252 3598 5300 numerus,
3621 5245 3679 5287 ne

2104 5333 2158 5390 in
2183 5332 2473 5394 Pontiticiis
2499 5332 2712 5404 quidem
2742 5333 2972 5396 nostris;
3002 5333 3229 5390 deorum
3252 5341 3430 5392 autem
3452 5331 3678 5387 innume—

2104 5427 2307 5483 rabilis.
2343 5430 2422 5480 Au
2465 5427 2581 5486 sine
2612 5427 2919 5484 nominibus
2965 5426 3131 5482 sunt?
3172 5424 3317 5482 Istud
3364 5423 3570 5496 quidem
3613 5419 3675 5472 ita

2106 5518 2260 5576 vobis
2304 5517 2481 5572 dicere
2521 5532 2744 5572 necesse
2792 5525 2894 5572 est.
2939 5515 3077 5585 Quid
3118 5516 3260 5572 enim
3301 5515 3523 5579 attinet,
3566 5521 3674 5564 cum

2108 5626 2213 5667 una
2241 5609 2406 5666 facies
2433 5611 2522 5673 sit,
2553 5610 2706 5682 plura
2729 5624 2849 5665 esse
2867 5609 3081 5666 nomina
3100 5609 3123 5666 ?
3140 5609 3307 5679 Quam
3334 5607 3529 5662 bellum
3552 5609 3672 5664 erat,

2106 5703 2297 5768 Vellei.
2328 5704 2572 5762 conﬁteri
2602 5705 2778 5775 potius
2809 5703 3041 5771 nescire,
3074 5702 3218 5775 quod
3248 5701 3506 5764 nescires.
3532 5707 3674 5770 quam

2119 5799 2220 5857 ista
2242 5798 2573 5857 effutientem
2602 5799 2903 5857 nauseare?
2930 5797 3012 5856 An
3045 5806 3116 5873 tu
3145 5797 3251 5858 mei
3288 5795 3512 5856 similem
3541 5799 3685 5864 putas
