  <div class='ocr_page' id='page_1' title='image "/cluster/home/n/w/nwhite01/storage/ocr_20150623/5/hvd.32044015466758/254.png"; bbox 0 0 3904 6326; ppageno 0'>
   <div class='ocr_carea' id='block_1_1' title="bbox 202 251 284 310">
    <p class='ocr_par' dir='ltr' id='par_1_1' title="bbox 202 251 284 310">
     <span class='ocr_line' id='line_1_1' title="bbox 202 251 284 310; baseline -0.049 0"><span class='ocrx_word' id='word_1_1' title='bbox 202 251 284 310; x_wconf 80' lang='grc'><strong>501</strong></span> 
     </span>
    </p>
   </div>
   <div class='ocr_carea' id='block_1_2' title="bbox 1379 232 2202 300">
    <p class='ocr_par' dir='ltr' id='par_1_2' title="bbox 1379 232 2202 300">
     <span class='ocr_line' id='line_1_2' title="bbox 1379 232 2202 300; baseline 0.002 -12"><span class='ocrx_word' id='word_1_2' title='bbox 1379 233 1447 290; x_wconf 86' lang='lat' dir='ltr'><strong>iN</strong></span> <span class='ocrx_word' id='word_1_3' title='bbox 1476 232 1868 300; x_wconf 63' lang='lat' dir='ltr'><strong>ABNOBIUI,</strong></span> <span class='ocrx_word' id='word_1_4' title='bbox 1911 232 2069 290; x_wconf 82' lang='lat' dir='ltr'><strong>CAP.</strong></span> <span class='ocrx_word' id='word_1_5' title='bbox 2113 233 2202 290; x_wconf 71' lang='lat' dir='ltr'><strong>Kl.</strong></span> 
     </span>
    </p>
   </div>
   <div class='ocr_carea' id='block_1_3' title="bbox 3374 222 3480 280">
    <p class='ocr_par' dir='ltr' id='par_1_3' title="bbox 3374 222 3480 280">
     <span class='ocr_line' id='line_1_3' title="bbox 3374 222 3480 280; baseline 0.019 -2"><span class='ocrx_word' id='word_1_6' title='bbox 3374 222 3480 280; x_wconf 70' lang='lat'><strong>502</strong></span> 
     </span>
    </p>
   </div>
   <div class='ocr_carea' id='block_1_4' title="bbox 200 341 3477 438">
    <p class='ocr_par' dir='ltr' id='par_1_4' title="bbox 200 341 3477 438">
     <span class='ocr_line' id='line_1_4' title="bbox 200 341 3477 438; baseline -0.008 -15"><span class='ocrx_word' id='word_1_7' title='bbox 200 380 322 432; x_wconf 86' lang='lat' dir='ltr'><strong>esse,</strong></span> <span class='ocrx_word' id='word_1_8' title='bbox 349 371 442 420; x_wconf 85' lang='lat' dir='ltr'><strong>aut</strong></span> <span class='ocrx_word' id='word_1_9' title='bbox 468 358 545 416; x_wconf 90' lang='lat' dir='ltr'><strong>tui</strong></span> <span class='ocrx_word' id='word_1_10' title='bbox 571 356 793 416; x_wconf 74' lang='lat' dir='ltr'><strong>Deum?</strong></span> <span class='ocrx_word' id='word_1_11' title='bbox 825 353 1074 412; x_wconf 76' lang='lat' dir='ltr'><strong>Profecto</strong></span> <span class='ocrx_word' id='word_1_12' title='bbox 1105 364 1220 438; x_wconf 83' lang='lat' dir='ltr'><strong>non</strong></span> <span class='ocrx_word' id='word_1_13' title='bbox 1251 357 1436 422; x_wconf 84' lang='lat' dir='ltr'><strong>putas.</strong></span> <span class='ocrx_word' id='word_1_14' title='bbox 1477 368 1505 402; x_wconf 62' lang='grc' dir='ltr'><strong>ι</strong></span> <span class='ocrx_word' id='word_1_15' title='bbox 1552 348 1770 421; x_wconf 61' lang='lat' dir='ltr'><strong>(Ciam.</strong></span> <span class='ocrx_word' id='word_1_16' title='bbox 1799 352 1854 412; x_wconf 77' lang='grc' dir='ltr'><strong>Α</strong></span> <span class='ocrx_word' id='word_1_17' title='bbox 1879 347 2160 420; x_wconf 90' lang='lat' dir='ltr'><strong>gentilium</strong></span> <span class='ocrx_word' id='word_1_18' title='bbox 2183 347 2529 419; x_wconf 89' lang='lat' dir='ltr'><strong>opinionibus</strong></span> <span class='ocrx_word' id='word_1_19' title='bbox 2547 345 2812 418; x_wconf 85' lang='lat' dir='ltr'><strong>indignari</strong></span> <span class='ocrx_word' id='word_1_20' title='bbox 2827 343 3072 416; x_wconf 80' lang='lat' dir='ltr'><strong>quidem,</strong></span> <span class='ocrx_word' id='word_1_21' title='bbox 3091 341 3189 398; x_wconf 88' lang='lat' dir='ltr'><strong>sed</strong></span> <span class='ocrx_word' id='word_1_22' title='bbox 3215 360 3235 394; x_wconf 85' lang='grc'><em>‹</em></span> <span class='ocrx_word' id='word_1_23' title='bbox 3267 343 3477 406; x_wconf 89' lang='lat' dir='ltr'><strong>conari,</strong></span> 
     </span>
    </p>
   </div>
   <div class='ocr_carea' id='block_1_5' title="bbox 203 434 3481 524">
    <p class='ocr_par' dir='ltr' id='par_1_5' title="bbox 203 434 3481 524">
     <span class='ocr_line' id='line_1_5' title="bbox 203 434 3481 524; baseline -0.009 -7"><span class='ocrx_word' id='word_1_24' title='bbox 203 462 275 518; x_wconf 82' lang='lat' dir='ltr'><strong>lib.</strong></span> <span class='ocrx_word' id='word_1_25' title='bbox 301 461 339 524; x_wconf 77' lang='grc' dir='ltr'>ι,</span> <span class='ocrx_word' id='word_1_26' title='bbox 365 457 430 512; x_wconf 78' lang='lat' dir='ltr'><strong>de</strong></span> <span class='ocrx_word' id='word_1_27' title='bbox 453 453 586 512; x_wconf 80' lang='lat' dir='ltr'><strong>Nat.</strong></span> <span class='ocrx_word' id='word_1_28' title='bbox 613 453 786 518; x_wconf 60' lang='lat' dir='ltr'><strong>icon,</strong></span> <span class='ocrx_word' id='word_1_29' title='bbox 831 467 954 522; x_wconf 74' lang='lat' dir='ltr'><strong>pag.</strong></span> <span class='ocrx_word' id='word_1_30' title='bbox 993 447 1123 514; x_wconf 71' lang='lat'><strong>207,</strong></span> <span class='ocrx_word' id='word_1_31' title='bbox 1156 435 1251 501; x_wconf 69' lang='lat' dir='ltr'><strong>nn.</strong></span> <span class='ocrx_word' id='word_1_32' title='bbox 1287 443 1408 516; x_wconf 66' lang='lat'><strong>29.)</strong></span> <span class='ocrx_word' id='word_1_33' title='bbox 1435 442 1600 499; x_wconf 81' lang='lat' dir='ltr'><strong>Vides</strong></span> <span class='ocrx_word' id='word_1_34' title='bbox 1628 451 1778 498; x_wconf 88' lang='lat' dir='ltr'><strong>certe</strong></span> <span class='ocrx_word' id='word_1_35' title='bbox 1882 442 2009 496; x_wconf 89' lang='lat' dir='ltr'><strong>dum</strong></span> <span class='ocrx_word' id='word_1_36' title='bbox 2037 441 2487 498; x_wconf 73' lang='lat' dir='ltr'><strong>consuetudinem</strong></span> <span class='ocrx_word' id='word_1_37' title='bbox 2519 440 2754 495; x_wconf 74' lang='lat' dir='ltr'><strong>civitatis</strong></span> <span class='ocrx_word' id='word_1_38' title='bbox 2790 439 2962 502; x_wconf 83' lang='lat' dir='ltr'><strong>timet,</strong></span> <span class='ocrx_word' id='word_1_39' title='bbox 2994 436 3317 508; x_wconf 78' lang='lat' dir='ltr'><strong>religionem</strong></span> <span class='ocrx_word' id='word_1_40' title='bbox 3366 434 3481 488; x_wconf 87' lang='lat' dir='ltr'><strong>lau-</strong></span> 
     </span>
    </p>
   </div>
   <div class='ocr_carea' id='block_1_6' title="bbox 203 536 1779 611">
    <p class='ocr_par' dir='ltr' id='par_1_6' title="bbox 203 536 1779 611">
     <span class='ocr_line' id='line_1_6' title="bbox 203 536 1779 611; baseline -0.012 -2"><span class='ocrx_word' id='word_1_41' title='bbox 203 550 424 610; x_wconf 77' lang='lat' dir='ltr'><strong>eamdem</strong></span> <span class='ocrx_word' id='word_1_42' title='bbox 449 561 580 606; x_wconf 81' lang='lat' dir='ltr'><strong>esse</strong></span> <span class='ocrx_word' id='word_1_43' title='bbox 627 543 907 602; x_wconf 80' lang='lat' dir='ltr'><strong>Ciceronis</strong></span> <span class='ocrx_word' id='word_1_44' title='bbox 942 550 1108 611; x_wconf 86' lang='lat' dir='ltr'><strong>atque</strong></span> <span class='ocrx_word' id='word_1_45' title='bbox 1144 538 1372 596; x_wconf 84' lang='lat' dir='ltr'><strong>Arnobii</strong></span> <span class='ocrx_word' id='word_1_46' title='bbox 1409 536 1584 593; x_wconf 89' lang='lat' dir='ltr'><strong>nostri</strong></span> <span class='ocrx_word' id='word_1_47' title='bbox 1619 551 1779 606; x_wconf 89' lang='lat' dir='ltr'><strong>argn-</strong></span> 
     </span>
    </p>
   </div>
   <div class='ocr_carea' id='block_1_7' title="bbox 1883 525 3482 604">
    <p class='ocr_par' dir='ltr' id='par_1_7' title="bbox 1883 525 3482 604">
     <span class='ocr_line' id='line_1_7' title="bbox 1883 525 3482 604; baseline -0.006 -14"><span class='ocrx_word' id='word_1_48' title='bbox 1883 534 2016 590; x_wconf 85' lang='lat' dir='ltr'><strong>dare</strong></span> <span class='ocrx_word' id='word_1_49' title='bbox 2041 534 2330 604; x_wconf 85' lang='lat' dir='ltr'><strong>majorum,</strong></span> <span class='ocrx_word' id='word_1_50' title='bbox 2361 548 2587 603; x_wconf 90' lang='lat' dir='ltr'><strong>eamque</strong></span> <span class='ocrx_word' id='word_1_51' title='bbox 2623 548 2653 586; x_wconf 87' lang='lat' dir='ltr'><strong>a</strong></span> <span class='ocrx_word' id='word_1_52' title='bbox 2691 531 3077 602; x_wconf 82' lang='lat' dir='ltr'><strong>superstitione</strong></span> <span class='ocrx_word' id='word_1_53' title='bbox 3115 527 3259 584; x_wconf 83' lang='lat' dir='ltr'><strong>velle</strong></span> <span class='ocrx_word' id='word_1_54' title='bbox 3298 525 3482 598; x_wconf 86' lang='lat' dir='ltr'><strong>sejun-</strong></span> 
     </span>
    </p>
   </div>
   <div class='ocr_carea' id='block_1_8' title="bbox 202 619 3485 714">
    <p class='ocr_par' dir='ltr' id='par_1_8' title="bbox 202 619 3485 714">
     <span class='ocr_line' id='line_1_8' title="bbox 202 619 3485 714; baseline -0.011 -6"><span class='ocrx_word' id='word_1_55' title='bbox 202 645 584 709; x_wconf 81' lang='lat' dir='ltr'><strong>mentationem,</strong></span> <span class='ocrx_word' id='word_1_56' title='bbox 617 658 722 714; x_wconf 82' lang='lat' dir='ltr'><strong>qua</strong></span> <span class='ocrx_word' id='word_1_57' title='bbox 769 641 1079 698; x_wconf 84' lang='lat' dir='ltr'><strong>ﬁctitiorum</strong></span> <span class='ocrx_word' id='word_1_58' title='bbox 1121 637 1410 694; x_wconf 84' lang='lat' dir='ltr'><strong>numinum</strong></span> <span class='ocrx_word' id='word_1_59' title='bbox 1437 634 1780 691; x_wconf 80' lang='lat' dir='ltr'><strong>divinitatem</strong></span> <span class='ocrx_word' id='word_1_60' title='bbox 1883 645 2036 702; x_wconf 87' lang='lat' dir='ltr'><strong>gere,</strong></span> <span class='ocrx_word' id='word_1_61' title='bbox 2063 628 2158 683; x_wconf 93' lang='lat' dir='ltr'><strong>sed</strong></span> <span class='ocrx_word' id='word_1_62' title='bbox 2184 628 2457 700; x_wconf 88' lang='lat' dir='ltr'><strong>quomodo</strong></span> <span class='ocrx_word' id='word_1_63' title='bbox 2491 627 2542 681; x_wconf 92' lang='lat' dir='ltr'><strong>id</strong></span> <span class='ocrx_word' id='word_1_64' title='bbox 2572 626 2762 697; x_wconf 86' lang='lat' dir='ltr'><strong>possit,</strong></span> <span class='ocrx_word' id='word_1_65' title='bbox 2805 640 2914 679; x_wconf 90' lang='lat' dir='ltr'><strong>non</strong></span> <span class='ocrx_word' id='word_1_66' title='bbox 2961 623 3231 679; x_wconf 89' lang='lat' dir='ltr'><strong>invenire.</strong></span> <span class='ocrx_word' id='word_1_67' title='bbox 3287 641 3306 674; x_wconf 74' lang='grc' dir='ltr'><strong>ι</strong></span> <span class='ocrx_word' id='word_1_68' title='bbox 3357 619 3485 693; x_wconf 82' lang='lat' dir='ltr'><strong>(Au-</strong></span> 
     </span>
    </p>
   </div>
   <div class='ocr_carea' id='block_1_9' title="bbox 202 734 815 814">
    <p class='ocr_par' dir='ltr' id='par_1_9' title="bbox 202 734 815 814">
     <span class='ocr_line' id='line_1_9' title="bbox 202 734 815 814; baseline -0.015 -17"><span class='ocrx_word' id='word_1_69' title='bbox 202 743 305 814; x_wconf 81' lang='lat' dir='ltr'><strong>jnre</strong></span> <span class='ocrx_word' id='word_1_70' title='bbox 335 737 527 794; x_wconf 90' lang='lat' dir='ltr'><strong>merito</strong></span> <span class='ocrx_word' id='word_1_71' title='bbox 555 734 815 806; x_wconf 82' lang='lat' dir='ltr'><strong>explodit.</strong></span> 
     </span>
    </p>
   </div>
   <div class='ocr_carea' id='block_1_10' title="bbox 263 818 1779 904">
    <p class='ocr_par' dir='ltr' id='par_1_10' title="bbox 263 818 1779 904">
     <span class='ocr_line' id='line_1_10' title="bbox 263 818 1779 904; baseline -0.012 -14"><span class='ocrx_word' id='word_1_72' title='bbox 263 833 439 904; x_wconf 82' lang='lat' dir='ltr'><strong>Neque</strong></span> <span class='ocrx_word' id='word_1_73' title='bbox 471 830 547 888; x_wconf 86' lang='lat' dir='ltr'><strong>ibi</strong></span> <span class='ocrx_word' id='word_1_74' title='bbox 594 837 801 886; x_wconf 85' lang='lat' dir='ltr'><strong>tantum</strong></span> <span class='ocrx_word' id='word_1_75' title='bbox 841 834 1031 884; x_wconf 81' lang='lat' dir='ltr'><strong>auctor</strong></span> <span class='ocrx_word' id='word_1_76' title='bbox 1077 833 1261 880; x_wconf 87' lang='lat' dir='ltr'><strong>noster</strong></span> <span class='ocrx_word' id='word_1_77' title='bbox 1299 822 1503 892; x_wconf 85' lang='lat' dir='ltr'><strong>premit</strong></span> <span class='ocrx_word' id='word_1_78' title='bbox 1547 818 1779 876; x_wconf 86' lang='lat' dir='ltr'><strong>oratoris</strong></span> 
     </span>
    </p>
   </div>
   <div class='ocr_carea' id='block_1_11' title="bbox 210 911 1784 992">
    <p class='ocr_par' dir='ltr' id='par_1_11' title="bbox 210 911 1784 992">
     <span class='ocr_line' id='line_1_11' title="bbox 210 911 1784 992; baseline -0.013 -10"><span class='ocrx_word' id='word_1_79' title='bbox 210 923 339 983; x_wconf 86' lang='lat' dir='ltr'><strong>latini</strong></span> <span class='ocrx_word' id='word_1_80' title='bbox 367 921 587 992; x_wconf 88' lang='lat' dir='ltr'><strong>vestigia</strong></span> <span class='ocrx_word' id='word_1_81' title='bbox 619 961 633 972; x_wconf 94' lang='lat'><strong>.</strong></span> <span class='ocrx_word' id='word_1_82' title='bbox 669 918 764 974; x_wconf 87' lang='lat' dir='ltr'><strong>sed</strong></span> <span class='ocrx_word' id='word_1_83' title='bbox 789 918 917 973; x_wconf 86' lang='lat' dir='ltr'><strong>alibi</strong></span> <span class='ocrx_word' id='word_1_84' title='bbox 943 915 1160 986; x_wconf 66' lang='lat' dir='ltr'><strong>sepius,</strong></span> <span class='ocrx_word' id='word_1_85' title='bbox 1199 925 1293 968; x_wconf 91' lang='lat' dir='ltr'><strong>aut</strong></span> <span class='ocrx_word' id='word_1_86' title='bbox 1327 912 1494 968; x_wconf 88' lang='lat' dir='ltr'><strong>verba</strong></span> <span class='ocrx_word' id='word_1_87' title='bbox 1519 911 1657 980; x_wconf 86' lang='lat' dir='ltr'><strong>ejus,</strong></span> <span class='ocrx_word' id='word_1_88' title='bbox 1690 919 1784 964; x_wconf 89' lang='lat' dir='ltr'><strong>aut</strong></span> 
     </span>
    </p>
   </div>
   <div class='ocr_carea' id='block_1_12' title="bbox 208 1000 1785 1085">
    <p class='ocr_par' dir='ltr' id='par_1_12' title="bbox 208 1000 1785 1085">
     <span class='ocr_line' id='line_1_12' title="bbox 208 1000 1785 1085; baseline -0.012 -10"><span class='ocrx_word' id='word_1_89' title='bbox 208 1032 402 1076; x_wconf 87' lang='lat' dir='ltr'><strong>sensum</strong></span> <span class='ocrx_word' id='word_1_90' title='bbox 431 1000 710 1085; x_wconf 59' lang='lat' dir='ltr'><strong>eiprimit.</strong></span> <span class='ocrx_word' id='word_1_91' title='bbox 737 1013 807 1069; x_wconf 80' lang='lat' dir='ltr'><strong>At</strong></span> <span class='ocrx_word' id='word_1_92' title='bbox 829 1026 890 1068; x_wconf 83' lang='lat' dir='ltr'><strong>ea</strong></span> <span class='ocrx_word' id='word_1_93' title='bbox 921 1010 1102 1065; x_wconf 84' lang='lat' dir='ltr'><strong>hausit</strong></span> <span class='ocrx_word' id='word_1_94' title='bbox 1131 1009 1470 1080; x_wconf 90' lang='lat' dir='ltr'><strong>potissimum</strong></span> <span class='ocrx_word' id='word_1_95' title='bbox 1517 1020 1588 1060; x_wconf 78' lang='lat' dir='ltr'><strong>ex</strong></span> <span class='ocrx_word' id='word_1_96' title='bbox 1612 1003 1785 1058; x_wconf 89' lang='lat' dir='ltr'><strong>tribus</strong></span> 
     </span>
    </p>
   </div>
   <div class='ocr_carea' id='block_1_13' title="bbox 208 1093 1786 1172">
    <p class='ocr_par' dir='ltr' id='par_1_13' title="bbox 208 1093 1786 1172">
     <span class='ocr_line' id='line_1_13' title="bbox 208 1093 1786 1172; baseline -0.016 0"><span class='ocrx_word' id='word_1_97' title='bbox 208 1112 334 1172; x_wconf 82' lang='lat' dir='ltr'><strong>illius</strong></span> <span class='ocrx_word' id='word_1_98' title='bbox 355 1109 418 1164; x_wconf 84' lang='lat' dir='ltr'><strong>de</strong></span> <span class='ocrx_word' id='word_1_99' title='bbox 441 1107 646 1163; x_wconf 83' lang='lat' dir='ltr'><strong>Natura</strong></span> <span class='ocrx_word' id='word_1_100' title='bbox 677 1105 888 1160; x_wconf 80' lang='lat' dir='ltr'><strong>deorum</strong></span> <span class='ocrx_word' id='word_1_101' title='bbox 924 1103 1096 1166; x_wconf 80' lang='lat' dir='ltr'><strong>libris,</strong></span> <span class='ocrx_word' id='word_1_102' title='bbox 1143 1100 1218 1155; x_wconf 89' lang='lat' dir='ltr'><strong>uti</strong></span> <span class='ocrx_word' id='word_1_103' title='bbox 1263 1114 1335 1155; x_wconf 80' lang='lat' dir='ltr'><strong>ex</strong></span> <span class='ocrx_word' id='word_1_104' title='bbox 1367 1097 1505 1153; x_wconf 88' lang='lat' dir='ltr'><strong>infra</strong></span> <span class='ocrx_word' id='word_1_105' title='bbox 1544 1093 1786 1152; x_wconf 79' lang='lat' dir='ltr'><strong>dicendis</strong></span> 
     </span>
    </p>
   </div>
   <div class='ocr_carea' id='block_1_14' title="bbox 209 1190 1787 1270">
    <p class='ocr_par' dir='ltr' id='par_1_14' title="bbox 209 1190 1787 1270">
     <span class='ocr_line' id='line_1_14' title="bbox 209 1190 1787 1270; baseline -0.015 -7"><span class='ocrx_word' id='word_1_106' title='bbox 209 1218 380 1263; x_wconf 87' lang='lat' dir='ltr'><strong>omnes</strong></span> <span class='ocrx_word' id='word_1_107' title='bbox 411 1201 732 1270; x_wconf 82' lang='lat' dir='ltr'><strong>intelligent.</strong></span> <span class='ocrx_word' id='word_1_108' title='bbox 780 1197 938 1254; x_wconf 84' lang='lat' dir='ltr'><strong>Prius</strong></span> <span class='ocrx_word' id='word_1_109' title='bbox 968 1195 1149 1265; x_wconf 85' lang='lat' dir='ltr'><strong>igitur,</strong></span> <span class='ocrx_word' id='word_1_110' title='bbox 1200 1207 1361 1264; x_wconf 90' lang='lat' dir='ltr'><strong>quam</strong></span> <span class='ocrx_word' id='word_1_111' title='bbox 1406 1190 1631 1246; x_wconf 89' lang='lat' dir='ltr'><strong>ulterius</strong></span> <span class='ocrx_word' id='word_1_112' title='bbox 1662 1201 1787 1258; x_wconf 87' lang='lat' dir='ltr'><strong>pro-</strong></span> 
     </span>
    </p>
   </div>
   <div class='ocr_carea' id='block_1_15' title="bbox 209 1280 1787 1370">
    <p class='ocr_par' dir='ltr' id='par_1_15' title="bbox 209 1280 1787 1370">
     <span class='ocr_line' id='line_1_15' title="bbox 209 1280 1787 1370; baseline -0.012 -16"><span class='ocrx_word' id='word_1_113' title='bbox 209 1296 520 1370; x_wconf 88' lang='lat' dir='ltr'><strong>grediamur,</strong></span> <span class='ocrx_word' id='word_1_114' title='bbox 544 1309 652 1349; x_wconf 86' lang='lat' dir='ltr'><strong>non</strong></span> <span class='ocrx_word' id='word_1_115' title='bbox 699 1288 906 1346; x_wconf 89' lang='lat' dir='ltr'><strong>inutilis</strong></span> <span class='ocrx_word' id='word_1_116' title='bbox 945 1286 1302 1359; x_wconf 85' lang='lat' dir='ltr'><strong>proculdubio</strong></span> <span class='ocrx_word' id='word_1_117' title='bbox 1344 1298 1523 1354; x_wconf 63' lang='lat' dir='ltr'><strong>operae</strong></span> <span class='ocrx_word' id='word_1_118' title='bbox 1562 1280 1787 1352; x_wconf 86' lang='lat' dir='ltr'><strong>pretium</strong></span> 
     </span>
    </p>
   </div>
   <div class='ocr_carea' id='block_1_16' title="bbox 212 1372 1790 1456">
    <p class='ocr_par' dir='ltr' id='par_1_16' title="bbox 212 1372 1790 1456">
     <span class='ocr_line' id='line_1_16' title="bbox 212 1372 1790 1456; baseline -0.014 -8"><span class='ocrx_word' id='word_1_119' title='bbox 212 1391 301 1448; x_wconf 85' lang='lat' dir='ltr'><strong>erit</strong></span> <span class='ocrx_word' id='word_1_120' title='bbox 327 1373 641 1454; x_wconf 81' lang='lat' dir='ltr'><strong>observare,</strong></span> <span class='ocrx_word' id='word_1_121' title='bbox 667 1385 811 1456; x_wconf 89' lang='lat' dir='ltr'><strong>quod</strong></span> <span class='ocrx_word' id='word_1_122' title='bbox 840 1392 1028 1441; x_wconf 81' lang='lat' dir='ltr'><strong>auctor</strong></span> <span class='ocrx_word' id='word_1_123' title='bbox 1069 1389 1255 1438; x_wconf 89' lang='lat' dir='ltr'><strong>noster</strong></span> <span class='ocrx_word' id='word_1_124' title='bbox 1292 1377 1359 1434; x_wconf 86' lang='lat' dir='ltr'><strong>de</strong></span> <span class='ocrx_word' id='word_1_125' title='bbox 1389 1375 1472 1432; x_wconf 89' lang='lat' dir='ltr'><strong>his</strong></span> <span class='ocrx_word' id='word_1_126' title='bbox 1512 1372 1790 1430; x_wconf 89' lang='lat' dir='ltr'><strong>Ciceronis</strong></span> 
     </span>
    </p>
   </div>
   <div class='ocr_carea' id='block_1_17' title="bbox 210 1470 1791 1551">
    <p class='ocr_par' dir='ltr' id='par_1_17' title="bbox 210 1470 1791 1551">
     <span class='ocr_line' id='line_1_17' title="bbox 210 1470 1791 1551; baseline -0.011 -12"><span class='ocrx_word' id='word_1_127' title='bbox 210 1483 344 1540; x_wconf 88' lang='lat' dir='ltr'><strong>libris</strong></span> <span class='ocrx_word' id='word_1_128' title='bbox 370 1482 506 1536; x_wconf 85' lang='lat' dir='ltr'><strong>ferat</strong></span> <span class='ocrx_word' id='word_1_129' title='bbox 539 1480 827 1551; x_wconf 82' lang='lat' dir='ltr'><strong>judicium,</strong></span> <span class='ocrx_word' id='word_1_130' title='bbox 857 1487 914 1538; x_wconf 86' lang='lat' dir='ltr'><strong>et</strong></span> <span class='ocrx_word' id='word_1_131' title='bbox 941 1492 1036 1533; x_wconf 91' lang='lat' dir='ltr'><strong>cur</strong></span> <span class='ocrx_word' id='word_1_132' title='bbox 1082 1487 1271 1534; x_wconf 85' lang='lat' dir='ltr'><strong>eorum</strong></span> <span class='ocrx_word' id='word_1_133' title='bbox 1298 1473 1355 1528; x_wconf 86' lang='lat' dir='ltr'><strong>in</strong></span> <span class='ocrx_word' id='word_1_134' title='bbox 1382 1470 1575 1543; x_wconf 87' lang='lat' dir='ltr'><strong>primis</strong></span> <span class='ocrx_word' id='word_1_135' title='bbox 1601 1475 1791 1525; x_wconf 85' lang='lat' dir='ltr'><strong>aucto-</strong></span> 
     </span>
    </p>
   </div>
   <div class='ocr_carea' id='block_1_18' title="bbox 208 1573 879 1633">
    <p class='ocr_par' dir='ltr' id='par_1_18' title="bbox 208 1573 879 1633">
     <span class='ocr_line' id='line_1_18' title="bbox 208 1573 879 1633; baseline -0.01 0"><span class='ocrx_word' id='word_1_136' title='bbox 208 1578 351 1633; x_wconf 84' lang='lat' dir='ltr'><strong>ritate</strong></span> <span class='ocrx_word' id='word_1_137' title='bbox 375 1576 620 1632; x_wconf 85' lang='lat' dir='ltr'><strong>ethnicos</strong></span> <span class='ocrx_word' id='word_1_138' title='bbox 649 1573 879 1629; x_wconf 91' lang='lat' dir='ltr'><strong>refellat.</strong></span> 
     </span>
    </p>
   </div>
   <div class='ocr_carea' id='block_1_19' title="bbox 273 1652 1790 1738">
    <p class='ocr_par' dir='ltr' id='par_1_19' title="bbox 273 1652 1790 1738">
     <span class='ocr_line' id='line_1_19' title="bbox 273 1652 1790 1738; baseline -0.011 -16"><span class='ocrx_word' id='word_1_139' title='bbox 273 1669 341 1724; x_wconf 92' lang='lat' dir='ltr'><strong>De</strong></span> <span class='ocrx_word' id='word_1_140' title='bbox 388 1668 622 1738; x_wconf 88' lang='lat' dir='ltr'><strong>ipsomet</strong></span> <span class='ocrx_word' id='word_1_141' title='bbox 667 1674 848 1719; x_wconf 88' lang='lat' dir='ltr'><strong>autem</strong></span> <span class='ocrx_word' id='word_1_142' title='bbox 897 1661 1192 1726; x_wconf 90' lang='lat' dir='ltr'><strong>Cicerone,</strong></span> <span class='ocrx_word' id='word_1_143' title='bbox 1242 1659 1294 1712; x_wconf 93' lang='lat' dir='ltr'><strong>in</strong></span> <span class='ocrx_word' id='word_1_144' title='bbox 1325 1656 1478 1711; x_wconf 89' lang='lat' dir='ltr'><strong>hisce</strong></span> <span class='ocrx_word' id='word_1_145' title='bbox 1519 1652 1671 1708; x_wconf 90' lang='lat' dir='ltr'><strong>libris</strong></span> <span class='ocrx_word' id='word_1_146' title='bbox 1711 1652 1790 1706; x_wconf 93' lang='lat' dir='ltr'><strong>lo-</strong></span> 
     </span>
    </p>
   </div>
   <div class='ocr_carea' id='block_1_20' title="bbox 1886 714 3486 795">
    <p class='ocr_par' dir='ltr' id='par_1_20' title="bbox 1886 714 3486 795">
     <span class='ocr_line' id='line_1_20' title="bbox 1886 714 3486 795; baseline -0.004 -19"><span class='ocrx_word' id='word_1_147' title='bbox 1886 733 2048 795; x_wconf 78' lang='lat' dir='ltr'><strong>gust.,</strong></span> <span class='ocrx_word' id='word_1_148' title='bbox 2065 722 2155 776; x_wconf 81' lang='lat' dir='ltr'><strong>lib.</strong></span> <span class='ocrx_word' id='word_1_149' title='bbox 2183 737 2237 775; x_wconf 81' lang='lat' dir='ltr'><strong>iv</strong></span> <span class='ocrx_word' id='word_1_150' title='bbox 2264 723 2327 774; x_wconf 87' lang='lat' dir='ltr'><strong>de</strong></span> <span class='ocrx_word' id='word_1_151' title='bbox 2343 719 2519 786; x_wconf 83' lang='lat' dir='ltr'><strong>Civit.,</strong></span> <span class='ocrx_word' id='word_1_152' title='bbox 2548 735 2665 789; x_wconf 86' lang='lat' dir='ltr'><strong>cap.</strong></span> <span class='ocrx_word' id='word_1_153' title='bbox 2689 719 2782 785; x_wconf 78' lang='lat'><strong>30,</strong></span> <span class='ocrx_word' id='word_1_154' title='bbox 2809 735 2930 790; x_wconf 84' lang='lat' dir='ltr'><strong>pag.</strong></span> <span class='ocrx_word' id='word_1_155' title='bbox 2958 715 3107 790; x_wconf 83' lang='lat' dir='ltr'><strong>HO).</strong></span> <span class='ocrx_word' id='word_1_156' title='bbox 3131 715 3268 771; x_wconf 87' lang='lat' dir='ltr'><strong>Tum</strong></span> <span class='ocrx_word' id='word_1_157' title='bbox 3290 714 3486 770; x_wconf 88' lang='lat' dir='ltr'><strong>deinde</strong></span> 
     </span>
    </p>
   </div>
   <div class='ocr_carea' id='block_1_21' title="bbox 1889 808 3486 886">
    <p class='ocr_par' dir='ltr' id='par_1_21' title="bbox 1889 808 3486 886">
     <span class='ocr_line' id='line_1_21' title="bbox 1889 808 3486 886; baseline -0.006 -15"><span class='ocrx_word' id='word_1_158' title='bbox 1889 817 2137 886; x_wconf 88' lang='lat' dir='ltr'><strong>sequenti</strong></span> <span class='ocrx_word' id='word_1_159' title='bbox 2167 814 2306 869; x_wconf 88' lang='lat' dir='ltr'><strong>libro</strong></span> <span class='ocrx_word' id='word_1_160' title='bbox 2327 814 2424 880; x_wconf 89' lang='lat' dir='ltr'><strong>ait,</strong></span> <span class='ocrx_word' id='word_1_161' title='bbox 2456 827 2579 868; x_wconf 90' lang='lat' dir='ltr'><strong>cum</strong></span> <span class='ocrx_word' id='word_1_162' title='bbox 2603 812 2694 866; x_wconf 91' lang='lat' dir='ltr'><strong>ille</strong></span> <span class='ocrx_word' id='word_1_163' title='bbox 2711 809 2921 865; x_wconf 86' lang='lat' dir='ltr'><strong>videret</strong></span> <span class='ocrx_word' id='word_1_164' title='bbox 2946 808 3343 878; x_wconf 89' lang='lat' dir='ltr'><strong>apertissimam</strong></span> <span class='ocrx_word' id='word_1_165' title='bbox 3363 820 3486 862; x_wconf 90' lang='lat' dir='ltr'><strong>esse</strong></span> 
     </span>
    </p>
   </div>
   <div class='ocr_carea' id='block_1_22' title="bbox 1891 902 3491 976">
    <p class='ocr_par' dir='ltr' id='par_1_22' title="bbox 1891 902 3491 976">
     <span class='ocr_line' id='line_1_22' title="bbox 1891 902 3491 976; baseline -0.004 -12"><span class='ocrx_word' id='word_1_166' title='bbox 1891 909 2180 976; x_wconf 79' lang='lat' dir='ltr'><strong>insaniam,</strong></span> <span class='ocrx_word' id='word_1_167' title='bbox 2211 926 2230 959; x_wconf 77' lang='grc' dir='ltr'><strong>ι</strong></span> <span class='ocrx_word' id='word_1_168' title='bbox 2269 907 2511 963; x_wconf 89' lang='lat' dir='ltr'><strong>conﬁteri</strong></span> <span class='ocrx_word' id='word_1_169' title='bbox 2557 907 2724 961; x_wconf 90' lang='lat' dir='ltr'><strong>Deum</strong></span> <span class='ocrx_word' id='word_1_170' title='bbox 2752 913 2808 960; x_wconf 92' lang='lat' dir='ltr'><strong>et</strong></span> <span class='ocrx_word' id='word_1_171' title='bbox 2853 919 3052 975; x_wconf 87' lang='lat' dir='ltr'><strong>negare</strong></span> <span class='ocrx_word' id='word_1_172' title='bbox 3093 903 3378 974; x_wconf 64' lang='lat' dir='ltr'><strong>praescium</strong></span> <span class='ocrx_word' id='word_1_173' title='bbox 3407 902 3491 957; x_wconf 86' lang='lat' dir='ltr'><strong>fu-</strong></span> 
     </span>
    </p>
   </div>
   <div class='ocr_carea' id='block_1_23' title="bbox 1891 996 3486 1075">
    <p class='ocr_par' dir='ltr' id='par_1_23' title="bbox 1891 996 3486 1075">
     <span class='ocr_line' id='line_1_23' title="bbox 1891 996 3486 1075; baseline -0.005 -17"><span class='ocrx_word' id='word_1_174' title='bbox 1891 1014 2158 1066; x_wconf 87' lang='lat' dir='ltr'><strong>turorum,</strong></span> <span class='ocrx_word' id='word_1_175' title='bbox 2185 1002 2417 1057; x_wconf 85' lang='lat' dir='ltr'><strong>tentavit</strong></span> <span class='ocrx_word' id='word_1_176' title='bbox 2445 1015 2711 1064; x_wconf 84' lang='lat' dir='ltr'><strong>asserere,</strong></span> <span class='ocrx_word' id='word_1_177' title='bbox 2725 997 2879 1075; x_wconf 68' lang='lat' dir='ltr'><strong>gnod</strong></span> <span class='ocrx_word' id='word_1_178' title='bbox 2903 997 3163 1067; x_wconf 90' lang='lat' dir='ltr'><strong>scriptum</strong></span> <span class='ocrx_word' id='word_1_179' title='bbox 3193 1005 3310 1051; x_wconf 88' lang='lat' dir='ltr'><strong>est:</strong></span> <span class='ocrx_word' id='word_1_180' title='bbox 3334 996 3486 1050; x_wconf 76' lang='lat' dir='ltr'><strong>Dixit</strong></span> 
     </span>
    </p>
   </div>
   <div class='ocr_carea' id='block_1_24' title="bbox 1892 1088 3489 1165">
    <p class='ocr_par' dir='ltr' id='par_1_24' title="bbox 1892 1088 3489 1165">
     <span class='ocr_line' id='line_1_24' title="bbox 1892 1088 3489 1165; baseline -0.004 -16"><span class='ocrx_word' id='word_1_181' title='bbox 1892 1095 2154 1165; x_wconf 88' lang='lat' dir='ltr'><strong>insipiens</strong></span> <span class='ocrx_word' id='word_1_182' title='bbox 2179 1095 2229 1148; x_wconf 90' lang='lat' dir='ltr'><strong>in</strong></span> <span class='ocrx_word' id='word_1_183' title='bbox 2253 1093 2421 1149; x_wconf 89' lang='lat' dir='ltr'><strong>corde</strong></span> <span class='ocrx_word' id='word_1_184' title='bbox 2461 1107 2560 1147; x_wconf 91' lang='lat' dir='ltr'><strong>suo</strong></span> <span class='ocrx_word' id='word_1_185' title='bbox 2594 1109 2607 1145; x_wconf 92' lang='lat'><strong>:</strong></span> <span class='ocrx_word' id='word_1_186' title='bbox 2654 1090 2771 1145; x_wconf 87' lang='lat' dir='ltr'><strong>Non</strong></span> <span class='ocrx_word' id='word_1_187' title='bbox 2802 1100 2886 1145; x_wconf 92' lang='lat' dir='ltr'><strong>est</strong></span> <span class='ocrx_word' id='word_1_188' title='bbox 2928 1092 3102 1154; x_wconf 88' lang='lat' dir='ltr'><strong>Deus;</strong></span> <span class='ocrx_word' id='word_1_189' title='bbox 3145 1088 3240 1144; x_wconf 90' lang='lat' dir='ltr'><strong>sed</strong></span> <span class='ocrx_word' id='word_1_190' title='bbox 3286 1103 3392 1143; x_wconf 90' lang='lat' dir='ltr'><strong>non</strong></span> <span class='ocrx_word' id='word_1_191' title='bbox 3424 1103 3489 1143; x_wconf 78' lang='lat' dir='ltr'><strong>ex</strong></span> 
     </span>
    </p>
   </div>
   <div class='ocr_carea' id='block_1_25' title="bbox 1892 1182 3495 1256">
    <p class='ocr_par' dir='ltr' id='par_1_25' title="bbox 1892 1182 3495 1256">
     <span class='ocr_line' id='line_1_25' title="bbox 1892 1182 3495 1256; baseline -0.004 -14"><span class='ocrx_word' id='word_1_192' title='bbox 1892 1203 1992 1242; x_wconf 88' lang='lat' dir='ltr'><strong>sua</strong></span> <span class='ocrx_word' id='word_1_193' title='bbox 2035 1202 2288 1256; x_wconf 88' lang='lat' dir='ltr'><strong>persona.</strong></span> <span class='ocrx_word' id='word_1_194' title='bbox 2333 1186 2478 1241; x_wconf 80' lang='lat' dir='ltr'><strong>Vidit</strong></span> <span class='ocrx_word' id='word_1_195' title='bbox 2523 1186 2666 1240; x_wconf 88' lang='lat' dir='ltr'><strong>enim</strong></span> <span class='ocrx_word' id='word_1_196' title='bbox 2707 1199 2867 1252; x_wconf 89' lang='lat' dir='ltr'><strong>quam</strong></span> <span class='ocrx_word' id='word_1_197' title='bbox 2899 1193 3044 1238; x_wconf 89' lang='lat' dir='ltr'><strong>esset</strong></span> <span class='ocrx_word' id='word_1_198' title='bbox 3068 1182 3398 1237; x_wconf 90' lang='lat' dir='ltr'><strong>invidiosum</strong></span> <span class='ocrx_word' id='word_1_199' title='bbox 3439 1189 3495 1238; x_wconf 89' lang='lat' dir='ltr'><strong>et</strong></span> 
     </span>
    </p>
   </div>
   <div class='ocr_carea' id='block_1_26' title="bbox 1894 1276 3494 1352">
    <p class='ocr_par' dir='ltr' id='par_1_26' title="bbox 1894 1276 3494 1352">
     <span class='ocr_line' id='line_1_26' title="bbox 1894 1276 3494 1352; baseline -0.003 -16"><span class='ocrx_word' id='word_1_200' title='bbox 1894 1282 2215 1345; x_wconf 87' lang='lat' dir='ltr'><strong>molestum;</strong></span> <span class='ocrx_word' id='word_1_201' title='bbox 2251 1280 2480 1352; x_wconf 86' lang='lat' dir='ltr'><strong>ideoque</strong></span> <span class='ocrx_word' id='word_1_202' title='bbox 2505 1281 2715 1336; x_wconf 88' lang='lat' dir='ltr'><strong>Cottam</strong></span> <span class='ocrx_word' id='word_1_203' title='bbox 2745 1279 2872 1334; x_wconf 85' lang='lat' dir='ltr'><strong>fecit</strong></span> <span class='ocrx_word' id='word_1_204' title='bbox 2896 1277 3258 1347; x_wconf 89' lang='lat' dir='ltr'><strong>disputantem</strong></span> <span class='ocrx_word' id='word_1_205' title='bbox 3287 1276 3356 1332; x_wconf 92' lang='lat' dir='ltr'><strong>de</strong></span> <span class='ocrx_word' id='word_1_206' title='bbox 3393 1277 3494 1332; x_wconf 93' lang='lat' dir='ltr'><strong>hac</strong></span> 
     </span>
    </p>
   </div>
   <div class='ocr_carea' id='block_1_27' title="bbox 1894 1371 3499 1437">
    <p class='ocr_par' dir='ltr' id='par_1_27' title="bbox 1894 1371 3499 1437">
     <span class='ocr_line' id='line_1_27' title="bbox 1894 1371 3499 1437; baseline -0.004 -5"><span class='ocrx_word' id='word_1_207' title='bbox 1894 1393 1956 1433; x_wconf 90' lang='lat' dir='ltr'><strong>re</strong></span> <span class='ocrx_word' id='word_1_208' title='bbox 1993 1377 2277 1432; x_wconf 88' lang='lat' dir='ltr'><strong>adversum</strong></span> <span class='ocrx_word' id='word_1_209' title='bbox 2315 1375 2526 1431; x_wconf 86' lang='lat' dir='ltr'><strong>Stoicos</strong></span> <span class='ocrx_word' id='word_1_210' title='bbox 2569 1375 2620 1428; x_wconf 89' lang='lat' dir='ltr'><strong>in</strong></span> <span class='ocrx_word' id='word_1_211' title='bbox 2652 1373 2803 1428; x_wconf 89' lang='lat' dir='ltr'><strong>libris</strong></span> <span class='ocrx_word' id='word_1_212' title='bbox 2828 1372 2897 1427; x_wconf 92' lang='lat' dir='ltr'><strong>de</strong></span> <span class='ocrx_word' id='word_1_213' title='bbox 2923 1371 3147 1426; x_wconf 89' lang='lat' dir='ltr'><strong>deorum</strong></span> <span class='ocrx_word' id='word_1_214' title='bbox 3194 1380 3406 1437; x_wconf 88' lang='lat' dir='ltr'><strong>natura,</strong></span> <span class='ocrx_word' id='word_1_215' title='bbox 3444 1380 3499 1425; x_wconf 91' lang='lat' dir='ltr'><strong>et</strong></span> 
     </span>
    </p>
   </div>
   <div class='ocr_carea' id='block_1_28' title="bbox 1895 1463 3497 1541">
    <p class='ocr_par' dir='ltr' id='par_1_28' title="bbox 1895 1463 3497 1541">
     <span class='ocr_line' id='line_1_28' title="bbox 1895 1463 3497 1541; baseline -0.004 -15"><span class='ocrx_word' id='word_1_216' title='bbox 1895 1485 1996 1541; x_wconf 88' lang='lat' dir='ltr'><strong>pro</strong></span> <span class='ocrx_word' id='word_1_217' title='bbox 2014 1470 2232 1526; x_wconf 86' lang='lat' dir='ltr'><strong>Lucilio</strong></span> <span class='ocrx_word' id='word_1_218' title='bbox 2263 1469 2449 1534; x_wconf 85' lang='lat' dir='ltr'><strong>Balbo,</strong></span> <span class='ocrx_word' id='word_1_219' title='bbox 2478 1468 2566 1523; x_wconf 89' lang='lat' dir='ltr'><strong>cui</strong></span> <span class='ocrx_word' id='word_1_220' title='bbox 2589 1466 2882 1522; x_wconf 89' lang='lat' dir='ltr'><strong>stoicorum</strong></span> <span class='ocrx_word' id='word_1_221' title='bbox 2913 1473 3093 1534; x_wconf 87' lang='lat' dir='ltr'><strong>partes</strong></span> <span class='ocrx_word' id='word_1_222' title='bbox 3132 1463 3497 1519; x_wconf 88' lang='lat' dir='ltr'><strong>defendendas</strong></span> 
     </span>
    </p>
   </div>
   <div class='ocr_carea' id='block_1_29' title="bbox 1897 1557 3499 1631">
    <p class='ocr_par' dir='ltr' id='par_1_29' title="bbox 1897 1557 3499 1631">
     <span class='ocr_line' id='line_1_29' title="bbox 1897 1557 3499 1631; baseline -0.004 -12"><span class='ocrx_word' id='word_1_223' title='bbox 1897 1565 2069 1631; x_wconf 89' lang='lat' dir='ltr'><strong>dedit,</strong></span> <span class='ocrx_word' id='word_1_224' title='bbox 2103 1563 2295 1618; x_wconf 84' lang='lat' dir='ltr'><strong>maluit</strong></span> <span class='ocrx_word' id='word_1_225' title='bbox 2321 1561 2465 1618; x_wconf 85' lang='lat' dir='ltr'><strong>ferre</strong></span> <span class='ocrx_word' id='word_1_226' title='bbox 2491 1563 2842 1628; x_wconf 89' lang='lat' dir='ltr'><strong>sententiam,</strong></span> <span class='ocrx_word' id='word_1_227' title='bbox 2877 1574 3037 1630; x_wconf 90' lang='lat' dir='ltr'><strong>quam</strong></span> <span class='ocrx_word' id='word_1_228' title='bbox 3071 1573 3170 1629; x_wconf 88' lang='lat' dir='ltr'><strong>pro</strong></span> <span class='ocrx_word' id='word_1_229' title='bbox 3203 1557 3384 1624; x_wconf 91' lang='lat' dir='ltr'><strong>Cotta,</strong></span> <span class='ocrx_word' id='word_1_230' title='bbox 3409 1558 3499 1628; x_wconf 92' lang='lat' dir='ltr'><strong>qui</strong></span> 
     </span>
    </p>
   </div>
   <div class='ocr_carea' id='block_1_30' title="bbox 1899 1649 3499 1721">
    <p class='ocr_par' dir='ltr' id='par_1_30' title="bbox 1899 1649 3499 1721">
     <span class='ocr_line' id='line_1_30' title="bbox 1899 1649 3499 1721; baseline -0.006 -7"><span class='ocrx_word' id='word_1_231' title='bbox 1899 1659 2104 1714; x_wconf 83' lang='lat' dir='ltr'><strong>nullam</strong></span> <span class='ocrx_word' id='word_1_232' title='bbox 2155 1667 2405 1712; x_wconf 89' lang='lat' dir='ltr'><strong>naturam</strong></span> <span class='ocrx_word' id='word_1_233' title='bbox 2456 1655 2690 1710; x_wconf 84' lang='lat' dir='ltr'><strong>divinam</strong></span> <span class='ocrx_word' id='word_1_234' title='bbox 2733 1670 2853 1710; x_wconf 92' lang='lat' dir='ltr'><strong>esse</strong></span> <span class='ocrx_word' id='word_1_235' title='bbox 2900 1651 3197 1709; x_wconf 88' lang='lat' dir='ltr'><strong>contendit.</strong></span> <span class='ocrx_word' id='word_1_236' title='bbox 3252 1671 3272 1704; x_wconf 79' lang='grc' dir='ltr'><strong>ι</strong></span> <span class='ocrx_word' id='word_1_237' title='bbox 3327 1649 3499 1721; x_wconf 82' lang='lat' dir='ltr'><strong>(Idem</strong></span> 
     </span>
    </p>
   </div>
   <div class='ocr_carea' id='block_1_31' title="bbox 210 1744 2803 1834">
    <p class='ocr_par' dir='ltr' id='par_1_31' title="bbox 210 1744 2803 1834">
     <span class='ocr_line' id='line_1_31' title="bbox 210 1744 2803 1834; baseline -0.008 -18"><span class='ocrx_word' id='word_1_238' title='bbox 210 1771 412 1834; x_wconf 89' lang='lat' dir='ltr'><strong>quente,</strong></span> <span class='ocrx_word' id='word_1_239' title='bbox 444 1759 524 1816; x_wconf 89' lang='lat' dir='ltr'><strong>sic</strong></span> <span class='ocrx_word' id='word_1_240' title='bbox 553 1757 875 1830; x_wconf 82' lang='lat' dir='ltr'><strong>pronuntiat</strong></span> <span class='ocrx_word' id='word_1_241' title='bbox 912 1773 925 1809; x_wconf 90' lang='lat'><strong>:</strong></span> <span class='ocrx_word' id='word_1_242' title='bbox 974 1773 992 1806; x_wconf 77' lang='grc' dir='ltr'><strong>ι</strong></span> <span class='ocrx_word' id='word_1_243' title='bbox 1047 1754 1188 1811; x_wconf 84' lang='lat' dir='ltr'><strong>Ante</strong></span> <span class='ocrx_word' id='word_1_244' title='bbox 1218 1764 1411 1807; x_wconf 87' lang='lat' dir='ltr'><strong>omnes</strong></span> <span class='ocrx_word' id='word_1_245' title='bbox 1435 1746 1650 1804; x_wconf 82' lang='lat' dir='ltr'><strong>Tullius</strong></span> <span class='ocrx_word' id='word_1_246' title='bbox 1672 1744 1788 1801; x_wconf 77' lang='lat' dir='ltr'><strong>Ro-</strong></span> <span class='ocrx_word' id='word_1_247' title='bbox 1819 1755 1870 1817; x_wconf 73' lang='grc' dir='ltr'><strong>Β</strong></span> <span class='ocrx_word' id='word_1_248' title='bbox 1896 1751 2046 1816; x_wconf 75' lang='lat' dir='ltr'><strong>ibid,,</strong></span> <span class='ocrx_word' id='word_1_249' title='bbox 2074 1752 2163 1806; x_wconf 74' lang='lat' dir='ltr'><strong>tib.</strong></span> <span class='ocrx_word' id='word_1_250' title='bbox 2192 1766 2246 1816; x_wconf 74' lang='grc' dir='ltr'><strong>γ,</strong></span> <span class='ocrx_word' id='word_1_251' title='bbox 2279 1766 2394 1821; x_wconf 74' lang='lat' dir='ltr'><strong>cap.</strong></span> <span class='ocrx_word' id='word_1_252' title='bbox 2421 1747 2477 1817; x_wconf 72' lang='lat'><strong>9,</strong></span> <span class='ocrx_word' id='word_1_253' title='bbox 2508 1765 2626 1820; x_wconf 77' lang='lat' dir='ltr'><strong>pag,</strong></span> <span class='ocrx_word' id='word_1_254' title='bbox 2652 1746 2803 1818; x_wconf 71' lang='lat'><strong>121.)</strong></span> 
     </span>
    </p>
   </div>
   <div class='ocr_carea' id='block_1_32' title="bbox 210 1837 1794 1920">
    <p class='ocr_par' dir='ltr' id='par_1_32' title="bbox 210 1837 1794 1920">
     <span class='ocr_line' id='line_1_32' title="bbox 210 1837 1794 1920; baseline -0.013 -8"><span class='ocrx_word' id='word_1_255' title='bbox 210 1856 339 1912; x_wconf 89' lang='lat' dir='ltr'><strong>mani</strong></span> <span class='ocrx_word' id='word_1_256' title='bbox 391 1851 786 1909; x_wconf 81' lang='lat' dir='ltr'><strong>disertissimus</strong></span> <span class='ocrx_word' id='word_1_257' title='bbox 818 1847 1070 1920; x_wconf 83' lang='lat' dir='ltr'><strong>generis,</strong></span> <span class='ocrx_word' id='word_1_258' title='bbox 1107 1844 1324 1900; x_wconf 79' lang='lat' dir='ltr'><strong>nullam</strong></span> <span class='ocrx_word' id='word_1_259' title='bbox 1355 1837 1794 1908; x_wconf 67' lang='lat' dir='ltr'><strong>veritusrimpie-</strong></span> 
     </span>
    </p>
   </div>
   <div class='ocr_carea' id='block_1_33' title="bbox 210 1931 1796 2014">
    <p class='ocr_par' dir='ltr' id='par_1_33' title="bbox 210 1931 1796 2014">
     <span class='ocr_line' id='line_1_33' title="bbox 210 1931 1796 2014; baseline -0.012 -11"><span class='ocrx_word' id='word_1_260' title='bbox 210 1949 325 2004; x_wconf 86' lang='lat' dir='ltr'><strong>tatis</strong></span> <span class='ocrx_word' id='word_1_261' title='bbox 353 1945 630 2011; x_wconf 81' lang='lat' dir='ltr'><strong>invidiam,</strong></span> <span class='ocrx_word' id='word_1_262' title='bbox 661 1945 916 2014; x_wconf 82' lang='lat' dir='ltr'><strong>ingenue,</strong></span> <span class='ocrx_word' id='word_1_263' title='bbox 947 1948 1292 2002; x_wconf 83' lang='lat' dir='ltr'><strong>constanter,</strong></span> <span class='ocrx_word' id='word_1_264' title='bbox 1329 1946 1387 1990; x_wconf 90' lang='lat' dir='ltr'><strong>et</strong></span> <span class='ocrx_word' id='word_1_265' title='bbox 1417 1935 1619 1998; x_wconf 90' lang='lat' dir='ltr'><strong>libere,</strong></span> <span class='ocrx_word' id='word_1_266' title='bbox 1668 1931 1796 2001; x_wconf 89' lang='lat' dir='ltr'><strong>quid</strong></span> 
     </span>
    </p>
   </div>
   <div class='ocr_carea' id='block_1_34' title="bbox 210 2021 1795 2114">
    <p class='ocr_par' dir='ltr' id='par_1_34' title="bbox 210 2021 1795 2114">
     <span class='ocr_line' id='line_1_34' title="bbox 210 2021 1795 2114; baseline -0.013 -15"><span class='ocrx_word' id='word_1_267' title='bbox 210 2058 359 2114; x_wconf 90' lang='lat' dir='ltr'><strong>super</strong></span> <span class='ocrx_word' id='word_1_268' title='bbox 400 2041 492 2096; x_wconf 92' lang='lat' dir='ltr'><strong>tali</strong></span> <span class='ocrx_word' id='word_1_269' title='bbox 530 2039 876 2112; x_wconf 84' lang='lat' dir='ltr'><strong>Opinatione,</strong></span> <span class='ocrx_word' id='word_1_270' title='bbox 915 2055 932 2088; x_wconf 70' lang='grc' dir='ltr'><strong><em>υ</em></strong></span> <span class='ocrx_word' id='word_1_271' title='bbox 966 2035 1219 2090; x_wconf 89' lang='lat' dir='ltr'><strong>nimirum</strong></span> <span class='ocrx_word' id='word_1_272' title='bbox 1252 2030 1320 2086; x_wconf 91' lang='lat' dir='ltr'><strong>de</strong></span> <span class='ocrx_word' id='word_1_273' title='bbox 1351 2027 1635 2099; x_wconf 87' lang='lat' dir='ltr'><strong>gentilium</strong></span> <span class='ocrx_word' id='word_1_274' title='bbox 1666 2021 1795 2089; x_wconf 82' lang='lat' dir='ltr'><strong>diis,</strong></span> 
     </span>
    </p>
   </div>
   <div class='ocr_carea' id='block_1_35' title="bbox 217 2119 1800 2206">
    <p class='ocr_par' dir='ltr' id='par_1_35' title="bbox 217 2119 1800 2206">
     <span class='ocr_line' id='line_1_35' title="bbox 217 2119 1800 2206; baseline -0.011 -16"><span class='ocrx_word' id='word_1_275' title='bbox 217 2157 236 2190; x_wconf 73' lang='grc' dir='ltr'><strong>ι</strong></span> <span class='ocrx_word' id='word_1_276' title='bbox 269 2137 509 2203; x_wconf 87' lang='lat' dir='ltr'><strong>sentiret,</strong></span> <span class='ocrx_word' id='word_1_277' title='bbox 543 2135 763 2206; x_wconf 82' lang='lat' dir='ltr'><strong>pietate,</strong></span> <span class='ocrx_word' id='word_1_278' title='bbox 787 2129 1144 2200; x_wconf 67' lang='lat' dir='ltr'><strong>eum-maiore</strong></span> <span class='ocrx_word' id='word_1_279' title='bbox 1169 2123 1514 2181; x_wconf 80' lang='lat' dir='ltr'><strong>monstravit.</strong></span> <span class='ocrx_word' id='word_1_280' title='bbox 1545 2121 1591 2178; x_wconf 88' lang='lat' dir='ltr'><strong>A</strong></span> <span class='ocrx_word' id='word_1_281' title='bbox 1622 2135 1729 2190; x_wconf 90' lang='lat' dir='ltr'><strong>quo</strong></span> <span class='ocrx_word' id='word_1_282' title='bbox 1751 2119 1800 2174; x_wconf 89' lang='lat' dir='ltr'><strong>si</strong></span> 
     </span>
    </p>
   </div>
   <div class='ocr_carea' id='block_1_36' title="bbox 211 2211 1797 2298">
    <p class='ocr_par' dir='ltr' id='par_1_36' title="bbox 211 2211 1797 2298">
     <span class='ocr_line' id='line_1_36' title="bbox 211 2211 1797 2298; baseline -0.015 -10"><span class='ocrx_word' id='word_1_283' title='bbox 211 2246 296 2288; x_wconf 87' lang='lat' dir='ltr'><strong>res</strong></span> <span class='ocrx_word' id='word_1_284' title='bbox 336 2243 548 2285; x_wconf 90' lang='lat' dir='ltr'><strong>sumere</strong></span> <span class='ocrx_word' id='word_1_285' title='bbox 591 2228 781 2298; x_wconf 87' lang='lat' dir='ltr'><strong>judicii</strong></span> <span class='ocrx_word' id='word_1_286' title='bbox 819 2226 1047 2280; x_wconf 83' lang='lat' dir='ltr'><strong>veritate</strong></span> <span class='ocrx_word' id='word_1_287' title='bbox 1092 2219 1425 2289; x_wconf 81' lang='lat' dir='ltr'><strong>conscriptas</strong></span> <span class='ocrx_word' id='word_1_288' title='bbox 1473 2211 1797 2286; x_wconf 85' lang='lat' dir='ltr'><strong>pergeretis,</strong></span> 
     </span>
    </p>
   </div>
   <div class='ocr_carea' id='block_1_37' title="bbox 212 2305 1798 2398">
    <p class='ocr_par' dir='ltr' id='par_1_37' title="bbox 212 2305 1798 2398">
     <span class='ocr_line' id='line_1_37' title="bbox 212 2305 1798 2398; baseline -0.016 -16"><span class='ocrx_word' id='word_1_289' title='bbox 212 2333 449 2398; x_wconf 87' lang='lat' dir='ltr'><strong>perorata</strong></span> <span class='ocrx_word' id='word_1_290' title='bbox 477 2321 772 2382; x_wconf 66' lang='lat' dir='ltr'><strong>essethaec</strong></span> <span class='ocrx_word' id='word_1_291' title='bbox 811 2333 998 2384; x_wconf 83' lang='lat' dir='ltr'><strong>causa,</strong></span> <span class='ocrx_word' id='word_1_292' title='bbox 1031 2330 1132 2372; x_wconf 90' lang='lat' dir='ltr'><strong>nec</strong></span> <span class='ocrx_word' id='word_1_293' title='bbox 1157 2311 1446 2376; x_wconf 88' lang='lat' dir='ltr'><strong>secundas,</strong></span> <span class='ocrx_word' id='word_1_294' title='bbox 1492 2319 1551 2362; x_wconf 91' lang='lat' dir='ltr'><strong>ut</strong></span> <span class='ocrx_word' id='word_1_295' title='bbox 1579 2305 1798 2368; x_wconf 88' lang='lat' dir='ltr'><strong>dicitur,</strong></span> 
     </span>
    </p>
   </div>
   <div class='ocr_carea' id='block_1_38' title="bbox 212 2398 1794 2478">
    <p class='ocr_par' dir='ltr' id='par_1_38' title="bbox 212 2398 1794 2478">
     <span class='ocr_line' id='line_1_38' title="bbox 212 2398 1794 2478; baseline -0.015 -6"><span class='ocrx_word' id='word_1_296' title='bbox 212 2417 442 2474; x_wconf 84' lang='lat' dir='ltr'><strong>actiones</strong></span> <span class='ocrx_word' id='word_1_297' title='bbox 477 2415 640 2470; x_wconf 83' lang='lat' dir='ltr'><strong>nobis</strong></span> <span class='ocrx_word' id='word_1_298' title='bbox 688 2412 756 2468; x_wconf 78' lang='lat' dir='ltr'><strong>ab</strong></span> <span class='ocrx_word' id='word_1_299' title='bbox 791 2409 1085 2467; x_wconf 73' lang='lat' dir='ltr'><strong>tutantibus</strong></span> <span class='ocrx_word' id='word_1_300' title='bbox 1120 2404 1441 2478; x_wconf 85' lang='lat' dir='ltr'><strong>postularet.</strong></span> <span class='ocrx_word' id='word_1_301' title='bbox 1491 2421 1509 2454; x_wconf 77' lang='grc' dir='ltr'><strong>ι</strong></span> <span class='ocrx_word' id='word_1_302' title='bbox 1547 2398 1794 2472; x_wconf 85' lang='lat' dir='ltr'><strong>(Arnob.,</strong></span> 
     </span>
    </p>
   </div>
   <div class='ocr_carea' id='block_1_39' title="bbox 213 2489 1801 2580">
    <p class='ocr_par' dir='ltr' id='par_1_39' title="bbox 213 2489 1801 2580">
     <span class='ocr_line' id='line_1_39' title="bbox 213 2489 1801 2580; baseline -0.014 -15"><span class='ocrx_word' id='word_1_303' title='bbox 213 2509 293 2565; x_wconf 72' lang='lat' dir='ltr'><strong>lib.</strong></span> <span class='ocrx_word' id='word_1_304' title='bbox 320 2524 400 2575; x_wconf 85' lang='grc' dir='ltr'>ιιι,</span> <span class='ocrx_word' id='word_1_305' title='bbox 431 2524 552 2580; x_wconf 86' lang='lat' dir='ltr'><strong>pag.</strong></span> <span class='ocrx_word' id='word_1_306' title='bbox 580 2507 732 2571; x_wconf 80' lang='grc'><strong>105.)</strong></span> <span class='ocrx_word' id='word_1_307' title='bbox 753 2502 1117 2572; x_wconf 79' lang='lat' dir='ltr'><strong>Quamobrem</strong></span> <span class='ocrx_word' id='word_1_308' title='bbox 1148 2515 1252 2555; x_wconf 90' lang='lat' dir='ltr'><strong>non</strong></span> <span class='ocrx_word' id='word_1_309' title='bbox 1283 2496 1460 2569; x_wconf 90' lang='lat' dir='ltr'><strong>pauci,</strong></span> <span class='ocrx_word' id='word_1_310' title='bbox 1490 2494 1663 2565; x_wconf 86' lang='lat' dir='ltr'><strong>pergit</strong></span> <span class='ocrx_word' id='word_1_311' title='bbox 1686 2489 1801 2553; x_wconf 93' lang='lat' dir='ltr'><strong>ille,</strong></span> 
     </span>
    </p>
   </div>
   <div class='ocr_carea' id='block_1_40' title="bbox 214 2587 1804 2668">
    <p class='ocr_par' dir='ltr' id='par_1_40' title="bbox 214 2587 1804 2668">
     <span class='ocr_line' id='line_1_40' title="bbox 214 2587 1804 2668; baseline -0.013 -7"><span class='ocrx_word' id='word_1_312' title='bbox 214 2603 593 2661; x_wconf 80' lang='lat' dir='ltr'><strong>aversabantur</strong></span> <span class='ocrx_word' id='word_1_313' title='bbox 620 2602 882 2659; x_wconf 87' lang='lat' dir='ltr'><strong>librorum</strong></span> <span class='ocrx_word' id='word_1_314' title='bbox 904 2598 1024 2668; x_wconf 85' lang='lat' dir='ltr'><strong>ejus</strong></span> <span class='ocrx_word' id='word_1_315' title='bbox 1049 2597 1120 2652; x_wconf 90' lang='lat' dir='ltr'><strong>de</strong></span> <span class='ocrx_word' id='word_1_316' title='bbox 1147 2605 1338 2650; x_wconf 89' lang='lat' dir='ltr'><strong>natura</strong></span> <span class='ocrx_word' id='word_1_317' title='bbox 1365 2593 1595 2648; x_wconf 89' lang='lat' dir='ltr'><strong>deorum</strong></span> <span class='ocrx_word' id='word_1_318' title='bbox 1618 2587 1804 2644; x_wconf 89' lang='lat' dir='ltr'><strong>lectio-</strong></span> 
     </span>
    </p>
   </div>
   <div class='ocr_carea' id='block_1_41' title="bbox 216 2680 1807 2767">
    <p class='ocr_par' dir='ltr' id='par_1_41' title="bbox 216 2680 1807 2767">
     <span class='ocr_line' id='line_1_41' title="bbox 216 2680 1807 2767; baseline -0.014 -13"><span class='ocrx_word' id='word_1_319' title='bbox 216 2713 354 2765; x_wconf 86' lang='lat' dir='ltr'><strong>nem,</strong></span> <span class='ocrx_word' id='word_1_320' title='bbox 396 2697 655 2767; x_wconf 90' lang='lat' dir='ltr'><strong>nulloque</strong></span> <span class='ocrx_word' id='word_1_321' title='bbox 692 2694 911 2766; x_wconf 88' lang='lat' dir='ltr'><strong>penitus</strong></span> <span class='ocrx_word' id='word_1_322' title='bbox 944 2690 1106 2746; x_wconf 88' lang='lat' dir='ltr'><strong>modo</strong></span> <span class='ocrx_word' id='word_1_323' title='bbox 1133 2705 1225 2742; x_wconf 86' lang='lat' dir='ltr'><strong>nec</strong></span> <span class='ocrx_word' id='word_1_324' title='bbox 1252 2688 1308 2741; x_wconf 84' lang='lat' dir='ltr'><strong>in</strong></span> <span class='ocrx_word' id='word_1_325' title='bbox 1337 2701 1514 2740; x_wconf 81' lang='lat' dir='ltr'><strong>aurem</strong></span> <span class='ocrx_word' id='word_1_326' title='bbox 1554 2680 1807 2738; x_wconf 89' lang='lat' dir='ltr'><strong>volebant</strong></span> 
     </span>
    </p>
   </div>
   <div class='ocr_carea' id='block_1_42' title="bbox 215 2771 1804 2846">
    <p class='ocr_par' dir='ltr' id='par_1_42' title="bbox 215 2771 1804 2846">
     <span class='ocr_line' id='line_1_42' title="bbox 215 2771 1804 2846; baseline -0.013 -3"><span class='ocrx_word' id='word_1_327' title='bbox 215 2789 494 2846; x_wconf 81' lang='lat' dir='ltr'><strong>admittere</strong></span> <span class='ocrx_word' id='word_1_328' title='bbox 525 2807 539 2843; x_wconf 88' lang='lat'><strong>:</strong></span> <span class='ocrx_word' id='word_1_329' title='bbox 570 2786 664 2842; x_wconf 87' lang='lat' dir='ltr'><strong>alii</strong></span> <span class='ocrx_word' id='word_1_330' title='bbox 691 2801 822 2842; x_wconf 92' lang='lat' dir='ltr'><strong>vero</strong></span> <span class='ocrx_word' id='word_1_331' title='bbox 851 2799 947 2840; x_wconf 90' lang='lat' dir='ltr'><strong>eos</strong></span> <span class='ocrx_word' id='word_1_332' title='bbox 990 2779 1461 2839; x_wconf 85' lang='lat' dir='ltr'><strong>senatusconsulto</strong></span> <span class='ocrx_word' id='word_1_333' title='bbox 1485 2771 1804 2834; x_wconf 89' lang='lat' dir='ltr'><strong>abolendos,</strong></span> 
     </span>
    </p>
   </div>
   <div class='ocr_carea' id='block_1_43' title="bbox 217 2867 1806 2937">
    <p class='ocr_par' dir='ltr' id='par_1_43' title="bbox 217 2867 1806 2937">
     <span class='ocr_line' id='line_1_43' title="bbox 217 2867 1806 2937; baseline -0.013 0"><span class='ocrx_word' id='word_1_334' title='bbox 217 2897 272 2937; x_wconf 89' lang='lat' dir='ltr'><strong>ac</strong></span> <span class='ocrx_word' id='word_1_335' title='bbox 299 2881 369 2937; x_wconf 91' lang='lat' dir='ltr'><strong>de</strong></span> <span class='ocrx_word' id='word_1_336' title='bbox 408 2879 594 2936; x_wconf 90' lang='lat' dir='ltr'><strong>medio</strong></span> <span class='ocrx_word' id='word_1_337' title='bbox 622 2877 892 2934; x_wconf 90' lang='lat' dir='ltr'><strong>tollendos</strong></span> <span class='ocrx_word' id='word_1_338' title='bbox 919 2874 1240 2932; x_wconf 83' lang='lat' dir='ltr'><strong>censebant.</strong></span> <span class='ocrx_word' id='word_1_339' title='bbox 1289 2867 1597 2925; x_wconf 82' lang='lat' dir='ltr'><strong>Cardinalis</strong></span> <span class='ocrx_word' id='word_1_340' title='bbox 1626 2873 1806 2920; x_wconf 86' lang='lat' dir='ltr'><strong>autem</strong></span> 
     </span>
    </p>
   </div>
   <div class='ocr_carea' id='block_1_44' title="bbox 214 2955 1810 3044">
    <p class='ocr_par' dir='ltr' id='par_1_44' title="bbox 214 2955 1810 3044">
     <span class='ocr_line' id='line_1_44' title="bbox 214 2955 1810 3044; baseline -0.016 -10"><span class='ocrx_word' id='word_1_341' title='bbox 214 2977 472 3034; x_wconf 72' lang='lat' dir='ltr'><strong>Batonius</strong></span> <span class='ocrx_word' id='word_1_342' title='bbox 500 2974 755 3044; x_wconf 85' lang='lat' dir='ltr'><strong>opinatus</strong></span> <span class='ocrx_word' id='word_1_343' title='bbox 789 2980 876 3030; x_wconf 86' lang='lat' dir='ltr'><strong>est</strong></span> <span class='ocrx_word' id='word_1_344' title='bbox 903 2969 960 3024; x_wconf 88' lang='lat' dir='ltr'><strong>id</strong></span> <span class='ocrx_word' id='word_1_345' title='bbox 992 2974 1292 3024; x_wconf 87' lang='lat' dir='ltr'><strong>memorato</strong></span> <span class='ocrx_word' id='word_1_346' title='bbox 1320 2979 1348 3016; x_wconf 92' lang='lat' dir='ltr'><strong>a</strong></span> <span class='ocrx_word' id='word_1_347' title='bbox 1375 2959 1533 3018; x_wconf 89' lang='lat' dir='ltr'><strong>nobis</strong></span> <span class='ocrx_word' id='word_1_348' title='bbox 1558 2955 1810 3026; x_wconf 84' lang='lat' dir='ltr'><strong>superius</strong></span> 
     </span>
    </p>
   </div>
   <div class='ocr_carea' id='block_1_45' title="bbox 216 3044 1808 3128">
    <p class='ocr_par' dir='ltr' id='par_1_45' title="bbox 216 3044 1808 3128">
     <span class='ocr_line' id='line_1_45' title="bbox 216 3044 1808 3128; baseline -0.019 -1"><span class='ocrx_word' id='word_1_349' title='bbox 216 3065 532 3126; x_wconf 84' lang='lat' dir='ltr'><strong>Diocletiani</strong></span> <span class='ocrx_word' id='word_1_350' title='bbox 558 3064 737 3121; x_wconf 87' lang='lat' dir='ltr'><strong>edicto</strong></span> <span class='ocrx_word' id='word_1_351' title='bbox 785 3063 1006 3127; x_wconf 85' lang='lat' dir='ltr'><strong>factum,</strong></span> <span class='ocrx_word' id='word_1_352' title='bbox 1057 3059 1286 3128; x_wconf 86' lang='lat' dir='ltr'><strong>illosque</strong></span> <span class='ocrx_word' id='word_1_353' title='bbox 1331 3054 1498 3110; x_wconf 83' lang='lat' dir='ltr'><strong>libros</strong></span> <span class='ocrx_word' id='word_1_354' title='bbox 1528 3044 1808 3104; x_wconf 89' lang='lat' dir='ltr'><strong>Ciceronis</strong></span> 
     </span>
    </p>
   </div>
   <div class='ocr_carea' id='block_1_46' title="bbox 1973 1842 3504 1913">
    <p class='ocr_par' dir='ltr' id='par_1_46' title="bbox 1973 1842 3504 1913">
     <span class='ocr_line' id='line_1_46' title="bbox 1973 1842 3504 1913; baseline -0.004 -10"><span class='ocrx_word' id='word_1_355' title='bbox 1973 1848 2042 1904; x_wconf 86' lang='lat' dir='ltr'><strong>At</strong></span> <span class='ocrx_word' id='word_1_356' title='bbox 2073 1849 2117 1903; x_wconf 93' lang='lat' dir='ltr'><strong>si</strong></span> <span class='ocrx_word' id='word_1_357' title='bbox 2144 1846 2336 1902; x_wconf 91' lang='lat' dir='ltr'><strong>Cicero</strong></span> <span class='ocrx_word' id='word_1_358' title='bbox 2366 1847 2450 1900; x_wconf 91' lang='lat' dir='ltr'><strong>his</strong></span> <span class='ocrx_word' id='word_1_359' title='bbox 2477 1846 2528 1899; x_wconf 92' lang='lat' dir='ltr'><strong>in</strong></span> <span class='ocrx_word' id='word_1_360' title='bbox 2555 1844 2706 1899; x_wconf 87' lang='lat' dir='ltr'><strong>libris</strong></span> <span class='ocrx_word' id='word_1_361' title='bbox 2733 1859 2928 1900; x_wconf 91' lang='lat' dir='ltr'><strong>omnes</strong></span> <span class='ocrx_word' id='word_1_362' title='bbox 2954 1842 3194 1898; x_wconf 91' lang='lat' dir='ltr'><strong>funditus</strong></span> <span class='ocrx_word' id='word_1_363' title='bbox 3217 1842 3504 1913; x_wconf 86' lang='lat' dir='ltr'><strong>religiones</strong></span> 
     </span>
    </p>
   </div>
   <div class='ocr_carea' id='block_1_47' title="bbox 1903 1934 3500 2006">
    <p class='ocr_par' dir='ltr' id='par_1_47' title="bbox 1903 1934 3500 2006">
     <span class='ocr_line' id='line_1_47' title="bbox 1903 1934 3500 2006; baseline -0.006 -9"><span class='ocrx_word' id='word_1_364' title='bbox 1903 1941 2137 2006; x_wconf 89' lang='lat' dir='ltr'><strong>sustulit,</strong></span> <span class='ocrx_word' id='word_1_365' title='bbox 2181 1940 2227 1994; x_wconf 89' lang='lat' dir='ltr'><strong>si</strong></span> <span class='ocrx_word' id='word_1_366' title='bbox 2268 1939 2334 1994; x_wconf 92' lang='lat' dir='ltr'><strong>ad</strong></span> <span class='ocrx_word' id='word_1_367' title='bbox 2366 1938 2622 1994; x_wconf 89' lang='lat' dir='ltr'><strong>invidiam</strong></span> <span class='ocrx_word' id='word_1_368' title='bbox 2649 1936 3065 2006; x_wconf 88' lang='lat' dir='ltr'><strong>molestiamque</strong></span> <span class='ocrx_word' id='word_1_369' title='bbox 3101 1934 3500 2005; x_wconf 91' lang='lat' dir='ltr'><strong>depellendam,</strong></span> 
     </span>
    </p>
   </div>
   <div class='ocr_carea' id='block_1_48' title="bbox 1902 2027 3503 2090">
    <p class='ocr_par' dir='ltr' id='par_1_48' title="bbox 1902 2027 3503 2090">
     <span class='ocr_line' id='line_1_48' title="bbox 1902 2027 3503 2090; baseline -0.004 0"><span class='ocrx_word' id='word_1_370' title='bbox 1902 2034 2071 2090; x_wconf 88' lang='lat' dir='ltr'><strong>verbo</strong></span> <span class='ocrx_word' id='word_1_371' title='bbox 2097 2042 2305 2089; x_wconf 84' lang='lat' dir='ltr'><strong>tantum</strong></span> <span class='ocrx_word' id='word_1_372' title='bbox 2333 2046 2436 2087; x_wconf 89' lang='lat' dir='ltr'><strong>nec</strong></span> <span class='ocrx_word' id='word_1_373' title='bbox 2474 2033 2688 2086; x_wconf 87' lang='lat' dir='ltr'><strong>sincera</strong></span> <span class='ocrx_word' id='word_1_374' title='bbox 2723 2038 2908 2085; x_wconf 87' lang='lat' dir='ltr'><strong>mente</strong></span> <span class='ocrx_word' id='word_1_375' title='bbox 2933 2027 3067 2084; x_wconf 90' lang='lat' dir='ltr'><strong>deos</strong></span> <span class='ocrx_word' id='word_1_376' title='bbox 3093 2029 3329 2084; x_wconf 76' lang='lat' dir='ltr'><strong>existere</strong></span> <span class='ocrx_word' id='word_1_377' title='bbox 3353 2042 3503 2084; x_wconf 90' lang='lat' dir='ltr'><strong>asse-</strong></span> 
     </span>
    </p>
   </div>
   <div class='ocr_carea' id='block_1_49' title="bbox 1901 2124 3505 2202">
    <p class='ocr_par' dir='ltr' id='par_1_49' title="bbox 1901 2124 3505 2202">
     <span class='ocr_line' id='line_1_49' title="bbox 1901 2124 3505 2202; baseline -0.006 -16"><span class='ocrx_word' id='word_1_378' title='bbox 1901 2133 2032 2196; x_wconf 85' lang='lat' dir='ltr'><strong>ruit,</strong></span> <span class='ocrx_word' id='word_1_379' title='bbox 2061 2145 2190 2201; x_wconf 90' lang='lat' dir='ltr'><strong>quo,</strong></span> <span class='ocrx_word' id='word_1_380' title='bbox 2222 2130 2454 2202; x_wconf 86' lang='lat' dir='ltr'><strong>inquies,</strong></span> <span class='ocrx_word' id='word_1_381' title='bbox 2473 2129 2596 2200; x_wconf 86' lang='lat' dir='ltr'><strong>jure</strong></span> <span class='ocrx_word' id='word_1_382' title='bbox 2621 2127 2893 2185; x_wconf 80' lang='lat' dir='ltr'><strong>Arnobius</strong></span> <span class='ocrx_word' id='word_1_383' title='bbox 2925 2135 3074 2182; x_wconf 88' lang='lat' dir='ltr'><strong>tanta</strong></span> <span class='ocrx_word' id='word_1_384' title='bbox 3105 2124 3505 2181; x_wconf 89' lang='lat' dir='ltr'><strong>asseveratione</strong></span> 
     </span>
    </p>
   </div>
   <div class='ocr_carea' id='block_1_50' title="bbox 1903 2217 3504 2296">
    <p class='ocr_par' dir='ltr' id='par_1_50' title="bbox 1903 2217 3504 2296">
     <span class='ocr_line' id='line_1_50' title="bbox 1903 2217 3504 2296; baseline -0.006 -17"><span class='ocrx_word' id='word_1_385' title='bbox 1903 2224 2137 2280; x_wconf 85' lang='lat' dir='ltr'><strong>affirmat</strong></span> <span class='ocrx_word' id='word_1_386' title='bbox 2163 2223 2404 2296; x_wconf 82' lang='lat' dir='ltr'><strong>(Amob.,</strong></span> <span class='ocrx_word' id='word_1_387' title='bbox 2433 2223 2523 2277; x_wconf 82' lang='lat' dir='ltr'><strong>tib.</strong></span> <span class='ocrx_word' id='word_1_388' title='bbox 2577 2237 2656 2290; x_wconf 80' lang='lat' dir='ltr'><strong>ut,</strong></span> <span class='ocrx_word' id='word_1_389' title='bbox 2706 2238 2827 2292; x_wconf 87' lang='lat' dir='ltr'><strong>pag.</strong></span> <span class='ocrx_word' id='word_1_390' title='bbox 2872 2219 3000 2293; x_wconf 70' lang='grc'><strong>104)</strong></span> <span class='ocrx_word' id='word_1_391' title='bbox 3043 2219 3142 2274; x_wconf 87' lang='lat' dir='ltr'><strong>bos</strong></span> <span class='ocrx_word' id='word_1_392' title='bbox 3187 2217 3336 2289; x_wconf 89' lang='lat' dir='ltr'><strong>ipsos</strong></span> <span class='ocrx_word' id='word_1_393' title='bbox 3380 2230 3504 2273; x_wconf 90' lang='lat' dir='ltr'><strong>esse</strong></span> 
     </span>
    </p>
   </div>
   <div class='ocr_carea' id='block_1_51' title="bbox 1905 2313 3504 2390">
    <p class='ocr_par' dir='ltr' id='par_1_51' title="bbox 1905 2313 3504 2390">
     <span class='ocr_line' id='line_1_51' title="bbox 1905 2313 3504 2390; baseline -0.007 -15"><span class='ocrx_word' id='word_1_394' title='bbox 1905 2317 2184 2376; x_wconf 86' lang='lat' dir='ltr'><strong>Ciceronis</strong></span> <span class='ocrx_word' id='word_1_395' title='bbox 2205 2317 2396 2382; x_wconf 86' lang='lat' dir='ltr'><strong>libros,</strong></span> <span class='ocrx_word' id='word_1_396' title='bbox 2433 2336 2452 2370; x_wconf 76' lang='grc' dir='ltr'><strong>ι</strong></span> <span class='ocrx_word' id='word_1_397' title='bbox 2488 2316 2683 2390; x_wconf 89' lang='lat' dir='ltr'><strong>quibus</strong></span> <span class='ocrx_word' id='word_1_398' title='bbox 2709 2315 3003 2371; x_wconf 90' lang='lat' dir='ltr'><strong>christiana</strong></span> <span class='ocrx_word' id='word_1_399' title='bbox 3033 2313 3223 2385; x_wconf 83' lang='lat' dir='ltr'><strong>religio</strong></span> <span class='ocrx_word' id='word_1_400' title='bbox 3249 2325 3504 2382; x_wconf 88' lang='lat' dir='ltr'><strong>compro-</strong></span> 
     </span>
    </p>
   </div>
   <div class='ocr_carea' id='block_1_52' title="bbox 1908 2406 3509 2480">
    <p class='ocr_par' dir='ltr' id='par_1_52' title="bbox 1908 2406 3509 2480">
     <span class='ocr_line' id='line_1_52' title="bbox 1908 2406 3509 2480; baseline -0.005 -14"><span class='ocrx_word' id='word_1_401' title='bbox 1908 2411 2086 2477; x_wconf 89' lang='lat' dir='ltr'><strong>betur,</strong></span> <span class='ocrx_word' id='word_1_402' title='bbox 2110 2421 2165 2466; x_wconf 93' lang='lat' dir='ltr'><strong>et</strong></span> <span class='ocrx_word' id='word_1_403' title='bbox 2197 2411 2480 2466; x_wconf 87' lang='lat' dir='ltr'><strong>vetustatis</strong></span> <span class='ocrx_word' id='word_1_404' title='bbox 2503 2410 2840 2480; x_wconf 89' lang='lat' dir='ltr'><strong>opprimatur</strong></span> <span class='ocrx_word' id='word_1_405' title='bbox 2868 2407 3194 2463; x_wconf 88' lang='lat' dir='ltr'><strong>auctoritas?</strong></span> <span class='ocrx_word' id='word_1_406' title='bbox 3224 2425 3242 2458; x_wconf 71' lang='grc' dir='ltr'><strong>ι</strong></span> <span class='ocrx_word' id='word_1_407' title='bbox 3262 2406 3509 2475; x_wconf 85' lang='lat' dir='ltr'><strong>Respon-</strong></span> 
     </span>
    </p>
   </div>
   <div class='ocr_carea' id='block_1_53' title="bbox 1907 2497 3509 2573">
    <p class='ocr_par' dir='ltr' id='par_1_53' title="bbox 1907 2497 3509 2573">
     <span class='ocr_line' id='line_1_53' title="bbox 1907 2497 3509 2573; baseline -0.006 -14"><span class='ocrx_word' id='word_1_408' title='bbox 1907 2505 2025 2559; x_wconf 88' lang='lat' dir='ltr'><strong>deri</strong></span> <span class='ocrx_word' id='word_1_409' title='bbox 2055 2503 2196 2559; x_wconf 84' lang='lat' dir='ltr'><strong>haud</strong></span> <span class='ocrx_word' id='word_1_410' title='bbox 2224 2503 2406 2573; x_wconf 90' lang='lat' dir='ltr'><strong>inepte</strong></span> <span class='ocrx_word' id='word_1_411' title='bbox 2435 2510 2619 2572; x_wconf 85' lang='lat' dir='ltr'><strong>potest</strong></span> <span class='ocrx_word' id='word_1_412' title='bbox 2643 2501 2954 2556; x_wconf 63' lang='lat' dir='ltr'><strong>christiana:</strong></span> <span class='ocrx_word' id='word_1_413' title='bbox 2984 2498 3263 2568; x_wconf 88' lang='lat' dir='ltr'><strong>religionis</strong></span> <span class='ocrx_word' id='word_1_414' title='bbox 3288 2497 3509 2552; x_wconf 87' lang='lat' dir='ltr'><strong>nomine</strong></span> 
     </span>
    </p>
   </div>
   <div class='ocr_carea' id='block_1_54' title="bbox 1910 2588 3512 2666">
    <p class='ocr_par' dir='ltr' id='par_1_54' title="bbox 1910 2588 3512 2666">
     <span class='ocr_line' id='line_1_54' title="bbox 1910 2588 3512 2666; baseline -0.006 -14"><span class='ocrx_word' id='word_1_415' title='bbox 1910 2597 1981 2652; x_wconf 88' lang='lat' dir='ltr'><strong>ab</strong></span> <span class='ocrx_word' id='word_1_416' title='bbox 2007 2597 2100 2651; x_wconf 89' lang='lat' dir='ltr'><strong>illo</strong></span> <span class='ocrx_word' id='word_1_417' title='bbox 2117 2595 2407 2666; x_wconf 81' lang='lat' dir='ltr'><strong>signiﬁcari</strong></span> <span class='ocrx_word' id='word_1_418' title='bbox 2444 2595 2588 2649; x_wconf 85' lang='lat' dir='ltr'><strong>ill-ius</strong></span> <span class='ocrx_word' id='word_1_419' title='bbox 2614 2593 2683 2648; x_wconf 90' lang='lat' dir='ltr'><strong>de</strong></span> <span class='ocrx_word' id='word_1_420' title='bbox 2707 2607 2840 2648; x_wconf 89' lang='lat' dir='ltr'><strong>vero</strong></span> <span class='ocrx_word' id='word_1_421' title='bbox 2870 2602 2926 2647; x_wconf 90' lang='lat' dir='ltr'><strong>et</strong></span> <span class='ocrx_word' id='word_1_422' title='bbox 2945 2593 3105 2646; x_wconf 90' lang='lat' dir='ltr'><strong>unico</strong></span> <span class='ocrx_word' id='word_1_423' title='bbox 3143 2591 3278 2654; x_wconf 91' lang='lat' dir='ltr'><strong>Deo,</strong></span> <span class='ocrx_word' id='word_1_424' title='bbox 3304 2588 3512 2644; x_wconf 90' lang='lat' dir='ltr'><strong>divina-</strong></span> 
     </span>
    </p>
   </div>
   <div class='ocr_carea' id='block_1_55' title="bbox 1913 2681 3510 2760">
    <p class='ocr_par' dir='ltr' id='par_1_55' title="bbox 1913 2681 3510 2760">
     <span class='ocr_line' id='line_1_55' title="bbox 1913 2681 3510 2760; baseline -0.006 -16"><span class='ocrx_word' id='word_1_425' title='bbox 1913 2705 2016 2760; x_wconf 87' lang='lat' dir='ltr'><strong>que</strong></span> <span class='ocrx_word' id='word_1_426' title='bbox 2046 2689 2188 2742; x_wconf 91' lang='lat' dir='ltr'><strong>illius</strong></span> <span class='ocrx_word' id='word_1_427' title='bbox 2211 2689 2392 2743; x_wconf 86' lang='lat' dir='ltr'><strong>omnia</strong></span> <span class='ocrx_word' id='word_1_428' title='bbox 2414 2686 2828 2741; x_wconf 90' lang='lat' dir='ltr'><strong>administrante</strong></span> <span class='ocrx_word' id='word_1_429' title='bbox 2859 2683 3193 2754; x_wconf 90' lang='lat' dir='ltr'><strong>providentia</strong></span> <span class='ocrx_word' id='word_1_430' title='bbox 3215 2681 3510 2736; x_wconf 77' lang='lat' dir='ltr'><strong>dOCumen-</strong></span> 
     </span>
    </p>
   </div>
   <div class='ocr_carea' id='block_1_56' title="bbox 1917 2773 3508 2849">
    <p class='ocr_par' dir='ltr' id='par_1_56' title="bbox 1917 2773 3508 2849">
     <span class='ocr_line' id='line_1_56' title="bbox 1917 2773 3508 2849; baseline -0.005 -13"><span class='ocrx_word' id='word_1_431' title='bbox 1917 2792 2050 2836; x_wconf 76' lang='lat' dir='ltr'><strong>tim.</strong></span> <span class='ocrx_word' id='word_1_432' title='bbox 2078 2781 2211 2837; x_wconf 79' lang='lat' dir='ltr'><strong>Nam</strong></span> <span class='ocrx_word' id='word_1_433' title='bbox 2234 2797 2301 2836; x_wconf 93' lang='lat' dir='ltr'><strong>eo</strong></span> <span class='ocrx_word' id='word_1_434' title='bbox 2326 2788 2534 2836; x_wconf 87' lang='lat' dir='ltr'><strong>asserto</strong></span> <span class='ocrx_word' id='word_1_435' title='bbox 2547 2778 2870 2849; x_wconf 88' lang='lat' dir='ltr'><strong>opprimitur</strong></span> <span class='ocrx_word' id='word_1_436' title='bbox 2893 2775 3175 2832; x_wconf 86' lang='lat' dir='ltr'><strong>vetustatis</strong></span> <span class='ocrx_word' id='word_1_437' title='bbox 3195 2773 3508 2838; x_wconf 84' lang='lat' dir='ltr'><strong>auctoritas,</strong></span> 
     </span>
    </p>
   </div>
   <div class='ocr_carea' id='block_1_57' title="bbox 1916 2864 3510 2947">
    <p class='ocr_par' dir='ltr' id='par_1_57' title="bbox 1916 2864 3510 2947">
     <span class='ocr_line' id='line_1_57' title="bbox 1916 2864 3510 2947; baseline -0.008 -17"><span class='ocrx_word' id='word_1_438' title='bbox 1916 2891 2037 2947; x_wconf 73' lang='lat' dir='ltr'><strong>qum</strong></span> <span class='ocrx_word' id='word_1_439' title='bbox 2067 2875 2392 2944; x_wconf 87' lang='lat' dir='ltr'><strong>multiplices</strong></span> <span class='ocrx_word' id='word_1_440' title='bbox 2419 2885 2474 2928; x_wconf 90' lang='lat' dir='ltr'><strong>et</strong></span> <span class='ocrx_word' id='word_1_441' title='bbox 2496 2872 2758 2938; x_wconf 84' lang='lat' dir='ltr'><strong>inﬁnitos,</strong></span> <span class='ocrx_word' id='word_1_442' title='bbox 2791 2871 2933 2925; x_wconf 88' lang='lat' dir='ltr'><strong>sicut</strong></span> <span class='ocrx_word' id='word_1_443' title='bbox 2958 2868 3208 2932; x_wconf 79' lang='lat' dir='ltr'><strong>diximus,</strong></span> <span class='ocrx_word' id='word_1_444' title='bbox 3243 2865 3382 2920; x_wconf 90' lang='lat' dir='ltr'><strong>Deos</strong></span> <span class='ocrx_word' id='word_1_445' title='bbox 3405 2864 3510 2918; x_wconf 89' lang='lat' dir='ltr'><strong>ﬁn-</strong></span> 
     </span>
    </p>
   </div>
   <div class='ocr_carea' id='block_1_58' title="bbox 1916 2958 3512 3039">
    <p class='ocr_par' dir='ltr' id='par_1_58' title="bbox 1916 2958 3512 3039">
     <span class='ocr_line' id='line_1_58' title="bbox 1916 2958 3512 3039; baseline -0.009 -12"><span class='ocrx_word' id='word_1_446' title='bbox 1916 2981 2090 3026; x_wconf 79' lang='lat' dir='ltr'><strong>xerat.</strong></span> <span class='ocrx_word' id='word_1_447' title='bbox 2115 2969 2279 3039; x_wconf 82' lang='lat' dir='ltr'><strong>Atqui</strong></span> <span class='ocrx_word' id='word_1_448' title='bbox 2302 2968 2497 3024; x_wconf 89' lang='lat' dir='ltr'><strong>Cicero</strong></span> <span class='ocrx_word' id='word_1_449' title='bbox 2540 2968 2595 3022; x_wconf 91' lang='lat' dir='ltr'><strong>in</strong></span> <span class='ocrx_word' id='word_1_450' title='bbox 2624 2966 2737 3021; x_wconf 90' lang='lat' dir='ltr'><strong>suis</strong></span> <span class='ocrx_word' id='word_1_451' title='bbox 2771 2965 2834 3018; x_wconf 79' lang='lat' dir='ltr'><strong>de</strong></span> <span class='ocrx_word' id='word_1_452' title='bbox 2871 2962 3079 3017; x_wconf 79' lang='lat' dir='ltr'><strong>Natura</strong></span> <span class='ocrx_word' id='word_1_453' title='bbox 3107 2964 3320 3016; x_wconf 83' lang='lat' dir='ltr'><strong>deorum</strong></span> <span class='ocrx_word' id='word_1_454' title='bbox 3357 2958 3512 3012; x_wconf 89' lang='lat' dir='ltr'><strong>libris</strong></span> 
     </span>
    </p>
   </div>
   <div class='ocr_carea' id='block_1_59' title="bbox 1919 3058 3514 3134">
    <p class='ocr_par' dir='ltr' id='par_1_59' title="bbox 1919 3058 3514 3134">
     <span class='ocr_line' id='line_1_59' title="bbox 1919 3058 3514 3134; baseline -0.01 -13"><span class='ocrx_word' id='word_1_455' title='bbox 1919 3065 2040 3121; x_wconf 71' lang='lat' dir='ltr'><strong>haec</strong></span> <span class='ocrx_word' id='word_1_456' title='bbox 2069 3075 2173 3119; x_wconf 92' lang='lat' dir='ltr'><strong>tam</strong></span> <span class='ocrx_word' id='word_1_457' title='bbox 2203 3073 2388 3134; x_wconf 87' lang='lat' dir='ltr'><strong>aperte</strong></span> <span class='ocrx_word' id='word_1_458' title='bbox 2411 3061 2777 3125; x_wconf 83' lang='lat' dir='ltr'><strong>demonstrat,</strong></span> <span class='ocrx_word' id='word_1_459' title='bbox 2803 3073 2963 3129; x_wconf 88' lang='lat' dir='ltr'><strong>quam</strong></span> <span class='ocrx_word' id='word_1_460' title='bbox 2989 3058 3149 3111; x_wconf 82' lang='lat' dir='ltr'><strong>falsas</strong></span> <span class='ocrx_word' id='word_1_461' title='bbox 3179 3068 3302 3110; x_wconf 87' lang='lat' dir='ltr'><strong>esse</strong></span> <span class='ocrx_word' id='word_1_462' title='bbox 3324 3065 3514 3106; x_wconf 89' lang='lat' dir='ltr'><strong>omnes</strong></span> 
     </span>
    </p>
   </div>
   <div class='ocr_carea' id='block_1_60' title="bbox 215 3146 1810 3232">
    <p class='ocr_par' dir='ltr' id='par_1_60' title="bbox 215 3149 1810 3226">
     <span class='ocr_line' id='line_1_60' title="bbox 215 3149 1810 3226; baseline -0.018 -5"><span class='ocrx_word' id='word_1_463' title='bbox 215 3177 330 3220; x_wconf 88' lang='lat' dir='ltr'><strong>cum</strong></span> <span class='ocrx_word' id='word_1_464' title='bbox 383 3160 809 3218; x_wconf 86' lang='lat' dir='ltr'><strong>christianorum</strong></span> <span class='ocrx_word' id='word_1_465' title='bbox 860 3155 1076 3226; x_wconf 75' lang='lat' dir='ltr'><strong>scriptis</strong></span> <span class='ocrx_word' id='word_1_466' title='bbox 1129 3154 1252 3223; x_wconf 85' lang='lat' dir='ltr'><strong>igne</strong></span> <span class='ocrx_word' id='word_1_467' title='bbox 1291 3163 1484 3206; x_wconf 88' lang='lat' dir='ltr'><strong>revera</strong></span> <span class='ocrx_word' id='word_1_468' title='bbox 1541 3149 1810 3201; x_wconf 87' lang='lat' dir='ltr'><strong>crematos</strong></span> 
     </span>
    </p>
   </div>
   <div class='ocr_carea' id='block_1_61' title="bbox 1918 3146 3516 3232">
    <p class='ocr_par' dir='ltr' id='par_1_61' title="bbox 1918 3146 3516 3232">
     <span class='ocr_line' id='line_1_61' title="bbox 1918 3146 3516 3232; baseline -0.011 -15"><span class='ocrx_word' id='word_1_469' title='bbox 1918 3160 2196 3232; x_wconf 86' lang='lat' dir='ltr'><strong>gen-tilium</strong></span> <span class='ocrx_word' id='word_1_470' title='bbox 2244 3157 2514 3230; x_wconf 89' lang='lat' dir='ltr'><strong>quoslibet</strong></span> <span class='ocrx_word' id='word_1_471' title='bbox 2558 3156 2689 3211; x_wconf 90' lang='lat' dir='ltr'><strong>deos</strong></span> <span class='ocrx_word' id='word_1_472' title='bbox 2735 3153 3030 3209; x_wconf 83' lang='lat' dir='ltr'><strong>colentium</strong></span> <span class='ocrx_word' id='word_1_473' title='bbox 3080 3149 3388 3219; x_wconf 83' lang='lat' dir='ltr'><strong>religiones.</strong></span> <span class='ocrx_word' id='word_1_474' title='bbox 3445 3146 3516 3200; x_wconf 85' lang='lat' dir='ltr'><strong>At</strong></span> 
     </span>
    </p>
   </div>
   <div class='ocr_carea' id='block_1_62' title="bbox 216 3238 1807 3328">
    <p class='ocr_par' dir='ltr' id='par_1_62' title="bbox 216 3238 1807 3328">
     <span class='ocr_line' id='line_1_62' title="bbox 216 3238 1807 3328; baseline -0.015 -17"><span class='ocrx_word' id='word_1_475' title='bbox 216 3255 462 3328; x_wconf 64' lang='lat' dir='ltr'><strong>(Bai-ain,</strong></span> <span class='ocrx_word' id='word_1_476' title='bbox 513 3253 583 3312; x_wconf 77' lang='lat' dir='ltr'><strong>ad</strong></span> <span class='ocrx_word' id='word_1_477' title='bbox 631 3252 768 3308; x_wconf 81' lang='lat' dir='ltr'><strong>Ann.</strong></span> <span class='ocrx_word' id='word_1_478' title='bbox 824 3248 952 3314; x_wconf 71' lang='lat'><strong>302,</strong></span> <span class='ocrx_word' id='word_1_479' title='bbox 1002 3246 1030 3320; x_wconf 65' lang='grc' dir='ltr'>ᾗ</span> <span class='ocrx_word' id='word_1_480' title='bbox 1088 3245 1176 3309; x_wconf 78' lang='grc'><strong>19,</strong></span> <span class='ocrx_word' id='word_1_481' title='bbox 1235 3242 1384 3313; x_wconf 72' lang='lat'><strong>725).</strong></span> <span class='ocrx_word' id='word_1_482' title='bbox 1417 3238 1527 3297; x_wconf 87' lang='lat' dir='ltr'><strong>Sed</strong></span> <span class='ocrx_word' id='word_1_483' title='bbox 1555 3248 1807 3294; x_wconf 89' lang='lat' dir='ltr'><strong>veremur</strong></span> 
     </span>
    </p>
   </div>
   <div class='ocr_carea' id='block_1_63' title="bbox 215 3329 1810 3406">
    <p class='ocr_par' dir='ltr' id='par_1_63' title="bbox 215 3329 1810 3406">
     <span class='ocr_line' id='line_1_63' title="bbox 215 3329 1810 3406; baseline -0.015 0"><span class='ocrx_word' id='word_1_484' title='bbox 215 3364 281 3406; x_wconf 87' lang='lat' dir='ltr'><strong>ne</strong></span> <span class='ocrx_word' id='word_1_485' title='bbox 301 3347 657 3404; x_wconf 78' lang='lat' dir='ltr'><strong>doctissimus</strong></span> <span class='ocrx_word' id='word_1_486' title='bbox 682 3343 766 3399; x_wconf 91' lang='lat' dir='ltr'><strong>vir</strong></span> <span class='ocrx_word' id='word_1_487' title='bbox 791 3343 1033 3398; x_wconf 87' lang='lat' dir='ltr'><strong>animum</strong></span> <span class='ocrx_word' id='word_1_488' title='bbox 1069 3353 1180 3394; x_wconf 90' lang='lat' dir='ltr'><strong>non</strong></span> <span class='ocrx_word' id='word_1_489' title='bbox 1217 3335 1351 3390; x_wconf 90' lang='lat' dir='ltr'><strong>satis</strong></span> <span class='ocrx_word' id='word_1_490' title='bbox 1379 3332 1676 3388; x_wconf 83' lang='lat' dir='ltr'><strong>adverterit</strong></span> <span class='ocrx_word' id='word_1_491' title='bbox 1698 3329 1810 3400; x_wconf 84' lang='lat' dir='ltr'><strong>Op-</strong></span> 
     </span>
    </p>
   </div>
   <div class='ocr_carea' id='block_1_64' title="bbox 218 3420 1814 3506">
    <p class='ocr_par' dir='ltr' id='par_1_64' title="bbox 218 3420 1814 3506">
     <span class='ocr_line' id='line_1_64' title="bbox 218 3420 1814 3506; baseline -0.013 -8"><span class='ocrx_word' id='word_1_492' title='bbox 218 3453 379 3500; x_wconf 85' lang='lat' dir='ltr'><strong>tatum</strong></span> <span class='ocrx_word' id='word_1_493' title='bbox 409 3450 468 3499; x_wconf 91' lang='lat' dir='ltr'><strong>et</strong></span> <span class='ocrx_word' id='word_1_494' title='bbox 493 3439 808 3504; x_wconf 82' lang='lat' dir='ltr'><strong>Eusebium,</strong></span> <span class='ocrx_word' id='word_1_495' title='bbox 840 3450 977 3506; x_wconf 90' lang='lat' dir='ltr'><strong>quos</strong></span> <span class='ocrx_word' id='word_1_496' title='bbox 1029 3434 1097 3488; x_wconf 88' lang='lat' dir='ltr'><strong>de</strong></span> <span class='ocrx_word' id='word_1_497' title='bbox 1143 3430 1337 3488; x_wconf 88' lang='lat' dir='ltr'><strong>eodem</strong></span> <span class='ocrx_word' id='word_1_498' title='bbox 1377 3424 1697 3482; x_wconf 87' lang='lat' dir='ltr'><strong>Diocletiani</strong></span> <span class='ocrx_word' id='word_1_499' title='bbox 1717 3420 1814 3479; x_wconf 89' lang='lat' dir='ltr'><strong>de—</strong></span> 
     </span>
    </p>
   </div>
   <div class='ocr_carea' id='block_1_65' title="bbox 216 3520 1816 3594">
    <p class='ocr_par' dir='ltr' id='par_1_65' title="bbox 216 3520 1816 3594">
     <span class='ocr_line' id='line_1_65' title="bbox 216 3520 1816 3594; baseline -0.014 -1"><span class='ocrx_word' id='word_1_500' title='bbox 216 3546 358 3594; x_wconf 84' lang='lat' dir='ltr'><strong>creto</strong></span> <span class='ocrx_word' id='word_1_501' title='bbox 378 3536 716 3594; x_wconf 83' lang='lat' dir='ltr'><strong>disserentes</strong></span> <span class='ocrx_word' id='word_1_502' title='bbox 744 3531 869 3585; x_wconf 86' lang='lat' dir='ltr'><strong>alibi</strong></span> <span class='ocrx_word' id='word_1_503' title='bbox 897 3529 1204 3591; x_wconf 85' lang='lat' dir='ltr'><strong>citavimus,</strong></span> <span class='ocrx_word' id='word_1_504' title='bbox 1231 3536 1512 3579; x_wconf 85' lang='lat' dir='ltr'><strong>sacrorum</strong></span> <span class='ocrx_word' id='word_1_505' title='bbox 1536 3520 1816 3574; x_wconf 81' lang='lat' dir='ltr'><strong>dumtaxat</strong></span> 
     </span>
    </p>
   </div>
   <div class='ocr_carea' id='block_1_66' title="bbox 216 3611 1814 3695">
    <p class='ocr_par' dir='ltr' id='par_1_66' title="bbox 216 3611 1814 3695">
     <span class='ocr_line' id='line_1_66' title="bbox 216 3611 1814 3695; baseline -0.011 -11"><span class='ocrx_word' id='word_1_506' title='bbox 216 3628 406 3685; x_wconf 68' lang='lat' dir='ltr'><strong>divinae</strong></span> <span class='ocrx_word' id='word_1_507' title='bbox 423 3627 740 3695; x_wconf 83' lang='lat' dir='ltr'><strong>Scripturae,</strong></span> <span class='ocrx_word' id='word_1_508' title='bbox 764 3637 860 3679; x_wconf 91' lang='lat' dir='ltr'><strong>seu</strong></span> <span class='ocrx_word' id='word_1_509' title='bbox 883 3622 1198 3680; x_wconf 70' lang='lat' dir='ltr'><strong>deiﬁcornm</strong></span> <span class='ocrx_word' id='word_1_510' title='bbox 1213 3626 1528 3673; x_wconf 89' lang='lat' dir='ltr'><strong>nostrorum</strong></span> <span class='ocrx_word' id='word_1_511' title='bbox 1555 3611 1814 3688; x_wconf 86' lang='lat' dir='ltr'><strong>librorum</strong></span> 
     </span>
    </p>
   </div>
   <div class='ocr_carea' id='block_1_67' title="bbox 215 3722 793 3781">
    <p class='ocr_par' dir='ltr' id='par_1_67' title="bbox 215 3722 793 3781">
     <span class='ocr_line' id='line_1_67' title="bbox 215 3722 793 3781; baseline -0.01 -3"><span class='ocrx_word' id='word_1_512' title='bbox 215 3722 405 3781; x_wconf 84' lang='lat' dir='ltr'><strong>fecisse</strong></span> <span class='ocrx_word' id='word_1_513' title='bbox 437 3723 793 3779; x_wconf 85' lang='lat' dir='ltr'><strong>mentionem.</strong></span> 
     </span>
    </p>
   </div>
   <div class='ocr_carea' id='block_1_68' title="bbox 283 3820 1818 3906">
    <p class='ocr_par' dir='ltr' id='par_1_68' title="bbox 283 3820 1818 3906">
     <span class='ocr_line' id='line_1_68' title="bbox 283 3820 1818 3906; baseline -0.014 -10"><span class='ocrx_word' id='word_1_514' title='bbox 283 3841 460 3898; x_wconf 87' lang='lat' dir='ltr'><strong>Porro</strong></span> <span class='ocrx_word' id='word_1_515' title='bbox 503 3846 685 3900; x_wconf 83' lang='lat' dir='ltr'><strong>autem</strong></span> <span class='ocrx_word' id='word_1_516' title='bbox 716 3849 876 3906; x_wconf 88' lang='lat' dir='ltr'><strong>quam</strong></span> <span class='ocrx_word' id='word_1_517' title='bbox 917 3831 1158 3888; x_wconf 83' lang='lat' dir='ltr'><strong>funditus</strong></span> <span class='ocrx_word' id='word_1_518' title='bbox 1185 3827 1381 3884; x_wconf 83' lang='lat' dir='ltr'><strong>Cicero</strong></span> <span class='ocrx_word' id='word_1_519' title='bbox 1419 3824 1572 3880; x_wconf 84' lang='lat' dir='ltr'><strong>hisce</strong></span> <span class='ocrx_word' id='word_1_520' title='bbox 1606 3821 1724 3878; x_wconf 87' lang='lat' dir='ltr'><strong>suis</strong></span> <span class='ocrx_word' id='word_1_521' title='bbox 1759 3820 1818 3876; x_wconf 86' lang='lat' dir='ltr'><strong>in</strong></span> 
     </span>
    </p>
   </div>
   <div class='ocr_carea' id='block_1_69' title="bbox 219 3915 1820 4001">
    <p class='ocr_par' dir='ltr' id='par_1_69' title="bbox 219 3915 1820 4001">
     <span class='ocr_line' id='line_1_69' title="bbox 219 3915 1820 4001; baseline -0.015 -10"><span class='ocrx_word' id='word_1_522' title='bbox 219 3933 366 3990; x_wconf 86' lang='lat' dir='ltr'><strong>libris</strong></span> <span class='ocrx_word' id='word_1_523' title='bbox 401 3933 630 4001; x_wconf 84' lang='lat' dir='ltr'><strong>impium</strong></span> <span class='ocrx_word' id='word_1_524' title='bbox 677 3929 901 3986; x_wconf 84' lang='lat' dir='ltr'><strong>deorum</strong></span> <span class='ocrx_word' id='word_1_525' title='bbox 929 3925 1154 3990; x_wconf 80' lang='lat' dir='ltr'><strong>cultum,</strong></span> <span class='ocrx_word' id='word_1_526' title='bbox 1180 3934 1484 3990; x_wconf 84' lang='lat' dir='ltr'><strong>omnesque</strong></span> <span class='ocrx_word' id='word_1_527' title='bbox 1507 3916 1674 3974; x_wconf 68' lang='lat' dir='ltr'><strong>falsas</strong></span> <span class='ocrx_word' id='word_1_528' title='bbox 1694 3915 1820 3970; x_wconf 81' lang='lat' dir='ltr'><strong>eth—</strong></span> 
     </span>
    </p>
   </div>
   <div class='ocr_carea' id='block_1_70' title="bbox 219 4006 1821 4094">
    <p class='ocr_par' dir='ltr' id='par_1_70' title="bbox 219 4006 1821 4094">
     <span class='ocr_line' id='line_1_70' title="bbox 219 4006 1821 4094; baseline -0.012 -13"><span class='ocrx_word' id='word_1_529' title='bbox 219 4026 462 4084; x_wconf 75' lang='lat' dir='ltr'><strong>nicorum</strong></span> <span class='ocrx_word' id='word_1_530' title='bbox 502 4023 796 4094; x_wconf 83' lang='lat' dir='ltr'><strong>religiones</strong></span> <span class='ocrx_word' id='word_1_531' title='bbox 821 4017 1101 4082; x_wconf 82' lang='lat' dir='ltr'><strong>everterit,</strong></span> <span class='ocrx_word' id='word_1_532' title='bbox 1131 4014 1329 4085; x_wconf 87' lang='lat' dir='ltr'><strong>quidve</strong></span> <span class='ocrx_word' id='word_1_533' title='bbox 1369 4011 1440 4066; x_wconf 92' lang='lat' dir='ltr'><strong>de</strong></span> <span class='ocrx_word' id='word_1_534' title='bbox 1478 4008 1672 4065; x_wconf 83' lang='lat' dir='ltr'><strong>iisdem</strong></span> <span class='ocrx_word' id='word_1_535' title='bbox 1713 4006 1821 4062; x_wconf 84' lang='lat' dir='ltr'><strong>diis</strong></span> 
     </span>
    </p>
   </div>
   <div class='ocr_carea' id='block_1_71' title="bbox 219 4105 1821 4187">
    <p class='ocr_par' dir='ltr' id='par_1_71' title="bbox 219 4105 1821 4187">
     <span class='ocr_line' id='line_1_71' title="bbox 219 4105 1821 4187; baseline -0.012 -10"><span class='ocrx_word' id='word_1_536' title='bbox 219 4122 474 4187; x_wconf 81' lang='lat' dir='ltr'><strong>senserit,</strong></span> <span class='ocrx_word' id='word_1_537' title='bbox 523 4119 611 4174; x_wconf 91' lang='lat' dir='ltr'><strong>hic</strong></span> <span class='ocrx_word' id='word_1_538' title='bbox 640 4116 953 4173; x_wconf 79' lang='lat' dir='ltr'><strong>Lactantius</strong></span> <span class='ocrx_word' id='word_1_539' title='bbox 993 4111 1232 4182; x_wconf 76' lang='lat' dir='ltr'><strong>explicat</strong></span> <span class='ocrx_word' id='word_1_540' title='bbox 1271 4108 1454 4164; x_wconf 84' lang='lat' dir='ltr'><strong>verbis</strong></span> <span class='ocrx_word' id='word_1_541' title='bbox 1498 4125 1513 4160; x_wconf 89' lang='lat'><strong>:</strong></span> <span class='ocrx_word' id='word_1_542' title='bbox 1561 4105 1821 4160; x_wconf 73' lang='lat' dir='ltr'><strong>Romana:</strong></span> 
     </span>
    </p>
   </div>
   <div class='ocr_carea' id='block_1_72' title="bbox 221 4200 1823 4287">
    <p class='ocr_par' dir='ltr' id='par_1_72' title="bbox 221 4200 1823 4287">
     <span class='ocr_line' id='line_1_72' title="bbox 221 4200 1823 4287; baseline -0.014 -14"><span class='ocrx_word' id='word_1_543' title='bbox 221 4215 582 4287; x_wconf 65' lang='lat' dir='ltr'><strong>philosophia</strong></span> <span class='ocrx_word' id='word_1_544' title='bbox 611 4213 885 4284; x_wconf 87' lang='lat' dir='ltr'><strong>princeps,</strong></span> <span class='ocrx_word' id='word_1_545' title='bbox 916 4221 970 4264; x_wconf 90' lang='lat' dir='ltr'><strong>et</strong></span> <span class='ocrx_word' id='word_1_546' title='bbox 995 4207 1331 4277; x_wconf 82' lang='lat' dir='ltr'><strong>amplissimo</strong></span> <span class='ocrx_word' id='word_1_547' title='bbox 1352 4200 1662 4258; x_wconf 79' lang='lat' dir='ltr'><strong>sacerdotio</strong></span> <span class='ocrx_word' id='word_1_548' title='bbox 1685 4213 1823 4270; x_wconf 72' lang='lat' dir='ltr'><strong>pra:—</strong></span> 
     </span>
    </p>
   </div>
   <div class='ocr_carea' id='block_1_73' title="bbox 221 4297 1826 4377">
    <p class='ocr_par' dir='ltr' id='par_1_73' title="bbox 221 4297 1826 4377">
     <span class='ocr_line' id='line_1_73' title="bbox 221 4297 1826 4377; baseline -0.012 -11"><span class='ocrx_word' id='word_1_549' title='bbox 221 4311 385 4377; x_wconf 91' lang='lat' dir='ltr'><strong>ditus,</strong></span> <span class='ocrx_word' id='word_1_550' title='bbox 419 4308 830 4366; x_wconf 90' lang='lat' dir='ltr'><strong>commentitios</strong></span> <span class='ocrx_word' id='word_1_551' title='bbox 870 4321 935 4360; x_wconf 89' lang='lat' dir='ltr'><strong>ac</strong></span> <span class='ocrx_word' id='word_1_552' title='bbox 965 4306 1120 4359; x_wconf 89' lang='lat' dir='ltr'><strong>ﬁctos</strong></span> <span class='ocrx_word' id='word_1_553' title='bbox 1147 4302 1280 4357; x_wconf 90' lang='lat' dir='ltr'><strong>deos</strong></span> <span class='ocrx_word' id='word_1_554' title='bbox 1325 4297 1600 4368; x_wconf 80' lang='lat' dir='ltr'><strong>redarguit</strong></span> <span class='ocrx_word' id='word_1_555' title='bbox 1643 4311 1658 4348; x_wconf 88' lang='lat'><strong>:</strong></span> <span class='ocrx_word' id='word_1_556' title='bbox 1689 4306 1826 4363; x_wconf 87' lang='lat' dir='ltr'><strong>que-</strong></span> 
     </span>
    </p>
   </div>
   <div class='ocr_carea' id='block_1_74' title="bbox 221 4393 1822 4473">
    <p class='ocr_par' dir='ltr' id='par_1_74' title="bbox 221 4393 1822 4473">
     <span class='ocr_line' id='line_1_74' title="bbox 221 4393 1822 4473; baseline -0.016 -12"><span class='ocrx_word' id='word_1_557' title='bbox 221 4420 337 4460; x_wconf 86' lang='lat' dir='ltr'><strong>rum</strong></span> <span class='ocrx_word' id='word_1_558' title='bbox 367 4403 552 4460; x_wconf 89' lang='lat' dir='ltr'><strong>cultus</strong></span> <span class='ocrx_word' id='word_1_559' title='bbox 595 4399 1014 4473; x_wconf 82' lang='lat' dir='ltr'><strong>superstitiones</strong></span> <span class='ocrx_word' id='word_1_560' title='bbox 1040 4411 1180 4466; x_wconf 90' lang='lat' dir='ltr'><strong>pene</strong></span> <span class='ocrx_word' id='word_1_561' title='bbox 1216 4393 1388 4446; x_wconf 87' lang='lat' dir='ltr'><strong>aniles</strong></span> <span class='ocrx_word' id='word_1_562' title='bbox 1416 4404 1537 4444; x_wconf 86' lang='lat' dir='ltr'><strong>esse</strong></span> <span class='ocrx_word' id='word_1_563' title='bbox 1564 4394 1822 4449; x_wconf 89' lang='lat' dir='ltr'><strong>testatur;</strong></span> 
     </span>
    </p>
   </div>
   <div class='ocr_carea' id='block_1_75' title="bbox 224 4474 1826 4567">
    <p class='ocr_par' dir='ltr' id='par_1_75' title="bbox 224 4474 1826 4567">
     <span class='ocr_line' id='line_1_75' title="bbox 224 4474 1826 4567; baseline -0.014 -16"><span class='ocrx_word' id='word_1_564' title='bbox 224 4497 370 4553; x_wconf 78' lang='lat' dir='ltr'><strong>falsis</strong></span> <span class='ocrx_word' id='word_1_565' title='bbox 421 4493 809 4567; x_wconf 80' lang='lat' dir='ltr'><strong>opinionibus,</strong></span> <span class='ocrx_word' id='word_1_566' title='bbox 835 4488 1224 4555; x_wconf 72' lang='lat' dir='ltr'><strong>moribusque</strong></span> <span class='ocrx_word' id='word_1_567' title='bbox 1271 4479 1597 4540; x_wconf 77' lang='lat' dir='ltr'><strong>turbulentis</strong></span> <span class='ocrx_word' id='word_1_568' title='bbox 1636 4474 1826 4545; x_wconf 74' lang='lat' dir='ltr'><strong>impli-</strong></span> 
     </span>
    </p>
   </div>
   <div class='ocr_carea' id='block_1_76' title="bbox 1913 3240 3518 3314">
    <p class='ocr_par' dir='ltr' id='par_1_76' title="bbox 1913 3240 3518 3314">
     <span class='ocr_line' id='line_1_76' title="bbox 1913 3240 3518 3314; baseline -0.012 -1"><span class='ocrx_word' id='word_1_569' title='bbox 1913 3257 2279 3313; x_wconf 87' lang='lat' dir='ltr'><strong>demonstrata</strong></span> <span class='ocrx_word' id='word_1_570' title='bbox 2347 3268 2535 3310; x_wconf 86' lang='lat' dir='ltr'><strong>earum</strong></span> <span class='ocrx_word' id='word_1_571' title='bbox 2582 3250 2842 3314; x_wconf 83' lang='lat' dir='ltr'><strong>falsitate,</strong></span> <span class='ocrx_word' id='word_1_572' title='bbox 2888 3245 3164 3302; x_wconf 83' lang='lat' dir='ltr'><strong>Arnobius</strong></span> <span class='ocrx_word' id='word_1_573' title='bbox 3208 3240 3518 3298; x_wconf 84' lang='lat' dir='ltr'><strong>necessario</strong></span> 
     </span>
    </p>
   </div>
   <div class='ocr_carea' id='block_1_77' title="bbox 1909 3337 3516 3422">
    <p class='ocr_par' dir='ltr' id='par_1_77' title="bbox 1909 3337 3516 3422">
     <span class='ocr_line' id='line_1_77' title="bbox 1909 3337 3516 3422; baseline -0.014 -12"><span class='ocrx_word' id='word_1_574' title='bbox 1909 3352 2161 3410; x_wconf 83' lang='lat' dir='ltr'><strong>concludi</strong></span> <span class='ocrx_word' id='word_1_575' title='bbox 2194 3365 2355 3422; x_wconf 91' lang='lat' dir='ltr'><strong>posse</strong></span> <span class='ocrx_word' id='word_1_576' title='bbox 2377 3346 2602 3420; x_wconf 85' lang='lat' dir='ltr'><strong>putavit,</strong></span> <span class='ocrx_word' id='word_1_577' title='bbox 2629 3345 2797 3400; x_wconf 89' lang='lat' dir='ltr'><strong>solam</strong></span> <span class='ocrx_word' id='word_1_578' title='bbox 2817 3341 3165 3398; x_wconf 89' lang='lat' dir='ltr'><strong>christianam</strong></span> <span class='ocrx_word' id='word_1_579' title='bbox 3198 3337 3516 3405; x_wconf 78' lang='lat' dir='ltr'><strong>religionem</strong></span> 
     </span>
    </p>
   </div>
   <div class='ocr_carea' id='block_1_78' title="bbox 1915 3430 3517 3513">
    <p class='ocr_par' dir='ltr' id='par_1_78' title="bbox 1915 3430 3517 3513">
     <span class='ocr_line' id='line_1_78' title="bbox 1915 3430 3517 3513; baseline -0.013 -9"><span class='ocrx_word' id='word_1_580' title='bbox 1915 3463 2038 3504; x_wconf 87' lang='lat' dir='ltr'><strong>esse</strong></span> <span class='ocrx_word' id='word_1_581' title='bbox 2066 3462 2272 3513; x_wconf 88' lang='lat' dir='ltr'><strong>veram,</strong></span> <span class='ocrx_word' id='word_1_582' title='bbox 2305 3454 2359 3500; x_wconf 92' lang='lat' dir='ltr'><strong>et</strong></span> <span class='ocrx_word' id='word_1_583' title='bbox 2387 3443 2508 3499; x_wconf 88' lang='lat' dir='ltr'><strong>aliis</strong></span> <span class='ocrx_word' id='word_1_584' title='bbox 2529 3441 2799 3498; x_wconf 82' lang='lat' dir='ltr'><strong>veteribus</strong></span> <span class='ocrx_word' id='word_1_585' title='bbox 2826 3436 3148 3508; x_wconf 89' lang='lat' dir='ltr'><strong>repudiatis,</strong></span> <span class='ocrx_word' id='word_1_586' title='bbox 3173 3433 3242 3489; x_wconf 89' lang='lat' dir='ltr'><strong>ab</strong></span> <span class='ocrx_word' id='word_1_587' title='bbox 3265 3430 3517 3488; x_wconf 88' lang='lat' dir='ltr'><strong>omnibus</strong></span> 
     </span>
    </p>
   </div>
   <div class='ocr_carea' id='block_1_79' title="bbox 1911 3539 2333 3613">
    <p class='ocr_par' dir='ltr' id='par_1_79' title="bbox 1911 3539 2333 3613">
     <span class='ocr_line' id='line_1_79' title="bbox 1911 3539 2333 3613; baseline -0.007 -15"><span class='ocrx_word' id='word_1_588' title='bbox 1911 3539 2309 3613; x_wconf 85' lang='lat' dir='ltr'><strong>suscipiendam</strong></span> <span class='ocrx_word' id='word_1_589' title='bbox 2322 3585 2333 3595; x_wconf 90' lang='lat'><strong>.</strong></span> 
     </span>
    </p>
   </div>
   <div class='ocr_carea' id='block_1_80' title="bbox 1988 3619 3518 3694">
    <p class='ocr_par' dir='ltr' id='par_1_80' title="bbox 1988 3619 3518 3694">
     <span class='ocr_line' id='line_1_80' title="bbox 1988 3619 3518 3694; baseline -0.011 -5"><span class='ocrx_word' id='word_1_590' title='bbox 1988 3636 2194 3689; x_wconf 59' lang='lat' dir='ltr'><strong>Prmter</strong></span> <span class='ocrx_word' id='word_1_591' title='bbox 2241 3631 2558 3688; x_wconf 83' lang='lat' dir='ltr'><strong>Ciceronem</strong></span> <span class='ocrx_word' id='word_1_592' title='bbox 2607 3641 2759 3694; x_wconf 81' lang='lat' dir='ltr'><strong>vero,</strong></span> <span class='ocrx_word' id='word_1_593' title='bbox 2793 3626 2938 3681; x_wconf 88' lang='lat' dir='ltr'><strong>mille</strong></span> <span class='ocrx_word' id='word_1_594' title='bbox 2986 3624 3158 3688; x_wconf 90' lang='lat' dir='ltr'><strong>alios,</strong></span> <span class='ocrx_word' id='word_1_595' title='bbox 3216 3635 3282 3676; x_wconf 78' lang='lat' dir='ltr'><strong>ex</strong></span> <span class='ocrx_word' id='word_1_596' title='bbox 3321 3619 3518 3690; x_wconf 90' lang='lat' dir='ltr'><strong>quibus</strong></span> 
     </span>
    </p>
   </div>
   <div class='ocr_carea' id='block_1_81' title="bbox 1919 3709 3519 3788">
    <p class='ocr_par' dir='ltr' id='par_1_81' title="bbox 1919 3709 3519 3788">
     <span class='ocr_line' id='line_1_81' title="bbox 1919 3709 3519 3788; baseline -0.013 -4"><span class='ocrx_word' id='word_1_597' title='bbox 1919 3727 2209 3784; x_wconf 85' lang='lat' dir='ltr'><strong>nonnullos</strong></span> <span class='ocrx_word' id='word_1_598' title='bbox 2259 3721 2571 3779; x_wconf 87' lang='lat' dir='ltr'><strong>nominibus</strong></span> <span class='ocrx_word' id='word_1_599' title='bbox 2620 3720 2733 3775; x_wconf 89' lang='lat' dir='ltr'><strong>suis</strong></span> <span class='ocrx_word' id='word_1_600' title='bbox 2805 3716 3075 3788; x_wconf 82' lang='lat' dir='ltr'><strong>appellat,</strong></span> <span class='ocrx_word' id='word_1_601' title='bbox 3153 3728 3184 3766; x_wconf 90' lang='lat' dir='ltr'><strong>a</strong></span> <span class='ocrx_word' id='word_1_602' title='bbox 3247 3727 3308 3766; x_wconf 91' lang='lat' dir='ltr'><strong>se</strong></span> <span class='ocrx_word' id='word_1_603' title='bbox 3360 3709 3519 3765; x_wconf 90' lang='lat' dir='ltr'><strong>citari</strong></span> 
     </span>
    </p>
   </div>
   <div class='ocr_carea' id='block_1_82' title="bbox 1920 3800 3524 3891">
    <p class='ocr_par' dir='ltr' id='par_1_82' title="bbox 1920 3800 3524 3891">
     <span class='ocr_line' id='line_1_82' title="bbox 1920 3800 3524 3891; baseline -0.014 -15"><span class='ocrx_word' id='word_1_604' title='bbox 1920 3833 2084 3891; x_wconf 88' lang='lat' dir='ltr'><strong>posse</strong></span> <span class='ocrx_word' id='word_1_605' title='bbox 2111 3825 2303 3872; x_wconf 85' lang='lat' dir='ltr'><strong>auctor</strong></span> <span class='ocrx_word' id='word_1_606' title='bbox 2343 3822 2527 3870; x_wconf 88' lang='lat' dir='ltr'><strong>noster</strong></span> <span class='ocrx_word' id='word_1_607' title='bbox 2557 3811 2752 3866; x_wconf 89' lang='lat' dir='ltr'><strong>asserit</strong></span> <span class='ocrx_word' id='word_1_608' title='bbox 2787 3810 2880 3880; x_wconf 91' lang='lat' dir='ltr'><strong>qui</strong></span> <span class='ocrx_word' id='word_1_609' title='bbox 2916 3807 3050 3862; x_wconf 90' lang='lat' dir='ltr'><strong>deos</strong></span> <span class='ocrx_word' id='word_1_610' title='bbox 3088 3803 3370 3876; x_wconf 83' lang='lat' dir='ltr'><strong>gentilium</strong></span> <span class='ocrx_word' id='word_1_611' title='bbox 3421 3800 3524 3854; x_wconf 89' lang='lat' dir='ltr'><strong>fal-</strong></span> 
     </span>
    </p>
   </div>
   <div class='ocr_carea' id='block_1_83' title="bbox 1923 3897 3526 3984">
    <p class='ocr_par' dir='ltr' id='par_1_83' title="bbox 1923 3897 3526 3984">
     <span class='ocr_line' id='line_1_83' title="bbox 1923 3897 3526 3984; baseline -0.013 -15"><span class='ocrx_word' id='word_1_612' title='bbox 1923 3929 2016 3969; x_wconf 91' lang='lat' dir='ltr'><strong>sos</strong></span> <span class='ocrx_word' id='word_1_613' title='bbox 2061 3913 2308 3984; x_wconf 91' lang='lat' dir='ltr'><strong>penitus,</strong></span> <span class='ocrx_word' id='word_1_614' title='bbox 2359 3924 2422 3964; x_wconf 91' lang='lat' dir='ltr'><strong>ac</strong></span> <span class='ocrx_word' id='word_1_615' title='bbox 2450 3921 2632 3962; x_wconf 92' lang='lat' dir='ltr'><strong>meros</strong></span> <span class='ocrx_word' id='word_1_616' title='bbox 2674 3904 2920 3959; x_wconf 87' lang='lat' dir='ltr'><strong>homines</strong></span> <span class='ocrx_word' id='word_1_617' title='bbox 2956 3900 3123 3955; x_wconf 86' lang='lat' dir='ltr'><strong>fuisse</strong></span> <span class='ocrx_word' id='word_1_618' title='bbox 3169 3897 3384 3967; x_wconf 83' lang='lat' dir='ltr'><strong>scriptis</strong></span> <span class='ocrx_word' id='word_1_619' title='bbox 3426 3910 3526 3964; x_wconf 90' lang='lat' dir='ltr'><strong>pu-</strong></span> 
     </span>
    </p>
   </div>
   <div class='ocr_carea' id='block_1_84' title="bbox 1925 3992 3515 4076">
    <p class='ocr_par' dir='ltr' id='par_1_84' title="bbox 1925 3992 3515 4076">
     <span class='ocr_line' id='line_1_84' title="bbox 1925 3992 3515 4076; baseline -0.014 -13"><span class='ocrx_word' id='word_1_620' title='bbox 1925 4007 2080 4063; x_wconf 82' lang='lat' dir='ltr'><strong>blicis</strong></span> <span class='ocrx_word' id='word_1_621' title='bbox 2133 4004 2473 4076; x_wconf 84' lang='lat' dir='ltr'><strong>proclamare</strong></span> <span class='ocrx_word' id='word_1_622' title='bbox 2521 4014 2586 4056; x_wconf 87' lang='lat' dir='ltr'><strong>ac</strong></span> <span class='ocrx_word' id='word_1_623' title='bbox 2642 3998 2873 4069; x_wconf 88' lang='lat' dir='ltr'><strong>probare</strong></span> <span class='ocrx_word' id='word_1_624' title='bbox 2917 4009 3024 4050; x_wconf 88' lang='lat' dir='ltr'><strong>non</strong></span> <span class='ocrx_word' id='word_1_625' title='bbox 3080 3992 3515 4047; x_wconf 89' lang='lat' dir='ltr'><strong>dubitaverunt:</strong></span> 
     </span>
    </p>
   </div>
   <div class='ocr_carea' id='block_1_85' title="bbox 1934 4081 3526 4166">
    <p class='ocr_par' dir='ltr' id='par_1_85' title="bbox 1934 4081 3526 4166">
     <span class='ocr_line' id='line_1_85' title="bbox 1934 4081 3526 4166; baseline -0.011 -14"><span class='ocrx_word' id='word_1_626' title='bbox 1934 4119 1954 4152; x_wconf 85' lang='grc'><strong>‹</strong></span> <span class='ocrx_word' id='word_1_627' title='bbox 1989 4099 2282 4154; x_wconf 83' lang='lat' dir='ltr'><strong>Possumus</strong></span> <span class='ocrx_word' id='word_1_628' title='bbox 2325 4094 2544 4166; x_wconf 88' lang='lat' dir='ltr'><strong>quidem</strong></span> <span class='ocrx_word' id='word_1_629' title='bbox 2575 4105 2768 4146; x_wconf 88' lang='lat' dir='ltr'><strong>omnes</strong></span> <span class='ocrx_word' id='word_1_630' title='bbox 2811 4092 2966 4152; x_wconf 87' lang='lat' dir='ltr'><strong>istos,</strong></span> <span class='ocrx_word' id='word_1_631' title='bbox 3003 4107 3023 4140; x_wconf 73' lang='grc' dir='ltr'><strong>ι</strong></span> <span class='ocrx_word' id='word_1_632' title='bbox 3064 4086 3140 4139; x_wconf 85' lang='lat' dir='ltr'><strong>ita</strong></span> <span class='ocrx_word' id='word_1_633' title='bbox 3171 4084 3262 4140; x_wconf 90' lang='lat' dir='ltr'><strong>ille</strong></span> <span class='ocrx_word' id='word_1_634' title='bbox 3290 4081 3526 4152; x_wconf 92' lang='lat' dir='ltr'><strong>loquitur</strong></span> 
     </span>
    </p>
   </div>
   <div class='ocr_carea' id='block_1_86' title="bbox 1929 4176 3525 4264">
    <p class='ocr_par' dir='ltr' id='par_1_86' title="bbox 1929 4176 3525 4264">
     <span class='ocr_line' id='line_1_86' title="bbox 1929 4176 3525 4264; baseline -0.012 -16"><span class='ocrx_word' id='word_1_635' title='bbox 1929 4193 2146 4264; x_wconf 81' lang='lat' dir='ltr'><strong>(idem,</strong></span> <span class='ocrx_word' id='word_1_636' title='bbox 2176 4192 2266 4245; x_wconf 83' lang='lat' dir='ltr'><strong>lib.</strong></span> <span class='ocrx_word' id='word_1_637' title='bbox 2299 4205 2383 4253; x_wconf 81' lang='lat' dir='ltr'><strong>iV,</strong></span> <span class='ocrx_word' id='word_1_638' title='bbox 2416 4203 2536 4260; x_wconf 80' lang='lat' dir='ltr'><strong>pag.</strong></span> <span class='ocrx_word' id='word_1_639' title='bbox 2567 4185 2694 4255; x_wconf 76' lang='lat' dir='ltr'><strong>M7)</strong></span> <span class='ocrx_word' id='word_1_640' title='bbox 2718 4224 2735 4251; x_wconf 86' lang='lat'><strong>,</strong></span> <span class='ocrx_word' id='word_1_641' title='bbox 2781 4202 2801 4236; x_wconf 73' lang='grc' dir='ltr'><strong>ι</strong></span> <span class='ocrx_word' id='word_1_642' title='bbox 2848 4182 3006 4237; x_wconf 89' lang='lat' dir='ltr'><strong>nobis</strong></span> <span class='ocrx_word' id='word_1_643' title='bbox 3028 4219 3044 4244; x_wconf 96' lang='lat'><strong>,</strong></span> <span class='ocrx_word' id='word_1_644' title='bbox 3086 4193 3224 4251; x_wconf 92' lang='lat' dir='ltr'><strong>quos</strong></span> <span class='ocrx_word' id='word_1_645' title='bbox 3273 4176 3525 4232; x_wconf 88' lang='lat' dir='ltr'><strong>inducitis</strong></span> 
     </span>
    </p>
   </div>
   <div class='ocr_carea' id='block_1_87' title="bbox 1929 4272 3524 4358">
    <p class='ocr_par' dir='ltr' id='par_1_87' title="bbox 1929 4272 3524 4358">
     <span class='ocr_line' id='line_1_87' title="bbox 1929 4272 3524 4358; baseline -0.014 -15"><span class='ocrx_word' id='word_1_646' title='bbox 1929 4296 2091 4358; x_wconf 90' lang='lat' dir='ltr'><strong>atque</strong></span> <span class='ocrx_word' id='word_1_647' title='bbox 2120 4282 2406 4356; x_wconf 85' lang='lat' dir='ltr'><strong>appellatis</strong></span> <span class='ocrx_word' id='word_1_648' title='bbox 2441 4280 2606 4345; x_wconf 88' lang='lat' dir='ltr'><strong>deos,</strong></span> <span class='ocrx_word' id='word_1_649' title='bbox 2667 4276 2913 4332; x_wconf 80' lang='lat' dir='ltr'><strong>homines</strong></span> <span class='ocrx_word' id='word_1_650' title='bbox 2959 4272 3129 4328; x_wconf 89' lang='lat' dir='ltr'><strong>fuisse</strong></span> <span class='ocrx_word' id='word_1_651' title='bbox 3183 4277 3524 4334; x_wconf 89' lang='lat' dir='ltr'><strong>monstrare,</strong></span> 
     </span>
    </p>
   </div>
   <div class='ocr_carea' id='block_1_88' title="bbox 1930 4359 3528 4448">
    <p class='ocr_par' dir='ltr' id='par_1_88' title="bbox 1930 4359 3528 4448">
     <span class='ocr_line' id='line_1_88' title="bbox 1930 4359 3528 4448; baseline -0.013 -15"><span class='ocrx_word' id='word_1_652' title='bbox 1930 4379 2017 4434; x_wconf 91' lang='lat' dir='ltr'><strong>vel</strong></span> <span class='ocrx_word' id='word_1_653' title='bbox 2066 4375 2430 4448; x_wconf 84' lang='lat' dir='ltr'><strong>Agragantino</strong></span> <span class='ocrx_word' id='word_1_654' title='bbox 2483 4365 3130 4438; x_wconf 63' lang='lat' dir='ltr'><strong>Eubemerolreplicato,</strong></span> <span class='ocrx_word' id='word_1_655' title='bbox 3171 4362 3326 4431; x_wconf 87' lang='lat' dir='ltr'><strong>cujus</strong></span> <span class='ocrx_word' id='word_1_656' title='bbox 3375 4359 3528 4415; x_wconf 86' lang='lat' dir='ltr'><strong>libel-</strong></span> 
     </span>
    </p>
   </div>
   <div class='ocr_carea' id='block_1_89' title="bbox 1933 4455 3528 4537">
    <p class='ocr_par' dir='ltr' id='par_1_89' title="bbox 1933 4455 3528 4537">
     <span class='ocr_line' id='line_1_89' title="bbox 1933 4455 3528 4537; baseline -0.014 -7"><span class='ocrx_word' id='word_1_657' title='bbox 1933 4475 2014 4530; x_wconf 87' lang='lat' dir='ltr'><strong>los</strong></span> <span class='ocrx_word' id='word_1_658' title='bbox 2062 4471 2300 4537; x_wconf 86' lang='lat' dir='ltr'><strong>Eunius,</strong></span> <span class='ocrx_word' id='word_1_659' title='bbox 2329 4469 2532 4524; x_wconf 87' lang='lat' dir='ltr'><strong>clarum</strong></span> <span class='ocrx_word' id='word_1_660' title='bbox 2572 4474 2632 4520; x_wconf 89' lang='lat' dir='ltr'><strong>ut</strong></span> <span class='ocrx_word' id='word_1_661' title='bbox 2660 4464 2815 4518; x_wconf 87' lang='lat' dir='ltr'><strong>ﬁeret</strong></span> <span class='ocrx_word' id='word_1_662' title='bbox 2853 4459 3100 4525; x_wconf 86' lang='lat' dir='ltr'><strong>cunctis,</strong></span> <span class='ocrx_word' id='word_1_663' title='bbox 3131 4469 3439 4512; x_wconf 85' lang='lat' dir='ltr'><strong>sermonem</strong></span> <span class='ocrx_word' id='word_1_664' title='bbox 3474 4455 3528 4508; x_wconf 91' lang='lat' dir='ltr'><strong>in</strong></span> 
     </span>
    </p>
   </div>
   <div class='ocr_carea' id='block_1_90' title="bbox 224 4547 3534 4652">
    <p class='ocr_par' dir='ltr' id='par_1_90' title="bbox 224 4547 3534 4652">
     <span class='ocr_line' id='line_1_90' title="bbox 224 4547 3534 4652; baseline -0.013 -7"><span class='ocrx_word' id='word_1_665' title='bbox 224 4600 370 4646; x_wconf 87' lang='lat' dir='ltr'><strong>catos</strong></span> <span class='ocrx_word' id='word_1_666' title='bbox 405 4547 531 4644; x_wconf 54' lang='lat' dir='ltr'><strong>earse</strong></span> <span class='ocrx_word' id='word_1_667' title='bbox 557 4585 807 4640; x_wconf 82' lang='lat' dir='ltr'><strong>homines</strong></span> <span class='ocrx_word' id='word_1_668' title='bbox 835 4580 1098 4652; x_wconf 84' lang='lat' dir='ltr'><strong>queritur.</strong></span> <span class='ocrx_word' id='word_1_669' title='bbox 1129 4576 1263 4632; x_wconf 83' lang='lat' dir='ltr'><strong>Nam</strong></span> <span class='ocrx_word' id='word_1_670' title='bbox 1299 4584 1442 4629; x_wconf 90' lang='lat' dir='ltr'><strong>totus</strong></span> <span class='ocrx_word' id='word_1_671' title='bbox 1472 4572 1609 4627; x_wconf 90' lang='lat' dir='ltr'><strong>liber</strong></span> <span class='ocrx_word' id='word_1_672' title='bbox 1639 4569 1828 4624; x_wconf 88' lang='lat' dir='ltr'><strong>tertius</strong></span> <span class='ocrx_word' id='word_1_673' title='bbox 1853 4567 1908 4630; x_wconf 90' lang='lat' dir='ltr'><strong>D</strong></span> <span class='ocrx_word' id='word_1_674' title='bbox 1938 4570 2129 4625; x_wconf 88' lang='lat' dir='ltr'><strong>italum</strong></span> <span class='ocrx_word' id='word_1_675' title='bbox 2173 4563 2480 4626; x_wconf 86' lang='lat' dir='ltr'><strong>transtulit,</strong></span> <span class='ocrx_word' id='word_1_676' title='bbox 2509 4560 2594 4615; x_wconf 88' lang='lat' dir='ltr'><strong>vel</strong></span> <span class='ocrx_word' id='word_1_677' title='bbox 2643 4557 2904 4626; x_wconf 81' lang='lat' dir='ltr'><strong>Nicagora</strong></span> <span class='ocrx_word' id='word_1_678' title='bbox 2931 4551 3132 4625; x_wconf 81' lang='lat' dir='ltr'><strong>Cyprio</strong></span> <span class='ocrx_word' id='word_1_679' title='bbox 3152 4593 3168 4618; x_wconf 93' lang='lat'><strong>,</strong></span> <span class='ocrx_word' id='word_1_680' title='bbox 3218 4549 3305 4603; x_wconf 91' lang='lat' dir='ltr'><strong>vel</strong></span> <span class='ocrx_word' id='word_1_681' title='bbox 3334 4547 3534 4604; x_wconf 67' lang='lat' dir='ltr'><strong>Pellaeo</strong></span> 
     </span>
    </p>
   </div>
   <div class='ocr_carea' id='block_1_91' title="bbox 222 4663 1827 4738">
    <p class='ocr_par' dir='ltr' id='par_1_91' title="bbox 222 4663 1827 4738">
     <span class='ocr_line' id='line_1_91' title="bbox 222 4663 1827 4738; baseline -0.014 0"><span class='ocrx_word' id='word_1_682' title='bbox 222 4681 289 4738; x_wconf 89' lang='lat' dir='ltr'><strong>de</strong></span> <span class='ocrx_word' id='word_1_683' title='bbox 309 4682 516 4737; x_wconf 83' lang='lat' dir='ltr'><strong>Natura</strong></span> <span class='ocrx_word' id='word_1_684' title='bbox 540 4678 770 4734; x_wconf 85' lang='lat' dir='ltr'><strong>deorum</strong></span> <span class='ocrx_word' id='word_1_685' title='bbox 801 4687 994 4730; x_wconf 86' lang='lat' dir='ltr'><strong>omnes</strong></span> <span class='ocrx_word' id='word_1_686' title='bbox 1019 4671 1262 4726; x_wconf 83' lang='lat' dir='ltr'><strong>funditus</strong></span> <span class='ocrx_word' id='word_1_687' title='bbox 1291 4668 1580 4738; x_wconf 83' lang='lat' dir='ltr'><strong>religiones</strong></span> <span class='ocrx_word' id='word_1_688' title='bbox 1606 4663 1827 4726; x_wconf 89' lang='lat' dir='ltr'><strong>evertit,</strong></span> 
     </span>
    </p>
   </div>
   <div class='ocr_carea' id='block_1_92' title="bbox 227 4754 1834 4840">
    <p class='ocr_par' dir='ltr' id='par_1_92' title="bbox 227 4754 1834 4840">
     <span class='ocr_line' id='line_1_92' title="bbox 227 4754 1834 4840; baseline -0.014 -11"><span class='ocrx_word' id='word_1_689' title='bbox 227 4789 288 4831; x_wconf 87' lang='lat' dir='ltr'><strong>ac</strong></span> <span class='ocrx_word' id='word_1_690' title='bbox 329 4775 503 4830; x_wconf 82' lang='lat' dir='ltr'><strong>delet.</strong></span> <span class='ocrx_word' id='word_1_691' title='bbox 554 4771 694 4840; x_wconf 79' lang='lat' dir='ltr'><strong>Quid</strong></span> <span class='ocrx_word' id='word_1_692' title='bbox 731 4783 862 4840; x_wconf 86' lang='lat' dir='ltr'><strong>ergo</strong></span> <span class='ocrx_word' id='word_1_693' title='bbox 909 4782 938 4819; x_wconf 78' lang='grc' dir='ltr'><strong>ιι</strong></span> <span class='ocrx_word' id='word_1_694' title='bbox 982 4764 1138 4820; x_wconf 87' lang='lat' dir='ltr'><strong>nobis</strong></span> <span class='ocrx_word' id='word_1_695' title='bbox 1185 4770 1504 4832; x_wconf 79' lang='lat' dir='ltr'><strong>expectatur</strong></span> <span class='ocrx_word' id='word_1_696' title='bbox 1561 4754 1834 4828; x_wconf 80' lang='lat' dir='ltr'><strong>amplius?</strong></span> 
     </span>
    </p>
   </div>
   <div class='ocr_carea' id='block_1_93' title="bbox 228 4855 1835 4942">
    <p class='ocr_par' dir='ltr' id='par_1_93' title="bbox 228 4855 1835 4942">
     <span class='ocr_line' id='line_1_93' title="bbox 228 4855 1835 4942; baseline -0.011 -16"><span class='ocrx_word' id='word_1_697' title='bbox 228 4870 361 4927; x_wconf 79' lang='lat' dir='ltr'><strong>Nam</strong></span> <span class='ocrx_word' id='word_1_698' title='bbox 391 4870 712 4942; x_wconf 82' lang='lat' dir='ltr'><strong>eloquentia</strong></span> <span class='ocrx_word' id='word_1_699' title='bbox 743 4879 1004 4938; x_wconf 87' lang='lat' dir='ltr'><strong>superare</strong></span> <span class='ocrx_word' id='word_1_700' title='bbox 1032 4875 1321 4934; x_wconf 80' lang='lat' dir='ltr'><strong>possumus</strong></span> <span class='ocrx_word' id='word_1_701' title='bbox 1347 4856 1712 4914; x_wconf 81' lang='lat' dir='ltr'><strong>Ciceronem?</strong></span> <span class='ocrx_word' id='word_1_702' title='bbox 1737 4855 1835 4910; x_wconf 84' lang='lat' dir='ltr'><strong>Mi-</strong></span> 
     </span>
    </p>
   </div>
   <div class='ocr_carea' id='block_1_94' title="bbox 231 4951 1834 5036">
    <p class='ocr_par' dir='ltr' id='par_1_94' title="bbox 231 4951 1834 5036">
     <span class='ocr_line' id='line_1_94' title="bbox 231 4951 1834 5036; baseline -0.011 -13"><span class='ocrx_word' id='word_1_703' title='bbox 231 4967 374 5023; x_wconf 88' lang='lat' dir='ltr'><strong>nime</strong></span> <span class='ocrx_word' id='word_1_704' title='bbox 404 4967 461 5022; x_wconf 91' lang='lat' dir='ltr'><strong>id</strong></span> <span class='ocrx_word' id='word_1_705' title='bbox 491 4966 732 5036; x_wconf 87' lang='lat' dir='ltr'><strong>quidem.</strong></span> <span class='ocrx_word' id='word_1_706' title='bbox 767 4960 875 5017; x_wconf 82' lang='lat' dir='ltr'><strong>Sed</strong></span> <span class='ocrx_word' id='word_1_707' title='bbox 902 4958 1094 5013; x_wconf 85' lang='lat' dir='ltr'><strong>ﬁducia</strong></span> <span class='ocrx_word' id='word_1_708' title='bbox 1116 4957 1192 5011; x_wconf 88' lang='lat' dir='ltr'><strong>illi</strong></span> <span class='ocrx_word' id='word_1_709' title='bbox 1221 4954 1412 5020; x_wconf 88' lang='lat' dir='ltr'><strong>defuit,</strong></span> <span class='ocrx_word' id='word_1_710' title='bbox 1436 4951 1707 5023; x_wconf 80' lang='lat' dir='ltr'><strong>ignoranti</strong></span> <span class='ocrx_word' id='word_1_711' title='bbox 1739 4964 1834 5005; x_wconf 87' lang='lat' dir='ltr'><strong>ve-</strong></span> 
     </span>
    </p>
   </div>
   <div class='ocr_carea' id='block_1_95' title="bbox 233 5043 1835 5121">
    <p class='ocr_par' dir='ltr' id='par_1_95' title="bbox 233 5043 1835 5121">
     <span class='ocr_line' id='line_1_95' title="bbox 233 5043 1835 5121; baseline -0.012 -5"><span class='ocrx_word' id='word_1_712' title='bbox 233 5061 473 5116; x_wconf 84' lang='lat' dir='ltr'><strong>ritatem.</strong></span> <span class='ocrx_word' id='word_1_713' title='bbox 509 5059 598 5114; x_wconf 85' lang='lat' dir='ltr'><strong>Ait</strong></span> <span class='ocrx_word' id='word_1_714' title='bbox 625 5057 770 5113; x_wconf 91' lang='lat' dir='ltr'><strong>enim</strong></span> <span class='ocrx_word' id='word_1_715' title='bbox 797 5054 1007 5108; x_wconf 82' lang='lat' dir='ltr'><strong>facilius</strong></span> <span class='ocrx_word' id='word_1_716' title='bbox 1029 5066 1090 5106; x_wconf 86' lang='lat' dir='ltr'><strong>se</strong></span> <span class='ocrx_word' id='word_1_717' title='bbox 1124 5063 1286 5121; x_wconf 87' lang='lat' dir='ltr'><strong>posse</strong></span> <span class='ocrx_word' id='word_1_718' title='bbox 1323 5046 1532 5114; x_wconf 84' lang='lat' dir='ltr'><strong>dicere,</strong></span> <span class='ocrx_word' id='word_1_719' title='bbox 1563 5043 1692 5114; x_wconf 86' lang='lat' dir='ltr'><strong>quid</strong></span> <span class='ocrx_word' id='word_1_720' title='bbox 1723 5057 1835 5097; x_wconf 90' lang='lat' dir='ltr'><strong>non</strong></span> 
     </span>
    </p>
   </div>
   <div class='ocr_carea' id='block_1_96' title="bbox 235 5139 1837 5225">
    <p class='ocr_par' dir='ltr' id='par_1_96' title="bbox 235 5139 1837 5225">
     <span class='ocr_line' id='line_1_96' title="bbox 235 5139 1837 5225; baseline -0.011 -15"><span class='ocrx_word' id='word_1_721' title='bbox 235 5155 323 5218; x_wconf 87' lang='lat' dir='ltr'><strong>sit,</strong></span> <span class='ocrx_word' id='word_1_722' title='bbox 354 5169 522 5225; x_wconf 83' lang='lat' dir='ltr'><strong>quam</strong></span> <span class='ocrx_word' id='word_1_723' title='bbox 553 5152 679 5223; x_wconf 86' lang='lat' dir='ltr'><strong>quid</strong></span> <span class='ocrx_word' id='word_1_724' title='bbox 711 5152 803 5212; x_wconf 88' lang='lat' dir='ltr'><strong>sit,</strong></span> <span class='ocrx_word' id='word_1_725' title='bbox 832 5149 936 5205; x_wconf 88' lang='lat' dir='ltr'><strong>hoc</strong></span> <span class='ocrx_word' id='word_1_726' title='bbox 965 5155 1070 5206; x_wconf 84' lang='lat' dir='ltr'><strong>est.</strong></span> <span class='ocrx_word' id='word_1_727' title='bbox 1101 5144 1234 5198; x_wconf 85' lang='lat' dir='ltr'><strong>falsa</strong></span> <span class='ocrx_word' id='word_1_728' title='bbox 1265 5156 1326 5196; x_wconf 83' lang='lat' dir='ltr'><strong>se</strong></span> <span class='ocrx_word' id='word_1_729' title='bbox 1357 5139 1681 5210; x_wconf 81' lang='lat' dir='ltr'><strong>intelligere,</strong></span> <span class='ocrx_word' id='word_1_730' title='bbox 1710 5152 1837 5193; x_wconf 87' lang='lat' dir='ltr'><strong>vera</strong></span> 
     </span>
    </p>
   </div>
   <div class='ocr_carea' id='block_1_97' title="bbox 238 5227 1839 5314">
    <p class='ocr_par' dir='ltr' id='par_1_97' title="bbox 238 5227 1839 5314">
     <span class='ocr_line' id='line_1_97' title="bbox 238 5227 1839 5314; baseline -0.011 -13"><span class='ocrx_word' id='word_1_731' title='bbox 238 5248 470 5303; x_wconf 76' lang='lat' dir='ltr'><strong>nescire.</strong></span> <span class='ocrx_word' id='word_1_732' title='bbox 514 5265 532 5298; x_wconf 83' lang='grc' dir='ltr'><strong>ι</strong></span> <span class='ocrx_word' id='word_1_733' title='bbox 567 5245 852 5314; x_wconf 80' lang='lat' dir='ltr'><strong>(Lactanf.,</strong></span> <span class='ocrx_word' id='word_1_734' title='bbox 878 5241 969 5296; x_wconf 77' lang='lat' dir='ltr'><strong>lib.</strong></span> <span class='ocrx_word' id='word_1_735' title='bbox 997 5256 1035 5294; x_wconf 92' lang='grc' dir='ltr'>ι.</span> <span class='ocrx_word' id='word_1_736' title='bbox 1059 5236 1260 5302; x_wconf 76' lang='lat' dir='ltr'><strong>lnslit.,</strong></span> <span class='ocrx_word' id='word_1_737' title='bbox 1288 5252 1408 5304; x_wconf 81' lang='lat' dir='ltr'><strong>cap.</strong></span> <span class='ocrx_word' id='word_1_738' title='bbox 1444 5234 1532 5299; x_wconf 81' lang='grc'><strong>17,</strong></span> <span class='ocrx_word' id='word_1_739' title='bbox 1564 5249 1684 5305; x_wconf 79' lang='lat' dir='ltr'><strong>pag.</strong></span> 
     </span>
    </p>
   </div>
   <div class='ocr_carea' id='block_1_98' title="bbox 307 5323 1841 5408">
    <p class='ocr_par' dir='ltr' id='par_1_98' title="bbox 307 5323 1841 5408">
     <span class='ocr_line' id='line_1_98' title="bbox 307 5323 1841 5408; baseline -0.014 -11"><span class='ocrx_word' id='word_1_740' title='bbox 307 5339 595 5396; x_wconf 88' lang='lat' dir='ltr'><strong>Lactantio</strong></span> <span class='ocrx_word' id='word_1_741' title='bbox 628 5336 809 5408; x_wconf 77' lang='lat' dir='ltr'><strong>igitur,</strong></span> <span class='ocrx_word' id='word_1_742' title='bbox 847 5333 1076 5402; x_wconf 83' lang='lat' dir='ltr'><strong>aliisque</strong></span> <span class='ocrx_word' id='word_1_743' title='bbox 1100 5327 1510 5401; x_wconf 91' lang='lat' dir='ltr'><strong>qnamplurimis</strong></span> <span class='ocrx_word' id='word_1_744' title='bbox 1551 5323 1841 5380; x_wconf 88' lang='lat' dir='ltr'><strong>eruditissi-</strong></span> 
     </span>
    </p>
   </div>
   <div class='ocr_carea' id='block_1_99' title="bbox 242 5415 1844 5503">
    <p class='ocr_par' dir='ltr' id='par_1_99' title="bbox 242 5415 1844 5503">
     <span class='ocr_line' id='line_1_99' title="bbox 242 5415 1844 5503; baseline -0.013 -14"><span class='ocrx_word' id='word_1_745' title='bbox 242 5433 338 5488; x_wconf 91' lang='lat' dir='ltr'><strong>mis</strong></span> <span class='ocrx_word' id='word_1_746' title='bbox 357 5431 742 5503; x_wconf 86' lang='lat' dir='ltr'><strong>scriptoribus,</strong></span> <span class='ocrx_word' id='word_1_747' title='bbox 769 5428 943 5502; x_wconf 69' lang='lat' dir='ltr'><strong>vistpn</strong></span> <span class='ocrx_word' id='word_1_748' title='bbox 959 5433 1044 5482; x_wconf 88' lang='lat' dir='ltr'><strong>est</strong></span> <span class='ocrx_word' id='word_1_749' title='bbox 1070 5422 1156 5477; x_wconf 89' lang='lat' dir='ltr'><strong>his</strong></span> <span class='ocrx_word' id='word_1_750' title='bbox 1173 5419 1453 5476; x_wconf 87' lang='lat' dir='ltr'><strong>Ciceronis</strong></span> <span class='ocrx_word' id='word_1_751' title='bbox 1470 5416 1622 5474; x_wconf 88' lang='lat' dir='ltr'><strong>libris</strong></span> <span class='ocrx_word' id='word_1_752' title='bbox 1651 5415 1844 5470; x_wconf 84' lang='lat' dir='ltr'><strong>falsam</strong></span> 
     </span>
    </p>
   </div>
   <div class='ocr_carea' id='block_1_100' title="bbox 244 5505 1846 5596">
    <p class='ocr_par' dir='ltr' id='par_1_100' title="bbox 244 5505 1846 5596">
     <span class='ocr_line' id='line_1_100' title="bbox 244 5505 1846 5596; baseline -0.013 -15"><span class='ocrx_word' id='word_1_753' title='bbox 244 5525 582 5581; x_wconf 87' lang='lat' dir='ltr'><strong>ethnicorum</strong></span> <span class='ocrx_word' id='word_1_754' title='bbox 625 5519 942 5596; x_wconf 76' lang='lat' dir='ltr'><strong>religionem</strong></span> <span class='ocrx_word' id='word_1_755' title='bbox 985 5512 1222 5570; x_wconf 72' lang='lat' dir='ltr'><strong>funditus</strong></span> <span class='ocrx_word' id='word_1_756' title='bbox 1250 5509 1455 5573; x_wconf 88' lang='lat' dir='ltr'><strong>everti,</strong></span> <span class='ocrx_word' id='word_1_757' title='bbox 1501 5507 1714 5563; x_wconf 86' lang='lat' dir='ltr'><strong>tametsi</strong></span> <span class='ocrx_word' id='word_1_758' title='bbox 1757 5505 1846 5560; x_wconf 91' lang='lat' dir='ltr'><strong>ille</strong></span> 
     </span>
    </p>
   </div>
   <div class='ocr_carea' id='block_1_101' title="bbox 1940 4643 3538 4727">
    <p class='ocr_par' dir='ltr' id='par_1_101' title="bbox 1940 4643 3538 4727">
     <span class='ocr_line' id='line_1_101' title="bbox 1940 4643 3538 4727; baseline -0.015 -9"><span class='ocrx_word' id='word_1_759' title='bbox 1940 4663 2145 4718; x_wconf 87' lang='lat' dir='ltr'><strong>Leonte</strong></span> <span class='ocrx_word' id='word_1_760' title='bbox 2168 4704 2183 4726; x_wconf 94' lang='lat'><strong>,</strong></span> <span class='ocrx_word' id='word_1_761' title='bbox 2237 4657 2322 4713; x_wconf 87' lang='lat' dir='ltr'><strong>vel</strong></span> <span class='ocrx_word' id='word_1_762' title='bbox 2351 4652 2652 4727; x_wconf 75' lang='lat' dir='ltr'><strong>Cyrenensi</strong></span> <span class='ocrx_word' id='word_1_763' title='bbox 2697 4648 3007 4712; x_wconf 80' lang='lat' dir='ltr'><strong>Theodoro,</strong></span> <span class='ocrx_word' id='word_1_764' title='bbox 3037 4645 3124 4700; x_wconf 90' lang='lat' dir='ltr'><strong>vel</strong></span> <span class='ocrx_word' id='word_1_765' title='bbox 3159 4643 3426 4713; x_wconf 82' lang='lat' dir='ltr'><strong>Hippone,</strong></span> <span class='ocrx_word' id='word_1_766' title='bbox 3472 4655 3538 4695; x_wconf 89' lang='lat' dir='ltr'><strong>ac</strong></span> 
     </span>
    </p>
   </div>
   <div class='ocr_carea' id='block_1_102' title="bbox 1941 4737 3537 4827">
    <p class='ocr_par' dir='ltr' id='par_1_102' title="bbox 1941 4737 3537 4827">
     <span class='ocr_line' id='line_1_102' title="bbox 1941 4737 3537 4827; baseline -0.014 -16"><span class='ocrx_word' id='word_1_767' title='bbox 1941 4757 2170 4827; x_wconf 84' lang='lat' dir='ltr'><strong>Diagora</strong></span> <span class='ocrx_word' id='word_1_768' title='bbox 2209 4752 2413 4815; x_wconf 81' lang='lat' dir='ltr'><strong>Meliis,</strong></span> <span class='ocrx_word' id='word_1_769' title='bbox 2447 4748 2529 4804; x_wconf 90' lang='lat' dir='ltr'><strong>vel</strong></span> <span class='ocrx_word' id='word_1_770' title='bbox 2558 4743 2871 4802; x_wconf 88' lang='lat' dir='ltr'><strong>auctoribus</strong></span> <span class='ocrx_word' id='word_1_771' title='bbox 2897 4741 3018 4796; x_wconf 88' lang='lat' dir='ltr'><strong>aliis</strong></span> <span class='ocrx_word' id='word_1_772' title='bbox 3049 4739 3227 4806; x_wconf 87' lang='lat' dir='ltr'><strong>mille,</strong></span> <span class='ocrx_word' id='word_1_773' title='bbox 3257 4737 3348 4808; x_wconf 91' lang='lat' dir='ltr'><strong>qui</strong></span> <span class='ocrx_word' id='word_1_774' title='bbox 3383 4751 3537 4790; x_wconf 82' lang='lat' dir='ltr'><strong>scru-</strong></span> 
     </span>
    </p>
   </div>
   <div class='ocr_carea' id='block_1_103' title="bbox 1939 4827 3538 4920">
    <p class='ocr_par' dir='ltr' id='par_1_103' title="bbox 1939 4827 3538 4920">
     <span class='ocr_line' id='line_1_103' title="bbox 1939 4827 3538 4920; baseline -0.013 -19"><span class='ocrx_word' id='word_1_775' title='bbox 1939 4849 2149 4920; x_wconf 82' lang='lat' dir='ltr'><strong>pulosae</strong></span> <span class='ocrx_word' id='word_1_776' title='bbox 2185 4845 2480 4916; x_wconf 68' lang='lat' dir='ltr'><strong>diligentias</strong></span> <span class='ocrx_word' id='word_1_777' title='bbox 2525 4852 2650 4912; x_wconf 85' lang='lat' dir='ltr'><strong>cura</strong></span> <span class='ocrx_word' id='word_1_778' title='bbox 2700 4838 2753 4892; x_wconf 93' lang='lat' dir='ltr'><strong>in</strong></span> <span class='ocrx_word' id='word_1_779' title='bbox 2794 4836 2972 4890; x_wconf 85' lang='lat' dir='ltr'><strong>lucem</strong></span> <span class='ocrx_word' id='word_1_780' title='bbox 3003 4847 3093 4888; x_wconf 89' lang='lat' dir='ltr'><strong>res</strong></span> <span class='ocrx_word' id='word_1_781' title='bbox 3116 4829 3327 4886; x_wconf 86' lang='lat' dir='ltr'><strong>abditas</strong></span> <span class='ocrx_word' id='word_1_782' title='bbox 3372 4827 3538 4882; x_wconf 90' lang='lat' dir='ltr'><strong>liber-</strong></span> 
     </span>
    </p>
   </div>
   <div class='ocr_carea' id='block_1_104' title="bbox 1942 4921 3537 5009">
    <p class='ocr_par' dir='ltr' id='par_1_104' title="bbox 1942 4921 3537 5009">
     <span class='ocr_line' id='line_1_104' title="bbox 1942 4921 3537 5009; baseline -0.013 -15"><span class='ocrx_word' id='word_1_783' title='bbox 1942 4951 2053 4994; x_wconf 85' lang='lat' dir='ltr'><strong>tate</strong></span> <span class='ocrx_word' id='word_1_784' title='bbox 2099 4943 2332 5009; x_wconf 88' lang='lat' dir='ltr'><strong>ingenua</strong></span> <span class='ocrx_word' id='word_1_785' title='bbox 2377 4932 2740 5005; x_wconf 90' lang='lat' dir='ltr'><strong>protulerunt.</strong></span> <span class='ocrx_word' id='word_1_786' title='bbox 2779 4948 2799 4981; x_wconf 74' lang='grc' dir='ltr'><strong>ι</strong></span> <span class='ocrx_word' id='word_1_787' title='bbox 2834 4927 3005 4996; x_wconf 83' lang='lat' dir='ltr'><strong>Quam</strong></span> <span class='ocrx_word' id='word_1_788' title='bbox 3035 4933 3214 4979; x_wconf 85' lang='lat' dir='ltr'><strong>autem</strong></span> <span class='ocrx_word' id='word_1_789' title='bbox 3264 4921 3318 4977; x_wconf 92' lang='lat' dir='ltr'><strong>id</strong></span> <span class='ocrx_word' id='word_1_790' title='bbox 3350 4935 3537 4976; x_wconf 87' lang='lat' dir='ltr'><strong>verum</strong></span> 
     </span>
    </p>
   </div>
   <div class='ocr_carea' id='block_1_105' title="bbox 1941 5012 3540 5101">
    <p class='ocr_par' dir='ltr' id='par_1_105' title="bbox 1941 5012 3540 5101">
     <span class='ocr_line' id='line_1_105' title="bbox 1941 5012 3540 5101; baseline -0.015 -12"><span class='ocrx_word' id='word_1_791' title='bbox 1941 5035 2035 5099; x_wconf 86' lang='lat' dir='ltr'><strong>sit,</strong></span> <span class='ocrx_word' id='word_1_792' title='bbox 2061 5033 2196 5088; x_wconf 88' lang='lat' dir='ltr'><strong>satis</strong></span> <span class='ocrx_word' id='word_1_793' title='bbox 2217 5031 2385 5101; x_wconf 88' lang='lat' dir='ltr'><strong>liquet</strong></span> <span class='ocrx_word' id='word_1_794' title='bbox 2400 5042 2467 5084; x_wconf 80' lang='lat' dir='ltr'><strong>ex</strong></span> <span class='ocrx_word' id='word_1_795' title='bbox 2485 5026 2592 5092; x_wconf 85' lang='lat' dir='ltr'><strong>his,</strong></span> <span class='ocrx_word' id='word_1_796' title='bbox 2613 5038 2732 5094; x_wconf 64' lang='lat' dir='ltr'><strong>quae</strong></span> <span class='ocrx_word' id='word_1_797' title='bbox 2753 5035 2852 5076; x_wconf 90' lang='lat' dir='ltr'><strong>nos</strong></span> <span class='ocrx_word' id='word_1_798' title='bbox 2870 5021 2941 5075; x_wconf 88' lang='lat' dir='ltr'><strong>de</strong></span> <span class='ocrx_word' id='word_1_799' title='bbox 2963 5017 3193 5073; x_wconf 89' lang='lat' dir='ltr'><strong>laudatis</strong></span> <span class='ocrx_word' id='word_1_800' title='bbox 3217 5015 3285 5070; x_wconf 90' lang='lat' dir='ltr'><strong>ab</strong></span> <span class='ocrx_word' id='word_1_801' title='bbox 3307 5027 3376 5069; x_wconf 90' lang='lat' dir='ltr'><strong>eo</strong></span> <span class='ocrx_word' id='word_1_802' title='bbox 3407 5012 3540 5067; x_wconf 90' lang='lat' dir='ltr'><strong>scri-</strong></span> 
     </span>
    </p>
   </div>
   <div class='ocr_carea' id='block_1_106' title="bbox 1947 5116 3547 5200">
    <p class='ocr_par' dir='ltr' id='par_1_106' title="bbox 1947 5116 3547 5200">
     <span class='ocr_line' id='line_1_106' title="bbox 1947 5116 3547 5200; baseline -0.014 -17"><span class='ocrx_word' id='word_1_803' title='bbox 1947 5127 2196 5200; x_wconf 87' lang='lat' dir='ltr'><strong>ptoribus</strong></span> <span class='ocrx_word' id='word_1_804' title='bbox 2226 5126 2278 5180; x_wconf 91' lang='lat' dir='ltr'><strong>in</strong></span> <span class='ocrx_word' id='word_1_805' title='bbox 2329 5124 2509 5195; x_wconf 85' lang='lat' dir='ltr'><strong>priore</strong></span> <span class='ocrx_word' id='word_1_806' title='bbox 2538 5129 2828 5191; x_wconf 86' lang='lat' dir='ltr'><strong>apparatus</strong></span> <span class='ocrx_word' id='word_1_807' title='bbox 2857 5116 3027 5171; x_wconf 89' lang='lat' dir='ltr'><strong>nostri</strong></span> <span class='ocrx_word' id='word_1_808' title='bbox 3073 5123 3222 5167; x_wconf 88' lang='lat' dir='ltr'><strong>tomo</strong></span> <span class='ocrx_word' id='word_1_809' title='bbox 3243 5152 3259 5178; x_wconf 93' lang='lat'><strong>,</strong></span> <span class='ocrx_word' id='word_1_810' title='bbox 3292 5118 3347 5163; x_wconf 89' lang='lat' dir='ltr'><strong>et</strong></span> <span class='ocrx_word' id='word_1_811' title='bbox 3387 5120 3547 5176; x_wconf 87' lang='lat' dir='ltr'><strong>supe-</strong></span> 
     </span>
    </p>
   </div>
   <div class='ocr_carea' id='block_1_107' title="bbox 1941 5199 3538 5276">
    <p class='ocr_par' dir='ltr' id='par_1_107' title="bbox 1941 5199 3538 5276">
     <span class='ocr_line' id='line_1_107' title="bbox 1941 5199 3538 5276; baseline -0.016 0"><span class='ocrx_word' id='word_1_812' title='bbox 1941 5199 2091 5276; x_wconf 84' lang='lat' dir='ltr'><strong>riore</strong></span> <span class='ocrx_word' id='word_1_813' title='bbox 2135 5219 2204 5274; x_wconf 90' lang='lat' dir='ltr'><strong>de</strong></span> <span class='ocrx_word' id='word_1_814' title='bbox 2230 5215 2447 5272; x_wconf 81' lang='lat' dir='ltr'><strong>Minucii</strong></span> <span class='ocrx_word' id='word_1_815' title='bbox 2471 5213 2696 5270; x_wconf 88' lang='lat' dir='ltr'><strong>Octavio</strong></span> <span class='ocrx_word' id='word_1_816' title='bbox 2719 5207 3102 5265; x_wconf 85' lang='lat' dir='ltr'><strong>dissertatione</strong></span> <span class='ocrx_word' id='word_1_817' title='bbox 3145 5199 3538 5271; x_wconf 82' lang='lat' dir='ltr'><strong>di5putavimus</strong></span> 
     </span>
    </p>
   </div>
   <div class='ocr_carea' id='block_1_108' title="bbox 1941 5291 3541 5387">
    <p class='ocr_par' dir='ltr' id='par_1_108' title="bbox 1941 5291 3541 5387">
     <span class='ocr_line' id='line_1_108' title="bbox 1941 5291 3541 5387; baseline -0.016 -18"><span class='ocrx_word' id='word_1_818' title='bbox 1941 5315 2092 5387; x_wconf 79' lang='lat' dir='ltr'><strong>(tom.</strong></span> <span class='ocrx_word' id='word_1_819' title='bbox 2119 5329 2137 5368; x_wconf 89' lang='grc' dir='ltr'><strong>ι</strong></span> <span class='ocrx_word' id='word_1_820' title='bbox 2166 5313 2419 5383; x_wconf 76' lang='lat' dir='ltr'><strong>Apparat.</strong></span> <span class='ocrx_word' id='word_1_821' title='bbox 2441 5350 2458 5375; x_wconf 93' lang='lat'><strong>,</strong></span> <span class='ocrx_word' id='word_1_822' title='bbox 2497 5307 2586 5362; x_wconf 79' lang='lat' dir='ltr'><strong>lib.</strong></span> <span class='ocrx_word' id='word_1_823' title='bbox 2614 5322 2694 5369; x_wconf 85' lang='grc' dir='ltr'>ιιι,</span> <span class='ocrx_word' id='word_1_824' title='bbox 2741 5303 2964 5358; x_wconf 72' lang='lat' dir='ltr'><strong>Bisaert.</strong></span> <span class='ocrx_word' id='word_1_825' title='bbox 2997 5299 3048 5365; x_wconf 81' lang='grc'><strong>1,</strong></span> <span class='ocrx_word' id='word_1_826' title='bbox 3081 5314 3199 5366; x_wconf 84' lang='lat' dir='ltr'><strong>cap.</strong></span> <span class='ocrx_word' id='word_1_827' title='bbox 3232 5295 3320 5360; x_wconf 77' lang='lat' dir='ltr'><strong>ii,</strong></span> <span class='ocrx_word' id='word_1_828' title='bbox 3354 5301 3455 5347; x_wconf 83' lang='lat' dir='ltr'><strong>art.</strong></span> <span class='ocrx_word' id='word_1_829' title='bbox 3483 5291 3541 5358; x_wconf 80' lang='lat'><strong>5,</strong></span> 
     </span>
    </p>
   </div>
   <div class='ocr_carea' id='block_1_109' title="bbox 1947 5389 3542 5482">
    <p class='ocr_par' dir='ltr' id='par_1_109' title="bbox 1947 5389 3542 5482">
     <span class='ocr_line' id='line_1_109' title="bbox 1947 5389 3542 5482; baseline -0.016 -17"><span class='ocrx_word' id='word_1_830' title='bbox 1947 5425 2069 5482; x_wconf 79' lang='lat' dir='ltr'><strong>pag.</strong></span> <span class='ocrx_word' id='word_1_831' title='bbox 2125 5406 2265 5469; x_wconf 79' lang='lat'><strong>785;</strong></span> <span class='ocrx_word' id='word_1_832' title='bbox 2308 5414 2355 5461; x_wconf 82' lang='lat' dir='ltr'><strong>et</strong></span> <span class='ocrx_word' id='word_1_833' title='bbox 2402 5419 2550 5473; x_wconf 76' lang='lat' dir='ltr'><strong>seq.;</strong></span> <span class='ocrx_word' id='word_1_834' title='bbox 2580 5401 2797 5457; x_wconf 61' lang='grc' dir='ltr'><strong>Πίσωνι.</strong></span> <span class='ocrx_word' id='word_1_835' title='bbox 2842 5399 2901 5452; x_wconf 77' lang='lat' dir='ltr'><strong>in</strong></span> <span class='ocrx_word' id='word_1_836' title='bbox 2929 5395 3132 5450; x_wconf 69' lang='lat' dir='ltr'><strong>Minue.</strong></span> <span class='ocrx_word' id='word_1_837' title='bbox 3164 5389 3383 5453; x_wconf 59' lang='lat' dir='ltr'><strong>Oetam,</strong></span> <span class='ocrx_word' id='word_1_838' title='bbox 3423 5404 3542 5460; x_wconf 79' lang='lat' dir='ltr'><strong>cap.</strong></span> 
     </span>
    </p>
   </div>
   <div class='ocr_carea' id='block_1_110' title="bbox 1955 5484 3540 5572">
    <p class='ocr_par' dir='ltr' id='par_1_110' title="bbox 1955 5484 3540 5572">
     <span class='ocr_line' id='line_1_110' title="bbox 1955 5484 3540 5572; baseline -0.015 -14"><span class='ocrx_word' id='word_1_839' title='bbox 1955 5514 2004 5559; x_wconf 82' lang='lat' dir='ltr'><strong>et</strong></span> <span class='ocrx_word' id='word_1_840' title='bbox 2056 5511 2155 5557; x_wconf 81' lang='lat' dir='ltr'><strong>art.</strong></span> <span class='ocrx_word' id='word_1_841' title='bbox 2209 5497 2425 5572; x_wconf 70' lang='lat' dir='ltr'><strong>ollim).</strong></span> <span class='ocrx_word' id='word_1_842' title='bbox 2462 5494 2670 5553; x_wconf 81' lang='lat' dir='ltr'><strong>Nemini</strong></span> <span class='ocrx_word' id='word_1_843' title='bbox 2719 5505 2880 5563; x_wconf 89' lang='lat' dir='ltr'><strong>porro</strong></span> <span class='ocrx_word' id='word_1_844' title='bbox 2907 5489 3084 5554; x_wconf 90' lang='lat' dir='ltr'><strong>ullus,</strong></span> <span class='ocrx_word' id='word_1_845' title='bbox 3129 5484 3208 5540; x_wconf 91' lang='lat' dir='ltr'><strong>uti</strong></span> <span class='ocrx_word' id='word_1_846' title='bbox 3255 5490 3540 5553; x_wconf 89' lang='lat' dir='ltr'><strong>putamus,</strong></span> 
     </span>
    </p>
   </div>
   <div class='ocr_carea' id='block_1_111' title="bbox 247 5573 3548 5673">
    <p class='ocr_par' dir='ltr' id='par_1_111' title="bbox 247 5573 3548 5673">
     <span class='ocr_line' id='line_1_111' title="bbox 247 5573 3548 5673; baseline -0.014 -1"><span class='ocrx_word' id='word_1_847' title='bbox 247 5618 400 5673; x_wconf 91' lang='lat' dir='ltr'><strong>aliam</strong></span> <span class='ocrx_word' id='word_1_848' title='bbox 428 5628 624 5671; x_wconf 88' lang='lat' dir='ltr'><strong>veram</strong></span> <span class='ocrx_word' id='word_1_849' title='bbox 647 5573 936 5668; x_wconf 58' lang='lat' dir='ltr'><strong>ostendere</strong></span> <span class='ocrx_word' id='word_1_850' title='bbox 963 5618 1017 5664; x_wconf 92' lang='lat' dir='ltr'><strong>et</strong></span> <span class='ocrx_word' id='word_1_851' title='bbox 1045 5605 1287 5662; x_wconf 87' lang='lat' dir='ltr'><strong>stabilire</strong></span> <span class='ocrx_word' id='word_1_852' title='bbox 1317 5619 1424 5658; x_wconf 91' lang='lat' dir='ltr'><strong>non</strong></span> <span class='ocrx_word' id='word_1_853' title='bbox 1453 5601 1707 5657; x_wconf 87' lang='lat' dir='ltr'><strong>valuerit.</strong></span> <span class='ocrx_word' id='word_1_854' title='bbox 1955 5593 2235 5651; x_wconf 88' lang='lat' dir='ltr'><strong>dubitandi</strong></span> <span class='ocrx_word' id='word_1_855' title='bbox 2298 5594 2451 5648; x_wconf 88' lang='lat' dir='ltr'><strong>locus</strong></span> <span class='ocrx_word' id='word_1_856' title='bbox 2497 5599 2581 5650; x_wconf 87' lang='lat' dir='ltr'><strong>est</strong></span> <span class='ocrx_word' id='word_1_857' title='bbox 2635 5599 2758 5643; x_wconf 89' lang='lat' dir='ltr'><strong>cum</strong></span> <span class='ocrx_word' id='word_1_858' title='bbox 2806 5582 3125 5638; x_wconf 85' lang='lat' dir='ltr'><strong>Ciceronem</strong></span> <span class='ocrx_word' id='word_1_859' title='bbox 3147 5619 3162 5644; x_wconf 93' lang='lat'><strong>,</strong></span> <span class='ocrx_word' id='word_1_860' title='bbox 3215 5584 3329 5631; x_wconf 90' lang='lat' dir='ltr'><strong>tum</strong></span> <span class='ocrx_word' id='word_1_861' title='bbox 3373 5573 3508 5630; x_wconf 85' lang='lat' dir='ltr'><strong>alios</strong></span> <span class='ocrx_word' id='word_1_862' title='bbox 3532 5615 3548 5640; x_wconf 95' lang='lat'><strong>,</strong></span> 
     </span>
    </p>
   </div>
   <div class='ocr_carea' id='block_1_112' title="bbox 321 5670 3550 5782">
    <p class='ocr_par' dir='ltr' id='par_1_112' title="bbox 321 5670 3550 5782">
     <span class='ocr_line' id='line_1_112' title="bbox 321 5670 3550 5782; baseline -0.014 -16"><span class='ocrx_word' id='word_1_863' title='bbox 321 5709 655 5782; x_wconf 86' lang='lat' dir='ltr'><strong>Augustinus</strong></span> <span class='ocrx_word' id='word_1_864' title='bbox 697 5719 830 5760; x_wconf 92' lang='lat' dir='ltr'><strong>vero</strong></span> <span class='ocrx_word' id='word_1_865' title='bbox 877 5702 1058 5758; x_wconf 84' lang='lat' dir='ltr'><strong>citatis</strong></span> <span class='ocrx_word' id='word_1_866' title='bbox 1114 5695 1435 5771; x_wconf 88' lang='lat' dir='ltr'><strong>quibusdam</strong></span> <span class='ocrx_word' id='word_1_867' title='bbox 1491 5709 1556 5749; x_wconf 83' lang='lat' dir='ltr'><strong>ex</strong></span> <span class='ocrx_word' id='word_1_868' title='bbox 1611 5688 1852 5748; x_wconf 88' lang='lat' dir='ltr'><strong>secundo</strong></span> <span class='ocrx_word' id='word_1_869' title='bbox 1955 5703 2090 5758; x_wconf 90' lang='lat' dir='ltr'><strong>quos</strong></span> <span class='ocrx_word' id='word_1_870' title='bbox 2114 5685 2387 5743; x_wconf 84' lang='lat' dir='ltr'><strong>Arnobius</strong></span> <span class='ocrx_word' id='word_1_871' title='bbox 2413 5681 2735 5739; x_wconf 90' lang='lat' dir='ltr'><strong>nominatim</strong></span> <span class='ocrx_word' id='word_1_872' title='bbox 2783 5673 3032 5740; x_wconf 86' lang='lat' dir='ltr'><strong>vocavit,</strong></span> <span class='ocrx_word' id='word_1_873' title='bbox 3064 5684 3160 5727; x_wconf 91' lang='lat' dir='ltr'><strong>eos</strong></span> <span class='ocrx_word' id='word_1_874' title='bbox 3201 5670 3348 5741; x_wconf 88' lang='lat' dir='ltr'><strong>ipsos</strong></span> <span class='ocrx_word' id='word_1_875' title='bbox 3387 5681 3509 5723; x_wconf 89' lang='lat' dir='ltr'><strong>esse</strong></span> <span class='ocrx_word' id='word_1_876' title='bbox 3534 5707 3550 5732; x_wconf 92' lang='lat'><strong>,</strong></span> 
     </span>
     <span class='ocr_line' id='line_1_113' title="bbox 2151 5758 3550 5782; baseline 0 0"><span class='ocrx_word' id='word_1_877' title='bbox 2151 5780 2159 5782; x_wconf 31' lang='grc' dir='ltr'><strong>ι</strong></span> <span class='ocrx_word' id='word_1_878' title='bbox 2318 5777 2370 5782; x_wconf 83' lang='lat'><strong>-_-</strong></span> <span class='ocrx_word' id='word_1_879' title='bbox 2480 5774 2571 5782; x_wconf 80' lang='grc'><strong>--.-</strong></span> <span class='ocrx_word' id='word_1_880' title='bbox 2645 5771 2680 5782; x_wconf 82' lang='grc'><strong>.-</strong></span> <span class='ocrx_word' id='word_1_881' title='bbox 2823 5777 2834 5782; x_wconf 87' lang='grc'><strong>-</strong></span> <span class='ocrx_word' id='word_1_882' title='bbox 2994 5763 3240 5782; x_wconf 47' lang='grc' dir='ltr'><strong>,ηις-μ---</strong></span> <span class='ocrx_word' id='word_1_883' title='bbox 3300 5758 3550 5782; x_wconf 73' lang='grc'><strong>-----.1-.....</strong></span> 
     </span>
    </p>
   </div>
   <div class='ocr_carea' id='block_1_113' title="bbox 253 5758 3558 5862">
    <p class='ocr_par' dir='ltr' id='par_1_113' title="bbox 253 5758 3558 5862">
     <span class='ocr_line' id='line_1_114' title="bbox 253 5758 3558 5862; baseline -0.015 0"><span class='ocrx_word' id='word_1_884' title='bbox 747 5758 1182 5854; x_wconf 77' lang='lat' dir='ltr'><strong>simulacrorum</strong></span> <span class='ocrx_word' id='word_1_885' title='bbox 1229 5786 1552 5848; x_wconf 77' lang='lat' dir='ltr'><strong>institutioni</strong></span> <span class='ocrx_word' id='word_1_886' title='bbox 1599 5793 1657 5843; x_wconf 88' lang='lat' dir='ltr'><strong>et</strong></span> <span class='ocrx_word' id='word_1_887' title='bbox 1705 5784 1857 5840; x_wconf 75' lang='lat' dir='ltr'><strong>falsis</strong></span> <span class='ocrx_word' id='word_1_888' title='bbox 1963 5782 2031 5839; x_wconf 88' lang='lat' dir='ltr'><strong>de</strong></span> <span class='ocrx_word' id='word_1_889' title='bbox 2072 5780 2268 5852; x_wconf 82' lang='lat' dir='ltr'><strong>quibus</strong></span> <span class='ocrx_word' id='word_1_890' title='bbox 2317 5777 2409 5834; x_wconf 89' lang='lat' dir='ltr'><strong>ille</strong></span> <span class='ocrx_word' id='word_1_891' title='bbox 2448 5774 2576 5831; x_wconf 89' lang='lat' dir='ltr'><strong>alibi</strong></span> <span class='ocrx_word' id='word_1_892' title='bbox 2628 5771 2889 5829; x_wconf 72' lang='lat' dir='ltr'><strong>dixerat:</strong></span> <span class='ocrx_word' id='word_1_893' title='bbox 2927 5783 2946 5819; x_wconf 76' lang='grc' dir='ltr'><strong>ι</strong></span> <span class='ocrx_word' id='word_1_894' title='bbox 2981 5763 3244 5823; x_wconf 80' lang='lat' dir='ltr'><strong>Audimus</strong></span> <span class='ocrx_word' id='word_1_895' title='bbox 3294 5758 3558 5835; x_wconf 86' lang='lat' dir='ltr'><strong>quosdam</strong></span> 
     </span>
    </p>
   </div>
  </div>
