3904 6326
444 202 551 256 5υῦ

1690 218 2142 279 5)ISSL';RTATIO
2179 224 2457 284 ΡΒᾸΞἫΑ

3610 252 3697 312 εωι

442 317 854 390 philosophandi
906 325 1084 380 studio
1125 326 1334 384 deditos
1382 333 1576 400 partim
1626 333 1787 388 ullam
1838 352 2036 404 negare
2065 344 2117 402 Α
2146 341 2348 398 tionem
2392 345 2554 401 etiam
2606 346 2931 420 Euripides,
2978 351 3182 423 aliique
3229 354 3438 412 Baccho
3489 362 3699 424 tribuunt

441 411 548 464 vim
596 427 716 468 esse
767 416 1036 482 divinam,
1094 421 1283 488 partim
1337 438 1403 476 an
1437 425 1542 492 sit,
1593 427 1830 497 quotidie
1881 446 2030 501 qua:-

438 519 582 560 rere.
635 526 654 559 ι
692 507 903 579 (Arnob.
930 553 945 577 ,
981 511 1068 565 lib.
1103 529 1155 577 ι,
1189 532 1308 586 pag.
1348 515 1462 587 18.)

513 598 602 651 llis
636 615 792 668 porro
826 605 894 655 ita
925 606 1260 668 constitutis.
1307 607 1373 662 ad
1405 610 1505 663 alia
1555 613 1832 669 veniamus
1875 631 2032 687 argu-

439 703 654 755 menta,
712 694 905 762 quibus
986 697 1076 753 ille
1139 700 1398 755 absurdus
1465 707 1745 772 gentilium
1812 707 1878 763 de
1927 710 2031 766 diis

439 786 551 839 suis
598 789 914 855 cpiniOues,
942 801 1103 862 atque
1141 794 1277 850 adeo
1316 813 1529 852 omnem
1578 801 1789 855 illorum
1840 801 2029 858 falsam

435 878 752 948 religionem
805 885 929 940 inde
959 889 1238 952 concutit,
1287 890 1427 946 unde
1476 891 1579 946 illis
1634 895 1850 950 fundata
1897 914 2030 953 con~

433 979 740 1043 structaque
785 976 1084 1033 videbatur.
1141 979 1425 1036 Rationum
1491 984 1756 1055 siquidem
1805 1005 2027 1046 suarum

431 1077 703 1120 momenta
756 1085 819 1123 ex
883 1071 946 1123 iis
998 1071 1254 1139 deducit,
1313 1092 1433 1142 qua:
1495 1078 1696 1134 ethnici
1753 1090 2026 1152 tamquam

430 1167 576 1211 certa
604 1169 658 1213 et
709 1162 931 1218 minime
979 1165 1140 1220 dubia
1193 1167 1367 1235 palam
1418 1169 1614 1240 ubique
1665 1173 1732 1228 de
1781 1174 1886 1230 diis
1916 1177 2026 1231 suis

433 1254 822 1321 praedicabant.
847 1258 906 1314 Ιιι
932 1259 1036 1314 illis
1059 1276 1222 1330 porro
1255 1265 1604 1319 recensendis
1633 1277 1685 1320 ct
1707 1270 2026 1326 examinan-

428 1345 513 1399 dis
547 1349 778 1416 positutn
823 1352 890 1405 ab
922 1352 1014 1406 illo
1067 1355 1348 1423 ordinem,
1396 1359 1573 1428 qtthd
1628 1360 1740 1415 ﬁeri
1797 1363 2022 1431 poterit,

431 1454 740 1510 chltt‘lltlll‘.
775 1444 844 1498 At
889 1463 954 1500 ne
983 1447 1172 1502 eadem
1213 1451 1503 1520 aliquando
1532 1469 1652 1508 cum
1703 1471 1769 1509 eo
1812 1468 2027 1527 repeta-

429 1549 580 1597 mus,
637 1552 698 1590 ea
747 1540 924 1593 omnia
972 1556 1091 1610 qua:
1165 1541 1229 1595 ad
1282 1560 1443 1598 unam
1500 1546 1854 1618 eamdemque
1907 1565 2021 1604 rem

431 1626 637 1682 facittnt
659 1672 673 1695 ,
725 1641 777 1684 et
806 1631 848 1685 si
893 1633 961 1686 ab
991 1633 1084 1688 illo
1116 1635 1276 1690 variis
1307 1636 1360 1691 in
1388 1637 1520 1693 locis
1563 1648 1789 1696 tractata
1811 1683 1826 1709 ,
1860 1642 2020 1698 simul

421 1722 697 1794 semelque
727 1725 1155 1785 retractabimus.

1011 1905 1314 1948 ARTICULUS
1367 1909 1426 1946 ιι.

421 2017 670 2096 Quomodo
693 2021 1264 2096 Arnobiusdemonstret
1276 2024 1664 2096 falsamillorum
1687 2029 2018 2096 divinitatem,

479 2083 562 2156 qui
588 2082 954 2156 diirenuntiati
977 2096 1121 2156 διιιιι,Δ
1137 2087 1216 2156 vel
1240 2091 1305 2136 ob
1326 2089 1434 2138 data
1459 2090 1740 2156 hominibus
1759 2082 2020 2156 beneﬁcia;

478 2145 604 2218 sicut
627 2146 775 2218 Liber
802 2156 1003 2218 propter
1028 2149 1149 2218 vini,
1173 2150 1328 2218 Ceres
1363 2154 1519 2211 panis,
1567 2153 1876 2218 Esculapius
1901 2145 2022 2206 lter-'-

477 2209 671 2283 barutrt,
699 2208 918 2283 Minerva
942 2211 1084 2283 olere,
1111 2208 1442 2283 Triptolemus
1464 2208 1611 2283 aratri
1652 2208 2018 2283 inventionem;

481 2270 559 2334 vel
577 2271 641 2317 ob
666 2272 897 2332 praeclara
922 2273 1145 2334 quaedam
1178 2270 1323 2334 facta,
1350 2277 1474 2325 sicut
1498 2277 1745 2330 Hercules
1768 2287 1819 2331 et
1844 2270 2020 2333 Romu:

477 2332 570 2392 lus,
592 2335 676 2396 qui
696 2332 980 2384 senatorum
996 2338 1220 2388 manibus
1237 2332 1538 2389 dilaceratus
1561 2347 1654 2391 est.

490 2482 706 2539 Variam
741 2485 1062 2542 idololatria:
1116 2497 1172 2542 et
1221 2490 1368 2559 impii
1424 2491 1650 2548 deorum
1683 2496 1862 2550 cultus
1911 2499 2022 2552 ori-

417 2577 599 2646 ginem
661 2576 946 2647 fontesque
1002 2581 1444 2650 corruptissimos
1498 2584 1608 2654 jam
1662 2588 2020 2654 patefecimus

420 2680 475 2724 et
523 2670 862 2725 ostendimus
900 2671 1064 2744 (tom.
1097 2689 1149 2740 I,
1182 2674 1430 2744 Apparat.
1455 2717 1470 2740 ,
1520 2696 1640 2750 pag.
1675 2680 1784 2735 432
1811 2691 1858 2735 et
1887 2683 2013 2748 7l7,

415 2773 462 2818 et
491 2780 628 2831 seqq.
656 2805 670 2825 ,
725 2780 788 2817 ac
835 2762 1056 2820 Disserl.
1092 2783 1293 2837 ευριπ,
1323 2785 1438 2837 cap.
1487 2771 1590 2833 M.
1633 2783 1736 2826 art.
1788 2773 1845 2845 5)
1898 2790 2017 2831 eaut

421 2855 548 2910 inde
575 2856 913 2926 potissimum
945 2874 1228 2923 manasse,
1258 2861 1400 2930 quod
1438 2862 1600 2931 prisci
1641 2867 1882 2936 caecique
1915 2866 2018 2920 ho-

421 2954 598 3004 mines
642 2966 738 3004 eos
771 2950 822 3004 in
865 2950 1048 3004 album
1091 2953 1314 3007 deorum
1349 2955 1683 3020 retulerunt,
1741 2974 1771 3013 a
1822 2961 2018 3030 quibus

419 3043 653 3096 m:t\ima
681 3058 740 3094 se
770 3043 1050 3109 accepisse
1099 3043 1360 3100 beneﬁcia
1384 3088 1398 3108 ,
1426 3060 1518 3101 aut
1572 3050 1831 3118 pneclara
1865 3070 2015 3124 quae-

417 3133 541 3188 dam
577 3134 814 3188 facinora
861 3136 1004 3190 edita
1053 3136 1223 3193 fuisse
1262 3139 1686 3199 arbitrabantur.
1737 3146 2012 3209 Quamob-

424 3241 538 3280 rem
609 3226 879 3280 Arnobius
946 3229 1166 3283 insanos
1231 3229 1354 3286 illos
1413 3235 1645 3301 gentiles
1696 3235 1781 3291 bis
1835 3238 2017 3294 verbis

418 3320 712 3388 compellat
737 3339 750 3374 :
776 3340 794 3372 ι
835 3321 943 3376 Vos
985 3321 1263 3390 Liberum,
1298 3327 1440 3395 quod
1468 3343 1622 3382 usum
1653 3333 1853 3400 reperit
1886 3333 2012 3400 vini;

429 3412 572 3480 quod
604 3415 755 3483 panis
781 3457 794 3479 ,
840 3412 1096 3471 Cererem
1124 3433 1140 3483 ;
1192 3418 1564 3490 IEscnlapium
1590 3464 1605 3487 ,
1645 3424 1786 3494 quod
1819 3425 2017 3482 herba-

419 3521 574 3570 rum;
627 3507 951 3575 Minervam,
1002 3509 1143 3581 quod
1176 3513 1342 3577 olere;
1393 3513 1823 3586 Triptolemum,
1872 3521 2016 3591 quod

419 3604 619 3662 aratri:
668 3605 903 3676 denique
935 3606 1250 3674 Herculem,
1286 3609 1428 3677 quod
1459 3610 1637 3677 feras,
1663 3616 1806 3684 quod
1836 3616 2012 3686 fures,

419 3697 559 3768 quod
597 3698 970 3766 multiplicium
1003 3703 1238 3771 capitum
1269 3706 1543 3774 superavit
1573 3710 2017 3781 compescuitque

420 3795 682 3860 nutrices,
715 3794 963 3851 divorum
991 3797 1249 3854 retulistis
1271 3799 1324 3854 iu
1348 3810 1573 3858 emtum.
1597 3800 1839 3875 (Arnob,
1859 3806 1949 3860 lib.
1975 3824 2013 3874 ι,

420 3904 542 3960 pag.
577 3886 697 3957 21.)

491 3983 560 4038 At
589 3984 748 4052 quid,
783 4000 881 4040 oro
922 3995 1007 4048 te.
1052 3986 1175 4042 inde
1221 3987 1503 4058 sequitur,
1557 3990 1658 4044 nisi
1709 4007 1803 4047 eos
1831 3993 2014 4050 homi-

421 4090 517 4130 nes
541 4076 709 4133 fuisse
731 4122 744 4143 ,
773 4089 865 4132 attt
885 4080 1076 4133 saltem
1109 4080 1239 4136 deos
1269 4082 1561 4151 aliquando
1585 4099 1705 4140 esse
1737 4089 1970 4155 cmpisse
1996 4131 2012 4156 ,

417 4183 483 4221 ae
507 4171 733 4238 proinde
763 4173 953 4227 falsam
986 4176 1208 4231 omnino
1247 4176 1352 4232 illis
1385 4177 1728 4236 divinitatem
1757 4183 2015 4238 attribui?

420 4260 558 4316 Vera
605 4265 749 4319 enim
794 4265 1046 4321 divinitas
1075 4277 1276 4324 arterna
1324 4285 1447 4327 esse
1471 4270 1667 4340 debet,
1713 4289 1812 4330 nec
1841 4275 2012 4331 ullum

420 4373 672 4428 umquam
705 4362 879 4429 potuit
909 4361 1106 4417 habere
1146 4364 1377 4419 initittm.

491 4449 673 4521 Neque
705 4451 821 4506 lucc
854 4452 923 4506 ab
952 4454 1187 4509 Aruobio
1233 4472 1514 4527 perperam
1559 4461 1858 4531 excogitata
1887 4477 2012 4531 gra-

418 4541 599 4612 tisque
629 4544 752 4598 ficta
781 4544 1001 4601 dixeris.
1039 4547 1278 4604 Primum
1309 4551 1451 4606 enim
1480 4552 1746 4608 Diodorus
1771 4555 2007 4620 Siculus,
2035 4565 2088 4625 1)

422 4636 575 4690 testis
602 4653 663 4691 ea
700 4638 751 4692 in
777 4654 836 4693 re
858 4653 987 4695 Sane
1012 4640 1495 4712 locupletissimus,
1515 4646 1875 4702 disertissime
1897 4659 2010 4703 tra-

420 4727 559 4782 didit
587 4746 615 4780 a
662 4729 954 4802 Dionysio,
987 4749 1082 4788 seu
1125 4733 1354 4802 Libero,
1378 4747 1470 4792 aut
1501 4738 1714 4793 Baccho
1736 4751 2009 4810 repertum

416 4821 586 4878 fuisse
634 4825 744 4878 vini
794 4841 946 4880 usuin
1003 4826 1247 4900 (Diodor.
1305 4830 1504 4896 Sicul.,
1556 4833 1642 4888 lib.
1698 4840 1744 4899 ι,
1799 4852 1920 4906 pag.
1978 4835 2012 4891 9

417 4927 463 4970 et
494 4916 591 4982 10,
620 4928 667 4971 et
694 4917 782 4973 lib.
826 4935 918 4980 tu,
964 4937 1085 4991 pug.
1140 4920 1298 4993 112).
1333 4923 1486 4978 Prius
1525 4941 1653 4980 vero
1694 4925 1747 4980 id
1793 4928 2012 4983 uberius

418 5019 769 5079 narraverat,
797 5011 888 5066 ubi
917 5016 1355 5070 commemoratis
1396 5016 1715 5084 quibusdam
1747 5019 1868 5074 aliis
1896 5022 2014 5089 eius

417 5102 470 5156 in
524 5101 770 5157 homines
815 5104 1127 5171 beneficiis,
1184 5105 1302 5160 haec
1333 5108 1525 5179 adjecit
1554 5109 1755 5183 (lbid.,
1805 5131 1856 5181 p.
1908 5115 2012 5170 157

417 5203 461 5248 el
508 5193 630 5264 158)
663 5214 676 5250 z
703 5195 825 5252 'Avb'
852 5194 917 5251 ὧν
940 5192 994 5252 εὖ
1017 5200 1270 5260 πάθοντας
1305 5203 1574 5275 ἀπονεῖμαι
1600 5207 1754 5277 τιμὰς
1788 5208 2018 5269 ἰσοθέους

417 5288 560 5361 ἀντῷ
586 5291 672 5343 καὶ
721 5292 925 5352 θυσίας,
956 5293 1232 5364 προθύμως
1261 5292 1498 5349 ἁπάντων
1524 5298 1818 5375 ἀνθρώπων,
1847 5297 1932 5354 διὰ
1957 5301 2016 5356 τὸ

417 5381 624 5452 μέγεθος
675 5390 765 5444 τῆς
823 5385 1119 5457 εὐεργεσίας
1165 5387 1540 5459 ἀπονειμάντων
1583 5394 1672 5448 τὴν
1704 5391 2006 5447 ἀθανασίαν.

419 5471 521 5527 His
551 5485 656 5527 tam
680 5475 967 5546 ingentibus
998 5479 1253 5546 beneﬁciis
1280 5488 1478 5534 tantum
1517 5483 1614 5536 sibi
1661 5485 1852 5554 favoris
1880 5501 2008 5540 cort-

419 5565 642 5630 ciliavit,
691 5578 743 5620 ut
785 5569 1090 5638 prapensius
1139 5571 1365 5624 omnium
1407 5573 1590 5628 studiis
1631 5575 2010 5630 immortalitati

420 5666 743 5711 consecratus
771 5701 786 5726 ,
857 5671 1114 5731 tamquam
1165 5660 1330 5724 Deus.
1386 5673 1432 5718 et
1483 5665 1651 5719 cultus
1700 5667 1911 5722 eximios
1960 5679 2008 5723 et

411 5745 728 5803 victimarum
774 5751 1120 5810 solemnitates
1163 5755 1431 5827 reciperet.
1463 5755 1586 5813 Vini
1613 5772 1778 5828 porro
1817 5759 2008 5818 inven-

2050 1744 2098 1804 B

2138 431 2403 506 (Euripid.
2437 439 2490 491 in
2537 437 2778 498 Bacchis.
2834 460 2965 499 vers.
3022 443 3127 500 277
3184 457 3232 500 et
3270 465 3414 520 seq.;
3457 450 3693 517 Dissertat.

2137 542 2252 597 sup.
2284 571 2299 595 ,
2332 547 2450 602 cap.
2484 534 2587 601 Μ,
2617 545 2719 590 art.
2763 535 2841 608 4).
2872 538 2977 595 Sed
3010 540 3079 596 de
3121 540 3221 597 hoc
3243 583 3260 609 ,
3307 553 3362 598 et
3407 544 3605 629 Cerere,
3639 553 3697 612 de

2135 622 2330 686 quibus
2379 641 2478 680 nos
2537 629 2587 682 in
2635 633 2902 702 superiori
2951 633 3369 707 dissertatione,
3433 622 3556 699 ιιωά
3593 659 3700 706 sunt

2140 711 2382 772 Lucretii
2429 721 2667 776 carmina
2700 741 2714 778 :

2228 836 2449 915 ﬁamque
2472 837 2628 915 geres
2651 839 2811 915 fertur
2830 841 3018 915 fruges,
3045 846 3296 915 Liberque
3325 849 3535 915 liquores

2228 899 2445 962 Vitigeni
2471 901 2668 953 laticem
2693 899 2981 958 t'nortalib'us
3005 899 3298 962 instituisse.

2662 990 2898 1055 (Lucret.,
2922 990 3005 1044 lib.
3034 1009 3083 1056 v,
3109 1007 3236 1048 vers.
3257 997 3315 1047 11
3331 1004 3376 1049 et
3391 1002 3540 1067 seqq.)

2133 1111 2207 1166 Ea
2240 1124 2418 1170 autem
2449 1117 2615 1173 Ceres
2643 1121 2802 1191 panis
2833 1122 3134 1190 inventrix,
3186 1125 3254 1179 ab
3280 1127 3466 1182 codem
3496 1129 3702 1190 Diodoro

2133 1205 2319 1259 Siculo
2357 1207 2554 1265 dicitur
2578 1213 2928 1269 serendarum
2957 1215 3166 1288 frugum
3193 1260 3209 1284 ,
3241 1230 3295 1274 et
3325 1222 3486 1278 totius
3528 1228 3701 1284 messis

2133 1301 2444 1368 rationem,
2496 1305 2636 1360 unde
2687 1309 2841 1377 panis
2886 1311 3204 1376 conficitur,
3248 1329 3310 1368 ea
3357 1315 3471 1385 lege
3514 1316 3704 1387 Tripto-

2131 1393 2335 1450 lemum
2363 1397 2614 1455 docuisse
2640 1443 2655 1465 ,
2689 1411 2746 1455 ttt
2793 1419 2910 1459 eam
2950 1421 3070 1459 cum
3104 1407 3372 1463 universis
3427 1409 3704 1468 hominibus

2132 1490 2559 1546 communicaret
2604 1493 2850 1562 (Diodor.
2905 1497 3112 1562 Sicul.,
3160 1501 3250 1554 lib.
3302 1516 3395 1570 tu,
3443 1501 3702 1574 Bibliotb.,

2133 1599 2255 1655 pag.
2285 1583 2440 1648 9.32).
2482 1587 2826 1660 Quapropter
2855 1593 3000 1648 eanit
3034 1593 3288 1665 Virgilius
3323 1612 3339 1649 :

2226 1699 2389 1750 Prima
2409 1701 2565 1754 Ceres
2589 1703 2722 1755 ferro
2745 1707 2982 1758 mortales
2999 1714 3201 1758 vertere
3221 1715 3408 1760 terram

2224 1761 2459 1832 instituit,
2485 1768 2704 1832 cumjam
2729 1768 2934 1832 glandes
2958 1779 3107 1832 atque
3124 1772 3295 1821 arbuta
3318 1785 3469 1822 sacra

2223 1824 2510 1879 Deﬁcerent
2524 1824 2690 1892 sylva,
2718 1824 2772 1881 evt
2793 1836 2973 1884 victum
2996 1824 3197 1882 Dodona
3222 1841 3454 1896 negaret.

2503 1913 2731 1982 (Virgil.,
2756 1915 2845 1968 lib.
2866 1933 2882 1966 ι
2907 1919 3102 1982 Georg,
3125 1931 3250 1971 vers.
3274 1918 3363 1970 147
3391 1925 3436 1970 et
3452 1919 3604 1986 seqq.)

2129 2016 2352 2088 Virgilio
2373 2018 2615 2073 concinit
2639 2019 2870 2077 Ovidius
2901 2042 2914 2076 :

2345 2132 2507 2200 Prima
2533 2133 2702 2200 Ceres,
2731 2135 2915 2200 homini
2940 2137 2997 2185 ad
3022 2137 3230 2188 meliora
3255 2146 3448 2200 vocato,

2285 2193 2490 2244 Mutavit
2512 2196 2718 2258 glandes
2741 2197 2939 2248 utiliore
2965 2200 3095 2250 cibo.

2223 2255 2447 2325 Illajugo
2463 2255 2630 2325 muros
2648 2259 2824 2325 collum
2845 2262 3070 2324 praebere
3094 2265 3262 2325 coegit
3287 2279 3299 2313 :

2284 2319 2409 2370 Tum
2438 2322 2643 2385 primum
2662 2322 2795 2371 soles
2817 2319 2955 2373 eruta
2981 2327 3103 2374 vilit
3120 2319 3315 2376 huiuus.

2665 2404 2853 2470 (Ουίίί.,
2877 2406 2961 2458 lib.
2989 2424 3057 2469 ιν,
3087 2410 3242 2469 Fast.,
3269 2424 3386 2478 pag.
3416 2412 3549 2478 548.)

2129 2510 2302 2565 Porro
2341 2521 2521 2568 autem
2553 2523 2738 2568 narrat
2784 2514 2961 2572 adhuc
3010 2517 3308 2581 Diodorus.
3352 2521 3464 2590 jam
3510 2537 3539 2575 a
3579 2521 3714 2576 nobis

2126 2601 2416 2664 laudatus,
2474 2605 2627 2659 deant
2676 2604 2930 2662 Cererem
2980 2609 3048 2663 ab
3104 2610 3529 2668 Atheniensibus
3569 2628 3710 2685 prop-

2127 2707 2210 2752 ter
2248 2699 2349 2753 hoc
2375 2699 2696 2756 beneficium
2723 2702 2853 2772 ipsis
2882 2704 3141 2760 collatum
3165 2749 3178 2764 .
3205 2707 3572 2763 oblationibus
3615 2709 3709 2762 vic-

2127 2793 2412 2862 timarum,
2459 2804 2619 2864 atqtte
2648 2796 2937 2851 Eleusiniis
2966 2798 3134 2854 initiis
3165 2799 3491 2857 honoratam
3519 2799 3709 2874 (Diod.,

2127 2881 2216 2936 lib.
2250 2899 2306 2947 ν,
2331 2883 2580 2939 Bibliotlt.
2609 2928 2623 2950 ,
2655 2904 2778 2959 pag.
2803 2888 2958 2960 200).

2198 2980 2266 3032 At
2305 2979 2395 3034 ille
2437 2991 2695 3050 praeterea
2717 3025 2730 3046 ,
2766 2993 2818 3037 et
2857 2985 2946 3054 qui
2990 2985 3151 3040 verba
3185 2986 3302 3054 ejus
3338 2989 3712 3058 trauscripsere

2128 3069 2395 3126 Eusebius
2423 3082 2477 3127 et
2520 3073 2831 3129 Lactantius
2856 3118 2871 3138 ,
2905 3079 3249 3146 apertissime
3289 3080 3573 3136 declarant
3600 3080 3710 3136 1E5—

2043 3145 2088 3208 (ἶ
2123 3163 2394 3233 culapinm
2427 3180 2533 3220 non
2565 3167 2723 3221 modo
2755 3167 3041 3223 lterharnm
3064 3211 3080 3235 ,
3105 3171 3199 3225 sed
3234 3173 3408 3228 totius
3430 3174 3589 3229 etiam
3616 3188 3714 3228 me-

2125 3255 2318 3312 dicinre
2348 3259 2614 3313 creditum
2658 3259 2825 3314 fuisse
2865 3273 3222 3332 repertorem.
3265 3267 3336 3321 At
3369 3267 3440 3322 de
3494 3269 3586 3322 illo
3628 3282 3712 3321 nos

2125 3349 2179 3404 in
2201 3351 2483 3419 superiore
2505 3352 2808 3422 Apparatus
2833 3356 3001 3409 nostri
3036 3367 3183 3410 tomo
3211 3358 3453 3413 diximus
3483 3358 3710 3427 (Diodor.

2123 3444 2213 3498 lib.
2247 3461 2299 3506 v,
2352 3461 2472 3516 pag.
2523 3445 2670 3511 255;
2733 3446 2946 3506 Ειιεεὸ..
2984 3447 3071 3502 lib.
3105 3466 3157 3512 ν,
3198 3449 3444 3520 Prwpar.
3490 3450 3710 3522 Erang.,

2121 3554 2238 3609 cap.
2271 3539 2326 3604 2,
2365 3556 2484 3609 pag.
2515 3538 2623 3604 57;
2661 3539 2892 3595 Lactant
2921 3583 2936 3607 ,
2967 3541 3063 3598 lib.
3095 3559 3148 3611 ι,
3192 3559 3311 3614 cap.
3345 3545 3452 3611 19,
3484 3562 3601 3618 pag.
3633 3543 3710 3608 98;

2124 3639 2247 3685 tam.
2279 3646 2330 3693 ι,
2362 3631 2646 3701 Apparat.,
2681 3650 2798 3704 pag.
2836 3634 3024 3706 H92).

2195 3724 2472 3781 Testatum
2527 3727 2682 3783 nobis
2713 3728 2887 3784 adhuc
2928 3730 3193 3785 Diodorus
3225 3730 3356 3788 facit
3406 3748 3434 3786 a
3489 3732 3710 3788 Minerva

2124 3818 2375 3875 traditam
2409 3819 2673 3875 olivarum
2711 3822 3095 3891 plantationetu
3138 3834 3195 3879 et
3221 3827 3530 3890 cultumm,
3569 3835 3713 3896 atque

2122 3911 2230 3966 olei
2261 3912 2670 3984 expressionem
2703 3913 2970 3986 (Diodor.,
2995 3916 3095 3970 loc.
3124 3918 3261 3983 cit.).
3292 3917 3558 3987 Quamvis
3582 3916 3710 3972 enim

2123 4003 2229 4059 hoc
2269 4005 2479 4060 arboris
2533 4021 2721 4076 genus,
2759 4009 3114 4078 sylveSIribus
3171 4014 3548 4081 permixtum,
3603 4019 3710 4064 ante

2125 4101 2285 4170 hujus
2333 4099 2587 4156 Minervae.
2634 4114 2814 4156 ortum
2870 4104 3177 4171 extitisset,
3224 4107 3412 4161 nullus
3459 4117 3631 4161 tamen
3656 4102 3710 4156 il-

2121 4195 2224 4249 lius
2252 4195 2430 4250 cultus
2468 4207 2523 4250 et
2570 4211 2698 4250 usus
2729 4194 2995 4252 hactenus
3029 4197 3286 4254 inventus
3323 4199 3525 4255 fuerat.
3574 4194 3710 4255 Unde

2123 4287 2376 4359 Virgilius
2406 4307 2420 4344 :

2867 4405 3104 4459 Olezettue
3123 4407 3345 4456 Minerva

2212 4466 2491 4528 Inventrix,
2517 4470 2734 4531 uncique
2758 4481 2886 4531 puer
2909 4476 3207 4520 monstrator
3232 4472 3413 4521 aratri.

2644 4549 2874 4616 (Virgil.,
2899 4551 2983 4603 lib.
3011 4568 3025 4602 ι
3048 4553 3246 4618 Georg,
3272 4566 3407 4606 vers.
3438 4554 3541 4617 18.)

2115 4658 2208 4714 His
2247 4667 2424 4714 autem
2457 4658 2847 4726 posterioribus
2877 4659 3057 4714 barbis
3081 4660 3299 4731 quidam
3347 4661 3575 4728 Osirim,
3614 4657 3696 4714 alii

2116 4751 2548 4820 Triptolemum,
2622 4753 2778 4817 cuius
2847 4751 3119 4807 Arnobius
3177 4765 3368 4809 noster
3441 4751 3705 4816 meminit,

2117 4844 2388 4915 designari
2417 4845 2729 4913 opinantur.
2766 4843 2871 4900 Sed
2901 4843 3098 4898 videsis
3125 4845 3173 4898 in
3199 4844 3302 4899 hos
3327 4856 3388 4901 et
3416 4846 3708 4916 superiores

2121 4936 2272 4990 latini
2315 4944 2490 5008 poetae
2537 4950 2724 4990 versus
2774 4935 2948 4993 Servii
2992 4939 3472 4993 commentarium.
3521 4935 3708 4993 Plinius

2120 5044 2249 5084 vero
2293 5029 2424 5084 dixit
2457 5027 2664 5097 (Plin.,
2708 5029 2800 5083 lib.
2834 5044 2936 5093 vn,
2987 5027 3180 5084 Natur.
3227 5030 3353 5085 hist.
3381 5075 3395 5096 ,
3449 5048 3568 5100 cap.
3611 5027 3704 5090 56,

2121 5138 2240 5191 pag.
2271 5117 2365 5188 99)
2393 5120 2536 5174 illam
2569 5121 2732 5174 aratri
2755 5121 3116 5176 inventionem
3148 5121 3334 5192 anigi
3357 5120 3702 5181 Atheniensi,

2121 5214 2207 5268 vel
2229 5213 2560 5284 Triptolemo
2583 5213 2839 5268 adscribi.
2867 5215 2971 5271 Sed
2995 5214 3063 5268 de
3091 5216 3184 5271 illo
3204 5231 3475 5286 expresse
3498 5213 3702 5271 Ovidius

2121 5303 2374 5360 Cererem
2406 5305 2483 5360 sic
2515 5305 2823 5376 loquentem
2857 5306 3110 5362 inducit:

2210 5417 2310 5485 iste.
2328 5417 2528 5481 quidem
2555 5420 2774 5485 mortalis
2797 5422 2910 5485 erit,
2939 5420 3030 5485 sed
3047 5423 3233 5485 primus
3253 5423 3441 5483 arabit,

2209 5480 2271 5532 Et
2293 5480 2449 5542 seret,
2479 5489 2532 5531 et
2555 5481 2704 5540 culta,
2727 5484 2924 5546 praemia
2951 5480 3108 5538 tollet.
3129 5485 3294 5536 butno.

2659 5566 2846 5630 (Ovid.,
2867 5565 2951 5617 lib.
2975 5582 3041 5627 tv,
3067 5568 3220 5629 Fast.,
3246 5583 3368 5635 pag.
3397 5571 3534 5634 592.)

2107 5671 2183 5727 Ibi
2213 5673 2395 5743 itaque
2429 5673 2798 5745 Triptolemus
2822 5678 3100 5745 expressis
3130 5677 3315 5732 verbis
3359 5679 3561 5736 dicitur
3585 5690 3692 5732 ara.

2112 5766 2179 5823 tri
2227 5768 2496 5840 inventor,
2526 5768 2666 5826 sicut
2691 5785 2723 5826 a
2765 5769 3002 5829 Diodoro
3048 5769 3230 5828 Siculo
3273 5772 3442 5842 paulo
3472 5783 3593 5829 ante
3619 5769 3690 5824 cio
