3904 6326
192 278 272 335 505

1374 262 1442 320 IN
1480 258 1855 327 ARNOBIUM,
1896 257 2050 315 CAP.
2089 258 2211 316 XL

3348 249 3452 306 506

192 402 281 451 tato
315 389 475 447 totius
503 386 851 460 agricultura:
876 384 1125 441 doctrina
1164 381 1422 438 imbutus.
1467 380 1542 434 De
1582 377 1748 433 aratri
1772 383 1822 444 Α
1850 375 2261 432 admirationem
2284 415 2299 441 ,
2373 382 2429 429 et
2496 369 2775 431 beneﬁciis
2833 366 3276 425 benevolentiam
3322 380 3450 438 gra-

191 499 326 560 porro
349 485 686 554 aliorumque
726 479 794 535 ab
833 478 1075 535 Arnobio
1103 485 1523 531 memoratarum
1556 472 1749 527 inven-

189 582 326 643 tione,
382 576 583 632 videsis
640 573 968 647 Polydorum
1029 569 1358 640 Vergilium,
1411 566 1656 635 aliosque
1684 562 1752 619 de

190 671 723 732 reruminventoribus
739 669 1034 740 scriptores
1060 664 1303 739 (Diodor.
1322 662 1409 716 lib.
1444 678 1484 728 1,
1513 678 1634 733 pag.
1662 660 1745 728 11,

191 769 261 835 12,
289 768 381 823 loc.
411 766 540 831 cit.;
578 763 767 836 Polyd.
810 761 982 833 Verg.,
1016 759 1108 815 ltb.
1131 775 1185 825 1,
1209 757 1273 812 de
1291 757 1397 812 inv.
1427 771 1555 819 rer.,
1582 769 1631 807 c.
1653 752 1747 819 21,

191 874 227 920 cl
248 864 327 917 lib.
353 862 440 927 tit,
468 877 586 931 cap.
617 859 653 914 2
678 868 724 914 et
750 857 829 930 3).

244 956 317 1012 Ex
350 955 431 1009 his
460 962 664 1017 autem,
713 966 832 1023 quae
860 948 1168 1015 retulimus,
1210 944 1344 1001 illud
1384 942 1539 998 facile
1592 939 1751 996 intel—

189 1053 369 1124 ligitur,
400 1048 544 1120 quod
578 1045 848 1101 Arnobius
873 1043 998 1097 alibi
1031 1040 1216 1096 scribit
1245 1037 1462 1111 (Arnob.
1485 1079 1500 1102 ,
1527 1033 1622 1089 lib.
1675 1048 1710 1087 Il
1730 1075 1746 1099 ,

189 1160 268 1216 pag
312 1139 404 1214 90)
452 1138 656 1210 primos
697 1137 944 1193 homines
976 1149 1081 1190 nou
1111 1132 1282 1187 alium
1312 1129 1627 1184 adhibuisse
1667 1126 1747 1181 ci-

187 1240 320 1305 bum,
349 1251 510 1308 quam
552 1234 813 1301 glandes,
863 1240 953 1285 aut
992 1245 1057 1284 ex
1099 1228 1265 1283 ramis
1308 1221 1613 1296 agrestibus
1650 1219 1750 1275 bu-

184 1332 340 1396 culos,
370 1344 472 1385 nec
499 1327 635 1383 alias
657 1340 817 1399 quam
844 1340 915 1380 ex
942 1321 1238 1379 corticibus
1278 1327 1336 1375 et.
1364 1316 1595 1389 pellibus
1624 1327 1748 1368 vcs—

184 1434 263 1481 tes.
304 1421 455 1492 Quod
485 1420 662 1476 adhuc
702 1416 919 1474 Diodori
945 1415 1109 1473 Siculi
1137 1455 1153 1477 ,
1201 1410 1418 1473 Ovidii,
1462 1406 1741 1472 Lucretii,

182 1529 225 1575 et
264 1517 486 1572 aliorum
545 1512 856 1570 testimonio
910 1508 1185 1565 stabilitur
1234 1520 1300 1560 ac
1350 1502 1745 1560 corroboratur

182 1610 399 1685 (Diodor.
421 1651 437 1673 ,
481 1607 570 1665 lib.
599 1624 648 1672 1,
699 1622 818 1678 pag.
851 1605 925 1670 5;
958 1601 1149 1669 Ovid.,
1178 1600 1269 1655 lib.
1310 1615 1329 1654 1
1376 1596 1612 1661 Fastor.,
1655 1591 1748 1649 sub

182 1704 293 1773 ﬁta;
325 1700 569 1765 Lucret,
601 1700 690 1755 lib.
736 1714 790 1761 ν,
814 1714 943 1753 vers.
991 1695 1090 1752 95l
1125 1704 1173 1748 et
1199 1690 1388 1764 seqq.).

241 1796 360 1851 Post
384 1795 504 1850 hac
529 1794 597 1848 ab
616 1802 838 1849 auctore
870 1800 1075 1846 nostro.
1103 1787 1406 1860 appellatur
1450 1782 1710 1839 Hercules
1729 1823 1745 1845 ,
1775 1795 1826 1856 Β

182 1886 412 1958 decujns.
438 1896 496 1943 ut
511 1887 681 1947 aiunt.
706 1884 982 1939 laboribus
1006 1882 1263 1953 loquitur.
1294 1877 1419 1935 Sed.
1448 1877 1501 1932 bi
1531 1876 1746 1931 labores

180 1984 251 2037 cui
278 1982 439 2053 ignoti
467 1995 590 2035 esse
632 1977 896 2050 possunt?
925 1975 984 2031 Si
1030 1975 1122 2029 ulli
1166 1982 1345 2028 tamen
1396 1970 1615 2025 curioso
1665 1967 1751 2022 in-

179 2075 418 2145 oomperti
460 2074 603 2141 sint,
650 2072 770 2128 illos
812 2070 881 2125 ab
928 2069 1118 2124 eodem
1182 2066 1418 2122 Diodoro
1468 2064 1651 2120 Siculo
1694 2070 1751 2117 et

176 2169 282 2224 aliis
327 2168 573 2241 plurimis
617 2166 914 2238 explicatos
964 2163 1204 2220 inveniet
1249 2161 1494 2236 (Diodor.
1524 2157 1747 2226 SicuL,

179 2263 257 2320 lib.
284 2279 352 2331 tv,
380 2262 539 2320 Bibli.
563 2304 579 2326 .
617 2279 741 2334 pag.
773 2260 878 2316 145
904 2269 952 2314 et
992 2260 1182 2329 seqq)
1232 2257 1307 2318 De
1333 2256 1424 2309 illo
1470 2263 1650 2309 autem
1699 2261 1753 2308 et

176 2354 353 2412 Libero
390 2358 554 2413 etiam
586 2371 681 2410 seu
733 2353 967 2418 Baccho,
1019 2362 1075 2407 et
1113 2350 1236 2406 aliis
1289 2348 1379 2420 qui
1430 2346 1501 2402 ob
1552 2344 1751 2400 eximia

175 2452 319 2520 facta,
357 2463 411 2508 et
458 2449 724 2507 beneﬁcia
770 2447 964 2503 collata
994 2444 1306 2500 hominibus
1338 2442 1412 2496 dii
1458 2437 1767 2516 renuntiati

174 2557 314 2614 sunt,
346 2556 542 2618 praeter
587 2543 923 2601 Lactantium
951 2540 1238 2612 (Lactanl.,
1289 2536 1377 2592 lib.
1414 2553 1469 2603 1,
1500 2550 1618 2604 cap.
1651 2532 1751 2598 19,

175 2660 286 2715 pag.
314 2641 384 2699 98
408 2651 455 2697 et
483 2638 673 2713 seqq).
704 2639 784 2693 sic
804 2635 1002 2692 cecinit
1035 2633 1287 2689 lloratins
1321 2650 1335 2686 :

252 2755 483 2806 Romulus
507 2761 561 2805 et
582 2752 736 2803 Liber
759 2760 916 2814 pater,
934 2757 1114 2800 etcum
1133 2747 1332 2814 Castore
1357 2743 1562 2814 Pollux,
1597 2764 1601 2768 ~

252 2818 368 2881 E’ost
387 2819 608 2881 iugentia
632 2809 985 2881 facta'deorutu
1010 2814 1062 2881 in
1078 2809 1260 2872 templa
1283 2810 1497 2872 recepti,

251 2868 375 2931 Dum
400 2868 563 2932 terras
586 2879 943 2940 hominumque
967 2876 1135 2926 colunt
1158 2868 1335 2940 genus,
1363 2868 1539 2940 aspera
1561 2868 1695 2921 bella

205 2996 211 3007 ,
249 2946 573 3008 Compouunt,
596 2954 744 3005 agros
767 2933 1036 3003 assignant,
1061 2950 1141 3001 om
1157 2933 1240 2985 ida
1259 2933 1492 2984 condunt.

261 3046 281 3058 .
343 3045 356 3058 .
426 3044 437 3057 .
511 3043 524 3055 .
591 3041 606 3055 .
675 3042 690 3057 .
764 3042 775 3054 -
809 3040 979 3115 D'ira'm
1002 3031 1569 3125 ﬁui'coutuditilytil‘amr

249 3132 503 3212 Comperit
519 3130 749 3182 invidiam
771 3140 1005 3192 supremo
1022 3125 1119 3175 line
1134 3125 1339 3175 domari.

529 3216 747 3283 (Horat,
768 3211 851 3264 lib.
877 3226 932 3273 ιι,
954 3209 1091 3277 epist.
1115 3224 1154 3272 1,
1180 3220 1306 3261 vers.
1327 3209 1358 3259 5
1376 3212 1422 3258 et
1442 3203 1601 3272 seqq.)

253 3352 319 3407 At
374 3347 572 3405 merito
621 3344 895 3405 Arnobius
960 3339 1215 3395 Romanis
1267 3335 1559 3405 exprobrat
1611 3331 1756 3404 quod

173 3443 301 3501 hunc
330 3443 619 3500 Romulum
642 3482 658 3506 ,
703 3453 864 3510 quem
901 3435 1151 3491 Horatius
1194 3433 1426 3503 primum
1477 3428 1775 3493 nominat,’

171 3539 233 3595 ob
253 3538 470 3612 egregia
517 3535 654 3592 facta
684 3549 748 3588 ac
788 3531 986 3589 collata
1035 3529 1330 3595 beneficia,
1376 3527 1603 3582 deorum
1653 3540 1756 3579 nu-

172 3648 315 3690 mero
361 3629 750 3701 adscripserint
818 3625 1140 3683 Senatorum
1189 3620 1455 3694 siquidem
1512 3619 1760 3675 manibus

174 3725 509 3797 discerptus,
556 3720 978 3792 interfectusque
1027 3717 1244 3773 fuerat:
1285 3734 1304 3768 ‹
1344 3714 1534 3770 Nonne
1583 3713 1759 3782 ipsum

171 3818 458 3877 Romulum
506 3826 750 3887 patrem.
820 3832 839 3866 1
899 3812 1075 3882 inquit
1121 3809 1210 3864 ille
1267 3807 1522 3879 (Arnob.,
1576 3804 1663 3859 lib.
1699 3820 1759 3870 1,

169 3928 280 3983 pag.
301 3909 432 3985 24),
465 3927 487 3963 ι
519 3915 832 3965 senatorum
866 3903 1116 3959 manibus
1140 3902 1489 3958 dilaceratum
1521 3908 1759 3966 centum,

171 4016 218 4061 et
243 4006 529 4076 Quirinum
565 4014 692 4057 esse
725 3998 977 4055 Martium
1025 3996 1237 4061 dicitis,
1286 4002 1343 4048 et
1390 3990 1763 4050 sacerdotibus

173 4111 222 4155 et
244 4095 617 4169 pulvinaribus
654 4092 957 4156 honoratis,
975 4099 1029 4148 et
1057 4092 1107 4144 in
1139 4087 1346 4144 aedibus
1377 4087 1611 4143 adoratis
1642 4101 1760 4141 am-

169 4192 422 4263 plissimis
444 4232 462 4256 ,
506 4196 562 4244 et
587 4195 711 4260 post
737 4187 851 4242 lucc
878 4186 1060 4238 onmia
1100 4182 1297 4238 caelum
1327 4179 1638 4236 ascendisse
1678 4178 1763 4249 ju-

168 4284 309 4341 ratis.
375 4303 397 4337 ι
460 4282 639 4338 Vitam
694 4289 876 4333 autem
933 4275 1167 4332 Romulo
1231 4282 1338 4329 tam
1386 4272 1680 4328 crudeliter
1732 4286 1764 4325 a

171 4375 513 4432 senatoribus
538 4373 703 4427 fuisse
743 4379 1022 4440 ereptam,
1065 4365 1280 4423 tametsi
1310 4366 1494 4422 Livius
1517 4365 1766 4419 dissimu-

167 4468 273 4525 lare
298 4475 572 4532 conetur,
608 4464 854 4520 Valerius
893 4474 1071 4518 tamen
1114 4461 1377 4517 Maximus
1399 4502 1413 4526 ,
1469 4467 1523 4515 et
1565 4458 1763 4530 Diony-

1859 469 2005 541 tique
2030 467 2197 522 animi
2242 466 2561 521 memoriam
2604 465 2705 519 sibi
2747 461 3188 519 conciliaverunt.
3240 457 3296 514 Si
3339 458 3451 513 suis

1856 578 1984 634 ergo
2013 578 2067 617 ra
2096 560 2307 615 iunibus
2333 561 2609 614 stetissent
2632 557 2867 622 ethnici,
2896 570 3002 610 non
3039 562 3286 625 poterant
3317 566 3451 608 sane

1854 655 2053 713 Christi
2086 670 2280 725 negare
2320 651 2695 717 divinitatem,
2723 660 2806 703 aut
2838 648 3064 716 reiicere
3107 644 3448 717 religionem,

1854 760 1909 808 et
1940 752 1990 804 in
2020 749 2136 819 ejus
2178 756 2475 802 st-ctatures
2511 755 2658 800 tanto
2703 744 2885 799 furore
2930 741 3273 798 debacchari.
3319 738 3452 808 Quis

1854 845 2036 916 itaque
2084 859 2189 897 non
2238 841 2420 897 videat
2468 856 2626 910 quam
2678 840 2827 894 futile
2857 852 3160 908 vanumque
3203 834 3274 889 sit
3320 832 3451 889 illud

1853 935 2266 1008 argumentum?
2294 934 2412 988 Jam
2466 920 2597 988 vero
2635 932 2868 987 vidimus
2892 947 2995 1001 qua
3026 928 3235 984 ratione
3281 924 3454 981 Miuu-

1855 1032 1970 1086 cius
2016 1029 2166 1085 Felix
2212 1027 2355 1082 hunc
2399 1040 2643 1081 errorem
2671 1023 2958 1089 everterit,
3000 1036 3063 1076 ac
3101 1019 3238 1074 infra
3271 1028 3453 1074 esten.

1853 1123 2044 1178 demus
2069 1120 2344 1192 quomodo
2371 1134 2403 1174 a
2457 1117 2737 1174 Lactantio
2761 1125 2817 1172 et
2858 1113 3191 1170 Tertulliano
3239 1108 3453 1166 relella-

1855 1226 1939 1273 tur
1970 1217 2217 1289 (Ibidem,
2253 1224 2354 1269 art.
2389 1230 2439 1276 1,
2475 1212 2743 1267 Dissertat.
2778 1211 2831 1264 in
2860 1207 3099 1264 Lactant.
3127 1248 3143 1270 ,
3180 1221 3296 1275 cap.
3346 1203 3414 1261 50
3436 1244 3451 1270 ,

1853 1322 1955 1368 art.
1990 1312 2058 1379 5,
2104 1320 2151 1364 et
2197 1309 2250 1365 in
2301 1307 2645 1371 Tertullian.,
2674 1321 2791 1376 cap.
2835 1303 2908 1360 25
2931 1345 2946 1369 ,
2979 1312 3080 1358 art.
3109 1298 3187 1374 5).

2454 1435 2750 1480 Αιιτιαῠιυε
2789 1436 2868 1477 111.

1852 1568 2161 1633 Expenditnr
2206 1565 2334 1633 aliud
2371 1562 2584 1633 _Arn_obii
2627 1569 2795 1611 contra
2820 1554 3452 1633 ethnicorumreligi‘onem

1914 1618 2277 1692 argumentum,
2306 1627 2421 1692 inde
2464 1627 2684 1684 ductum,
2710 1622 2838 1692 quod
2878 1621 3067 1692 ethnici
3089 1620 3312 1668 dixerint
3333 1618 3457 1667 deos

1915 1684 2029 1743 suos
2052 1705 2217 1742 mares
2242 1684 2294 1742 et
2313 1690 2536 1739 feminas.
2566 1701 2624 1738 ac
2648 1684 2918 1737 celebratis
2955 1685 3166 1733 humano
3200 1693 3337 1730 more
3362 1693 3456 1729 nu—

1918 1758 2046 1819 ptiis.
2088 1755 2287 1819 alioque
2334 1749 2722 1819 tu_rpiori_n_1t_)do
2762 1743 3364 1819 tillnsnprocreassemubi
3388 1742 3455 1792 de

1916 1804 2214 1881 septimanis.
2232 1804 2437 1873 fteturis,
2453 1810 2765 1881 _chalcidicis,
2778 1804 3213 1881 “Hellespontiaco
3251 1804 3453 1881 Priapo,

1915 1869 2103 1931 Cerere
2129 1891 2408 1935 mammosa,
2426 1869 2637 1924 deorum
2656 1872 2836 1927 nuptiis
2856 1885 2965 1930 usu,
2978 1869 3128 1935 farre,
3143 1869 3457 1935 coemptione

1917 1929 2201 1999 celebratis,
2250 1929 2579 2003 sponsalibus,
2620 1936 2918 2003 tescenninis
2943 1929 3455 2003 _carmiuibus,’regia

1916 1996 2247 2077 Opis_atbole,
2278 1996 2460 2051 'infatni
2505 1999 2717 2077 Ve‘neris
2756 1996 3004 2077 Egtheria:
3044 2000 3176 2055 Ortu,
3212 1998 3266 2043 et
3287 2004 3457 2045 mere-

1914 2061 2089 2119 tricula
2112 2065 2335 2125 Venere,
2360 2077 2389 2114 a
2411 2076 2537 2125 rege
2562 2061 2734 2127 Cyprio
2749 2061 2922 2111 ditata.

1927 2242 2327 2300 Validissimum
2374 2254 2504 2295 sane
2542 2246 2729 2293 contra
2774 2234 3020 2292 ethnicos
3061 2238 3448 2305 argumentum

1857 2336 1981 2394 inde
2036 2335 2218 2391 adlmc
2279 2334 2412 2404 petit
2465 2330 2774 2395 Arnobius,
2837 2328 2980 2400 quod
3031 2326 3107 2381 illi
3164 2325 3297 2381 deos
3330 2336 3459 2378 suos

1857 2444 2036 2486 mares
2062 2439 2118 2484 et
2161 2428 2387 2483 feminas
2429 2425 2818 2496 praedicarent,
2851 2438 2914 2478 ac
2944 2421 3168 2491 publicis
3206 2418 3319 2475 suis
3333 2431 3460 2490 pre-

1857 2524 2011 2580 cibus
2061 2523 2444 2593 proliterentur
2494 2538 2509 2575 :
2562 2537 2580 2567 ι
2636 2517 2771 2572 Nam
2827 2517 3136 2580 consuetis,
3173 2532 3192 2566 ι
3243 2511 3453 2582 inquit,

1857 2616 2089 2682 Arnob,
2135 2614 2224 2671 lib.
2268 2629 2358 2679 ιιι,
2413 2629 2533 2683 pag.
2582 2608 2708 2680 159)
2770 2628 2788 2660 ι
2825 2610 2876 2664 in
2924 2606 3173 2676 precibus
3205 2623 3220 2660 :
3252 2604 3369 2660 sive
3398 2612 3458 2657 tu

1858 2711 1993 2765 deus
2016 2724 2075 2764 es
2096 2750 2112 2770 .
2142 2708 2257 2761 sive
2277 2705 2412 2771 dea,
2452 2704 2652 2759 dicere.
2686 2702 2816 2770 Quae
2869 2699 3221 2755 dubitationis
3257 2711 3457 2768 excep-

1858 2804 1975 2876 ptio
2018 2802 2150 2858 dare
2185 2815 2282 2856 vos
2329 2799 2434 2855 diis
2487 2813 2674 2854 sexum
2715 2796 3077 2868 disiunctione
3111 2810 3179 2850 ex
3224 2793 3336 2856 ipsa
3367 2789 3463 2848 de-

1860 2899 2050 2953 clarat.
2091 2915 2110 2948 ι
2140 2894 2293 2966 Apud
2325 2892 2618 2948 Varronem
2641 2907 2768 2946 vero
2790 2890 3018 2962 legimus
3040 2884 3312 2959 quomodo
3334 2900 3460 2955 pre-

1861 3007 1952 3048 ces
1981 2992 2086 3046 illa:
2129 2990 2245 3046 ﬁeri
2277 2996 2674 3043 consueverant
2718 3004 2732 3041 :
2785 3003 2803 3037 ι
2839 2984 3041 3040 Lucum
3068 3002 3087 3035 ρ
3124 2982 3195 3036 ait
3248 2978 3457 3053 (Varr.,

1862 3086 1951 3141 lib.
1999 3085 2062 3139 de
2103 3083 2182 3139 Re
2224 3084 2372 3137 rusti.
2396 3124 2411 3148 ,
2452 3098 2572 3153 pag.
2604 3078 2763 3152 159),
2803 3098 2823 3129 ι
2861 3077 3185 3132 conculcare
3225 3086 3452 3129 romano

1783 3195 1830 3260 (ς
1864 3196 2015 3235 more.
2044 3181 2124 3235 sic
2167 3188 2401 3248 oportet.
2462 3177 2635 3232 Porco
2687 3174 2898 3246 piaculo
2943 3172 3123 3229 facito.
3168 3171 3257 3227 Sic
3298 3168 3462 3224 verba

1830 3273 2131 3343 _concipito
2164 3292 2177 3327 :
2211 3271 2265 3328 Si
2312 3272 2476 3335 deus,
2528 3271 2570 3325 si
2604 3270 2704 3325 dea
2733 3285 2827 3332 es,
2876 3267 3029 3336 cujus
3071 3265 3199 3321 illud
3248 3278 3459 3319 sacrum

1860 3378 1963 3424 est.
1998 3368 2103 3425 Sed
2153 3368 2268 3422 hate
2305 3368 2473 3422 fusius
2504 3365 2687 3436 probat
2722 3362 3026 3418 Brissonitts
3055 3359 3311 3431 (Brisson.
3334 3399 3350 3423 ,
3399 3356 3463 3410 de

1865 3460 2103 3518 Formul.
2126 3504 2142 3529 ,
2182 3479 2300 3531 cap.
2353 3463 2481 3531 60),
2510 3467 2565 3515 ct
2609 3473 2707 3513 uos
2744 3457 2814 3513 de
2841 3457 2907 3511 iis
2936 3453 3137 3521 aliquid
3178 3444 3306 3507 alibi
3334 3450 3462 3506 atti-

1863 3558 2038 3628 gimns
2092 3553 2390 3629 (Disseruit.
2448 3554 2501 3607 in
2540 3551 2774 3613 Minoa,
2820 3566 2937 3620 cap.
3000 3548 3250 3612 15,'art.
3310 3545 3386 3616 1).

1936 3647 2123 3717 Neque
2144 3647 2274 3701 sinit
2313 3645 2586 3701 Arnobius
2616 3643 2717 3698 sibi
2743 3643 2810 3696 ab
2839 3639 3243 3696 inconsiderato
3281 3637 3463 3707 aliquo

1863 3740 2062 3812 opponi
2078 3740 2404 3794 christianos
2420 3752 2634 3808 quoque
2654 3735 2881 3790 credere
2903 3747 3106 3788 marem
3124 3746 3245 3786 esse
3271 3731 3459 3798 Deum,

1864 3834 2302 3908 quandoquidem
2333 3847 2529 3888 nomen
2551 3874 2567 3898 ,
2603 3832 2771 3893 Deus,
2806 3828 3086 3885 masculini
3115 3826 3328 3897 generis
3355 3832 3460 3880 est.

1868 3932 1946 3987 Eo
1987 3931 2266 4003 enimvero
2297 3927 2517 3983 nomine
2560 3941 2666 3981 non
2691 3938 2854 3980 sexus
2874 3965 2890 3990 ,
2923 3921 3020 3978 sed
3052 3935 3152 3977 ttsu
3197 3917 3463 3976 sermonis

1868 4024 2138 4095 promitttr
2166 4021 2261 4077 Dei
2310 4019 2653 4091 signiﬁcatio.
2684 4018 2800 4073 Non
2837 4018 2977 4073 Deus
3004 4030 3133 4086 ergo
3153 4054 3168 4080 ,
3198 4011 3294 4068 sed
3344 4012 3463 4081 ejus

1868 4132 2065 4173 nomen
2097 4129 2267 4183 genus
2295 4114 2648 4169 masculinum
2681 4111 2967 4183 significat.

1941 4210 2009 4264 At
2037 4209 2168 4263 deos
2197 4223 2375 4262 mares
2405 4217 2460 4261 ct
2486 4206 2715 4261 feminas
2740 4219 2864 4259 esse
2892 4218 2996 4258 non
3026 4217 3184 4273 posse
3220 4201 3308 4275 sic.
3334 4215 3463 4272 pro-

1867 4304 1959 4360 bat
1981 4301 2269 4358 Arnobius.
2299 4301 2489 4365 Tales,
2540 4300 2711 4368 inquit
2739 4298 2954 4371 (Arnob.
2979 4339 2995 4364 ,
3027 4297 3117 4352 lib.
3151 4312 3206 4351 Ill
3227 4337 3243 4362 ,
3274 4314 3328 4365 p.
3363 4294 3466 4351 104

1869 4404 1916 4450 et
1941 4393 2106 4465 seqq.)
2129 4435 2142 4456 ,
2174 4407 2295 4449 esse
2322 4400 2625 4461 nequeunt,
2656 4392 2785 4463 quin
2810 4404 2906 4445 eas
2940 4398 3124 4461 partes
3156 4403 3326 4458 eaque
3369 4387 3466 4443 Ita—

1870 4488 2031 4544 beant
2073 4485 2350 4551 membra,
2396 4484 2589 4556 quibus
2632 4496 2859 4553 uterque
2886 4497 3050 4538 sexus
3087 4480 3465 4551 disﬁnguitur,

167 4560 799 4663 Sius,l_l?‘yc?:"asseus'
833 4564 903 4663 ne}
925 4552 1013 4663 alii
1029 4552 1217 4663 ,9³1³2³
1258 4561 1552 4663 aperteque
1595 4548 1766 4663 me?
1792 4602 1845 4663 ι)
1870 4592 1926 4639 et
1951 4598 2070 4649 qua:
2095 4580 2162 4636 ad
2197 4548 2597 4652 prapagandam
2646 4548 2887 4634 solio-lem
2933 4576 3069 4631 facta
3109 4548 3279 4632 sunt:
3308 4574 3468 4647 Atqui

168 4664 245 4707 tttr
264 4652 411 4724 (Liv.
432 4694 449 4719 ,
480 4649 569 4705 lib.
598 4665 616 4705 1
640 4690 656 4716 ,
684 4664 799 4719 cap.
826 4647 915 4711 12;
944 4645 1116 4700 Valer.
1150 4644 1295 4701 Max.
1317 4686 1332 4711 ,
1363 4646 1453 4698 lib.
1481 4661 1532 4711 ν,
1554 4660 1671 4711 cap.
1707 4645 1763 4710 5,

168 4743 195 4815 §
225 4746 248 4800 1
274 4762 290 4810 ;
322 4743 553 4815 Dionys.
603 4740 779 4796 llalic.
806 4781 821 4806 ,
854 4739 947 4795 lib.
982 4754 1053 4805 11,
1085 4738 1260 4808 Antiq.
1286 4754 1511 4801 romam,
1544 4754 1598 4806 p.
1650 4735 1762 4810 18).

165 4838 275 4904 Quo
324 4853 497 4910 porro
554 4836 643 4891 ille
701 4834 862 4889 modo
906 4834 958 4888 in
1005 4833 1229 4888 deorum
1279 4848 1583 4895 numerum,
1619 4831 1766 4903 pcje-

165 4941 313 4987 rante
341 4929 619 4995 Proculo,
655 4928 855 4984 relatus
880 4927 950 4980 sit
972 4967 987 4988 .
1015 4926 1065 4981 in
1088 4927 1351 4997 superiori
1380 4927 1766 4983 dissertatione

165 5027 506 5084 ostendimus
538 5022 781 5096 (Dissert.
813 5023 868 5077 in
898 5020 1121 5089 Minac.,
1153 5037 1272 5092 cap.
1308 5020 1398 5088 i5,
1448 5030 1546 5075 art.
1588 5018 1669 5090 9.).

228 5143 364 5213 Quis
410 5142 599 5213 igitur,
645 5139 748 5194 nisi
781 5138 941 5209 plane
991 5138 1257 5205 insaniat,
1309 5136 1483 5200 hunc,
1521 5137 1763 5207 aliosque

164 5255 191 5294 a
260 5239 426 5295 nobis
486 5246 854 5299 memoratos,
906 5249 1262 5306 qumcumqne
1313 5242 1408 5288 aut
1457 5232 1610 5298 falsa,
1667 5242 1760 5287 aut

160 5347 282 5389 vera
310 5330 581 5390 beneficia
607 5328 901 5386 contulisse
920 5369 936 5393 ,
965 5337 1058 5381 aut
1084 5326 1220 5382 facta
1269 5325 1481 5397 egregia
1527 5324 1764 5381 edidisse

164 5424 426 5489 ferantur,
477 5423 611 5479 deos
658 5421 897 5478 dixerit?
943 5420 1073 5475 Nam
1131 5420 1183 5474 lti
1231 5421 1347 5490 puri
1400 5421 1618 5489 ptttiqtte
1667 5428 1764 5474 bo-

164 5522 334 5580 miues
381 5520 637 5583 fuerunt,
700 5518 843 5588 iique
889 5515 1309 5572 sceleratissimi.
1363 5515 1618 5581 Quamvis
1662 5530 1763 5569 au-

168 5625 269 5672 tem
308 5627 420 5670 tam
456 5613 660 5677 sancti,
691 5627 852 5684 quam
879 5610 1094 5667 scelesti
1125 5618 1180 5663 et
1220 5607 1471 5680 flagitiosi
1514 5608 1757 5675 fuissent,

166 5724 457 5782 numquam
514 5716 688 5762 tamen
732 5705 807 5760 illi
866 5703 1026 5760 etiam
1077 5718 1267 5759 omnes
1291 5700 1446 5757 simul
1476 5742 1493 5767 ,
1526 5710 1605 5755 tot
1627 5711 1763 5755 tam-

167 5820 267 5876 que
297 5821 364 5860 ac
391 5802 646 5861 Christus
667 5841 684 5869 ,
713 5811 773 5858 ut
798 5813 960 5870 supra
990 5794 1239 5864 vidimus,
1291 5793 1573 5867 stupendis
1612 5792 1764 5852 faetis

1871 4690 1952 4731 ea:
1984 4686 2167 4744 partes
2221 4689 2394 4745 eaque
2437 4673 2684 4741 corporis
2716 4669 2954 4727 membra
2975 4711 2989 4732 ,
3019 4669 3066 4724 si
3111 4669 3163 4723 in
3192 4668 3296 4723 diis
3324 4667 3463 4734 sint,

1872 4768 2080 4823 inutilia
2104 4810 2118 4832 ,
2152 4768 2291 4822 sicut
2330 4767 2490 4821 etiam
2518 4767 2594 4820 ait
2633 4765 2845 4826 Cit-ero,
2888 4778 2993 4817 non
3020 4770 3305 4829 potuerunt
3333 4759 3465 4834 (Cic.

1871 4862 1958 4918 lib.
1996 4878 2031 4917 t1
2061 4861 2126 4915 de
2157 4861 2349 4915 Nalur.
2381 4861 2525 4915 deor.
2548 4901 2563 4925 ,
2593 4877 2713 4931 pag.
2744 4857 2852 4913 208
2883 4867 2928 4911 et
2958 4872 3074 4926 seqq
3103 4853 3145 4928 ).
3174 4854 3341 4910 Tanta
3372 4853 3470 4924 igi-

1871 4964 1957 5009 tur
1985 4953 2212 5011 deorttm
2240 4952 2625 5008 immortalium
2653 4994 2669 5019 ,
2701 4951 2795 5022 qtti
2826 4964 3124 5019 numquam
3153 4956 3463 5011 senescunt,

1871 5061 1973 5101 nec
1994 5046 2244 5114 corporis
2266 5045 2473 5099 viribus
2493 5044 2866 5108 debilitantur,
2892 5042 3165 5113 procreari
3193 5040 3467 5095 debuisset

1870 5138 2191 5205 multitudo,
2228 5148 2285 5193 ttt
2309 5140 2489 5193 omnia
2532 5139 2597 5192 iis
2623 5138 2732 5206 jam
2766 5138 2922 5208 plena
2949 5136 3157 5201 forent,
3189 5148 3288 5188 nec
3312 5132 3465 5190 caelis

1870 5233 2167 5288 innumeris
2210 5245 2433 5302 possent
2476 5231 2711 5301 amplius
2748 5230 3038 5287 ctmtineri.
3081 5228 3287 5284 Eodem
3331 5242 3464 5296 quo-

1867 5340 1972 5395 que
2019 5334 2341 5395 argumento
2389 5323 2680 5379 Minucium
2708 5323 3108 5393 aliosqnettsos
3151 5319 3317 5374 fuisse
3351 5320 3464 5389 jam

1867 5418 2206 5473 ostendimus
2274 5415 2518 5487 (Disscrl.
2570 5417 2625 5470 in
2671 5414 2868 5471 Minuc.
2912 5413 3136 5477 Octav.,
3186 5427 3303 5482 cap.
3360 5410 3462 5481 16,

1869 5522 1971 5566 art.
1993 5511 2071 5583 2).

1941 5606 2110 5675 Quam
2170 5606 2335 5662 multa
2386 5617 2564 5661 autem
2612 5602 2881 5668 absurda,
2935 5601 3220 5664 obscaena,
3265 5608 3321 5657 et
3360 5598 3464 5657 diis

1870 5701 2087 5772 indigna
2122 5716 2189 5757 ex
2221 5701 2438 5757 diverSo
2463 5700 2701 5769 ipsomm
2744 5712 2876 5751 sexu
2914 5704 3240 5767 sequantur,
3290 5692 3466 5748 Arno.

1872 5795 1992 5853 hius
2036 5795 2278 5853 breviter
2323 5794 2556 5865 explicat
2598 5789 2973 5865 (Amob.,’lib.
3016 5804 3111 5858 ιιι,
3150 5804 3273 5861 pag.
3307 5785 3462 5859 104).
