3904 6326
464 273 569 330 507

1705 267 2164 330 DISSERTATIO
2201 269 2481 327 passm
2965 220 2971 227 ’
3627 280 3712 342 ωε

463 393 596 449 lnde
623 395 766 449 enim
786 435 800 458 ,
833 392 1038 462 inquit,
1064 391 1194 446 oriri
1223 391 1485 447 deberent
1511 390 1734 446 dearum
1759 398 2060 454 menstrua,
2091 388 2148 452 Α
2169 387 2385 444 Videsis
2402 388 2658 450 eumdem
2674 387 2923 444 Servium
2941 387 2998 443 in
3022 387 3121 444 lib.
3141 403 3194 444 tv
3222 385 3460 455 Emit,
3477 398 3715 473 versilis,

464 486 846 558 graviditates,
877 484 1100 538 abortus
1121 526 1136 549 ,
1164 483 1308 537 soliti
1335 493 1520 555 partus
1547 482 1766 537 dolores
1786 525 1800 545 ,
1829 492 1875 534 et
1905 480 2063 551 sepii-

469 594 638 633 rnanw
686 579 904 648 fletum,
962 576 1013 630 id
1064 585 1180 638 est,
1230 573 1347 629 deae
1397 575 1626 645 septimo
1665 589 1854 629 mense
1885 583 2063 643 partu-

468 673 694 728 rientes.
739 670 871 726 Inde
898 670 974 724 dii
1004 679 1060 723 et
1088 670 1205 724 deae
1232 669 1378 724 nudo
1402 685 1630 740 corpore
1661 669 1711 722 in
1743 668 2064 733 chalcidieis,

470 765 573 821 hoc
595 774 713 831 est,
753 764 830 818 uti
878 764 1170 819 observant
1216 764 1501 818 Turnebus
1543 773 1600 817 et
1643 761 1916 832 Scaliger,
1959 776 2068 818 cm-

470 859 680 914 naculis
705 868 763 913 et
790 858 1036 913 tediliciis
1056 859 1291 929 magnis,
1315 871 1476 926 atque
1503 858 1717 912 infamis
1750 856 2070 926 Hellespon-

473 951 597 1006 tiaci
630 951 850 1022 Priapi,
883 951 952 1006 de
993 968 1102 1023 quo
1149 951 1354 1005 Natalis
1381 950 1607 1016 Comes,
1643 950 1886 1010 Vossius.
1921 951 2067 1003 an-

473 1047 603 1112 tius,
625 1045 896 1100 horrenda
914 1043 1188 1115 turpitudo
1213 1044 1488 1117 (Turneb.
1507 1045 1596 1097 lib.
1633 1058 1786 1106 xvnt,
1812 1059 1929 1109 cap.
1963 1043 2066 1107 Si;

474 1141 708 1213 Scalig.,
737 1142 794 1195 in
833 1139 1020 1196 Euseb.
1065 1139 1258 1196 Chron.
1303 1141 1371 1192 ad
1416 1157 1541 1196 ann.
1569 1139 1733 1202 ﬁll”;
1760 1136 1834 1192 Ν.
1866 1137 2066 1202 Comes.

473 1236 564 1292 iib.
609 1253 662 1301 v,
697 1236 917 1308 Mythal.
944 1279 958 1302 ,
989 1253 1104 1306 cap.
1140 1235 1242 1298 45;
1296 1234 1537 1299 Vossius,
1569 1233 1657 1288 lib.
1705 1249 1776 1298 ιι,
1809 1232 1873 1286 de
1922 1231 2068 1302 Orig.

473 1339 520 1384 et
557 1326 747 1398 Progr.
781 1329 904 1382 idol.
933 1369 949 1394 ,
981 1345 1099 1398 cap.
1126 1330 1188 1394 7,
1224 1345 1344 1399 pag.
1375 1329 1444 1381 77>
1474 1338 1522 1381 et
1543 1344 1720 1396 seqq.;
1750 1326 1904 1380 ﬂuet.
1926 1368 1942 1392 ,
1971 1325 2074 1380 De-

477 1430 786 1488 monstrat.,
835 1439 955 1492 pag.
987 1421 1092 1478 109
1147 1431 1192 1474 et
1241 1418 1444 1493 seqq.),
1487 1431 1532 1473 et
1585 1421 1647 1474 ab
1697 1418 1862 1472 Iac/ta
1923 1418 2073 1472 Ceres

475 1532 788 1579 mammosa,
833 1515 909 1570 ait
935 1526 1123 1569 auctor
1150 1527 1358 1581 noster,
1410 1531 1557 1568 musa
1591 1523 1646 1566 ut
1692 1514 1941 1583 praedicat
1968 1510 2076 1565 Lu-

475 1610 657 1677 cretii,
692 1608 796 1668 hoc
825 1609 1078 1665 nimirum
1107 1623 1269 1664 versu
1294 1624 1308 1662 :

568 1742 634 1798 At
656 1745 854 1807 gemina
880 1753 933 1796 et
956 1756 1218 1796 mammosa
1241 1741 1396 1801 Ceres
1420 1748 1498 1794 est
1522 1744 1622 1808 ipsa
1644 1743 1706 1794 ab
1726 1741 1888 1794 lacho.

1073 1828 1308 1890 (Lucret.,
1330 1826 1412 1877 lib.
1435 1843 1500 1886 iv,
1518 1839 1643 1877 vers.
1665 1827 1828 1888 1161.)

2171 494 2226 539 et
2248 482 2604 549 Brissonium,
2627 482 2720 536 lib.
2745 481 2810 536 de
2823 483 2976 537 veteri
2997 480 3120 538 Ritu
3149 475 3462 552 nuptiarum,
3487 495 3604 542 tam.
3634 507 3715 548 xm

2171 577 2401 644 Antiquit
2446 591 2604 638 rom.,
2650 590 2770 646 pag.
2819 573 2960 632 1016
2983 583 3040 629 et
3090 589 3268 646 seqq.,
3316 584 3471 646 atque
3511 579 3716 651 ibidem,

2173 691 2228 744 p.
2251 671 2389 727 1128
2413 681 2468 727 et
2488 686 2634 741 seqq.
2661 670 2952 726 Βοιωτιηηὶ
2969 713 2983 735 ,
3010 669 3207 725 librum
3227 670 3294 725 de
3317 671 3464 726 veteri
3487 672 3594 728 Ritu
3610 692 3718 748 nup-

2173 769 2394 831 tiaruin,
2425 781 2549 836 cap.
2587 767 2658 823 20
2683 775 2741 822 et
2775 781 2954 836 seqq.,
2984 764 3074 834 qui
3115 764 3215 819 hos
3259 774 3466 821 veteres
3512 768 3724 833 ritus.et

2171 860 2315 931 quod
2338 860 2607 914 Arnobius
2627 859 2949 929 desperatis,
2977 860 3173 926 pactis,
3192 857 3407 926 sponsis
3419 868 3472 913 et
3497 857 3724 918 fescenni-

2173 954 2258 1006 nis
2278 951 2508 1017 addidit,
2539 953 2650 1006 suis
2681 953 2732 1006 in
2765 948 3080 1006 tractatibus
3107 950 3395 1020 explicant.
3444 949 3728 1008 Fescennini

2175 1059 2337 1115 porro
2360 1061 2547 1099 versus
2566 1044 2694 1100 dicti
2711 1054 2857 1110 sunt,
2884 1044 3056 1115 inquit
3072 1043 3287 1107 FeStus,
3311 1043 3395 1098 vel
3413 1045 3533 1113 quia
3549 1045 3609 1100 ab
3624 1048 3728 1104 urbe

2175 1139 2508 1195 Fescennina
2529 1140 2696 1205 allati,
2729 1141 2812 1195 vel
2839 1140 2960 1208 quia
3008 1139 3269 1194 fascinum
3310 1152 3494 1194 arcere
3523 1138 3732 1196 fereban-

2175 1243 2265 1288 tur
2289 1231 2483 1305 (Libris
2508 1233 2675 1295 citat,
2696 1251 2729 1302 p
2760 1233 2920 1298 1012,
2951 1232 3109 1297 1047,
3142 1231 3303 1292 1112.
3330 1230 3495 1295 1121ς
3516 1231 3734 1297 Fesl.,de

2175 1326 2314 1379 verb.
2332 1325 2508 1396 Sign.)
2526 1325 2863 1394 Quapropter
2887 1324 3077 1378 festive
3100 1323 3373 1382 Arnobius
3399 1337 3516 1378 cum
3542 1324 3734 1382 ethnicis

2175 1419 2430 1489 jocando,
2449 1418 2690 1484 aitdeas,
2714 1416 2856 1486 quod
2887 1418 3180 1487 participes
3205 1415 3626 1472 fescenninorutn
3650 1432 3734 1476 non

2179 1519 2386 1573 essent,
2421 1508 2765 1577 perturbasse
2785 1507 3074 1562 discordiis
3102 1507 3305 1564 atmiis.
3341 1525 3362 1560 ε
3396 1508 3636 1578 (Arnob.
3660 1509 3734 1562 lib.

2177 1616 2256 1667 tv,
2287 1619 2338 1669 p.
2371 1600 2522 1675 MO.)
2558 1602 2698 1656 Deos
2725 1610 2905 1658 autem
2947 1601 3178 1656 aliorum
3209 1601 3448 1671 nuptiis,
3487 1615 3741 1672 earumque

2182 1696 2532 1752 celebrationi
2556 1697 2866 1752 interfuisse
2881 1695 3018 1750 varii
3035 1697 3330 1765 scriptores
3347 1697 3570 1767 atquein
3589 1696 3742 1767 primis

2107 1802 2161 1865 Β
2187 1789 2453 1846 Homerus
2493 1791 2691 1862 saepius
2736 1799 3042 1846 memorant
3076 1788 3352 1862 (ﬂamen,
3385 1789 3564 1856 fliad.,
3593 1789 3742 1860 utv).

2265 1885 2419 1940 Brevi
2447 1895 2630 1940 autem
2661 1883 3068 1940 enumeratione
3099 1883 3291 1955 probat
3319 1884 3587 1940 Arnobius
3610 1883 3742 1948 deos,

475 1957 580 2014 sed
623 1957 738 2013 hac
763 1958 941 2012 omnia
982 1956 1218 2027 Ρτθθδίυδ
1247 1952 1436 2010 Cicero
1479 1953 1712 2023 8’33"“
1742 1970 1756 2007 ³
1792 1972 1810 2005 ⁸
1845 1951 1997 2021 ρυοδ
2029 1963 2085 2008 et
2188 1977 2485 2034 fatentibus
2510 1979 2776 2040 ethnicis.
2807 1979 2952 2034 filios
2989 1951 3113 2033 non-
3129 1979 3360 2034 solemni
3405 1987 3603 2034 tantum
3643 1991 3750 2033 oon-

478 2065 656 2106 mares
693 2070 713 2103 ι
741 2093 752 2106 .
785 2050 960 2120 inquit
993 2049 1219 2121 ("Cicer.,
1271 2047 1359 2103 lib.
1389 2063 1424 2102 ιι
1465 2048 1528 2104 de
1557 2058 1728 2104 natur.
1757 2047 1924 2112 deam,
1957 2065 2080 2118 pag.

475 2147 604 2212 209,
628 2148 720 2201 lin.
759 2146 870 2216 l9),
911 2165 928 2198 ι
966 2146 1096 2200 deos
1119 2156 1173 2198 et
1195 2143 1423 2198 feminas
1451 2157 1572 2197 esse
1600 2140 1955 2210 dicitis.quid
1994 2157 2081 2196 se-

477 2251 706 2311 quatur,
739 2239 951 2300 videtis.
986 2237 1249 2308 Equidem
1294 2235 1477 2292 mirari
1525 2235 1658 2290 satis
1688 2249 1794 2292 non
1828 2248 2078 2304 possum,

479 2333 621 2388 unde
637 2333 705 2388 ad
728 2333 857 2387 istas
879 2331 1165 2401 Opiniones
1193 2339 1369 2386 vester
1401 2328 1490 2384 ille
1514 2329 1766 2399 princeps
1787 2330 2014 2390 venerit,
2054 2345 2076 2382 ι

477 2425 688 2482 scilicet
721 2425 1006 2494 Epicurus.

547 2519 620 2578 At
661 2534 759 2576 cur
785 2517 1092 2583 Arnobius,
1115 2516 1323 2587 inquiet
1363 2514 1562 2586 aliquis
1587 2556 1602 2580 ,
1633 2521 1689 2569 et
1714 2512 1922 2568 Tullius
1944 2510 2080 2566 ridi-

478 2619 656 2674 culam
681 2618 851 2687 ipsius
902 2616 1119 2685 Epicuri
1149 2623 1588 2684 sectatorumque
1610 2611 1728 2679 ejus
1769 2625 1876 2664 non
1915 2609 2078 2668 refel-

478 2711 596 2766 lunt
624 2710 1035 2780 responsionem
1056 2751 1069 2770 .
1113 2722 1217 2777 qua
1245 2707 1555 2777 garriebant
1575 2703 1708 2758 deos
1734 2718 1839 2760 non
1881 2701 2082 2758 habere

476 2802 695 2872 quidem
735 2815 933 2871 corpus
971 2810 1026 2856 et
1053 2801 1406 2869 sanguinem,
1453 2797 1546 2852 sed
1585 2795 1740 2865 quasi
1789 2809 1987 2864 corpus
2026 2800 2083 2847 et

477 2896 832 2969 sanguinem?
877 2895 1076 2952 Facilis
1132 2892 1376 2964 profecto
1423 2891 1596 2957 ratio,
1649 2899 1704 2945 et
1749 2889 1904 2944 obvia
1960 2904 2079 2948 om-

478 2991 638 3046 nibus
680 2998 784 3044 est.
819 2988 1025 3043 Tullius
1054 2985 1319 3056 siquidem
1350 2985 1511 3055 plane
1555 2991 1610 3039 et
1663 2982 1942 3052 perspicue
1993 2995 2083 3037 os-

479 3083 652 3141 tendit
697 3082 828 3139 illud
867 3083 1085 3151 Epicuri
1133 3077 1445 3150 figmentum
1489 3092 1518 3129 a
1572 3076 1788 3130 nemine
1830 3088 2082 3142 umquam

2189 2072 2356 2127 nubio
2381 2113 2396 2136 ,
2425 2071 2522 2127 sed
2572 2073 2682 2127 alio
2724 2072 2883 2143 longe
2929 2074 3155 2142 turpiori
3189 2076 3354 2128 modo
3397 2072 3746 2143 procreavisse.

2187 2165 2328 2234 Quid
2379 2166 2616 2222 validius
2664 2178 2844 2222 autem
2893 2167 2958 2220 ad
3012 2166 3204 2223 falsam
3254 2181 3320 2221 ac
3369 2165 3750 2222 commentitian

2185 2262 2406 2317 illorum
2427 2255 2788 2328 divinitatem,
2823 2263 2942 2331 ipso
2964 2261 3080 2318 sole
3101 2261 3306 2317 clarius
3339 2259 3750 2332 patefaciendam,

2189 2354 2425 2426 proferri
2449 2365 2629 2426 potest
2647 2355 2669 2394 θ
2703 2355 2939 2410 Primum
2966 2355 3148 2424 itaque
3175 2363 3364 2411 narrat
3389 2363 3574 2410 auctor
3605 2361 3756 2408 noster

2190 2449 2432 2518 (Arnab.,
2462 2449 2553 2503 lib.
2586 2465 2646 2514 ιι,
2684 2467 2807 2521 pag.
2833 2449 2905 2505 92
2929 2460 2977 2503 et
3003 2450 3113 2513 94;
3144 2449 3233 2504 lib.
3267 2465 3349 2517 tv,
3379 2467 3496 2520 pag.
3527 2446 3643 2516 145)
3667 2461 3756 2502 me-

2188 2543 2379 2596 morias
2401 2542 2469 2597 ab
2489 2542 2719 2600 ethnicis
2742 2544 3018 2613 proditum
3045 2540 3214 2597 fuisse
3233 2541 3527 2598 Saturnum
3551 2540 3615 2594 ab
3635 2538 3757 2594 Ctelo

2189 2646 2245 2691 et
2277 2637 2474 2692 Hecata
2499 2678 2514 2702 ,
2549 2646 2711 2707 atque
2738 2640 2807 2693 ab
2834 2638 3026 2694 eodem
3055 2637 3290 2694 Saturno
3315 2647 3374 2692 et
3394 2634 3534 2706 Ope,
3561 2645 3617 2689 ut
3653 2631 3759 2688 alibi

2189 2730 2496 2786 notavimus
2523 2729 2780 2802 (Dissert.
2817 2733 2872 2786 in
2898 2729 3121 2799 Minuta,
3153 2746 3274 2799 cap.
3315 2730 3408 2793 15,
3441 2737 3539 2782 art.
3566 2727 3647 2795 2),
3686 2722 3757 2778 Jo-

2189 2839 2309 2878 vem
2340 2823 2644 2892 fratresque
2672 2824 2790 2897 ejus
2832 2825 3160 2894 Neptunum,
3193 2833 3249 2878 et
3274 2822 3587 2887 Plutonem,
3612 2836 3667 2876 ac
3686 2819 3756 2873 lu-

2190 2933 2390 2973 nonem
2421 2933 2664 2974 sororem
2709 2918 2953 2988 aiiosque
2989 2926 3312 2989 generatos;
3350 2924 3616 2974 servatum
3655 2927 3758 2968 vero

2189 3010 2376 3066 Jovem
2409 3027 2437 3063 a
2467 3012 2755 3066 Curetibus
2780 3051 2797 3076 ,
2827 3026 2893 3066 ne
2919 3025 2950 3064 a
2977 3019 3132 3082 patre
3158 3024 3258 3064 suo
3279 3051 3294 3073 ,
3345 3003 3757 3081 quemadmodum

2190 3106 2367 3160 adhuc
2414 3105 2820 3168 observavimus
2841 3147 2855 3171 ,
2887 3104 3266 3161 devoraretur.
3295 3105 3474 3171 Quam
3516 3098 3761 3174 proculdu-

481 3177 721 3249 powisse
775 3177 997 3246 intelligi
1039 3172 1240 3245 (σπη’
1263 3215 1278 3240 ’
1321 3172 1408 3226 “b'
1434 3187 1452 3225 ³
1481 3169 1543 3268 de
1573 3178 1679 3223 na"
1721 3167 1903 3268 de“?
1957 3183 2076 3268 θ’θ’
2111 3202 2158 3268 C
2192 3201 2279 3256 bio
2305 3200 2374 3256 ob
2402 3167 2622 3254 causam
2654 3199 2756 3260 hos
2799 3167 3093 3264 Arnobius,
3127 3195 3256 3267 Opis
3276 3167 3482 3252 soboles
3507 3167 3661 3264 regias
3691 3205 3763 3260 ap-

482 3273 612 3336 901,
671 3273 766 3326 lin.
801 3268 928 3342 45).
961 3268 1168 3324 Deinde
1211 3283 1340 3322 vero
1370 3266 1599 3336 gentiles
1631 3279 1823 3319 revera
1866 3263 2084 3331 jactita-

483 3367 614 3423 bant
640 3367 773 3422 deos
801 3380 930 3424 suos
958 3379 1090 3420 vero
1120 3377 1349 3433 corpore
1398 3373 1451 3416 et
1498 3360 1761 3430 sanguine
1789 3357 2047 3428 pra-ditas
2066 3399 2082 3424 ,

482 3462 867 3531 eifrmnataque
895 3476 958 3515 ac
988 3459 1193 3530 perdita
1228 3455 1519 3528 voluptatis
1564 3453 1785 3512 libidine
1817 3453 2081 3521 percitos,

483 3553 764 3625 gignendis
814 3554 1000 3610 liberis
1050 3551 1267 3612 dedisse
1319 3564 1560 3620 operam.
1593 3546 1726 3616 Quia
1777 3561 1907 3602 vero
1955 3542 2086 3602 illud

483 3647 616 3704 satis
653 3647 859 3702 notavit
891 3645 1162 3700 Arnobius
1182 3685 1198 3710 ,
1233 3643 1358 3700 hinc
1405 3657 1510 3696 non
1542 3640 1748 3710 putavit
1793 3639 2002 3711 longius
2034 3655 2084 3692 tn

488 3740 824 3798 confutando
854 3740 949 3796 illo
980 3741 1171 3798 insano
1199 3738 1586 3807 Epicureorum
1613 3743 1922 3790 commento
1951 3743 2089 3790 tem.-

485 3849 586 3906 pus
625 3848 747 3890 esse
773 3830 1224 3890 consumendum.

556 3950 728 4020 Quam
775 3958 927 4005 certo
968 3957 1149 4003 autem
1201 3946 1405 4002 etlmici
1454 3944 1741 4001 crederent
1778 3943 1912 3998 deos
1963 3957 2090 3998 suos

486 4059 616 4099 vero
655 4043 998 4111 humanoque
1028 4041 1192 4095 maris
1222 4051 1275 4094 et
1304 4040 1518 4095 femina:
1549 4053 1778 4108 corpore
1821 4038 2088 4092 constitu-

487 4146 602 4201 tos,
638 4137 763 4192 hinc
790 4153 920 4190 sane
950 4136 1150 4206 liquet,
1186 4134 1329 4205 quod
1359 4135 1574 4204 ipsimet
1611 4134 1762 4203 plura
1783 4159 1826 4200 ,-
1849 4143 1902 4188 ut
1942 4142 2091 4188 recte

491 4232 667 4302 arguit
715 4231 1013 4292 Arnobius,
1047 4229 1116 4283 de
1169 4227 1501 4284 solemnibus
1548 4242 1737 4282 eorum
1785 4227 2089 4296 conjugiis,

488 4343 552 4382 ac
592 4324 857 4393 susceptis
899 4321 1023 4376 inde
1054 4321 1270 4384 liberis,
1321 4319 1622 4389 posteritati
1667 4328 1938 4388 tamquam
1986 4317 2090 4372 mi-

490 4422 638 4477 nime
667 4418 826 4474 dubia
860 4417 1215 4472 tradiderttnt.
1248 4417 1371 4474 Suis
1397 4415 1539 4470 enim
1565 4429 1702 4484 pene
1739 4414 1991 4470 omnibus
2037 4412 2091 4466 in

2192 3293 2372 3366 pellati
2407 3291 2664 3364 (Arnob,
2697 3291 2788 3345 lib.
2814 3307 2872 3357 ιι,
2903 3305 3024 3361 pag.
3063 3289 3180 3360 ‘20).
3212 3289 3279 3344 Et
3303 3299 3459 3345 certe
3487 3289 3722 3355 scriptum
3743 3297 3764 3335 ι

2191 3383 2426 3442 Diodoro
2457 3385 2637 3441 Siculo
2684 3386 2909 3454 legimus
2951 3383 3230 3454 (Diodor.,
3261 3383 3356 3436 lib.
3401 3397 3456 3446 v,
3482 3398 3596 3451 pag.
3633 3377 3759 3446 252).

2190 3483 2380 3564 Κρόνον
2410 3483 2496 3536 καὶ
2524 3480 2660 3542 Ῥέας
2687 3480 2890 3552 λέγεται
2927 3480 3161 3552 γένεσθαι
3189 3483 3280 3536 τὴν
3339 3475 3395 3532 δέ
3439 3475 3650 3534 Ἑστίαν.
3699 3473 3765 3523 καὶ

2191 3579 2482 3651 Δήμητραν,
2513 3577 2599 3628 καὶ
2645 3570 2824 3651 Ἥραν.
2855 3569 2931 3626 ἔτι
2975 3568 3030 3626 δὲ
3079 3575 3192 3633 Δία,
3236 3574 3326 3625 καὶ
3373 3567 3667 3630 Ποσειδῶνα,
3703 3567 3766 3616 καὶ

2193 3665 2410 3728 Αδήν.Ε
2438 3666 2667 3721 Saturno
2696 3675 2743 3719 et
2774 3663 2945 3731 Rhea,
2971 3680 3090 3733 quze
3118 3663 3328 3718 Latinis
3347 3661 3462 3734 Ops
3483 3672 3583 3726 est,
3614 3658 3764 3720 Vesta,

2193 3762 2364 3828 Ceres,
2391 3759 2554 3826 Juno,
2592 3758 2886 3830 Neptunus,
2939 3767 2987 3810 et
3019 3755 3179 3811 Pluto
3216 3757 3328 3810 nati
3377 3757 3632 3810 dicuntur.
3661 3749 3767 3804 Huic

2193 3856 2482 3920 Hesiodus,
2504 3865 2557 3910 et
2574 3851 2895 3909 auctorlibri
2920 3852 2983 3907 de
3009 3850 3375 3918 Universitate,
3401 3851 3593 3917 aliique
3613 3855 3768 3912 magno

2195 3964 2422 4005 numero
2450 3957 2506 4002 et
2538 3960 2808 4001 consensu
2835 3942 3195 4014 sulfragantur
3231 3943 3507 4014 (Hesiad.,
3539 3939 3762 4007 Theagon.

2195 4058 2326 4098 vers.
2357 4041 2464 4097 455
2494 4049 2540 4094 et
2569 4055 2744 4111 seqq.;
2775 4036 2966 4100 Cicer.,
3025 4035 3117 4089 lib.
3156 4037 3220 4089 de
3270 4035 3515 4091 Univers.
3547 4024 3767 4103 Append.)

2267 4132 2407 4203 Quid
2429 4140 2609 4187 autem
2643 4131 2851 4202 turpius
2881 4128 3186 4200 foediusque
3212 4127 3514 4199 excogitari
3537 4122 3690 4194 potuit
3709 4120 3770 4171 in-

2196 4227 2325 4282 fami
2361 4226 2582 4281 Veneris
2607 4223 2881 4296 Cytheris:
2911 4232 3066 4287 ortu,
3103 4236 3262 4293 quem
3292 4231 3560 4291 perpetuo
3595 4210 3772 4270 silentio

2197 4321 2586 4386 damnandum,
2620 4328 2724 4375 eta
2751 4317 3040 4388 gentilibus
3060 4315 3307 4385 deposita
3360 4315 3510 4370 omni
3555 4320 3772 4366 verecun-

2197 4414 2284 4469 dia
2316 4413 2644 4484 pnbiieatum
2675 4409 2946 4465 Arnobius
2968 4417 3153 4463 noster
3175 4407 3290 4462 haec
3319 4407 3377 4463 in
3408 4405 3574 4462 verba
3598 4403 3670 4458 eis
3701 4413 3774 4454 es-

490 4516 642 4572 libris
668 4516 1085 4572 venditaverant
1134 4513 1346 4584 nuptias
1373 4527 1401 4565 a
1430 4512 1533 4567 diis
1560 4511 1671 4566 suis
1721 4510 1956 4564 humano
1986 4509 2094 4563 ritu
2201 4505 2473 4576 probravit
2505 4522 2519 4558 :
2557 4523 2576 4556 ι
2615 4500 2886 4574 Numquid
2917 4516 2946 4554 a
2971 4500 3130 4555 nobis
3169 4519 3188 4551 ι
3225 4499 3402 4570 inquit
3442 4495 3676 4571 (Arnob,
3703 4489 3770 4542 lib-

489 4620 546 4669 et
591 4609 966 4665 conditionibus
987 4651 1000 4672 ,
1054 4621 1114 4663 ut
1157 4609 1232 4662 ait
1272 4606 1542 4662 Arnobius
1593 4604 1821 4677 (Arnob.
1842 4645 1856 4666 ,
1891 4602 1980 4656 lib.
2011 4618 2091 4668 tv,
2120 4601 2176 4668 D
2200 4617 2280 4668 tv,
2308 4617 2428 4672 pag.
2453 4598 2600 4670 145),
2634 4616 2654 4648 ι
2689 4597 2886 4656 dicitur
2903 4610 2968 4650 ex
2999 4594 3169 4664 pelagi
3191 4609 3384 4664 spuma
3404 4635 3421 4662 ,
3448 4601 3501 4649 et
3522 4607 3584 4647 ex
3604 4585 3770 4648 Cteli,»

494 4722 615 4777 pag.
647 4703 786 4776 MO)
813 4747 827 4770 ,

494 4985 631 5041 ritus
684 4983 1027 5054 pertinebant
1072 5001 1084 5035 :

879 4704 1136 4782 qumsit'is,
1186 4712 1346 4772 atque
1389 4719 1514 4767 usu,
1561 4705 1734 4772 farre,
1784 4699 2099 4768 coemptione

493 4799 817 4854 celebratas.
852 4797 927 4850 Ea
959 4808 1140 4850 autem
1167 4797 1348 4849 omnia
1369 4837 1384 4860 ,
1419 4803 1557 4849 teste
1589 4793 1780 4848 Servio
1804 4793 2010 4860 (Serm,
2044 4793 2098 4846 in

495 4891 583 4945 lib.
621 4932 636 4956 ,
669 4889 857 4961 Georg.
901 4888 1066 4960 Virg.,
1111 4905 1243 4942 vers.
1275 4887 1392 4959 50),
1419 4889 1482 4941 nd
1511 4888 1762 4955 antiquos
1791 4886 2097 4955 nuptiarum

1140 4999 1158 5032 ε
1195 4981 1391 5036 Tribus
1442 4981 1586 5034 enim
1632 4979 1843 5045 modis,
1889 4978 2096 5049 inquit,

495 5076 636 5148 apud
667 5086 879 5131 veteres
923 5076 1126 5143 ttuplitn
1171 5074 1401 5139 fiebant;
1431 5089 1566 5137 usu,
1617 5074 1661 5127 si
1693 5072 1842 5127 verbi
1890 5073 2094 5142 gratia,

497 5171 691 5225 mulier
721 5184 864 5222 anno
892 5184 1012 5222 cum
1052 5169 1198 5230 viro,
1240 5167 1366 5220 licet
1415 5167 1533 5221 sine
1583 5165 1811 5235 legibus,
1860 5166 2048 5218 fuisset
2081 5183 2094 5220 :

499 5262 675 5326 farre;
719 5277 842 5316 cum
875 5276 970 5329 per
993 5259 1309 5314 Pontificem
1335 5260 1649 5325 maximum,
1672 5270 1726 5312 et
1747 5257 1953 5312 Dialem
1970 5257 2093 5312 Fla-

499 5357 699 5410 minem
727 5370 822 5424 per
854 5352 1034 5418 fruges
1063 5360 1112 5404 et
1143 5352 1338 5404 molam
1370 5351 1567 5404 salsam
1597 5349 2094 5419 conjmigebantur,

501 5449 642 5503 unde
667 5445 994 5504 confauratio
1024 5443 1395 5513 appellabatur
1416 5483 1430 5506 ,
1465 5457 1530 5496 ex
1557 5443 1749 5512 quibus
1777 5441 1976 5509 nuptiis
2009 5455 2100 5510 pa-

506 5542 650 5597 tritni
706 5548 761 5594 et
815 5537 1050 5593 matrimi
1107 5533 1879 5604 nascebantur:coemplione
1935 5547 2100 5599 vero,

455 5689 459 5693 .
503 5649 664 5707 atque
697 5636 749 5690 in
778 5649 994 5689 manum
1044 5629 1400 5686 cnnventione
1425 5673 1440 5697 ,
1483 5645 1603 5684 cum
1636 5629 1725 5683 illa
1759 5630 1810 5682 in
1859 5629 1978 5683 lilize
2029 5627 2106 5681 lo-

2203 4697 2355 4768 cujus
2381 4694 2539 4766 paulo
2570 4700 2696 4747 ante
2742 4691 3070 4746 mentionem
3122 4687 3378 4750 fecimus,
3419 4706 3440 4739 ‹
3495 4680 3774 4758 genitalibus

2204 4788 2516 4862 amputatis,
2537 4784 2806 4859 Cytheris:
2824 4783 3048 4838 Veneris
3068 4791 3386 4838 concretum
3403 4779 3662 4836 coaluisse
3678 4785 3778 4828 cau-

2204 4881 2417 4938 dorem?
2454 4900 2472 4935 ι
2496 4880 2600 4936 Sed
2631 4879 2732 4933 hoc
2749 4875 3004 4931 Clemens
3031 4874 3438 4930 Alexandrinus
3465 4873 3618 4943 paulo
3643 4864 3776 4921 fusius

2205 4987 2258 5032 et
2286 4975 2510 5032 liberius
2534 4975 2589 5028 in
2617 4970 2836 5026 eosdem
2867 4968 3117 5024 ethnicos
3145 5009 3160 5032 ,
3192 4977 3252 5020 ut
3278 4965 3490 5021 salubri
3512 4963 3706 5034 aliquo,
3742 4951 3777 5007 si

2205 5084 2441 5140 unquam
2468 5067 2580 5122 fieri
2607 5073 2838 5135 poterat,
2866 5061 3071 5132 pudore
3091 5059 3552 5123 suffunderentur,
3573 5056 3644 5110 sic
3657 5053 3776 5117 urget

2205 5164 2461 5235 (Clemens
2485 5160 2792 5223 Alemandr.,
2817 5155 3151 5211 admonit.“
3180 5153 3361 5221 Gent.,
3395 5170 3518 5224 pag.
3548 5145 3777 5217 10);’Δγο’

2207 5259 2343 5334 ρεύω
2364 5255 2418 5310 δὲ
2440 5252 2721 5328 ἀναφανδὸν
2749 5256 2815 5309 τὰ
2840 5251 3188 5322 κεκρυμμένα,
3218 5250 3311 5302 οὐκ
3338 5245 3633 5315 αἰδούμενος
3649 5235 3774 5309 lie/ti?

2206 5349 2240 5406 ἃ
2266 5355 2568 5426 προσκυνεῖν
2620 5347 2714 5400 οὐκ
2751 5345 3091 5415 αἰσχύνεσθε.
3120 5343 3151 5400 ἡ
3176 5343 3268 5412 μὲν
3298 5334 3394 5394 οὖν
3435 5336 3694 5413 semei;
3735 5343 3776 5378 τε

2205 5423 2680 5518 καὶνκυπρογενὴς,
2712 5440 2742 5496 ἡ
2784 5439 2977 5513 Κινύρα
3031 5435 3174 5508 φίλη.
3224 5429 3616 5508 τῆν’Δφροδίτην
3655 5423 3773 5492 λέγω,

2209 5542 2300 5596 τὴν
2337 5517 2639 5607 Φιλόμηδὲα,
2672 5529 2750 5586 ὅτι
2793 5529 2990 5602 μηδέων
3040 5528 3334 5602 ἐξεφαάνθη,
3369 5523 3567 5598 μηδέων
3617 5517 3775 5607 ἐκείνως

2209 5639 2310 5686 τῶν
2373 5625 2799 5698 ἀποκεκομμένων
2869 5625 3112 5700 οὐρανοῦ,
3157 5628 3258 5676 τῶν
3302 5618 3516 5691 λάχνων
3563 5621 3653 5669 τῶν
3675 5603 3776 5679 μνηὲ

512 5745 668 5791 cum,
725 5727 946 5781 maritus
973 5726 1026 5779 in
1072 5725 1240 5794 patris
1290 5724 1572 5789 veniebat,
1625 5722 1747 5776 utsi
1790 5723 1910 5792 quis
1962 5720 2078 5792 prio

2211 5727 2300 5782 τήν
2323 5725 2481 5793 τομήν
2507 5721 2564 5774 τὸ
2589 5723 2730 5789 κῦμα
2746 5715 3115 5790 βεϐιασμένων
3144 5716 3214 5775 ὡς
3235 5712 3466 5785 ἀσελγῶν
3489 5709 3603 5781 ὑμῖν
3627 5701 3776 5776 μορίων

489 5845 492 5848 ~
525 5821 708 5877 fuisset
734 5823 1015 5877 defunctus
1035 5863 1050 5887 ,
1081 5820 1254 5876 locum
1279 5819 1609 5876 increditatis
1645 5819 1795 5874 alteri
1826 5819 2056 5877 faceret.

2215 5811 2374 5878 ἄξιος.
2415 5809 2676 5886 Ἀφροδίτη
2714 5810 2905 5881 ’γίνεται
2929 5809 3128 5883 napus;
3149 5807 3201 5862 ἐν
3224 5811 3343 5864 ταῖς·
3367 5804 3608 5861 τελεταῖς.
3629 5795 3776 5861 AW“
