3904 6326
527 257 627 315 5H

1736 247 2190 308 DlSSERTATIO
2227 245 2507 305 PBIEVIA

3686 246 3760 305 5i!

530 372 729 447 (Serm,
776 369 832 427 in
888 366 978 425 lib.
1035 368 1223 440 Georg.
1291 340 1440 441 Virg.
1489 384 1620 425 vers.
1652 367 1740 435 88,
1791 384 1911 439 pag.
1966 364 2113 437 125),
2143 366 2334 430 Atum
2378 362 2696 435 singularis,
2744 361 2863 422 sine
2905 357 3238 432 diphthongo
3284 357 3517 416 balteum
3567 356 3759 433 Veneris,

537 485 556 519 ι
590 466 750 521 ambo
791 465 1013 520 licenter
1036 472 1091 519 et
1146 463 1394 520 Polluces
1443 472 1497 519 et
1542 462 1798 519 Castores
1843 472 2122 518 vocantur.

530 557 664 616 Nam
689 565 744 613 et
770 556 918 628 ludi,
949 567 1006 613 et
1029 557 1306 631 templum;
1339 566 1393 614 et
1418 558 1593 615 stella:
1621 556 1902 643 Castorum
1931 571 2129 613 vocan-

532 658 638 708 tur.
679 669 699 704 ι

604 744 788 799 Primo
815 754 995 801 autem
1034 746 1089 801 in
1112 745 1250 802 libro
1275 746 1544 803 Arnobius
1565 746 1780 803 dixerat
1814 766 1828 802 :
1862 765 1881 799 ε
1910 746 2128 820 Tynda-

531 834 664 894 ridae
709 835 964 895 Castores
1004 837 1146 912 (ms.
1198 853 1312 910 reg.
1341 838 1492 895 Tunc
1525 838 1640 895 dari
1690 839 1759 894 de
1804 836 2129 910 Castores,)

532 946 702 1003 equos
727 946 866 988 unus
890 932 1155 989 domitare
1204 933 1415 998 solitus,
1445 934 1581 989 alter
1609 932 1895 1005 pugillatur
1916 933 2089 988 bonus
2114 973 2129 998 ,

533 1036 590 1087 et
632 1027 803 1085 crudo
828 1028 1272 1099 inexsuperabilis
1291 1036 1463 1085 cmstu
1489 1047 1505 1083 :
1537 1027 1755 1085 ‘l‘iianes
1774 1039 1828 1084 et
1868 1027 2129 1093 Bocores,

536 1122 679 1197 (ms.
714 1138 828 1195 reg.
856 1123 1102 1180 Tisianes
1131 1134 1185 1180 et
1230 1122 1529 1196 Bucnres.)
1567 1123 1769 1188 Mauri,
1813 1132 1870 1179 et
1911 1139 2134 1178 ovorum

536 1217 821 1289 progenies
853 1216 932 1273 Dii
959 1217 1100 1289 Syri.
1134 1236 1154 1270 ι
1198 1216 1441 1291 (Ατηοῡη
1475 1217 1564 1271 lib.
1588 1234 1637 1281 ι,
1666 1234 1786 1289 pag.
1818 1216 1944 1291 20.)
1973 1216 2137 1273 Vides

536 1325 671 1368 sane
699 1326 860 1381 quam
907 1309 1050 1367 Rede
1093 1309 1178 1367 hic
1210 1310 1357 1366 locus
1402 1312 1671 1381 imperitia
1701 1311 1899 1366 librarii
1945 1311 2138 1381 depra-

536 1413 695 1460 Vatus
722 1404 812 1460 sit.
852 1403 1193 1475 Quapropter
1222 1404 1396 1461 lucem
1423 1404 1653 1475 aliquam
1680 1404 1791 1471 illi,
1820 1405 1995 1477 quoad
2022 1404 2139 1460 ﬁeri

540 1497 770 1567 pcterit,
825 1495 1019 1552 atl‘erre
1064 1495 1405 1552 conabimur.
1429 1496 1667 1551 Primum
1716 1496 1824 1560 ibi,
1876 1506 1933 1552 et
1960 1496 2140 1553 adhuc

539 1590 665 1647 alibi
715 1588 907 1648 Castor
933 1601 990 1647 et
1018 1590 1231 1655 Pollux.
1263 1590 1580 1664 Tyndarida:
1614 1591 1870 1659 Castores,
1920 1592 1989 1648 ab
2041 1595 2141 1649 Ar-

540 1684 732 1751 nobio,
761 1692 818 1740 et
845 1699 875 1738 a
895 1681 1157 1740 Cicerone
1202 1683 1519 1756 Tyndarida:
1547 1683 1939 1747 tantummodo.
1968 1695 2023 1741 et
2072 1683 2141 1739 ab

542 1889 664 1944 pag.
688 1873 789 1938 95;
812 1871 975 1927 Cicer.
996 1872 1086 1928 lib.
1113 1888 1147 1928 Il
1174 1872 1238 1926 de
1262 1871 1455 1928 Natur.
1485 1873 1650 1939 dcam,
1680 1891 1801 1945 pag.
1818 1873 1946 1935 2H;
1970 1883 2017 1927 et
2044 1873 2137 1930 lib.

543 1980 631 2030 ut,
663 1982 783 2036 pag.
818 1964 913 2031 24;
945 1964 1148 2032 .Uvid.,
1177 1965 1265 2021 lib.
1302 1982 1333 2019 v
1358 1963 1599 2030 Fauon,
1625 1965 1719 2019 sub
1758 1964 1899 2038 lim).
1934 1964 2140 2022 Nomen

542 2069 720 2116 autem
750 2059 878 2116 illud
923 2060 1098 2115 sortiti
1127 2069 1251 2116 sunt
1278 2078 1293 2118 ;
1321 2061 1444 2132 quia
1493 2076 1589 2117 eos
1615 2077 1680 2117 ex
1721 2060 1972 2134 Tyndaro
2016 2078 2144 2132 rege

544 2152 784 2211 Oebaliae
808 2162 864 2210 et
887 2152 1033 2210 Leda
1092 2153 1209 2226 ejus
1255 2169 1424 2211 uxore
1475 2164 1766 2226 prognatus
1812 2155 2138 2223 credebant;

544 2248 791 2321 quamvis
813 2263 882 2303 ex
910 2247 1105 2302 lurtivo
1137 2247 1318 2313 lovis,
1348 2249 1400 2303 in
1449 2262 1682 2321 cygnum
1711 2250 1992 2318 conversi,
2023 2265 2147 2305 cum

545 2342 691 2400 Leda
744 2357 1038 2414 congressu
1070 2344 1179 2397 nati
1208 2342 1457 2398 fuissent.
1502 2342 1579 2398 Ex
1625 2341 1759 2398 Jove
1808 2343 1951 2398 enim
2002 2343 2147 2400 Leda

546 2435 658 2493 duo
684 2437 892 2507 peperit
919 2450 1043 2502 ova,
1073 2450 1141 2491 ex
1165 2436 1361 2508 quibus
1390 2450 1495 2491 non
1520 2436 1694 2491 solum
1724 2434 1919 2492 Castor
1943 2446 1998 2492 et
2022 2437 2148 2492 Pol-

551 2529 678 2596 lux,
724 2528 820 2584 sed
864 2527 1067 2583 Helena
1097 2528 1260 2584 etiam
1311 2538 1367 2586 et
1391 2527 1784 2602 Clytemnestra
1831 2530 1958 2586 editi
2010 2530 2152 2586 iere-

549 2623 764 2681 bantur.
806 2625 980 2696 Atque
1011 2624 1149 2680 lianc
1173 2638 1305 2681 sane
1359 2624 1429 2680 ob
1458 2639 1677 2679 causam
1726 2624 1966 2680 Dioscuri
2005 2628 2153 2682 Δὶοσ-

550 2739 755 2797 κουροι,
812 2726 871 2772 ut
893 2716 1164 2786 diximus,
1194 2733 1224 2771 a
1255 2732 1390 2773 voce
1418 2719 1528 2780 Διὸς
1578 2716 1743 2783 Jovis,
1776 2728 1832 2774 et
1858 2718 1997 2793 κόροι
2041 2719 2154 2775 sive

551 2814 762 2882 κοῦροι,
803 2807 897 2865 lilii
927 2809 1292 2881 cognominati
1338 2820 1485 2865 sunt.
1530 2810 1869 2881 Quapropter
1908 2811 2155 2867 nonnulli

550 2902 846 2973 conjiciunt
889 2906 941 2959 in
974 2906 1193 2961 Aruobii
1222 2915 1369 2961 textu
1420 2920 1518 2975 pro
1564 2904 1653 2960 Dii
1682 2906 1827 2978 Syri,
1873 2907 2154 2979 legendum

551 2995 830 3054 Dioscuri.
864 2998 1131 3058 Seldenus
1178 3014 1307 3056 vero
1352 2999 1677 3071 peculiarem
1721 3000 1791 3056 de
1833 2999 1939 3058 diis
1987 3001 2159 3073 Syriis

552 3088 751 3146 librutn
783 3090 1088 3162 divulgavit.

2230 459 2518 528 signiﬁcat.
2554 478 2571 510 ι
2604 458 2865 525 Quocirca
2892 456 3234 520 Theocritus,
3262 464 3322 510 ut
3349 456 3508 527 paulo
3532 465 3644 512 ante
3667 458 3761 515 vidi.

2232 567 2371 611 mus.
2400 553 2599 607 cecinit
2621 566 2809 607 manus
2839 550 3106 606 Polluscis
3149 550 3353 605 cinctas
3391 550 3597 605 Βοέοισιν
3633 551 3762 625 ipim

2234 646 2433 701 bubulis
2476 645 2619 707 loris.
2663 644 2818 699 sicuti
2861 642 3093 699 reddidit
3132 641 3250 713 ejus
3294 642 3573 713 interpres,
3617 642 3661 698 id
3693 654 3760 709 est,

2233 739 2506 797 cm~tibus.
2535 737 2743 807 Quibus
2771 735 2989 809 adjungi
3033 746 3209 809 potest
3236 734 3464 801 Seneca,
3495 734 3581 812 qui
3616 735 3758 797 alicubi

2234 831 2371 889 dixit
2400 850 2413 886 :

2579 990 2736 1043 Cedet
2758 990 2959 1044 Castore
2984 1004 3093 1041 cum
3115 1003 3207 1042 suo

2580 1054 2776 1116 Pollux,
2799 1055 3026 1105 cautibus
3052 1056 3227 1118 aptior.

2948 1136 3165 1201 (861366.,
3185 1132 3239 1189 in
3253 1134 3449 1198 Medea,
3472 1135 3633 1202 acta.)

2240 1290 2310 1345 At
2338 1287 2403 1344 de
2433 1297 2597 1344 caestu
2624 1287 2824 1360 aliquid
2855 1288 2909 1344 in
2942 1288 3122 1359 priore
3147 1288 3451 1359 Apparatus
3477 1292 3638 1346 nostri
3664 1301 3765 1349 tonio

2240 1382 2617 1437 annotavimus
2662 1380 2810 1456 (tom.
2854 1398 2892 1452 ι,
2940 1382 3217 1456 Apparat.,
3267 1383 3357 1439 lib.
3406 1399 3485 1449 ιιι,
3533 1385 3769 1458 disserui,

2242 1494 2365 1550 pag.
2395 1478 2536 1534 H95
2556 1489 2602 1533 el
2621 1478 2811 1551 ταφῳ).

2316 1536 2487 1642 blzijor
2516 1536 2701 1642 itaque
2719 1536 3023 1628 difﬁcultas
3050 1581 3136 1629 est
3163 1573 3217 1629 in
3259 1573 3569 1646 penultimis
3610 1575 3775 1633 Attinliii

2246 1667 2426 1721 verbis
2460 1684 2474 1721 :
2511 1664 2724 1721 Titanes
2753 1676 2806 1721 et
2828 1664 3053 1724 Bocorcs
3085 1666 3291 1733 Mauri,
3320 1679 3415 1722 aut
3441 1676 3498 1724 ut
3522 1669 3574 1723 itt
3602 1684 3774 1726 ms.co-
3846 1676 3847 1737 ᾖ

540 1740 733 1835 Ovidio
758 1778 1083 1851 Tyndaridae
1112 1740 1305 1834 fratres
1327 1788 1699 1849 nuncupantur
1716 1777 1735 1854 (
1755 1740 1938 1846 Idem;
1953 1740 2040 1833 lib.
2073 1794 2140 1844 tt,

2256 1761 2370 1818 ilice
2399 1762 2548 1832 regio
2580 1763 2796 1831 legitur,
2833 1761 3064 1819 Tisianes
3091 1774 3138 1818 et
3164 1763 3372 1819 buculas
3396 1765 3562 1819 maitri
3592 1764 3777 1838 (Arnob,

2256 1853 2314 1879 ιη.
2368 1871 2384 1879 -
2461 1873 2557 1879 η-..
2608 1856 2700 1879 an\
2786 1873 2883 1879 --.ω
2931 1856 3193 1879 ΙΙ-...-Ι.Ι--..
3238 1857 3487 1879 -___I!_-._:
3532 1875 3623 1879 __-,_.
3667 1873 3776 1879 __-_-

2246 1853 2336 1908 lib.
2368 1871 2406 1921 ι,
2457 1873 2577 1927 pag.
2608 1856 2727 1929 20),
2767 1873 2887 1928 qua:
2930 1856 3196 1913 Heraldus
3232 1857 3490 1930 explicari
3530 1875 3628 1914 non
3666 1873 3780 1930 posse

2249 1948 2392 2004 ultro
2415 1948 2635 2005 fatetur.
2663 1948 3051 2021 Suspicabatur
3076 1962 3256 2007 autem
3287 1952 3618 2010 Stewccliius
3644 1953 3780 2023 legen-

2248 2041 2376 2098 dum
2403 2061 2415 2097 :
2443 2042 2600 2115 Ignes
2631 2056 2678 2100 ct
2705 2046 2936 2119 fulgores
2958 2047 3177 2115 marini;
3205 2047 3329 2118 quia
3350 2047 3543 2103 Castor
3565 2055 3615 2103 et
3640 2047 3779 2102 Pollux
3846 2041 3847 2107 ἔ

2250 2137 2421 2192 stella:
2459 2147 2586 2193 sunt
2628 2138 3002 2209 navigantibus
3041 2140 3326 2197 salutares.
3371 2140 3595 2197 Senecae
3626 2149 3779 2206 autem,
3846 2186 3847 2189 η

2252 2228 2434 2296 Plinii,
2468 2240 2524 2286 et
2562 2233 2792 2288 aliorum
2838 2233 3150 2291 testimonio
3195 2233 3326 2290 illud
3373 2234 3587 2290 lirinare
3628 2242 3784 2305 poterat
3846 2268 3847 2291 ξ

2256 2322 2493 2394 (Senem,
2514 2325 2606 2381 lib.
2629 2344 2668 2393 t,
2693 2326 2883 2383 A'alur.
2912 2330 3127 2395 Quaest"
3150 2346 3269 2399 cap.
3301 2329 3355 2396 1,
3383 2326 3784 2403 pag-405:1)“:

2254 2417 2344 2472 lib.
2378 2433 2436 2484 tt,
2470 2416 2664 2476 Nalar.
2688 2420 2856 2487 Hist.,
2890 2439 3008 2494 cap.
3041 2423 3156 2495 57).
3196 2422 3303 2480 Sed
3334 2424 3457 2479 aliis
3486 2423 3687 2480 minime
3704 2423 3784 2493 pla-

2255 2508 2367 2563 cuit
2411 2509 2530 2565 htec
2559 2511 2852 2570 Stewectiii
2886 2514 3218 2585 conjectura.
3264 2514 3502 2572 Meursio
3536 2516 3708 2588 uiargis
3728 2530 3787 2570 ar-

2256 2601 2376 2657 risit
2424 2603 2598 2661 Grotii
2641 2606 2937 2675 divinatio,
2972 2623 3078 2678 qua
3111 2606 3369 2663 Tisianira
3399 2618 3448 2665 et
3486 2608 3667 2665 Βασενο
3689 2609 3785 2669 nati,

2258 2704 2604 2764 scribendum
2627 2703 3015 2774 augurabatur.
3035 2702 3300 2761 Tisiauira
3323 2703 3470 2759 enim
3489 2714 3567 2760 est
3583 2700 3788 2765 Nemesis,

2258 2804 2375 2859 sive
2411 2799 2554 2856 Leda
2576 2841 2591 2861 ,
2621 2807 2677 2854 et
2708 2797 2919 2867 Jupiter
2948 2796 3215 2861 Bucerus,
3247 2806 3304 2851 ut
3335 2810 3491 2868 pote,
3538 2797 3591 2852 in
3633 2807 3789 2852 taurum

2260 2894 2553 2967 aliquando
2591 2900 2851 2947 mutatus.
2883 2890 3143 2946 But-erum
3181 2890 3321 2945 enim
3352 2905 3547 2961 pecus,
3574 2901 3619 2946 et
3650 2888 3791 2943 buceta

2263 2997 2507 3046 armenta
2525 2988 2665 3042 idem
2685 3001 2749 3041 ac
2771 2986 2945 3041 boves
2966 2985 3295 3056 signiﬁcant.
3315 2983 3426 3041 Sed
3448 2984 3672 3054 quamvis
3690 2980 3793 3037 lotis

2264 3098 2564 3155 cognomen
2614 3080 2805 3136 luisset
2852 3078 3092 3145 Bucero,
3144 3079 3357 3149 probari
3410 3090 3583 3133 tamen
3622 3073 3794 3131 debebat

629 3184 709 3240 Εχ
755 3182 840 3239 his
883 3197 1062 3242 autem
1097 3231 1111 3254 ν
1169 3202 1291 3257 qua;
1329 3188 1487 3259 paulo
1537 3197 1663 3244 ante
1709 3189 2150 3257 observavimus,
2181 3180 2228 3245 ρ
2260 3193 2360 3234 cur
2391 3178 2463 3231 ibi
2507 3174 2782 3230 Arnobius
2824 3173 3154 3228 mentionem
3196 3170 3448 3227 habuerit
3492 3169 3629 3226 lovis
3669 3168 3792 3259 potius

560 3276 716 3333 facile
759 3262 1073 3351 lntelligitur
1116 3295 1215 3337 cur
1233 3281 1425 3337 Castor
1473 3294 1522 3338 et
1552 3282 1763 3351 Pollux,
1798 3284 1865 3338 ab
1915 3284 2155 3341 Arnobio

557 3369 806 3428 dicantur
851 3374 1093 3442 (Arnob.,
1147 3375 1236 3431 lib.
1260 3391 1297 3443 t,
1362 3394 1482 3449 pag.
1535 3376 1656 3450 120)
1688 3392 1911 3433 ovorum
1967 3394 2157 3450 proge-

557 3463 701 3531 nies.
743 3463 950 3533 Jupiter
996 3460 1161 3523 vero:
1217 3465 1566 3523 Candidorum
1608 3481 1902 3539 procreatur
1949 3486 2158 3525 ovorum

561 3555 752 3631 (Idem
782 3559 872 3613 lib.
899 3576 971 3624 tv,
1003 3576 1124 3632 pag.
1151 3559 1299 3635 142),
1327 3561 1395 3617 de
1419 3562 1613 3633 quibus
1636 3571 1831 3632 praeter
1854 3564 1988 3618 alios
2017 3562 2158 3619 Vos-

491 3685 500 3709 .
561 3652 696 3708 sius.
721 3652 789 3707 At
835 3652 976 3708 istud
1006 3653 1202 3720 adhuc,
1245 3664 1300 3709 et
1326 3655 1466 3725 quod
1509 3668 1696 3710 auctor
1726 3666 1908 3711 noster
1960 3656 2159 3712 ibidem

561 3743 761 3813 adjecit
805 3760 966 3799 unum
1015 3761 1184 3818 equos
1237 3746 1501 3803 domitare
1554 3748 1805 3811 solitum,
1839 3757 1894 3804 et
1931 3750 2157 3805 alterum

563 3838 762 3894 bonum
792 3838 1165 3910 pugillatorem
1195 3834 1379 3908 fuisse,
1414 3840 1664 3899 Horatius
1697 3841 1799 3898 hoc
1829 3858 1988 3900 versu
2018 3844 2161 3901 belb

563 3931 851 3988 Conﬁrmat
880 3950 895 3987 :
1830 3946 1841 3957 ‘

657 4024 826 4151 ﬁssa;
843 4026 1029 4088 gaudet
1051 4029 1212 4093 equis,
1231 4041 1325 4079 ovo
1341 4035 1611 4094 prognatus
1643 4030 1820 4082 eodem

823 4105 864 4140 s.

823 4105 864 4140 ὅ.

1161 4155 1384 4218 (Horal.,
1399 4169 1545 4209 serm.
1569 4155 1655 4209 lib.
1690 4173 1743 4221 ti,
1761 4172 1884 4213 vers.
1901 4159 2005 4227 25.)

567 4263 709 4320 Alibi
730 4278 862 4322 vero
892 4264 1022 4322 illud
1053 4266 1269 4337 repetit,
1294 4281 1499 4339 eosque
1521 4267 1681 4326 Leda:
1706 4269 1848 4326 ﬁlios
1871 4268 2021 4328 hisce
2048 4286 2168 4328 car-

568 4357 808 4413 minibus
835 4360 1072 4430 appellat
1104 4379 1119 4415 :

663 4447 835 4524 Ricam
860 4461 912 4504 et
932 4453 1174 4524 Atridem,
1203 4472 1481 4524 puerosque
1500 4457 1669 4524 Ledae,

663 4511 807 4587 {forte
829 4518 990 4579 equis,
1016 4516 1148 4568 illum
1159 4511 1415 4585 superare
1435 4523 1612 4587 ρυεηίε

666 4574 908 4628 Nobilem.

1103 4645 1287 4708 (Idem,
1312 4644 1397 4699 lib.
1419 4663 1456 4708 ι,
1480 4647 1564 4698 od.
1594 4646 1669 4709 12,
1695 4661 1820 4701 vera.
1846 4647 1951 4714 9.5.)

575 4744 797 4801 Horatio
849 4747 1073 4816 pulchre
1123 4750 1347 4809 Ovidius
1396 4753 1824 4833 Propertiusque
1878 4754 2172 4813 concinunt

574 4836 783 4911 (Ovid.,
815 4840 907 4896 lib.
950 4858 1005 4909 ν,
1037 4841 1285 4910 Factam;
1331 4844 1601 4919 Pr0pert.,
1633 4847 1721 4901 lib.
1775 4862 1854 4911 ιιι,
1889 4834 2019 4920 eleg.
2057 4850 2169 4918 l3).

647 4933 786 5003 Quid
828 4936 898 4990 sit
936 4947 1118 4993 autem
1158 4949 1377 5006 caestus,
1420 4956 1528 5011 quo
1560 4942 1749 4997 Pollux
1790 4943 2174 5011 insuperabilis

576 5029 795 5098 dicitur,
842 5030 1019 5086 disces
1059 5047 1123 5087 ex
1166 5032 1359 5089 Servio
1407 5037 1458 5090 in
1504 5035 1678 5101 hunc,
1720 5036 1788 5092 ad
1832 5053 1992 5109 quem
2037 5038 2175 5095 forte

578 5121 784 5177 Auctor
810 5131 997 5213 noster
1025 5125 1286 5197 respexit,
1316 5127 1521 5198 Virgilii
1554 5144 1771 5185 versum
1806 5146 1819 5183 :

671 5234 776 5287 Seu
792 5237 945 5288 crudo
967 5237 1073 5291 lidit
1094 5254 1307 5304 pugnam
1331 5246 1640 5295 committere
1656 5252 1829 5298 ccestu.

1063 5321 1291 5387 (νέφει,
1310 5325 1391 5377 lib.
1418 5342 1449 5378 v
1472 5326 1685 5392 ίεηεὶάη
1703 5343 1827 5382 vers.
1851 5329 1957 5392 68.)

580 5428 660 5486 lbi
686 5430 950 5503 siquidem
979 5431 1069 5488 ille
1094 5432 1131 5488 Ι]
1149 5449 1212 5490 cc
1240 5434 1622 5490 animadvertit
1651 5455 1665 5490 :
1701 5456 1720 5488 ε
1759 5434 1939 5491 Crudo
1965 5445 2131 5493 caestu
2162 5455 2177 5493 :

582 5534 674 5579 aut
698 5523 926 5590 crudeli,
953 5534 1044 5580 aut
1067 5525 1227 5588 duro,
1258 5536 1314 5582 ut
1341 5528 1413 5583 sit
1437 5528 1758 5597 simpliciter
1782 5530 2007 5592 diotnm,
2036 5528 2179 5600 quod

580 5632 654 5672 ex
698 5619 849 5674 corio
897 5618 1034 5677 duro
1078 5620 1185 5676 sint
1234 5632 1430 5677 caestus
1465 5641 1479 5678 :
1512 5633 1604 5676 aut
1646 5640 1740 5692 per
1784 5623 2177 5695 diphtliOngum

586 5715 828 5786 pugilum
855 5728 1004 5769 arma
1041 5715 1329 5786 signiﬁcat.
1365 5717 1537 5773 Habet
1576 5718 1838 5790 pluralem
1869 5735 2175 5788 numerum,

584 5816 644 5866 et
666 5816 750 5865 est
773 5818 979 5879 quartae
1004 5807 1210 5871 lorum.
1233 5810 1370 5870 Nam
1396 5824 1593 5871 caestus
1617 5812 1794 5881 casti,
1821 5812 2032 5872 numeri
2060 5822 2177 5871 tati-

2260 3265 2509 3325 couversi
2559 3268 2610 3320 in
2666 3275 2882 3320 taurum
2927 3280 3090 3336 quam
3142 3264 3194 3320 in
3243 3279 3510 3336 cygnum,
3554 3262 3648 3319 sub
3687 3256 3793 3328 cujus

2262 3363 2437 3418 forma
2469 3359 2691 3415 violavit
2714 3357 2939 3423 Ledam,
2966 3357 3035 3413 de
3062 3373 3165 3429 qua
3193 3357 3264 3413 ibi
3285 3358 3542 3428 disputat.
3566 3355 3638 3412 Ad
3664 3363 3791 3407 veram

2262 3459 2426 3529 igitur
2484 3454 2781 3510 Arnubiaui
2839 3464 3020 3509 textus
3072 3452 3367 3508 lectionem
3428 3449 3791 3508 restituendam.

2262 3550 2402 3606 alios
2443 3559 2592 3605 certe
2637 3549 2982 3618 incorruptus
3010 3546 3185 3602 codex
3212 3545 3607 3618 manuscriptus
3638 3537 3793 3597 deside

2264 3654 2436 3700 ratur.

2340 3736 2522 3807 Pergit
2546 3733 2819 3791 Arnobius
2850 3732 3094 3806 (Arnob,
3126 3733 3217 3789 lib.
3250 3749 3323 3797 tv.
3357 3750 3480 3804 pag.
3512 3731 3647 3803 ut),
3667 3735 3712 3785 et
3728 3722 3795 3778 alia

2265 3830 2416 3891 Jovis
2457 3828 2723 3885 adulteria
2778 3827 2856 3884 sic
2901 3838 3089 3885 contra
3130 3828 3390 3884 Etlinicos
3448 3836 3598 3898 urget
3645 3840 3704 3878 :t
3743 3816 3796 3873 Et
3846 3824 3847 3898 1

2269 3927 2531 3984 Alcmena
2558 3934 2614 3981 et
2642 3923 2833 3981 eodem
2859 3922 2994 3979 Jove
3022 3932 3181 3977 natus
3207 3932 3292 3977 est
3318 3921 3576 3978 Hercules
3605 3917 3682 3972 ille
3699 3912 3795 3967 The

2270 4022 2463 4085 banus.
2494 4035 2654 4092 quem
2683 4021 2835 4075 clava
2869 4018 3133 4091 pellisque
3163 4026 3348 4072 tutata:
3378 4025 3538 4072 sunt:
3566 4030 3627 4070 ex
3644 4003 3797 4066 Semele

2266 4127 2430 4187 atque
2459 4117 2576 4188 ipSt)
2612 4114 2792 4176 Liber.
2823 4117 2913 4186 qui
2942 4114 3192 4169 Bromius
3227 4112 3450 4181 dicitur,
3481 4120 3538 4169 et
3561 4126 3621 4167 ex
3645 4102 3796 4163 semine

2272 4211 2469 4268 iterum
2501 4221 2660 4266 natus
2687 4208 2860 4280 patris
2889 4225 2904 4265 ;
2934 4224 3000 4263 cx
3030 4209 3150 4277 ipso
3180 4223 3371 4263 rursus
3394 4219 3449 4264 et
3479 4206 3627 4270 Maia,
3650 4199 3798 4257 Mercu-

2271 4306 2384 4364 rius
2425 4320 2521 4361 ore
2568 4303 2860 4368 facundus,
2902 4312 2957 4357 et
3003 4310 3244 4373 gestator
3284 4300 3575 4357 aﬂ'obiliinu
3617 4291 3799 4353 colubta—
3846 4308 3847 4363 ᾖ

2273 4416 2417 4466 rum,
2455 4419 2475 4453 i
2505 4400 2621 4454 sive
2654 4398 2948 4453 draconum
2976 4396 3031 4452 iii
3061 4396 3320 4462 caduceo,
3351 4410 3462 4467 quo
3494 4389 3615 4448 belli
3636 4385 3799 4449 linile
3846 4404 3847 4411 η

2277 4495 2426 4567 pacis
2466 4494 2679 4549 initium
2709 4492 3068 4549 indicebatur.
3119 4490 3225 4549 Sed
3259 4492 3377 4546 lircc
3411 4488 3498 4545 cui
3542 4488 3696 4558 ignota
3717 4488 3798 4534 esse

2195 4587 2252 4649 Β
2277 4591 2537 4664 possunt?
2583 4592 2658 4646 De
2699 4589 2895 4660 triplici
2935 4597 3115 4643 autem
3155 4586 3307 4642 lovis
3349 4584 3631 4648 adulterio,
3654 4584 3797 4649 ([005

2277 4687 2449 4743 tribus
2472 4684 2686 4741 feminis
2708 4683 2929 4739 totidem
2959 4682 3098 4737 illius
3122 4680 3434 4751 suscepisse
3461 4678 3643 4739 fertur,
3665 4664 3797 4726 Hesio-

2275 4780 2377 4836 dus
2404 4780 2520 4838 Iiicc
2547 4778 2743 4835 cecinit
2768 4774 3010 4849 (Hesiod.
3036 4773 3324 4846 Tlieogon.,
3349 4789 3415 4841 v,
3445 4769 3547 4827 957
3573 4775 3618 4823 cl
3639 4752 3795 4828 mli-ii

2437 4953 2522 5003 Ζηνὶ
2543 4949 2578 4991 δ’
2598 4948 2655 5003 ἄρ’
2681 4942 2855 4997 Ariani;
2878 4950 2979 4999 Mair;
2996 4952 3076 4988 sint
3092 4943 3241 4997 itt'idtpov
3264 4937 3385 4999 ἑρμῆν
3402 4974 3415 4991 ,

2438 5017 2572 5066 Κήρυκ*
2595 5015 2795 5059 ἀθανάτων,
2817 5013 2910 5063 ἱερὸν
2931 5014 3033 5064 λέχος
3059 5011 3293 5050 amem.

2434 5074 2601 5126 Καδμὶη
2635 5074 2671 5116 δ’
2693 5073 2764 5127 ἄρα
2784 5076 2819 5114 οἱ
2841 5077 2972 5125 Σιμίλη
2992 5077 3073 5115 tiu
3090 5069 3256 5126 φαιδίμαν
3276 5071 3354 5109 υἱὸν
3368 5099 3380 5114 .

2435 5141 2605 5193 Μιχθιὶσ¹
2629 5142 2665 5178 ἰν
2687 5140 2866 5192 militum,
2888 5140 3058 5178 Διόνυσον
3074 5137 3276 5185 columbi:
3332 5178 3338 5184 ~

2437 5194 2627 5242 Ᾱοάνατον
2650 5203 2773 5251 oms.
2798 5207 2858 5239 νῦν
2881 5198 2918 5240 δ’
2936 5202 3131 5253 ἀμφότιῳι
3164 5200 3238 5238 0ιοὶ
3259 5199 3348 5237 elato
3366 5226 3377 5242 ,

2434 5257 2603 5315 Ᾰλιμήνη
2628 5262 2665 5304 δ’
2687 5262 2747 5315 ἄρ’
2773 5265 2891 5304 ituri.
2919 5268 2997 5314 βὶην
3017 5254 3240 5315 ὑμιληιίην

2439 5329 2605 5381 Mtlhic'
2636 5330 2673 5367 iv
2695 5328 2861 5380 φιλότητι
2880 5329 2961 5374 Διὸς
2982 5327 3268 5379 ivgali-rimimo.

2374 5442 2484 5493 Jovi
2507 5455 2628 5492 vero
2650 5441 2863 5492 Atlantis
2878 5439 2975 5491 lilia
2998 5440 3194 5502 peperit
3209 5437 3478 5501 gloriosum
3493 5433 3758 5502 Mercuri”:

2375 5506 2661 5570 Praeconem
2683 5506 2910 5570 deorum,
2949 5493 3138 5570 salsi-um
3161 5493 3343 5570 le'c'tuni
3367 5493 3691 5570 censet-tidem.

2378 5568 2541 5619 Cadmi
2566 5567 2663 5617 lilia
2689 5581 2809 5617 vero
2831 5559 3035 5616 Semele
3060 5563 3462 5627 peperitclarutn
3487 5559 3640 5615 lilium,

2376 5631 2501 5697 Bern
2522 5644 2632 5697 cum
2649 5644 2711 5679 eo
2733 5630 2940 5697 habens,
2966 5626 3487 5697 Dionysiumhilarem,

2378 5693 2708 5744 Immortalem
2733 5685 2950 5742 mortalis
2974 5705 2987 5740 :
3013 5685 3143 5740 tiuuc
3165 5690 3307 5739 ambo
3326 5685 3399 5735 dii
3413 5690 3541 5735 sunt.

2379 5755 2612 5807 Alcmene
2641 5767 2768 5818 vero
2784 5755 2989 5818 peperit
3002 5754 3097 5802 vim
3116 5750 3475 5803 Herculaneam

2378 5819 2533 5871 Mixta
2554 5831 2719 5871 amore
2743 5816 2863 5868 levi
2878 5817 3141 5878 nubicogo.
