3904 6326
150 354 229 413 515
1305 342 1373 401 IN
1409 337 1787 411 ARNOBIUM,
1829 338 1984 403 CAP.
2025 344 2115 404 XI.

3267 350 3374 416 5M

148 474 206 526 De
229 469 312 522 hoc
333 471 491 520 autem
535 462 805 518 Alcmena:
833 471 989 536 partu
1027 458 1218 518 Cicero
1248 479 1261 515 :
1295 464 1487 519 Sextus
1536 465 1668 519 llcr-
1695 468 1749 527 Α
1771 464 1948 521 adhuc
1973 473 2286 537 excerptum
2320 467 2608 536 fateberis,
2640 468 2784 540 quod
2813 476 3002 526 auctor
3030 481 3217 531 noster
3242 476 3374 532 sub-

145 564 288 622 cules,
312 557 490 629 inquit,
533 573 599 611 ex
634 556 911 621 Alcmena,
939 573 1089 628 quem
1111 556 1318 627 Jupiter
1342 563 1546 629 genuit,
1577 558 1667 613 sed

142 657 279 715 tertius
300 653 503 723 Jupiter.
548 651 739 717 Plura,
773 652 819 707 si
851 652 1030 720 Iubet,
1072 654 1213 723 apud
1247 652 1537 709 Diodorum
1578 652 1666 709 Si-

141 752 300 819 culum,
328 744 624 811 Hesiodum,
670 745 937 814 Plautum,
980 756 1035 801 et
1076 746 1325 802 Vossium
1355 746 1538 818 legere
1575 762 1667 817 po-

139 842 254 901 tetis.
301 838 444 895 Addit
492 853 623 892 vero
670 840 874 894 Auctor
926 846 1114 895 noster
1162 849 1285 910 post
1334 837 1669 895 Clementem

136 932 497 992 Alexandrinum
529 941 827 987 transactus
852 932 921 987 ab
942 932 1134 989 eodem
1161 931 1293 987 Jove
1324 947 1518 987 novem
1548 947 1671 986 cum

134 1031 342 1086 Alcmena
370 1036 568 1084 noctes.
617 1028 690 1082 De
721 1028 823 1084 hoc
853 1043 1015 1099 porro
1062 1027 1291 1099 aliisque
1318 1026 1384 1082 ab
1430 1025 1671 1083 Aruobio

133 1134 281 1183 nostro
304 1122 605 1179 memoratis
639 1122 788 1179 Jovis
826 1123 1111 1178 adulteriis
1140 1122 1336 1178 videsis
1374 1120 1669 1176 Homerum

132 1217 251 1290 (Cic,
278 1219 310 1271 l.
339 1231 411 1282 tu,
434 1215 495 1270 de
524 1213 718 1270 Natur.
745 1216 913 1277 deor..
937 1232 991 1287 p.
1014 1213 1144 1281 203,
1177 1214 1272 1269 lin.
1295 1213 1392 1268 ult.
1428 1212 1667 1281 Diodor.,

132 1313 158 1368 l.
178 1327 242 1379 tv,
270 1310 418 1376 Bibl.,
448 1328 503 1381 p.
537 1311 669 1376 157;
703 1308 947 1378 Hesiod.,
979 1309 1041 1364 de
1081 1319 1228 1365 scuto
1260 1306 1418 1363 Herc.
1467 1308 1668 1374 Plaut.,

1768 557 1979 628 junxit,
2013 573 2077 614 ex
2110 562 2300 615 eodem
2343 560 2475 615 J0ve
2504 570 2559 616 et
2583 560 2717 617 Maia
2748 564 2988 633 genitum
3013 579 3137 620 esse
3160 565 3371 622 Mercu-

1773 651 1910 705 rium
1963 650 2200 723 (Arnob.,
2249 654 2339 708 lib.
2384 669 2456 719 tv,
2506 671 2627 726 pag.
2673 655 2807 722 136;
2851 666 2973 712 tom.
3021 675 3061 725 ι,
3092 659 3371 730 Apparat.,

1774 745 1864 800 lib.
1909 762 1986 811 Ill,
2025 747 2232 803 dissert.
2271 750 2327 815 5,
2364 765 2409 803 c.
2456 748 2511 816 9,
2557 760 2657 804 art.
2701 751 2758 817 2,
2806 770 2927 826 pag.
2980 755 3123 819 757).
3152 754 3375 813 Litteris

1773 837 1971 909 quippe
1993 838 2192 896 latimts
2219 849 2400 897 oratur
2428 842 2544 897 inec
2570 844 2921 914 consignasse
2939 845 3157 917 legitur.
3180 868 3203 902 ‹
3236 849 3376 906 Mcr-

1774 933 1956 1025 cupius
2005 933 2194 988 tertius
2223 934 2355 991 Jove
2400 937 2560 992 tertio
2605 945 2760 992 natus
2787 955 2853 994 ex
2880 939 3047 1008 Maia,
3086 957 3153 998 ex
3184 957 3290 1014 quo
3318 952 3376 998 et

1776 1023 2041 1096 Penelopa
2082 1026 2223 1082 Pana
2264 1040 2447 1083 natmn
2477 1029 2677 1085 ferant.
2716 1050 2734 1083 ι
2775 1031 3039 1089 Diodorus
3067 1045 3247 1091 autem
3290 1036 3374 1092 Si-

1776 1118 1967 1172 culus:
2007 1138 2026 1171 ι
2064 1117 2308 1175 Fuerunt
2339 1122 2462 1179 lilia:
2502 1136 2712 1195 septem
2752 1125 3047 1183 Atlanti....
3078 1126 3211 1182 Maia
3247 1139 3373 1184 natu

1778 1212 2011 1267 maxima
2040 1230 2071 1267 e
2095 1213 2245 1270 Jovis
2271 1215 2555 1285 complexu
2600 1217 2921 1273 Mercurium
2964 1219 3251 1275 multarum
3282 1236 3373 1277 ar-

1780 1301 1909 1357 tium
1952 1316 2284 1375 repertorem
2322 1328 2341 1361 ι
2376 1309 2562 1379 genuit
2598 1306 2811 1380 (Cicer.,
2842 1309 2935 1366 lib.
2962 1326 3043 1378 ιιι,
3083 1311 3147 1367 de
3180 1310 3373 1370 Natur.

1779 1396 1946 1463 deor.,
1979 1416 2100 1472 pag.
2130 1399 2254 1463 218,
2287 1401 2379 1455 lin.
2426 1401 2490 1466 6;
2524 1399 2743 1457 Diodor.
2789 1403 2979 1468 Sicul.,
3028 1403 3116 1459 lib.
3170 1420 3248 1471 ιιι,
3280 1403 3378 1459 Bis

1779 1489 1983 1559 θῦσαι,
2032 1509 2149 1564 pag.
2189 1493 2332 1564 155).
2364 1491 2593 1566 Utrique
2617 1507 2796 1551 autem
2827 1506 3020 1566 praeter
3047 1495 3376 1553 Macrobium

1780 1582 2061 1657 (Macrob,
2091 1586 2178 1641 lib.
2210 1603 2248 1652 ι,
2278 1587 2578 1654 Saturnal,
2602 1606 2650 1646 ο.
2690 1589 2779 1659 12,
2812 1607 2933 1663 pag.
2962 1590 3089 1664 122)
3116 1592 3377 1665 suifraga-

1779 1688 1865 1734 tns
1890 1687 1976 1735 est
2004 1678 2257 1751 Virgilius
2286 1680 2369 1735 his
2395 1684 2642 1739 versibus
2678 1701 2691 1737 :

1870 1777 2023 1848 Yobis
2047 1781 2324 1848 Mercurius
2348 1794 2486 1845 pater
2504 1790 2599 1846 est,
2624 1797 2775 1848 quem
2798 1785 3000 1839 candida
3023 1786 3154 1839 Maia

1877 1842 2109 1909 Cyllenes
2130 1844 2300 1909 gelido
2316 1842 2610 1909 conceptum
2636 1842 2821 1900 vertice
2843 1851 2983 1901 ludit.

1872 1906 1935 1978 At
1957 1906 2130 1978 Mai-am
2158 1908 2359 1968 (auditis
2379 1912 2419 1957 si
2444 1906 2709 1978 quidquam
2734 1912 3003 1978 credimus)
3024 1911 3161 1966 Atlas

1871 1966 2012 2018 Idem
2030 1966 2169 2017 Atlas
2193 1979 2421 2033 generat,
2442 1966 2554 2021 c'teli
2576 1966 2659 2036 qui
2678 1974 2856 2038 sydera
2874 1966 3017 2026 tollii.

2056 2050 2287 2118 (Virgil.,
2305 2052 2390 2104 lib.
2414 2069 2496 2104 vut
2517 2054 2726 2118 Δεηιιὶά..
2744 2070 2871 2112 vers.
2893 2060 2983 2111 158
2999 2068 3045 2113 et
3063 2061 3221 2127 seqq.)

1776 2159 1923 2230 Quos
1950 2160 2004 2216 in
2028 2173 2220 2217 versus
2248 2161 2447 2218 videsis
2476 2163 2650 2221 Servii
2679 2167 3112 2226 observationes.

1849 2255 1994 2311 Mille
2023 2271 2189 2328 porro
2212 2256 2334 2313 aliis
2356 2268 2409 2313 et
2434 2259 2734 2331 virginibus
2759 2270 2814 2317 et
2842 2264 3191 2334 umlieribns,
3219 2264 3381 2324 sicuti

1779 2348 1907 2404 alibi
1950 2360 2215 2406 memorat
2261 2351 2532 2408 Arnobius
2577 2355 2819 2427 (Arnob.,
2849 2356 2939 2412 lib.
2988 2374 3040 2425 ν,
3075 2375 3197 2432 pag.
3229 2359 3378 2433 172),

1783 2443 2098 2514 pudicitiam
2147 2445 2366 2502 infamis
2410 2447 2623 2520 Jupiter
2668 2452 2889 2522 eripuit.
2933 2452 3010 2510 lbi
3056 2465 3236 2511 autem
3287 2454 3384 2512 ille

1783 2536 2055 2593 Electram
2106 2555 2169 2594 ac
2222 2539 2569 2597 Laodamiam
2621 2545 3255 2617 nominatim.appellat.
3317 2549 3387 2604 At

1788 2628 1995 2683 hlectra
2026 2630 2259 2701 nympha
2305 2634 2402 2687 init
2437 2633 2638 2690 Oceani
2669 2646 2724 2692 et
2753 2636 3014 2694 Thethios
3046 2637 3173 2704 lllia,
3205 2655 3326 2713 quae
3352 2655 3386 2698 a

1781 2719 1917 2777 Jove
1967 2733 2313 2792 constuprata
2335 2767 2350 2791 ,
2385 2725 2687 2783 Dardanum
2716 2738 2854 2786 teste
2885 2729 3097 2797 Ovidio,
3155 2732 3290 2800 sive,
3330 2741 3387 2788 ut

1785 2814 2075 2886 Ditmysius
2106 2815 2551 2898 Halicarnasseus
2576 2822 2849 2891 Opinatnr,
2884 2823 3187 2879 Dardanum
3215 2834 3271 2881 et
3297 2824 3388 2881 Ja-

1784 2923 1902 2964 sum
1935 2912 2141 2981 peperit
2161 2910 2407 2984 (Diony.,
2438 2911 2736 2981 Halicarn.,
2760 2916 2847 2970 lib.
2881 2932 2919 2983 I,
2948 2916 3201 2986 Antiquil.
3224 2934 3385 2987 rom.,

1785 3020 1904 3075 pag.
1929 3002 2043 3076 49).
2067 3004 2242 3060 Ovidii
2265 3016 2445 3062 autem
2474 3007 2587 3064 haec
2611 3018 2736 3063 sunt
2759 3024 2821 3064 ea
2847 3009 2913 3065 de
2939 3025 2997 3065 re
3026 3011 3264 3066 carmina
3297 3029 3312 3066 :

1879 3112 2139 3185 Dardanon
2165 3113 2359 3185 Electra
2384 3120 2605 3169 nesciret
2628 3118 2878 3185 Atlantide
2904 3130 3115 3185 cretum,

1972 3176 2172 3229 Scilicet
2194 3178 2445 3231 Electram
2471 3183 2794 3234 concubuisse
2813 3182 2944 3235 Jovi.

128 1404 165 1458 in
188 1403 409 1474 Amphit.;
452 1401 624 1470 Voss.,
654 1402 692 1456 l.
722 1418 759 1469 ι,
789 1403 853 1457 de
877 1404 1011 1474 orig.
1042 1411 1090 1456 et
1120 1417 1296 1473 progr.
1324 1400 1476 1466 idol.,
1505 1416 1553 1453 c.
1579 1400 1669 1466 11,

128 1494 309 1570 ρ.162;
347 1495 559 1564 Arnob.,
607 1496 645 1551 l.
687 1510 765 1563 tv,
817 1514 868 1567 p.
918 1495 1055 1561 145;
1089 1493 1320 1551 Clemens
1363 1493 1668 1560 Alexandra,

126 1588 341 1644 Adinonit.
382 1588 449 1643 ad
493 1599 659 1662 gent.,
704 1606 757 1661 p.
788 1588 893 1656 20;
930 1587 1144 1643 Homer.
1179 1585 1367 1656 Iliad.,
1408 1603 1520 1652 xiv,
1563 1602 1674 1641 uer-

126 1701 189 1740 nis
210 1686 302 1742 516
326 1696 369 1740 et
392 1683 583 1757 seqq).

176 1778 415 1847 Explicata
456 1794 674 1851 quoque
709 1777 977 1846 invenies,
1026 1795 1148 1851 qua:
1187 1779 1460 1835 Arnobius
1489 1772 1677 1834 scribit

126 1871 329 1929 Liberum
359 1914 374 1938 ,
404 1886 499 1930 seu
533 1872 803 1930 Bacchum
836 1889 902 1930 ex
922 1873 1055 1930 Jove
1078 1885 1132 1930 et
1158 1873 1393 1942 Semele,
1421 1884 1581 1946 atque
1607 1889 1673 1929 ex
1701 1877 1750 1939 B

124 1970 304 2032 semine,
326 1982 421 2024 seu
449 1966 663 2024 femore
688 1968 857 2039 patris
880 1984 1067 2024 rursus
1108 1977 1325 2033 natum;
1362 1977 1418 2025 et
1461 1978 1520 2023 nt
1546 1968 1673 2023 alibi

125 2058 334 2131 loquitur,
360 2076 424 2117 ex
456 2060 787 2133 genitalibus
814 2063 999 2117 matris
1027 2060 1249 2118 fulmine
1282 2061 1671 2132 praecipitatum

124 2151 319 2223 (Arnob,
347 2154 434 2210 lib.
478 2171 516 2217 ι,
552 2171 672 2227 pag.
714 2154 788 2211 20
812 2167 859 2209 et
887 2154 998 2220 24;
1036 2165 1084 2211 et
1123 2157 1213 2212 lib.
1259 2171 1337 2220 tv,
1370 2173 1489 2228 pag.
1522 2152 1670 2227 Ml).

122 2248 273 2306 Narrat
312 2251 448 2307 enim
502 2249 770 2306 Diodorus
818 2250 1092 2308 Semelem
1138 2267 1168 2306 a
1216 2250 1372 2319 Jove,
1421 2250 1511 2320 qui
1560 2250 1678 2320 ejus

120 2358 265 2401 amore
302 2342 581 2418 flagrabat,
616 2345 867 2418 precibus
910 2343 1022 2399 suis
1047 2346 1368 2409 extorsisse,
1400 2353 1458 2398 ut
1503 2341 1570 2397 ad
1616 2357 1677 2397 se

122 2451 170 2493 ex
190 2438 266 2493 illo
292 2449 685 2512 prmgnantcm,
719 2438 836 2510 pari
862 2448 1024 2506 atque
1054 2437 1120 2493 ad
1145 2437 1414 2494 Junonem
1445 2435 1674 2504 honore,

120 2528 159 2585 id
194 2542 283 2599 est,
328 2535 530 2590 tonitru
564 2543 617 2590 et
647 2533 875 2589 fulmine
912 2543 1155 2587 armatus
1197 2531 1483 2587 accederet
1520 2527 1676 2601 (Dio-

123 2624 206 2679 llOl’.
260 2625 444 2694 Sicul.,
497 2628 593 2684 lib.
641 2643 730 2693 ιι,
779 2624 1052 2692 Biblioth.,
1105 2642 1225 2697 pag.
1274 2623 1400 2687 158,
1450 2632 1498 2678 et
1537 2620 1680 2693 apud

120 2712 292 2787 Euseb,
324 2719 411 2776 lib.
450 2736 511 2786 ιι,
557 2719 792 2791 Prtepar.
844 2718 1071 2789 Evang.,
1122 2734 1239 2789 cap.
1287 2716 1344 2776 2.
1393 2734 1516 2789 pag.
1561 2715 1678 2785 5‘2).

118 2807 198 2864 Sed
219 2826 328 2867 cum
356 2811 447 2868 illa
481 2821 691 2868 tantam
738 2811 964 2882 fulgoris
1007 2827 1073 2867 ac
1120 2809 1353 2883 fragoris
1397 2809 1505 2864 vim
1540 2808 1681 2866 ferre

118 2902 431 2973 nequivisset,
483 2904 674 2963 statim
721 2906 1027 2961 exanimata
1074 2904 1322 2959 abortum
1366 2903 1514 2959 fecit.
1543 2901 1679 2957 Tum

118 3006 216 3049 vero
243 2997 443 3069 Jupiter
482 3000 747 3055 infantem
796 3013 896 3053 suo
948 2997 1113 3053 insuit
1165 2997 1392 3064 femori,
1449 3010 1683 3066 eumque

116 3097 225 3143 stato
259 3101 500 3164 tempore
550 3095 777 3157 enixus,
806 3091 1005 3164 Nysam
1047 3090 1262 3146 Arabia:
1305 3090 1358 3145 in
1405 3089 1683 3145 civitatem

117 3178 394 3253 deportavit.
427 3186 504 3242 lhi
538 3202 571 3241 a
599 3186 858 3258 Nymphis
883 3185 1165 3252 cuneatus,
1200 3202 1229 3239 a
1260 3193 1433 3255 patre,
1463 3194 1516 3240 et
1539 3182 1680 3250 loco,

116 3274 180 3330 ubi
209 3289 352 3334 natus
383 3290 500 3346 est,
536 3279 758 3351 Dionysi
801 3278 1012 3349 accepit
1042 3293 1261 3334 nomen.
1303 3276 1454 3333 Alios
1482 3286 1678 3342 testes,

2314 3266 2503 3332 (Ovid,
2520 3265 2607 3321 lib.
2632 3283 2714 3322 xrv
2735 3271 2948 3333 Fastor.,
2974 3285 3098 3325 vers.
3123 3273 3230 3338 49.)

116 3368 147 3421 si
165 3371 243 3426 tibi
273 3374 383 3430 dari
422 3375 594 3441 velis,
626 3376 736 3429 cito
760 3372 1009 3430 dabimus
1041 3374 1362 3442 Homerum,
1392 3372 1642 3429 Nonnum
1662 3413 1678 3439 ,

1858 3353 1937 3410 Ex
1961 3354 2253 3412 Laodamia
2277 3373 2410 3413 Vt'l’O
2432 3357 2868 3431 BellerOphontis
2884 3360 2989 3416 lilia
3014 3362 3154 3417 idem
3179 3361 3389 3432 Jupiter

115 3461 346 3535 Ovidium,
389 3480 445 3525 et
484 3464 836 3535 Ciceronem,
889 3483 1046 3539 quos,
1094 3483 1216 3523 cum
1260 3467 1487 3531 lubebit,
1533 3466 1678 3523 adire

1790 3453 1971 3520 genuit
2018 3448 2408 3519 Saperdnnem,
2442 3449 2620 3522 Lyciae
2665 3467 2880 3525 regem,
2932 3453 3387 3524 quemadmodum

114 3553 238 3614 facile
269 3562 469 3629 [Neris
501 3559 774 3635 (nomen,
805 3557 965 3615 ηληά,
999 3574 1113 3624 χεν,
1147 3577 1277 3615 um.
1305 3559 1413 3615 233
1444 3569 1489 3613 ει
1515 3572 1684 3630 seqq”-
1786 3540 1932 3596 canit
1962 3540 2229 3597 Homerus
2260 3540 2525 3614 (ﬂamen,
2552 3541 2711 3599 Iliad.
2742 3560 2817 3611 vr,
2846 3561 2974 3600 vers.
3004 3546 3103 3602 197
3128 3556 3178 3602 et
3205 3544 3337 3618 seq.)
3366 3563 3383 3602 :

114 3645 281 3721 Name,
300 3654 387 3710 lib.
416 3670 456 3713 ι.
485 3654 714 3726 Dionys.
739 3654 881 3719 init;
901 3651 1077 3717 0vid.,
1098 3654 1187 3708 lib.
1211 3668 1282 3707 Ill.
1308 3650 1681 3720 Metamorplt.,

114 3738 197 3811 §5,
216 3763 328 3818 pag.
353 3746 460 3803 102
481 3758 532 3803 et
554 3763 693 3817 seqq.
702 3763 722 3814 ;
745 3747 932 3812 cicera,
955 3744 1046 3801 lib.
1072 3761 1108 3813 ι,
1134 3744 1371 3807 Tuscul.,
1390 3762 1511 3817 pag.
1534 3745 1680 3816 119).

164 3834 365 3896 Interim
413 3842 654 3897 observa
706 3838 953 3895 Liberum
984 3838 1053 3894 ab
1084 3848 1304 3894 auctore
1351 3849 1536 3894 nostro
1577 3854 1683 3892 non

110 3930 252 3987 solum
277 3933 630 3999 Semeleion,
664 3933 715 3989 id
757 3944 873 4003 est,
904 3934 1148 3992 Semeles
1176 3933 1376 4000 lilium,
1424 3932 1520 3989 sed
1553 3933 1686 3988 Bro-

108 4024 242 4082 mium
294 4046 553 4101 quoqne,
615 4027 874 4101 Nysium,
934 4038 1097 4100 atque
1154 4025 1345 4083 Evium
1405 4026 1683 4098 appellati.

109 4120 284 4193 Βρόμιον
310 4122 385 4191 δέ,
435 4124 620 4195 inquit
655 4123 851 4179 citatus
876 4139 904 4176 a
934 4121 1090 4178 nobis
1131 4122 1395 4178 Diodorus
1438 4120 1686 4187 Siculus,

108 4213 188 4270 ἀπὸ
212 4225 295 4274 τοῦ
310 4222 449 4277 κατὰ
475 4224 573 4280 τήν
595 4220 790 4293 ’γένεσιν
812 4219 973 4273 αὐτοῦ
1009 4217 1275 4292 γενομένου
1302 4216 1524 4293 βρόμον.
1556 4213 1687 4270 Bro-

110 4306 214 4363 mius
239 4311 298 4364 ab
328 4314 559 4368 excitato
584 4312 723 4366 circa
754 4311 1068 4366 nativitatem
1095 4311 1208 4380 ejus
1237 4311 1456 4365 tonitrus
1481 4312 1689 4381 fragore

107 4416 416 4479 nuncupatus
441 4419 531 4465 est
552 4450 569 4476 ,
601 4407 795 4480 Nysius
824 4423 956 4462 vero
989 4421 1097 4462 non
1125 4421 1157 4461 a
1181 4406 1292 4477 jam
1319 4404 1540 4476 praelata
1561 4447 1577 4473 ,
1611 4404 1689 4460 uti

107 4498 317 4570 metu"
368 4505 506 4561 υνδε
551 4501 764 4560 Amm“:
805 4500 979 4575 Nysa,
1011 4501 1105 4558 sed
1156 4502 1332 4572 Ρθῑίθδ
1368 4501 1512 4574 Nyso
1544 4500 1687 4555 imus
1789 4527 1999 4592 alitem,
2036 4537 2281 4593 taurum,
2326 4544 2389 4584 ac
2420 4498 3096 4603 formicam'sese'vertere
3129 4545 3233 4584 non
3265 4544 3392 4585 eru-

107 4606 224 4617 _-._-
278 4596 321 4617 ιτ
441 4599 535 4617 η.-
584 4616 627 4617 η
690 4614 747 4617 μ
789 4610 801 4617 .
2636 4603 2642 4617 .

107 4606 248 4695 Em?"
274 4596 408 4655 Nam
439 4599 664 4666 Cicer",
689 4610 991 4671 Pos‘quem
1014 4607 1423 4695 a“°'°'_'}“5‘°'
1449 4596 1687 4695 ί¹¹¹Ῑ¹¹⁴¹Ϊ¹θ
1712 4623 1989 4695 _'buerit.
2035 4626 2166 4694 Quae
2213 4625 2375 4695 paulo
2418 4597 2943 4682 clarius‘enucleata
2982 4623 3210 4682 Ovidius
3248 4623 3393 4683 hunc

108 4686 365 4764 Dionysos,
421 4696 545 4751 sive
596 4692 824 4751 Liberos
879 4702 1151 4756 recenset,
1209 4691 1413 4748 diserte
1465 4686 2358 4773 θεεειίι,1)ι.θιυιίιίπξηιοιίυηιε

105 4782 303 4850 quintum
336 4785 491 4860 Nyso
516 4797 696 4841 nulum
725 4797 770 4842 et
797 4782 1015 4841 Tltione.
1061 4784 1176 4840 Evii
1219 4782 1451 4854 denique
1481 4798 1687 4854 cogno-

108 4888 207 4930 men
236 4877 446 4937 Baccho
477 4881 711 4936 inditqu
740 4878 958 4952 quidam
991 4886 1216 4950 putant;
1248 4877 1370 4949 quia
1402 4886 1684 4947 postquam

107 4965 148 5023 in
192 4971 393 5031 leonem
446 4985 715 5043 mutatus,
764 4989 1207 5045 unumquemque
1265 4988 1333 5027 ex
1379 4971 1686 5043 gigantibus

109 5065 384 5133 occidisset,
414 5087 447 5125 a
473 5069 613 5126 Jove
642 5080 791 5141 patre
816 5084 915 5123 suo
946 5065 1167 5130 Euhion,
1195 5065 1311 5121 sive
1344 5066 1515 5122 honus
1545 5065 1686 5120 illius

108 5162 494 5227 tuguominatus
516 5162 633 5217 fuit.
667 5158 767 5215 Alii
793 5162 1134 5231 suspicantur
1157 5158 1257 5215 hoc
1286 5174 1481 5212 nomen
1505 5164 1683 5211 ortmn

108 5263 132 5303 ἓ
152 5254 304 5312 verbo
332 5256 492 5322 ane,
523 5273 620 5312 seu
649 5258 804 5318 Εὐὰν,
833 5270 942 5326 quo
979 5253 1316 5309 Bacchantes
1345 5255 1396 5307 in
1423 5254 1536 5307 suis
1567 5267 1687 5324 my-

107 5346 263 5405 steriis
286 5347 527 5416 Baccho,
574 5359 628 5404 ut
675 5350 800 5404 alibi
847 5348 1250 5411 annotavimus,
1287 5346 1460 5416 palam
1505 5347 1687 5400 accla-

109 5438 303 5495 mabant
335 5442 582 5513 (Arnob,
615 5442 701 5497 lib.
736 5458 808 5506 tv,
844 5458 964 5514 pag.
997 5441 1123 5504 Ml,
1149 5450 1195 5495 et
1222 5438 1311 5493 lib.
1344 5456 1401 5506 v,
1434 5455 1552 5510 pug.
1588 5436 1690 5494 l76

110 5532 284 5596 91177:
323 5547 370 5593 et
411 5537 517 5593 loc.
556 5539 642 5592 cit.
684 5535 904 5591 Diodor.
947 5536 1137 5602 Sicul.,
1177 5535 1267 5590 lib.
1302 5551 1379 5598 ιιι,
1416 5533 1685 5600 Biblioth.,

112 5636 214 5694 P09.
244 5626 372 5695 149;
399 5640 450 5683 et
493 5627 638 5699 apud
678 5627 894 5692 Euseb.,
946 5627 1035 5683 lib.
1078 5643 1137 5682 ιι.
1186 5623 1422 5696 Prosper.
1458 5624 1686 5694 Euang.,

113 5730 149 5767 ί.
171 5714 221 5782 2,
239 5737 355 5794 pag.
377 5720 484 5789 54;
509 5720 702 5791 Cicer.,
724 5723 813 5781 lib.
838 5737 917 5789 ιιι,
941 5721 1005 5777 de
1021 5718 1214 5776 Natur.
1230 5719 1397 5787 deor.,
1416 5737 1538 5793 pag.
1558 5715 1687 5788 2l8,

114 5810 192 5869 lin.
215 5816 327 5889 9.5).
624 5862 637 5885 ,

113 5932 122 5975 ι
175 5908 248 5972 Ex
271 5914 435 5977 citato
464 5916 629 5992 paulo
646 5925 822 5995 _antea
849 5914 1117 5976 Cicerone
1141 5913 1276 5975 illud
1314 5911 1505 5988 procul
1525 5909 1691 5971 dubio

1942 3661 2155 3726 Academi}.
2178 3666 2241 3716 μιν
2263 3665 2490 3718 παριλιειτο
2522 3668 2675 3717 parum
2696 3666 2778 3715 ζιῦς
2797 3697 2808 3715 ,

1944 3724 1977 3766 Η
2002 3724 2039 3766 δ’
2063 3727 2156 3767 ἱτιιι⁹
2175 3730 2339 3769 inibunt
2357 3726 2570 3782 Medon
2592 3731 2902 3784 χαλιοιορὺστήν.

1884 3823 2002 3876 Cum
2024 3824 2282 3877 Laodamia
2305 3827 2506 3940 guldem
2533 3828 2800 3878 concubuit
2821 3827 3018 3891 Jupiter
3035 3828 3333 3890 consiliator,

1884 3886 2053 3940 anue
2087 3890 2284 3940 uenerit
2342 3891 2526 3939 ivinum
2563 3890 2905 3940 Sarpedonem
2939 3898 3143 3940 aratum
3180 3892 3333 3940 bellat

1882 3886 2053 3952 anue
2087 3890 2284 3954 peperit
2307 3886 2526 3940 divinum
2563 3886 2905 3954 Sarpedonem
2939 3898 3143 3942 aratum
3177 3886 3390 4017 Eiellato-

3199 3968 3323 4006 rem.

1863 4056 2087 4113 Tantam
2134 4074 2297 4128 porro
2339 4060 2535 4117 asserit
2578 4061 2850 4119 Arnobius
2895 4071 3108 4135 tamque
3152 4061 3389 4133 ﬂagitio-

1791 4167 1929 4221 sam,
1962 4169 2025 4209 ac
2058 4154 2342 4225 perditam,
2389 4155 2457 4211 de
2487 4172 2590 4228 qua
2618 4172 2717 4213 nos
2756 4157 2880 4212 alibi
2908 4156 3148 4226 (Arnob.,
3180 4157 3269 4214 lib.
3313 4172 3386 4225 Iv,

1790 4262 1913 4317 pug.
1943 4245 2068 4311 145,
2118 4258 2240 4302 ιοηι.
2272 4264 2308 4315 ι,
2341 4247 2618 4320 Apparut.,
2657 4266 2779 4322 pag.
2810 4249 2935 4317 755,
2965 4249 3093 4317 805,
3140 4250 3297 4318 1242,
3339 4259 3389 4307 el

1789 4335 1980 4409 seqq.),
2014 4337 2179 4394 fuisse
2202 4339 2353 4395 Jovis
2381 4339 2694 4406 libidinem;
2724 4352 2780 4396 ut
2799 4341 2865 4398 ad
2890 4357 3034 4410 eam,
3058 4340 3105 4397 si
3136 4357 3388 4411 umquam

1790 4432 2078 4504 potuisset,
2107 4434 2428 4504 explendam
2459 4436 2509 4490 in
2539 4452 2752 4503 aurum,
2776 4435 3387 4510 satyrnm.draconcm;

1888 4831 2097 4900 ymonis
2118 4832 2305 4884 elusam
2326 4834 2557 4900 designat
2578 4834 2847 4900 imaginem
2872 4835 3000 4887 tauri

1882 4892 2149 4960 Europem.

1882 5021 2028 5088 [erit
2058 5028 2111 5088 et
2132 5024 2546 5088 Astorienaquila
2569 5024 2791 5077 luctante
2812 5028 2993 5084 teneri,

1884 5082 2026 5135 Fecit
2048 5085 2253 5135 olorinis
2278 5082 2460 5136 Ledam
2485 5090 2729 5137 recubare
2753 5089 2846 5138 sub
2872 5088 2962 5138 alis
2979 5082 2998 5137 7:

1885 5146 2115 5213 Addidit,
2131 5152 2344 5213 utsalyri
2368 5147 2557 5199 celatus
2579 5153 2791 5213 imagine
2818 5149 3034 5213 pulcram

1883 5209 2080 5276 Jupiter
2107 5209 2535 5276 impleritgemino
2552 5209 2772 5264 Nirte'ida
2799 5209 2872 5276 (1)
2895 5213 3047 5276 lirtu:

1884 5272 2394 5338 ᾼιιῳιιγιγίυἰιΐυετῖι,
2423 5288 2529 5338 cum
2557 5285 2608 5326 te
2630 5272 2883 5338 Tirynthia
2910 5274 2983 5337 (2)
3009 5275 3161 5338 cepit.

1887 5334 2085 5385 Aureus
2111 5344 2165 5386 ut
2183 5335 2386 5387 Danaen
2412 5337 2625 5399 Asozzida
2651 5334 3086 5449 (.EIgluseritignis;

1887 5399 2251 5449 Mnemosvnem
2277 5407 2472 5449 nastor:
2500 5402 2666 5449 varius
2735 5400 2878 5449 eoida
2894 5412 3086 5449 seruem

1885 5399 2251 5463 Mnemosynen:
2277 5407 2472 5463 pastor:
2500 5399 2666 5451 varius
2686 5399 2878 5451 Deoida
2894 5412 3127 5462 serpens.

1793 5507 1987 5564 Postea
2041 5521 2172 5562 vero
2228 5505 2521 5579 Gregorius
2570 5505 2942 5562 Nazianzenus
2991 5502 3170 5578 (Greg.
3222 5501 3386 5577 Nam,

1789 5613 1914 5656 tant.
1948 5616 2006 5669 Il,
2035 5617 2194 5656 carm.
2228 5600 2319 5667 61,
2354 5616 2472 5673 pag.
2506 5597 2631 5672 142)
2660 5615 2675 5654 :

1864 5737 1943 5811 (l)
1974 5740 2255 5811 Antiopam
2279 5738 2449 5797 Nictei
2484 5738 2666 5795 llliam.

1865 5812 1942 5886 (il)
1974 5812 2290 5886 A_leumena.

1864 5882 1945 5959 (5)
1975 5884 2169 5958 Egilia
2195 5894 2279 5942 est
2299 5885 2462 5959 Asopi
2487 5882 2711 5944 Boeotiae
2738 5883 2880 5960 regis
2900 5884 3026 5945 lilia.
