3904 6326
202 352 284 408 531
1439 345 1508 403 IN
1536 344 1753 404 ARNOE

1871 344 1914 411 ί,
1953 342 2108 401 CAP.
2150 343 2268 401 XII.

1785 461 1838 521 Α
1863 457 2095 514 Plinium
2113 466 2169 513 et
2185 457 2321 512 alios
2340 454 2606 530 (Theocn,
2634 456 2763 528 idgl.
2783 458 2840 525 5;
2856 456 3033 524 Ovid,
3049 458 3197 529 epist.
3217 458 3428 515 Heroid.
3442 502 3459 528 ,

756 476 1051 520 Αιιτιοιιωε
1093 476 1173 518 111.

197 578 416 643 Quomodo
433 579 676 643 Arnobius
693 577 861 643 taisam
882 577 1091 643 deorum
1111 576 1428 643 divinitatem
1452 577 1685 643 ostendat
1698 589 1762 627 ex

248 643 471 707 impudico
508 641 698 707 illarth
722 643 771 707 in
796 641 1231 707 liotniuesamore,
1277 640 1481 707 ᾼυιοειε
1514 641 1566 689 in
1589 640 1764 707 'l‘_i_t_ho-

243 699 364 765 nuin,
391 704 536 768 Lunai
554 706 605 768 _i_n
631 702 1261 768 EndymionemLNereidis
1293 704 1342 768 in
1383 699 1600 768 Eacum,
1626 701 1763 768 The-

245 764 356 819 tidis
368 771 415 816 in
436 765 636 816 Achillis
652 764 954 829 genitorem,
988 765 1311 829 Proserpian
1325 765 1640 829 inAdonem.
1665 764 1763 816 Ce-

243 832 357 900 reris
385 827 771 900 ln_rustir_anum
807 828 1100 900 Jasionem,_
1124 827 1359 900 Veneris;
1380 828 1431 876 in
1471 827 1760 900 Vulcan-um,

239 893 569 949 Phaetontem,
612 891 839 952 Martem,
884 898 938 942 et
982 888 1266 953 Anchisem,
1314 896 1369 941 et
1401 901 1489 940 cur
1512 888 1761 940 hacDio-

240 957 358 1016 heia,
384 962 435 1006 et
448 954 609 1005 Troici
634 954 728 1005 viri
751 961 912 1004 mater
928 952 1136 1005 dicatur.

246 1084 440 1152 Quanta
467 1082 631 1139 etiam
661 1081 822 1137 fuerit
843 1081 1068 1138 dearum
1093 1079 1455 1154 impudicitia,
1480 1080 1568 1137 his
1589 1082 1762 1137 Arno-

186 1177 317 1244 bius,
351 1184 470 1248 post
495 1175 830 1233 Clementem
859 1175 1287 1232 Alexandrinum
1311 1220 1327 1244 ,
1355 1177 1619 1249 exemplis
1650 1193 1762 1232 ma-

186 1273 352 1328 nilesle
389 1271 763 1329 demonstrat:
798 1290 818 1325 ι
847 1270 1038 1328 Nonne
1074 1274 1273 1329 vestris
1301 1283 1516 1327 cautum
1557 1282 1642 1329 est
1671 1274 1763 1328 lit-

185 1368 296 1422 teris
338 1365 648 1422 adamatum
678 1381 801 1422 esse
824 1365 894 1422 ab
939 1370 1149 1423 Aurora
1182 1366 1473 1424 Tithonum
1496 1409 1513 1433 ,
1556 1367 1762 1424 arsisse

189 1458 234 1517 in
269 1461 655 1534 Endymionem
685 1461 893 1519 Lunam
918 1505 935 1531 ,
965 1461 1257 1519 Nereidem
1300 1463 1353 1519 in
1392 1462 1621 1519 AEacum
1647 1506 1661 1533 ,
1704 1464 1759 1520 in

185 1553 386 1610 Achillis
412 1553 716 1625 genitorem
744 1554 965 1622 Thetin,
992 1554 1374 1628 Proserpinam
1401 1554 1455 1611 in
1488 1555 1756 1626 Adonem,

184 1660 384 1706 matrem
411 1649 529 1722 ejus
545 1649 802 1708 Cererem
830 1654 882 1706 in
906 1650 1181 1708 Jasionem
1209 1653 1396 1709 nescio
1415 1669 1574 1724 quem
1599 1652 1761 1708 rusti-

181 1757 349 1799 canum
372 1784 389 1812 ,
440 1753 493 1800 et
526 1755 651 1817 post
675 1744 972 1801 Vulcanum
1014 1744 1370 1802 Pliaetontem
1392 1788 1408 1813 ,
1451 1747 1677 1803 Martem
1705 1747 1757 1802 in

183 1836 408 1892 Anchisae
453 1836 672 1907 nuptias
718 1838 888 1908 ipsam
922 1838 1066 1894 illam
1105 1838 1406 1908 Venerem,
1448 1838 1753 1897 Eneadum
1784 1864 1835 1925 Β

183 1939 415 1996 matrem,
448 1940 504 1985 et
530 1929 789 1986 Romamn
815 1929 1204 1988 dominationis
1235 1943 1513 1989 auctorem
1551 1951 1571 1986 ι
1604 1933 1623 2003 (
1657 1932 1743 1988 Ar-

180 2020 280 2076 nob.
307 2062 322 2087 ,
375 2021 465 2076 lib.
505 2037 601 2090 tv,
652 2038 771 2095 pag.
808 2022 912 2078 145
954 2033 1004 2078 et
1044 2022 1236 2096 seqq.).
1278 2023 1532 2081 Clemens
1576 2035 1755 2080 autem

185 2113 567 2171 Alexandrinus
626 2117 776 2186 prius
837 2115 1043 2173 eisdem
1113 2118 1406 2190 gentilibus
1484 2118 1760 2189 objecerat

181 2205 199 2278 (
227 2206 446 2264 Clemens
472 2208 761 2264 Alexandr.
788 2251 804 2272 .
856 2209 1118 2265 Admonit.
1164 2211 1234 2265 ad
1257 2221 1393 2283 gent.
1442 2211 1662 2284 pag.2i
1694 2211 1714 2282 )
1739 2228 1754 2265 :

176 2299 215 2357 ἰι
235 2302 297 2364 ὡς
321 2305 406 2360 ἐπὶ
432 2306 657 2369 roma,
685 2304 860 2364 Σελήνη
885 2302 1194 2377 Ἐνδυμίωνι,
1223 2309 1415 2381 Νηρηὶς
1452 2307 1538 2362 ἐπὶ
1562 2307 1752 2377 Αἰακῷ,

175 2400 245 2452 καὶ
267 2398 347 2453 ἐπὶ
389 2398 541 2457 Πηλεῖ
585 2400 733 2460 Θέτις
764 2414 777 2429 ·
811 2401 898 2455 ἐπὶ
918 2397 973 2455 δὲ
1008 2398 1226 2455 Ἰασίωνι
1252 2405 1511 2476 Δημήτηρ,
1546 2405 1633 2456 καὶ
1671 2402 1759 2456 ἐπὶ

174 2487 371 2546 Ἀδώνιδι
380 2492 695 2567 Φερεφὰττα·
708 2489 973 2568 Ἀφροδίτη
992 2490 1047 2547 δὲ
1063 2492 1142 2548 ἐπ’
1155 2488 1298 2570 "Aps:
1313 2496 1752 2569 κατῃσχυμμὲνη,

174 2583 383 2653 parilem
408 2586 494 2641 ἐπὶ
513 2586 756 2663 Κινύριν,
789 2590 876 2640 καὶ
898 2585 1145 2660 ’Δγχίσην
1173 2584 1375 2661 ἔγημαν
1403 2592 1490 2644 καὶ
1509 2590 1757 2647 Φαέθοντα

172 2676 339 2749 ἐλόχα,
379 2682 467 2734 καὶ
490 2679 599 2756 ἤρα
621 2677 903 2741 Ἀδώνιδος.
943 2679 1146 2735 Aurora
1186 2691 1396 2753 propter
1440 2679 1751 2750 Tithonum,

171 2766 300 2825 Luna
336 2784 553 2843 propter
596 2769 978 2844 Endymionem
999 2814 1014 2838 ,
1050 2771 1236 2828 Nereis
1264 2784 1473 2845 propter
1500 2772 1751 2841 diarum,

170 2871 209 2916 rt
225 2875 420 2936 propter
471 2863 696 2920 Peleunt
739 2863 920 2921 Thetis
943 2908 959 2933 ,
1010 2876 1219 2937 propter
1270 2866 1537 2922 Jasionem
1585 2876 1755 2922 autem

171 2951 330 3024 Ceres,
377 2967 423 3012 et
447 2966 667 3030 propter
709 2956 996 3013 Adonidem
1039 2955 1356 3032 Proserpina
1383 2977 1402 3014 :
1432 2959 1598 3015 Venus
1638 2975 1754 3016 vero

168 3058 355 3121 propter
398 3048 629 3105 Martem
652 3059 725 3106 est
752 3051 938 3121 probro
965 3060 1012 3106 et
1046 3051 1295 3108 dedecore
1323 3051 1512 3121 olfecta
1544 3095 1561 3121 ,
1604 3064 1753 3108 tran-

169 3140 237 3195 siit
260 3143 324 3197 ad
345 3140 603 3213 Cyniram
628 3184 645 3211 ,
689 3154 737 3199 et
765 3144 938 3214 nupsit
966 3144 1239 3212 Anc/iisin,
1272 3155 1320 3201 et
1348 3146 1546 3218 parauit
1574 3143 1752 3201 Phae-

172 3237 282 3290 tonti
309 3237 552 3304 insidias,
597 3247 646 3294 et
671 3239 860 3293 notavit
886 3238 1195 3295 Adonidem.

3348 347 3453 404 522

1867 551 1955 615 i8,
1986 568 2107 622 pug.
2141 552 2265 617 199,
2298 549 2388 604 lib.
2419 566 2477 606 ιιι
2504 550 2568 605 de
2592 550 2705 605 Art.
2734 567 2934 617 aman.,
2964 569 3084 623 pag.
3113 550 3258 619 475;
3288 552 3457 620 Plin.,

1867 641 1958 701 lib.
1987 660 2024 700 ιι
2056 643 2254 699 Natnr.
2289 644 2436 712 Itist.,
2467 661 2583 717 cap.
2614 644 2668 710 9,
2699 660 2818 716 pag.
2853 642 3017 716 152).

1934 737 2185 795 Nereidis
2236 750 2417 794 autem
2465 738 2685 795 nomine
2729 739 3003 795 Arnobius
3048 753 3233 798 noster
3287 743 3466 800 adhuc

1866 846 1986 902 post
2015 829 2351 888 Clementem
2381 831 2805 887 Alexandrinum
2824 874 2839 899 ,
2870 843 2929 887 ut
2954 833 3064 902 jam
3094 835 3348 903 vidimus,
3384 838 3466 893 di—

1863 925 2042 996 signat
2089 924 2414 981 Psamathen
2461 924 2623 981 Nerei
2666 926 2828 981 liliam
2860 926 3128 998 (Clemens
3154 929 3463 996 Alexandr.,

1864 1015 2126 1073 Admonit.
2156 1018 2228 1072 ad
2256 1028 2417 1090 gent.,
2452 1035 2570 1090 pag.
2604 1018 2669 1073 21
2698 1018 2737 1089 ),
2774 1034 2839 1075 ex
2870 1035 2974 1090 qua
3004 1019 3233 1088 IEacus,
3280 1032 3337 1077 ut
3375 1039 3463 1078 re-

1866 1108 1974 1166 fert
2004 1110 2299 1179 Hesiodus,
2330 1110 2569 1168 Phocum
2600 1112 2839 1182 suscepit
2866 1110 3142 1184 (Hesiod.,
3173 1113 3462 1186 Tlteogon.,

1864 1219 1997 1264 vers.
2030 1203 2208 1274 1004)
2232 1222 2246 1260 :

2023 1316 2116 1367 Hui
2136 1330 2202 1379 μὶν
2225 1333 2349 1369 Φῶκον
2372 1331 2534 1382 Ψαμάθη
2558 1334 2639 1371 stu
2660 1327 2727 1371 δια
2751 1331 2863 1372 θεάων
2881 1361 2892 1378 ,

2023 1392 2157 1431 Ahztoﬁ
2183 1393 2219 1429 iv
2243 1393 2427 1443 φιλότητι,
2451 1390 2516 1433 διὰ
2538 1401 2672 1448 χρυσῆν
2696 1385 2921 1447 Ᾰᾳροδὶτην.

1864 1461 1924 1514 Et
1942 1476 2063 1514 sane
2084 1465 2286 1529 quidem
2310 1466 2530 1518 Phocum
2566 1467 2828 1519 Psamathe
2852 1470 3046 1533 peperit
3070 1472 3467 1534 praestantissima

1987 1587 2121 1641 Aiaci
2146 1591 2197 1640 in
2219 1604 2408 1655 amore,
2433 1605 2524 1655 per
2544 1606 2746 1643 auream
2772 1594 3040 1646 Venerem.
3224 1534 3464 1600 [dearum

1862 1695 2027 1752 Multa
2056 1698 2125 1754 de
2168 1698 2341 1756 IEaco
2380 1710 2434 1755 et
2467 1701 2647 1757 Phoco
2677 1702 2936 1770 Ovidius,
2968 1720 3128 1775 quem
3159 1722 3280 1761 cum
3309 1708 3467 1765 lube-

1862 1790 1972 1860 bit,
2019 1793 2202 1864 legere
2246 1797 2449 1865 poteris
2479 1797 2659 1870 (Ovid.
2685 1841 2700 1864 ,
2738 1798 2829 1854 lib.
2859 1816 2930 1855 vn
2965 1799 3176 1857 Metam.
3204 1845 3218 1867 ,
3252 1804 3280 1877 ς
3308 1806 3379 1860 ιιι
3420 1815 3469 1861 et

1860 1887 2076 1959 seqq.).
2115 1888 2285 1958 Quem
2328 1890 2606 1947 Arnobius
2648 1890 2847 1947 dehinc
2879 1893 3102 1950 Achillis
3132 1908 3288 1952 Vocat
3316 1900 3467 1969 geni-

1862 1987 2036 2035 torem
2059 2021 2076 2047 ,
2107 1981 2152 2035 is
2190 1992 2341 2039 recte
2366 1999 2397 2039 a
2427 1984 2707 2039 Clemente
2746 1984 3124 2042 Alexandrino
3164 1990 3468 2061 appellatur

1860 2072 2085 2140 Peleus,
2118 2077 2209 2148 qui
2249 2078 2501 2133 eumdem
2535 2079 2805 2135 Achillem
2835 2096 2902 2135 ex
2934 2080 3164 2139 Thetide
3205 2100 3465 2155 procrea-

1859 2168 1937 2222 vit
1966 2168 2166 2238 (Clem.
2188 2212 2203 2238 ,
2239 2171 2339 2228 loc.
2371 2173 2456 2227 cit.
2483 2213 2498 2238 ,
2530 2190 2648 2245 pag.
2680 2173 2744 2229 21
2775 2174 2816 2246 ).
2859 2174 2978 2230 Jam
3023 2178 3166 2232 enim
3209 2184 3405 2237 citatus
3432 2198 3465 2238 a

1859 2260 2017 2319 nobis
2070 2262 2340 2320 Hesiodus
2386 2267 2585 2323 cecinit
2633 2266 2942 2340 (Hesiod.,
2987 2268 3246 2345 Tlteogon.
3275 2315 3291 2342 ,
3334 2293 3461 2332 vers.

1861 2354 2084 2426 1006):
3274 2358 3275 2361 “

2014 2486 2127 2534 Πηλιῖ
2148 2482 2201 2545 δὶ-
2217 2483 2399 2538 Spem!"
2423 2489 2488 2528 ιιιά
2509 2492 2615 2538 Θέτις
2637 2491 2863 2545 derepente
2882 2522 2893 2540 ,

2015 2550 2155 2587 Tsim’
2181 2540 2359 2602 Ᾰζιλλῆα.

1861 2614 1902 2666 Α
1922 2617 2081 2694 Peleo
2098 2623 2485 2694 autemsubacta
2497 2624 2595 2676 dea
2612 2623 2806 2687 Thetis,
2822 2627 3056 2681 candidos
3074 2630 3233 2694 pedes
3248 2632 3457 2692 habens,

1985 2680 2171 2733 Genuit
2192 2684 2455 2736 Achillem.

1856 2783 1963 2841 Sed
1996 2785 2101 2843 hoc
2126 2788 2195 2844 ab
2221 2787 2417 2847 Ovidio
2449 2791 2566 2849 fuse
2594 2794 2940 2853 decantatum
2970 2796 3215 2858 invenies
3246 2803 3459 2875 (Ovid,

1858 2878 1945 2933 lib.
1978 2896 2016 2936 ιι
2058 2880 2427 2956 Metamorph.,
2458 2886 2485 2959 ἐ
2512 2888 2607 2960 7).

1892 3056 1903 3057 7
1930 2972 2137 3031 Ferunt
2164 2987 2345 3034 autem
2376 2978 2759 3055 Proserpinam
2794 3003 2858 3044 ac
2889 2989 3155 3045 Venerem
3178 3034 3192 3055 ,
3227 2992 3458 3049 Adonim

1857 3069 2060 3139 pariter
2086 3069 2464 3141 deperientes,
2500 3076 2568 3130 ad
2600 3076 2748 3133 Jovis
2778 3083 2995 3137 venisse
3030 3082 3291 3152 judicium
3310 3126 3327 3153 ,
3353 3101 3463 3157 quo

1858 3162 1953 3219 ille
1994 3167 2373 3234 pronuntiaret
2413 3171 2628 3228 cuinam
2685 3190 2750 3230 ex
2804 3176 3014 3232 duabus
3051 3179 3460 3237 concederetur.

1781 3254 1827 3318 C
1861 3256 1998 3313 Dato
2023 3274 2157 3315 vero
2185 3261 2253 3316 ab
2280 3277 2347 3318 eo
2378 3261 2476 3318 fuit
2514 3265 2621 3319 litis
2661 3267 2861 3323 arbitra
2894 3281 2949 3326 et
2980 3270 3145 3340 judex
3184 3272 3458 3343 Calliope,

230 3332 488 3389 Tithonus
527 3342 717 3388 autem
759 3331 1178 3401 Laomedontis,
1222 3334 1578 3407 Trojanorum
1618 3335 1753 3408 regis

1871 3366 1987 3423 quae
2028 3354 2343 3423 constituit,
2382 3365 2441 3412 ut
2484 3357 2631 3413 illum
2673 3331 3011 3435 unaquaque
3051 3381 3145 3435 per
3181 3331 3460 3422 dimidiam

169 3422 330 3492 frater,
357 3434 415 3481 ut
441 3425 523 3480 ait
552 3423 779 3481 Servius
806 3425 1027 3492 (Servi,
1064 3425 1117 3480 in
1140 3442 1261 3482 mox
1283 3427 1477 3483 citond.
1511 3426 1695 3499 Virgil.
1714 3434 1758 3499 ),

1863 3445 1989 3500 anni
2039 3457 2246 3516 partem
2289 3449 2611 3519 possideret.
2643 3452 2789 3525 Lege
2811 3496 2826 3519 ,
2858 3456 2901 3509 si
2945 3457 3076 3511 velis
3099 3500 3113 3524 ,
3152 3457 3417 3529 Hyginum
3440 3500 3456 3527 ,

167 3518 223 3573 ab
242 3519 444 3577 Aurora
472 3520 548 3577 ob
581 3521 769 3575 formai
797 3522 1161 3590 prteSIantiam
1190 3521 1471 3578 adamatus
1496 3532 1549 3578 et
1574 3530 1753 3592 raptus

1871 3518 2303 3610 Apollodorum,
2357 3551 2414 3598 et
2463 3518 2749 3599 Giralduni
2788 3546 3061 3618 (Hggin.,
3099 3518 3456 3611 ⁷Αιςίιξιηοηιλ

166 3610 281 3682 fuit,
310 3627 471 3689 atque
511 3617 571 3672 in
603 3614 936 3685 Ethiopiam
976 3615 1220 3686 ejusdem
1262 3633 1423 3672 curru
1463 3616 1753 3682 advectus,

166 3702 226 3760 ibi
250 3722 312 3762 ex
337 3707 425 3765 illa
454 3707 651 3781 genuit
674 3705 1039 3764 Memnonem.
1069 3706 1224 3764 Unde
1245 3707 1501 3780 Virgilius
1527 3708 1754 3765 cecinit:

900 3824 1000 3875 Aut
1015 3824 1108 3889 ubi
1131 3824 1505 3889 pallidasurget

257 3882 449 3939 Tithoni
480 3899 717 3940 croceum
746 3883 978 3951 linquens
998 3882 1185 3938 Aurora
1201 3886 1383 3938 cubile.

616 3977 626 3986 '
696 3970 925 4039 (Virgil.,
955 3972 1038 4025 lib.
1058 3990 1074 4025 ι
1096 3974 1294 4040 Georg,
1317 3987 1443 4027 vers.
1463 3973 1600 4034 446.)

163 4072 220 4130 Et
240 4092 419 4134 rursus
447 4079 564 4135 alio
596 4079 650 4135 iu
681 4079 852 4135 libro:

241 4168 297 4238 Et
309 4173 407 4238 jam
418 4175 596 4238 prima
619 4186 744 4238 novo
767 4174 1039 4238 spargebat
1056 4173 1242 4225 lumine
1259 4183 1446 4238 terras,

240 4232 445 4287 Tithoni
459 4249 699 4288 croceum
722 4232 954 4300 lini1ue'ns
974 4237 1167 4287 Aurora
1192 4237 1377 4291 cubile.

653 4315 838 4383 (Idem,
863 4316 949 4371 lib.
967 4334 1014 4371 tv
1042 4317 1258 4380 liuent,
1278 4332 1405 4373 vers.
1427 4319 1563 4385 584.)

162 4417 228 4477 De
251 4421 331 4479 his
354 4423 509 4496 plura
538 4423 810 4482 Hesiodus
837 4424 1105 4500 (llesiod.,
1133 4419 1415 4500 Theogon.,
1440 4443 1569 4482 vers.
1595 4425 1748 4492 904),

163 4512 535 4587 etPropertins
564 4514 860 4589 (Pmpert.,
887 4517 975 4574 lib.
1002 4535 1072 4586 ιι,
1118 4519 1246 4591 eleg.
1297 4519 1386 4586 l8;
1427 4520 1592 4589 idem,
1619 4518 1746 4591 eleg.

163 4603 284 4699 15‘),
317 4608 405 4681 qui
433 4609 505 4666 de
532 4607 877 4683 Endymione
903 4610 1004 4668 hos
1032 4610 1163 4668 fecit
1193 4626 1422 4669 versus:

256 4715 498 4788 Nuduset
519 4720 792 4788 Endymion
809 4724 984 4778 Phoebi
1006 4725 1198 4788 cepisse
1220 4739 1440 4779 sororem

328 4783 548 4848 Dicitur,
574 4783 795 4837 et'nudze
820 4783 1147 4839 concubuiése
1169 4789 1296 4841 deae.

164 4881 334 4942 Pastor
372 4888 466 4947 ille
498 4887 709 4958 fuerat,
740 4892 906 4948 Atlilii
960 4894 1137 4963 lilius,
1182 4895 1339 4967 cujus
1375 4912 1560 4955 amore
1598 4897 1748 4956 Luna

163 4987 329 5048 capta,
375 4982 428 5037 in
458 4982 638 5040 Latmi
678 4984 853 5042 Cariae
890 4987 1089 5043 montis
1113 4989 1409 5046 occultavit
1447 5005 1648 5063 specu,
1693 5004 1750 5049 et

164 5065 503 5132 dormientem
524 5118 541 5144 ,
583 5077 724 5133 sicut
760 5077 953 5135 Cicero
977 5083 1086 5149 ait,
1127 5083 1401 5139 osculatus
1437 5095 1541 5140 est.
1583 5085 1750 5143 Visne

164 5156 292 5219 illius
320 5166 480 5224 verba
514 5167 614 5224 tibi
647 5168 915 5240 proferri?
947 5171 1029 5228 En
1061 5177 1177 5245 ipsa
1203 5183 1362 5232 sunt:
1393 5192 1416 5229 ι
1440 5175 1746 5250 Endymion

166 5267 308 5344 vero,
338 5261 382 5315 si
412 5260 628 5318 fabulas
657 5264 847 5322 audire
887 5267 1166 5336 volumus,
1211 5271 1396 5328 nescio
1433 5272 1652 5344 quando
1694 5275 1746 5330 in

166 5343 337 5407 Latmo
378 5353 749 5423 obdormivit,
791 5359 881 5429 qui
925 5370 1012 5417 est
1055 5377 1214 5419 mons
1253 5343 1461 5434 Carize,
1508 5366 1744 5422 nondum

167 5442 341 5510 opinor
366 5458 739 5518 experrectus.
782 5450 920 5508 Num
965 5454 1129 5527 igitur
1156 5472 1279 5513 eum
1308 5472 1499 5515 curare
1528 5475 1742 5527 censes,

167 5546 273 5591 cum
300 5536 446 5597 Luna
474 5542 718 5610 laboret,
747 5560 776 5599 a
800 5561 903 5618 qua
929 5549 1244 5620 conSopitus
1270 5561 1521 5621 putatur;
1547 5564 1603 5609 ut
1621 5570 1745 5610 eum

170 5626 511 5722 dormientem
544 5640 884 5697 oscularetur
907 5662 927 5694 ι
964 5642 1287 5716 (Cicer.,lib.
1319 5663 1338 5702 ι
1368 5644 1746 5722 Tuscnl.,pag.

172 5719 297 5794 l30,
336 5727 432 5784 lin.
471 5728 620 5802 56)?
656 5732 847 5790 Plures
887 5743 1103 5802 autem,
1133 5738 1226 5809 qui
1268 5737 1384 5794 hmc
1424 5738 1492 5795 ad
1536 5719 1747 5808 aniles,

174 5830 263 5907 nec
287 5824 582 5881 audiendas
607 5843 858 5907 umquam
887 5830 1128 5901 fabulas,
1159 5849 1266 5890 non
1296 5834 1547 5906 rejiciant
1575 5837 1619 5892 si
1650 5852 1750 5893 au-

175 5906 279 5971 tllre
306 5914 582 5976 desideras
597 5962 613 5988 ,
636 5906 794 5979 adire
826 5927 1025 5995 poteris
1047 5926 1396 5987 Theocritum
1417 5972 1432 5999 ,
1462 5930 1711 5988 Ovidium
1732 5976 1747 6002 ,

436 6085 447 6098 .
523 6012 799 6081 Panos.
847 6017 924 6083 V.

1775 4661 1831 4724 D

1863 3641 2037 3699 poet.;
2066 3633 2265 3704 Apoll.,
2299 3634 2387 3690 lib.
2420 3651 2478 3690 ιιι
2504 3635 2795 3704 Bibliotlt.;
2845 3639 3073 3709 αὑταιί,
3101 3653 3358 3715 syntagnt.
3394 3647 3461 3702 15

1860 3725 2028 3791 deor.,
2063 3743 2184 3798 pag.
2211 3727 2318 3784 396
3248 3804 3251 3805 ν

1928 3818 2117 3876 Jasion
2146 3837 2312 3892 porro
2338 3823 2409 3878 ab
2437 3833 2661 3882 auctore
2693 3836 2880 3882 nostro
2906 3830 3213 3887 rusticanus
3238 3833 3456 3904 quidem

1858 3913 2043 3969 nescio
2079 3914 2239 3983 quis,
2287 3915 2380 3971 sed
2426 3932 2456 3970 a
2499 3916 2696 3973 Nonno
2742 3920 2826 3974 vir
2850 3922 3084 3992 agricola
3107 3965 3123 3990 ,
3160 3932 3217 3979 et
3242 3924 3458 3983 Cereris

1856 3994 2057 4077 conjux
2076 4047 2093 4074 ,
2124 4007 2195 4063 ab
2222 4008 2346 4065 aliis
2373 4009 2525 4066 Jovis
2555 4022 2611 4067 et
2641 4011 2908 4081 Electrte,
2940 4025 2996 4070 et
3030 4017 3098 4073 ab
3135 4017 3454 4088 quibusdam

1856 4097 2063 4155 Menois
2091 4110 2148 4155 et
2176 4099 2437 4158 Phronias
2469 4103 2610 4159 ﬁlius
2638 4104 2840 4161 dicitur
2866 4106 3097 4179 (Name,
3129 4111 3216 4165 lib.
3250 4127 3420 4168 xum
3440 4154 3456 4179 ,

1854 4207 1985 4247 vers.
2016 4192 2159 4258 969,
2208 4202 2256 4247 et
2294 4210 2432 4265 seqq.
2452 4196 2491 4266 ).
2541 4196 2626 4253 Ab
2670 4196 2907 4254 Hesiodo
2945 4207 3124 4255 autem
3170 4199 3453 4273 (Hesiod.,

1856 4284 2119 4358 Tlteogon.
2141 4302 2270 4344 vers.
2297 4288 2440 4360 969)
2467 4290 2783 4361 perhibetur
2806 4308 2873 4348 ex
2895 4293 3094 4350 Cerere
3118 4294 3334 4353 Plutum
3359 4313 3458 4369 ge-

1852 4379 2076 4437 nuisse:

2007 4508 2176 4560 ᾼημιςτηρ
2194 4508 2259 4558 μιν
2280 4508 2446 4550 Πλοῦτον
2469 4511 2642 4560 Intnsa,
2667 4506 2734 4550 δῖα
2757 4512 2868 4551 anim
2890 4541 2901 4557 ,

2008 4559 2123 4622 ιισίφ
2142 4571 2232 4623 ειμι
2252 4574 2383 4624 mar
2407 4559 2516 4624 ιοιτι
2531 4573 2707 4626 sum
2754 4574 2759 4579 '

1949 4644 2538 4718 Ceresquidemﬁlutum
2555 4651 2751 4718 genuit,
2771 4652 3173 4712 praestantissima
3196 4653 3419 4718 dearum,

1948 4706 2084 4757 Jasio
2107 4706 2249 4759 heroi
2272 4708 2427 4760 mixta
2441 4706 2656 4773 jucuiido
2672 4706 2858 4763 amore.

1854 4811 1956 4869 Adi
1985 4811 2196 4882 adhuc,
2225 4816 2271 4870 si
2302 4815 2469 4884 velis,
2509 4826 2565 4872 et
2605 4827 2794 4886 vacet,
2827 4819 3178 4879 Theocritum
3220 4835 3274 4881 et
3316 4826 3451 4881 Ovi-

1854 4906 2000 4963 dium
2043 4905 2320 4981 (Theocr.,
2357 4909 2512 4982 idgl.,
2565 4926 2696 4968 vers.
2728 4912 2831 4977 50;
2866 4914 3041 4984 Ovid.,
3070 4917 3164 4974 lib.
3193 4934 3247 4974 ix
3279 4918 3450 4975 Meta-

1852 5003 2082 5071 morplt.,
2118 5000 2148 5075 δ
2180 5003 2239 5059 ιι
2266 5003 2306 5074 ).

1925 5096 1995 5151 At
2022 5109 2127 5151 non
2156 5095 2390 5152 Iasionis
2416 5098 2605 5163 solius,
2637 5100 2732 5156 sed
2760 5099 2985 5160 Vulcani
3015 5106 3215 5172 etiam,
3243 5106 3446 5173 Martis,

1851 5187 2163 5244 Pltaetontis
2205 5199 2261 5245 et
2299 5188 2551 5246 Anchisa:
2592 5193 2928 5265 nequissimo
2966 5211 3151 5253 amore
3179 5197 3447 5267 impudica

1852 5278 2037 5338 Venus
2065 5280 2327 5354 ﬂagravit.
2377 5282 2453 5338 De
2492 5282 2660 5343 Marte
2691 5297 2868 5342 autem
2905 5289 3062 5358 paulo
3101 5298 3258 5357 ante,
3291 5304 3355 5344 ac
3382 5289 3450 5347 de

1851 5373 2173 5441 Phaetonte,
2198 5389 2291 5431 seu
2321 5376 2498 5444 potius
2523 5376 2739 5434 Phaone
2767 5379 2819 5434 in
2847 5380 3126 5449 superiore
3146 5382 3449 5451 Apparatus

1852 5468 2024 5524 nostri
2053 5479 2199 5524 tomo
2221 5469 2579 5526 disseruimus
2602 5471 2747 5542 (tom.
2794 5488 2810 5528 ι
2846 5473 3126 5542 Apparat.,
3150 5492 3269 5546 pag.
3294 5477 3446 5550 7b7).

1923 5560 2029 5618 Sed
2061 5563 2350 5620 observare
2380 5564 2468 5621 hic
2491 5566 2643 5636 juvat
2677 5566 2947 5635 triplicem
2979 5586 3005 5619 a
3037 5568 3303 5626 Cicerone
3333 5571 3448 5629 dis-

1853 5655 2019 5726 tingui
2043 5654 2313 5713 Venerem
2332 5700 2347 5723 ,
2375 5674 2602 5729 quarum
2632 5678 2651 5712 ι
2678 5659 2831 5714 tertia
2855 5679 2876 5713 ι
2905 5660 3076 5733 inquit
3097 5661 3297 5732 (Cicer.
3330 5665 3445 5735 lib.,

1851 5762 1910 5803 ιιι
1952 5747 2015 5802 de
2061 5746 2192 5806 Nat.
2227 5750 2370 5806 deor.
2405 5769 2528 5825 pag.
2561 5752 2669 5808 248
2690 5794 2705 5818 ,
2738 5753 2831 5808 lin.
2862 5752 2995 5827 28),
3026 5774 3044 5807 ι
3074 5755 3210 5813 Jove
3243 5771 3366 5816 nata
3394 5774 3452 5817 et

1857 5839 2060 5909 Dione,
2104 5844 2286 5913 nupsit
2331 5842 2617 5900 Vulcano:
2653 5845 2704 5899 in
2746 5862 2943 5917 quam,
2988 5860 3044 5904 ut
3088 5850 3222 5905 dixit
3263 5864 3452 5910 auctor

1853 5944 2059 6007 noster,
2094 5935 2339 5994 ardebat.
2393 5937 2547 6005 Quod
2579 5939 2794 6012 quidem
2827 5943 3178 6002 conﬁrmatur
3205 5962 3232 6001 a
3259 5945 3449 6013 Servio

2738 6035 2815 6104 17
