  <div class='ocr_page' id='page_1' title='image "/cluster/home/n/w/nwhite01/storage/ocr_20150623/5/hvd.32044015466758/266.png"; bbox 0 0 3904 6326; ppageno 0'>
   <div class='ocr_carea' id='block_1_1' title="bbox 342 256 446 357">
    <p class='ocr_par' dir='ltr' id='par_1_1' title="bbox 342 256 446 357">
     <span class='ocr_line' id='line_1_1' title="bbox 342 256 446 357; baseline 0 0"><span class='ocrx_word' id='word_1_1' title='bbox 342 256 446 357; x_wconf 58' lang='grc' dir='ltr'>ω</span> 
     </span>
    </p>
   </div>
   <div class='ocr_carea' id='block_1_2' title="bbox 1606 300 2475 381">
    <p class='ocr_par' dir='ltr' id='par_1_2' title="bbox 1606 300 2475 381">
     <span class='ocr_line' id='line_1_2' title="bbox 1606 300 2475 381; baseline 0.007 -11"><span class='ocrx_word' id='word_1_2' title='bbox 1606 300 1675 370; x_wconf 82' lang='grc' dir='ltr'>ΙΝ</span> <span class='ocrx_word' id='word_1_3' title='bbox 1711 313 2295 381; x_wconf 54' lang='grc' dir='ltr'><strong>ΑΒΝΟΒΙΙΜίΟΑΡ.</strong></span> <span class='ocrx_word' id='word_1_4' title='bbox 2338 318 2475 376; x_wconf 74' lang='grc' dir='ltr'><strong>ΧΙΠ.</strong></span> 
     </span>
    </p>
   </div>
   <div class='ocr_carea' id='block_1_3' title="bbox 3529 316 3637 379">
    <p class='ocr_par' dir='ltr' id='par_1_3' title="bbox 3529 316 3637 379">
     <span class='ocr_line' id='line_1_3' title="bbox 3529 316 3637 379; baseline 0 0"><span class='ocrx_word' id='word_1_5' title='bbox 3529 316 3637 379; x_wconf 71' lang='lat'><strong>526</strong></span> 
     </span>
    </p>
   </div>
   <div class='ocr_carea' id='block_1_4' title="bbox 341 420 3629 525">
    <p class='ocr_par' dir='ltr' id='par_1_4' title="bbox 341 420 3629 525">
     <span class='ocr_line' id='line_1_4' title="bbox 341 420 3629 525; baseline 0.006 -51"><span class='ocrx_word' id='word_1_6' title='bbox 341 438 459 492; x_wconf 71' lang='lat' dir='ltr'><strong>pag.</strong></span> <span class='ocrx_word' id='word_1_7' title='bbox 492 422 594 479; x_wconf 79' lang='grc'><strong>107</strong></span> <span class='ocrx_word' id='word_1_8' title='bbox 611 420 655 495; x_wconf 89' lang='lat'><strong>):</strong></span> <span class='ocrx_word' id='word_1_9' title='bbox 681 423 821 478; x_wconf 70' lang='lat' dir='ltr'><strong>«Vos</strong></span> <span class='ocrx_word' id='word_1_10' title='bbox 847 424 979 483; x_wconf 78' lang='lat' dir='ltr'><strong>deos</strong></span> <span class='ocrx_word' id='word_1_11' title='bbox 1007 439 1192 495; x_wconf 82' lang='lat' dir='ltr'><strong>parum</strong></span> <span class='ocrx_word' id='word_1_12' title='bbox 1216 435 1300 484; x_wconf 69' lang='lat' dir='ltr'><strong>est</strong></span> <span class='ocrx_word' id='word_1_13' title='bbox 1324 430 1619 485; x_wconf 82' lang='lat' dir='ltr'><strong>formarum</strong></span> <span class='ocrx_word' id='word_1_14' title='bbox 1648 432 1792 503; x_wconf 86' lang='lat' dir='ltr'><strong>qund</strong></span> <span class='ocrx_word' id='word_1_15' title='bbox 1819 449 1933 487; x_wconf 86' lang='lat' dir='ltr'><strong>am-</strong></span> <span class='ocrx_word' id='word_1_16' title='bbox 1962 438 2015 498; x_wconf 81' lang='grc' dir='ltr'><strong>Α</strong></span> <span class='ocrx_word' id='word_1_17' title='bbox 2041 431 2172 488; x_wconf 77' lang='lat' dir='ltr'><strong>Isid.</strong></span> <span class='ocrx_word' id='word_1_18' title='bbox 2197 474 2212 501; x_wconf 95' lang='lat'><strong>,</strong></span> <span class='ocrx_word' id='word_1_19' title='bbox 2242 436 2332 491; x_wconf 86' lang='lat' dir='ltr'><strong>lib.</strong></span> <span class='ocrx_word' id='word_1_20' title='bbox 2366 452 2402 491; x_wconf 92' lang='grc' dir='ltr'><strong>ιι</strong></span> <span class='ocrx_word' id='word_1_21' title='bbox 2435 436 2583 507; x_wconf 82' lang='lat' dir='ltr'><strong>Orig.</strong></span> <span class='ocrx_word' id='word_1_22' title='bbox 2606 477 2621 503; x_wconf 92' lang='lat'><strong>,</strong></span> <span class='ocrx_word' id='word_1_23' title='bbox 2670 452 2786 506; x_wconf 82' lang='lat' dir='ltr'><strong>cap.</strong></span> <span class='ocrx_word' id='word_1_24' title='bbox 2820 437 2846 493; x_wconf 68' lang='grc' dir='ltr'>ί</span> <span class='ocrx_word' id='word_1_25' title='bbox 2871 451 2891 503; x_wconf 88' lang='grc'><strong><em>;</em></strong></span> <span class='ocrx_word' id='word_1_26' title='bbox 2930 437 3092 494; x_wconf 81' lang='lat' dir='ltr'><strong>Cicer.</strong></span> <span class='ocrx_word' id='word_1_27' title='bbox 3120 481 3135 508; x_wconf 94' lang='lat'><strong>,</strong></span> <span class='ocrx_word' id='word_1_28' title='bbox 3165 438 3256 495; x_wconf 83' lang='lat' dir='ltr'><strong>lib.</strong></span> <span class='ocrx_word' id='word_1_29' title='bbox 3289 455 3307 496; x_wconf 89' lang='grc' dir='ltr'><strong>ι</strong></span> <span class='ocrx_word' id='word_1_30' title='bbox 3337 439 3401 494; x_wconf 82' lang='lat' dir='ltr'><strong>de</strong></span> <span class='ocrx_word' id='word_1_31' title='bbox 3430 437 3629 525; x_wconf 77' lang='lat' dir='ltr'><strong>Natur.</strong></span> 
     </span>
    </p>
   </div>
   <div class='ocr_carea' id='block_1_5' title="bbox 337 518 1932 588">
    <p class='ocr_par' dir='ltr' id='par_1_5' title="bbox 337 518 1932 588">
     <span class='ocr_line' id='line_1_5' title="bbox 337 518 1932 588; baseline 0.007 -17"><span class='ocrx_word' id='word_1_32' title='bbox 337 518 634 586; x_wconf 76' lang='lat' dir='ltr'><strong>plectimini</strong></span> <span class='ocrx_word' id='word_1_33' title='bbox 666 522 965 581; x_wconf 63' lang='lat' dir='ltr'><strong>mentione.</strong></span> <span class='ocrx_word' id='word_1_34' title='bbox 1001 520 1089 575; x_wconf 71' lang='lat' dir='ltr'><strong>ﬁlo</strong></span> <span class='ocrx_word' id='word_1_35' title='bbox 1118 531 1173 576; x_wconf 85' lang='lat' dir='ltr'><strong>et</strong></span> <span class='ocrx_word' id='word_1_36' title='bbox 1202 525 1565 580; x_wconf 79' lang='lat' dir='ltr'><strong>atterminatis</strong></span> <span class='ocrx_word' id='word_1_37' title='bbox 1590 527 1844 588; x_wconf 86' lang='lat' dir='ltr'><strong>humano.</strong></span> <span class='ocrx_word' id='word_1_38' title='bbox 1876 535 1932 581; x_wconf 87' lang='lat' dir='ltr'><strong>et</strong></span> 
     </span>
    </p>
   </div>
   <div class='ocr_carea' id='block_1_6' title="bbox 337 609 1929 691">
    <p class='ocr_par' dir='ltr' id='par_1_6' title="bbox 337 609 1929 691">
     <span class='ocr_line' id='line_1_6' title="bbox 337 609 1929 691; baseline 0.008 -28"><span class='ocrx_word' id='word_1_39' title='bbox 337 609 478 680; x_wconf 89' lang='lat' dir='ltr'><strong>quod</strong></span> <span class='ocrx_word' id='word_1_40' title='bbox 507 610 777 683; x_wconf 77' lang='lat' dir='ltr'><strong>indignius</strong></span> <span class='ocrx_word' id='word_1_41' title='bbox 805 614 975 667; x_wconf 88' lang='lat' dir='ltr'><strong>nmlto</strong></span> <span class='ocrx_word' id='word_1_42' title='bbox 998 624 1112 684; x_wconf 86' lang='lat' dir='ltr'><strong>est,</strong></span> <span class='ocrx_word' id='word_1_43' title='bbox 1137 624 1475 673; x_wconf 75' lang='lat' dir='ltr'><strong>terrenarum</strong></span> <span class='ocrx_word' id='word_1_44' title='bbox 1503 634 1790 691; x_wconf 82' lang='lat' dir='ltr'><strong>corporum</strong></span> <span class='ocrx_word' id='word_1_45' title='bbox 1819 624 1929 675; x_wconf 86' lang='lat' dir='ltr'><strong>cir-</strong></span> 
     </span>
    </p>
   </div>
   <div class='ocr_carea' id='block_1_7' title="bbox 334 704 1925 772">
    <p class='ocr_par' dir='ltr' id='par_1_7' title="bbox 334 704 1925 772">
     <span class='ocr_line' id='line_1_7' title="bbox 334 704 1925 772; baseline 0.006 -14"><span class='ocrx_word' id='word_1_46' title='bbox 334 717 669 758; x_wconf 61' lang='lat' dir='ltr'><strong>cumczsura</strong></span> <span class='ocrx_word' id='word_1_47' title='bbox 703 704 885 770; x_wconf 76' lang='lat' dir='ltr'><strong>licitis,</strong></span> <span class='ocrx_word' id='word_1_48' title='bbox 915 726 934 759; x_wconf 82' lang='grc' dir='ltr'><strong>ι</strong></span> <span class='ocrx_word' id='word_1_49' title='bbox 961 705 1066 762; x_wconf 85' lang='lat' dir='ltr'><strong>hoc</strong></span> <span class='ocrx_word' id='word_1_50' title='bbox 1093 719 1206 772; x_wconf 88' lang='lat' dir='ltr'><strong>est,</strong></span> <span class='ocrx_word' id='word_1_51' title='bbox 1237 709 1369 765; x_wconf 83' lang='lat' dir='ltr'><strong>deos</strong></span> <span class='ocrx_word' id='word_1_52' title='bbox 1396 725 1607 767; x_wconf 74' lang='lat' dir='ltr'><strong>vosuos</strong></span> <span class='ocrx_word' id='word_1_53' title='bbox 1635 712 1925 769; x_wconf 85' lang='lat' dir='ltr'><strong>formarum</strong></span> 
     </span>
    </p>
   </div>
   <div class='ocr_carea' id='block_1_8' title="bbox 334 798 1928 874">
    <p class='ocr_par' dir='ltr' id='par_1_8' title="bbox 334 798 1928 874">
     <span class='ocr_line' id='line_1_8' title="bbox 334 798 1928 874; baseline 0.009 -24"><span class='ocrx_word' id='word_1_54' title='bbox 334 798 625 862; x_wconf 64' lang='lat' dir='ltr'><strong>mansione,</strong></span> <span class='ocrx_word' id='word_1_55' title='bbox 655 813 751 853; x_wconf 81' lang='lat' dir='ltr'><strong>seu</strong></span> <span class='ocrx_word' id='word_1_56' title='bbox 780 800 1123 857; x_wconf 79' lang='lat' dir='ltr'><strong>dimensione</strong></span> <span class='ocrx_word' id='word_1_57' title='bbox 1150 804 1233 859; x_wconf 83' lang='lat' dir='ltr'><strong>vel</strong></span> <span class='ocrx_word' id='word_1_58' title='bbox 1264 821 1545 872; x_wconf 75' lang='lat' dir='ltr'><strong>mensura,</strong></span> <span class='ocrx_word' id='word_1_59' title='bbox 1576 817 1630 863; x_wconf 88' lang='lat' dir='ltr'><strong>et</strong></span> <span class='ocrx_word' id='word_1_60' title='bbox 1661 808 1780 874; x_wconf 82' lang='lat' dir='ltr'><strong>ﬁlo,</strong></span> <span class='ocrx_word' id='word_1_61' title='bbox 1814 813 1928 865; x_wconf 76' lang='lat' dir='ltr'><strong>sive</strong></span> 
     </span>
    </p>
   </div>
   <div class='ocr_carea' id='block_1_9' title="bbox 334 892 1927 970">
    <p class='ocr_par' dir='ltr' id='par_1_9' title="bbox 334 892 1927 970">
     <span class='ocr_line' id='line_1_9' title="bbox 334 892 1927 970; baseline 0.011 -28"><span class='ocrx_word' id='word_1_62' title='bbox 334 898 545 943; x_wconf 80' lang='lat' dir='ltr'><strong>textura</strong></span> <span class='ocrx_word' id='word_1_63' title='bbox 575 900 632 945; x_wconf 87' lang='lat' dir='ltr'><strong>et</strong></span> <span class='ocrx_word' id='word_1_64' title='bbox 660 892 1000 948; x_wconf 68' lang='lat' dir='ltr'><strong>lineamentis</strong></span> <span class='ocrx_word' id='word_1_65' title='bbox 1031 895 1282 951; x_wconf 81' lang='lat' dir='ltr'><strong>humanis</strong></span> <span class='ocrx_word' id='word_1_66' title='bbox 1303 940 1315 960; x_wconf 90' lang='lat'><strong>,</strong></span> <span class='ocrx_word' id='word_1_67' title='bbox 1349 914 1411 953; x_wconf 91' lang='lat' dir='ltr'><strong>ac</strong></span> <span class='ocrx_word' id='word_1_68' title='bbox 1437 916 1725 970; x_wconf 73' lang='lat' dir='ltr'><strong>corporum</strong></span> <span class='ocrx_word' id='word_1_69' title='bbox 1755 912 1927 963; x_wconf 79' lang='lat' dir='ltr'><strong>terre-</strong></span> 
     </span>
    </p>
   </div>
   <div class='ocr_carea' id='block_1_10' title="bbox 331 982 1928 1053">
    <p class='ocr_par' dir='ltr' id='par_1_10' title="bbox 331 982 1928 1053">
     <span class='ocr_line' id='line_1_10' title="bbox 331 982 1928 1053; baseline 0.009 -19"><span class='ocrx_word' id='word_1_70' title='bbox 331 995 526 1035; x_wconf 88' lang='lat' dir='ltr'><strong>norum</strong></span> <span class='ocrx_word' id='word_1_71' title='bbox 558 982 966 1039; x_wconf 73' lang='lat' dir='ltr'><strong>circumczesnra</strong></span> <span class='ocrx_word' id='word_1_72' title='bbox 986 1029 1000 1053; x_wconf 91' lang='lat'><strong>,</strong></span> <span class='ocrx_word' id='word_1_73' title='bbox 1034 1002 1128 1042; x_wconf 87' lang='lat' dir='ltr'><strong>seu</strong></span> <span class='ocrx_word' id='word_1_74' title='bbox 1159 992 1499 1045; x_wconf 78' lang='lat' dir='ltr'><strong>extremitate</strong></span> <span class='ocrx_word' id='word_1_75' title='bbox 1531 994 1835 1048; x_wconf 74' lang='lat' dir='ltr'><strong>terminatis</strong></span> <span class='ocrx_word' id='word_1_76' title='bbox 1873 1004 1928 1051; x_wconf 88' lang='lat' dir='ltr'><strong>et</strong></span> 
     </span>
    </p>
   </div>
   <div class='ocr_carea' id='block_1_11' title="bbox 331 1074 1927 1155">
    <p class='ocr_par' dir='ltr' id='par_1_11' title="bbox 331 1074 1927 1155">
     <span class='ocr_line' id='line_1_11' title="bbox 331 1074 1927 1155; baseline 0.011 -27"><span class='ocrx_word' id='word_1_77' title='bbox 331 1074 793 1134; x_wconf 76' lang='lat' dir='ltr'><strong>circumseribitis.</strong></span> <span class='ocrx_word' id='word_1_78' title='bbox 830 1081 1001 1150; x_wconf 80' lang='lat' dir='ltr'><strong>Priori</strong></span> <span class='ocrx_word' id='word_1_79' title='bbox 1044 1092 1224 1140; x_wconf 86' lang='lat' dir='ltr'><strong>autem</strong></span> <span class='ocrx_word' id='word_1_80' title='bbox 1258 1088 1425 1142; x_wconf 83' lang='lat' dir='ltr'><strong>verbo</strong></span> <span class='ocrx_word' id='word_1_81' title='bbox 1457 1105 1586 1155; x_wconf 83' lang='lat' dir='ltr'><strong>usus</strong></span> <span class='ocrx_word' id='word_1_82' title='bbox 1623 1099 1711 1145; x_wconf 82' lang='lat' dir='ltr'><strong>est</strong></span> <span class='ocrx_word' id='word_1_83' title='bbox 1734 1089 1927 1146; x_wconf 80' lang='lat' dir='ltr'><strong>Cicero</strong></span> 
     </span>
    </p>
   </div>
   <div class='ocr_carea' id='block_1_12' title="bbox 333 1166 1926 1252">
    <p class='ocr_par' dir='ltr' id='par_1_12' title="bbox 333 1166 1926 1252">
     <span class='ocr_line' id='line_1_12' title="bbox 333 1166 1926 1252; baseline 0.01 -29"><span class='ocrx_word' id='word_1_84' title='bbox 333 1166 502 1240; x_wconf 68' lang='lat'><strong>(056..</strong></span> <span class='ocrx_word' id='word_1_85' title='bbox 545 1170 779 1252; x_wconf 54' lang='lat' dir='ltr'><strong>Oratam,</strong></span> <span class='ocrx_word' id='word_1_86' title='bbox 823 1192 941 1246; x_wconf 82' lang='lat' dir='ltr'><strong>pag.</strong></span> <span class='ocrx_word' id='word_1_87' title='bbox 973 1176 1102 1241; x_wconf 73' lang='lat'><strong>268,</strong></span> <span class='ocrx_word' id='word_1_88' title='bbox 1135 1179 1230 1234; x_wconf 80' lang='lat' dir='ltr'><strong>(in.</strong></span> <span class='ocrx_word' id='word_1_89' title='bbox 1263 1179 1359 1251; x_wconf 71' lang='lat'><strong>2),</strong></span> <span class='ocrx_word' id='word_1_90' title='bbox 1395 1190 1450 1237; x_wconf 90' lang='lat' dir='ltr'><strong>et</strong></span> <span class='ocrx_word' id='word_1_91' title='bbox 1479 1182 1588 1237; x_wconf 89' lang='lat' dir='ltr'><strong>duo</strong></span> <span class='ocrx_word' id='word_1_92' title='bbox 1626 1186 1926 1252; x_wconf 82' lang='lat' dir='ltr'><strong>posteriora</strong></span> 
     </span>
    </p>
   </div>
   <div class='ocr_carea' id='block_1_13' title="bbox 329 1244 1958 1348">
    <p class='ocr_par' dir='ltr' id='par_1_13' title="bbox 329 1244 1958 1348">
     <span class='ocr_line' id='line_1_13' title="bbox 329 1244 1958 1348; baseline 0.009 -30"><span class='ocrx_word' id='word_1_93' title='bbox 329 1263 613 1336; x_wconf 86' lang='lat' dir='ltr'><strong>desumpta</strong></span> <span class='ocrx_word' id='word_1_94' title='bbox 640 1244 715 1322; x_wconf 56' lang='lat' dir='ltr'><strong>cf</strong></span> <span class='ocrx_word' id='word_1_95' title='bbox 733 1244 982 1329; x_wconf 85' lang='lat' dir='ltr'><strong>Lucretio</strong></span> <span class='ocrx_word' id='word_1_96' title='bbox 1012 1271 1280 1329; x_wconf 85' lang='lat' dir='ltr'><strong>videntur.</strong></span> <span class='ocrx_word' id='word_1_97' title='bbox 1316 1244 1490 1329; x_wconf 50' lang='lat' dir='ltr'><strong>Variis</strong></span> <span class='ocrx_word' id='word_1_98' title='bbox 1515 1244 1713 1348; x_wconf 75' lang='lat' dir='ltr'><strong>quippe</strong></span> <span class='ocrx_word' id='word_1_99' title='bbox 1741 1293 1801 1333; x_wconf 86' lang='lat' dir='ltr'><strong>ea</strong></span> <span class='ocrx_word' id='word_1_100' title='bbox 1831 1277 1958 1331; x_wconf 76' lang='lat' dir='ltr'><strong>ad-’</strong></span> 
     </span>
    </p>
   </div>
   <div class='ocr_carea' id='block_1_14' title="bbox 329 1356 1495 1435">
    <p class='ocr_par' dir='ltr' id='par_1_14' title="bbox 329 1356 1495 1435">
     <span class='ocr_line' id='line_1_14' title="bbox 329 1356 1495 1435; baseline 0.009 -24"><span class='ocrx_word' id='word_1_101' title='bbox 329 1356 479 1414; x_wconf 82' lang='lat' dir='ltr'><strong>hibet</strong></span> <span class='ocrx_word' id='word_1_102' title='bbox 514 1360 566 1413; x_wconf 90' lang='lat' dir='ltr'><strong>in</strong></span> <span class='ocrx_word' id='word_1_103' title='bbox 596 1360 763 1427; x_wconf 85' lang='lat' dir='ltr'><strong>locis,</strong></span> <span class='ocrx_word' id='word_1_104' title='bbox 798 1362 941 1417; x_wconf 90' lang='lat' dir='ltr'><strong>unde</strong></span> <span class='ocrx_word' id='word_1_105' title='bbox 978 1364 1093 1418; x_wconf 77' lang='lat' dir='ltr'><strong>btec</strong></span> <span class='ocrx_word' id='word_1_106' title='bbox 1125 1365 1495 1435; x_wconf 75' lang='lat' dir='ltr'><strong>proferemus:</strong></span> 
     </span>
    </p>
   </div>
   <div class='ocr_carea' id='block_1_15' title="bbox 420 1472 1519 1542">
    <p class='ocr_par' dir='ltr' id='par_1_15' title="bbox 420 1472 1519 1542">
     <span class='ocr_line' id='line_1_15' title="bbox 420 1472 1519 1542; baseline 0.009 -20"><span class='ocrx_word' id='word_1_107' title='bbox 420 1472 549 1542; x_wconf 74' lang='lat' dir='ltr'><strong>Sunt</strong></span> <span class='ocrx_word' id='word_1_108' title='bbox 565 1475 714 1542; x_wconf 78' lang='lat' dir='ltr'><strong>igitur</strong></span> <span class='ocrx_word' id='word_1_109' title='bbox 733 1476 829 1542; x_wconf 81' lang='lat' dir='ltr'><strong>jam</strong></span> <span class='ocrx_word' id='word_1_110' title='bbox 854 1475 1116 1542; x_wconf 79' lang='lat' dir='ltr'><strong>formarum</strong></span> <span class='ocrx_word' id='word_1_111' title='bbox 1139 1480 1346 1539; x_wconf 75' lang='lat' dir='ltr'><strong>vestigia</strong></span> <span class='ocrx_word' id='word_1_112' title='bbox 1373 1494 1519 1542; x_wconf 72' lang='lat' dir='ltr'><strong>eteca,</strong></span> 
     </span>
    </p>
   </div>
   <div class='ocr_carea' id='block_1_16' title="bbox 419 1537 1486 1604">
    <p class='ocr_par' dir='ltr' id='par_1_16' title="bbox 419 1537 1486 1604">
     <span class='ocr_line' id='line_1_16' title="bbox 419 1537 1486 1604; baseline 0.005 -16"><span class='ocrx_word' id='word_1_113' title='bbox 419 1537 541 1597; x_wconf 67' lang='lat' dir='ltr'><strong>Qua</strong></span> <span class='ocrx_word' id='word_1_114' title='bbox 567 1537 715 1600; x_wconf 71' lang='lat' dir='ltr'><strong>vulgo</strong></span> <span class='ocrx_word' id='word_1_115' title='bbox 736 1538 940 1595; x_wconf 78' lang='lat' dir='ltr'><strong>velitaut</strong></span> <span class='ocrx_word' id='word_1_116' title='bbox 959 1540 1128 1593; x_wconf 81' lang='lat' dir='ltr'><strong>subtili</strong></span> <span class='ocrx_word' id='word_1_117' title='bbox 1155 1537 1353 1604; x_wconf 62' lang='lat' dir='ltr'><strong>prtedita</strong></span> <span class='ocrx_word' id='word_1_118' title='bbox 1388 1543 1486 1595; x_wconf 82' lang='lat' dir='ltr'><strong>ﬁlo.</strong></span> 
     </span>
    </p>
   </div>
   <div class='ocr_carea' id='block_1_17' title="bbox 859 1621 1768 1696">
    <p class='ocr_par' dir='ltr' id='par_1_17' title="bbox 859 1621 1768 1696">
     <span class='ocr_line' id='line_1_17' title="bbox 859 1621 1768 1696; baseline 0.001 -19"><span class='ocrx_word' id='word_1_119' title='bbox 859 1621 1093 1689; x_wconf 52' lang='lat' dir='ltr'><strong>(Lucra,</strong></span> <span class='ocrx_word' id='word_1_120' title='bbox 1118 1622 1202 1687; x_wconf 80' lang='lat' dir='ltr'><strong>lib,</strong></span> <span class='ocrx_word' id='word_1_121' title='bbox 1226 1642 1293 1688; x_wconf 75' lang='lat' dir='ltr'><strong>tv,</strong></span> <span class='ocrx_word' id='word_1_122' title='bbox 1319 1639 1446 1679; x_wconf 76' lang='lat' dir='ltr'><strong>uera.</strong></span> <span class='ocrx_word' id='word_1_123' title='bbox 1466 1629 1592 1685; x_wconf 75' lang='lat' dir='ltr'><strong>85et</strong></span> <span class='ocrx_word' id='word_1_124' title='bbox 1612 1628 1768 1696; x_wconf 76' lang='lat' dir='ltr'><strong>seqq.)</strong></span> 
     </span>
    </p>
   </div>
   <div class='ocr_carea' id='block_1_18' title="bbox 326 1729 673 1789">
    <p class='ocr_par' dir='ltr' id='par_1_18' title="bbox 326 1729 673 1789">
     <span class='ocr_line' id='line_1_18' title="bbox 326 1729 673 1789; baseline 0.009 -4"><span class='ocrx_word' id='word_1_125' title='bbox 326 1729 474 1788; x_wconf 78' lang='lat' dir='ltr'><strong>Alibi</strong></span> <span class='ocrx_word' id='word_1_126' title='bbox 513 1747 673 1789; x_wconf 77' lang='lat' dir='ltr'><strong>vero:</strong></span> 
     </span>
    </p>
   </div>
   <div class='ocr_carea' id='block_1_19' title="bbox 890 1827 1552 1889">
    <p class='ocr_par' dir='ltr' id='par_1_19' title="bbox 890 1827 1552 1889">
     <span class='ocr_line' id='line_1_19' title="bbox 890 1827 1552 1889; baseline 0.006 -12"><span class='ocrx_word' id='word_1_127' title='bbox 890 1828 1068 1889; x_wconf 74' lang='lat' dir='ltr'><strong>Specie</strong></span> <span class='ocrx_word' id='word_1_128' title='bbox 1102 1827 1299 1883; x_wconf 83' lang='lat' dir='ltr'><strong>confusa</strong></span> <span class='ocrx_word' id='word_1_129' title='bbox 1325 1830 1552 1887; x_wconf 83' lang='lat' dir='ltr'><strong>videntur</strong></span> 
     </span>
    </p>
   </div>
   <div class='ocr_carea' id='block_1_20' title="bbox 420 1887 1024 1951">
    <p class='ocr_par' dir='ltr' id='par_1_20' title="bbox 420 1887 1024 1951">
     <span class='ocr_line' id='line_1_20' title="bbox 420 1887 1024 1951; baseline 0.007 -15"><span class='ocrx_word' id='word_1_130' title='bbox 420 1887 578 1951; x_wconf 86' lang='lat' dir='ltr'><strong>Quam</strong></span> <span class='ocrx_word' id='word_1_131' title='bbox 600 1892 852 1951; x_wconf 84' lang='lat' dir='ltr'><strong>minimum</strong></span> <span class='ocrx_word' id='word_1_132' title='bbox 874 1887 1024 1940; x_wconf 83' lang='lat' dir='ltr'><strong>tilum.</strong></span> 
     </span>
    </p>
   </div>
   <div class='ocr_carea' id='block_1_21' title="bbox 425 1988 1537 2007">
    <p class='ocr_par' dir='ltr' id='par_1_21' title="bbox 425 1988 1537 2007">
     <span class='ocr_line' id='line_1_21' title="bbox 425 1988 1537 2007; baseline 0.004 -6"><span class='ocrx_word' id='word_1_133' title='bbox 425 1991 437 2001; x_wconf 73' lang='grc' dir='ltr'><strong>ι</strong></span> <span class='ocrx_word' id='word_1_134' title='bbox 509 1988 521 1999; x_wconf 70' lang='grc' dir='ltr'><strong>Ι</strong></span> <span class='ocrx_word' id='word_1_135' title='bbox 592 1990 605 2002; x_wconf 71' lang='grc'><strong><em>⁸</em></strong></span> <span class='ocrx_word' id='word_1_136' title='bbox 678 1990 689 2001; x_wconf 69' lang='grc' dir='ltr'><strong>ο</strong></span> <span class='ocrx_word' id='word_1_137' title='bbox 759 1992 770 2004; x_wconf 73' lang='grc' dir='ltr'><strong>ο</strong></span> <span class='ocrx_word' id='word_1_138' title='bbox 842 1991 851 2003; x_wconf 73' lang='grc' dir='ltr'>α</span> <span class='ocrx_word' id='word_1_139' title='bbox 925 1989 957 2003; x_wconf 70' lang='grc' dir='ltr'><strong><em>οι</em></strong></span> <span class='ocrx_word' id='word_1_140' title='bbox 1028 1989 1042 2001; x_wconf 74' lang='grc' dir='ltr'><strong>ο</strong></span> <span class='ocrx_word' id='word_1_141' title='bbox 1112 1991 1125 2003; x_wconf 78' lang='grc' dir='ltr'><strong>ο</strong></span> <span class='ocrx_word' id='word_1_142' title='bbox 1194 1992 1205 2003; x_wconf 73' lang='grc' dir='ltr'><strong>ο</strong></span> <span class='ocrx_word' id='word_1_143' title='bbox 1274 1992 1287 2005; x_wconf 75' lang='grc' dir='ltr'><strong>σ</strong></span> <span class='ocrx_word' id='word_1_144' title='bbox 1360 1993 1370 2004; x_wconf 82' lang='grc' dir='ltr'><strong>Ι</strong></span> <span class='ocrx_word' id='word_1_145' title='bbox 1442 1999 1455 2005; x_wconf 62' lang='grc' dir='ltr'><em>υ</em></span> <span class='ocrx_word' id='word_1_146' title='bbox 1525 1996 1537 2007; x_wconf 70' lang='grc' dir='ltr'><strong><em>ο</em></strong></span> 
     </span>
    </p>
   </div>
   <div class='ocr_carea' id='block_1_22' title="bbox 420 2014 1725 2079">
    <p class='ocr_par' dir='ltr' id='par_1_22' title="bbox 420 2014 1725 2079">
     <span class='ocr_line' id='line_1_22' title="bbox 420 2014 1725 2079; baseline 0.004 -16"><span class='ocrx_word' id='word_1_147' title='bbox 420 2014 725 2079; x_wconf 74' lang='lat' dir='ltr'><strong>Perparvam</strong></span> <span class='ocrx_word' id='word_1_148' title='bbox 749 2016 990 2079; x_wconf 85' lang='lat' dir='ltr'><strong>quoddam</strong></span> <span class='ocrx_word' id='word_1_149' title='bbox 1016 2017 1262 2079; x_wconf 80' lang='lat' dir='ltr'><strong>interdum</strong></span> <span class='ocrx_word' id='word_1_150' title='bbox 1280 2025 1469 2073; x_wconf 88' lang='lat' dir='ltr'><strong>mutare</strong></span> <span class='ocrx_word' id='word_1_151' title='bbox 1497 2019 1725 2071; x_wconf 83' lang='lat' dir='ltr'><strong>videntur</strong></span> 
     </span>
    </p>
   </div>
   <div class='ocr_carea' id='block_1_23' title="bbox 421 2076 1183 2131">
    <p class='ocr_par' dir='ltr' id='par_1_23' title="bbox 421 2076 1183 2131">
     <span class='ocr_line' id='line_1_23' title="bbox 421 2076 1183 2131; baseline 0.008 -6"><span class='ocrx_word' id='word_1_152' title='bbox 421 2076 723 2129; x_wconf 73' lang='lat' dir='ltr'><strong>Alterutrum</strong></span> <span class='ocrx_word' id='word_1_153' title='bbox 746 2076 795 2126; x_wconf 79' lang='lat' dir='ltr'><strong>in</strong></span> <span class='ocrx_word' id='word_1_154' title='bbox 821 2088 1008 2131; x_wconf 84' lang='lat' dir='ltr'><strong>partem</strong></span> <span class='ocrx_word' id='word_1_155' title='bbox 1034 2078 1183 2131; x_wconf 86' lang='lat' dir='ltr'><strong>filum.</strong></span> 
     </span>
    </p>
   </div>
   <div class='ocr_carea' id='block_1_24' title="bbox 673 2139 1799 2211">
    <p class='ocr_par' dir='ltr' id='par_1_24' title="bbox 673 2139 1799 2211">
     <span class='ocr_line' id='line_1_24' title="bbox 673 2139 1799 2211; baseline 0.004 -20"><span class='ocrx_word' id='word_1_156' title='bbox 673 2141 751 2204; x_wconf 82' lang='lat' dir='ltr'><strong>(Et</strong></span> <span class='ocrx_word' id='word_1_157' title='bbox 771 2139 854 2191; x_wconf 84' lang='lat' dir='ltr'><strong>lib.</strong></span> <span class='ocrx_word' id='word_1_158' title='bbox 888 2156 935 2201; x_wconf 76' lang='grc' dir='ltr'><strong><em>γ,</em></strong></span> <span class='ocrx_word' id='word_1_159' title='bbox 952 2153 1079 2192; x_wconf 74' lang='lat' dir='ltr'><strong>vers.</strong></span> <span class='ocrx_word' id='word_1_160' title='bbox 1104 2141 1216 2204; x_wconf 77' lang='grc'><strong>581,</strong></span> <span class='ocrx_word' id='word_1_161' title='bbox 1243 2149 1287 2193; x_wconf 81' lang='lat' dir='ltr'><strong>et</strong></span> <span class='ocrx_word' id='word_1_162' title='bbox 1310 2156 1435 2195; x_wconf 86' lang='lat' dir='ltr'><strong>vers.</strong></span> <span class='ocrx_word' id='word_1_163' title='bbox 1466 2144 1558 2194; x_wconf 75' lang='lat'><strong>588</strong></span> <span class='ocrx_word' id='word_1_164' title='bbox 1581 2150 1628 2196; x_wconf 80' lang='lat' dir='ltr'><strong>et</strong></span> <span class='ocrx_word' id='word_1_165' title='bbox 1645 2147 1799 2211; x_wconf 84' lang='lat' dir='ltr'><strong>seqq.)</strong></span> 
     </span>
    </p>
   </div>
   <div class='ocr_carea' id='block_1_25' title="bbox 325 2243 1926 2307">
    <p class='ocr_par' dir='ltr' id='par_1_25' title="bbox 325 2243 1926 2307">
     <span class='ocr_line' id='line_1_25' title="bbox 325 2243 1926 2307; baseline -0.001 -7"><span class='ocrx_word' id='word_1_166' title='bbox 325 2243 449 2300; x_wconf 78' lang='lat' dir='ltr'><strong>Alio</strong></span> <span class='ocrx_word' id='word_1_167' title='bbox 470 2252 650 2298; x_wconf 84' lang='lat' dir='ltr'><strong>autem</strong></span> <span class='ocrx_word' id='word_1_168' title='bbox 677 2244 728 2297; x_wconf 91' lang='lat' dir='ltr'><strong>in</strong></span> <span class='ocrx_word' id='word_1_169' title='bbox 755 2243 893 2297; x_wconf 88' lang='lat' dir='ltr'><strong>libro</strong></span> <span class='ocrx_word' id='word_1_170' title='bbox 917 2259 1113 2307; x_wconf 83' lang='lat' dir='ltr'><strong>nomen</strong></span> <span class='ocrx_word' id='word_1_171' title='bbox 1136 2244 1551 2299; x_wconf 66' lang='lat' dir='ltr'><strong>circumcaesura</strong></span> <span class='ocrx_word' id='word_1_172' title='bbox 1573 2244 1650 2299; x_wconf 88' lang='lat' dir='ltr'><strong>sic</strong></span> <span class='ocrx_word' id='word_1_173' title='bbox 1674 2244 1926 2300; x_wconf 85' lang='lat' dir='ltr'><strong>adhibet:</strong></span> 
     </span>
    </p>
   </div>
   <div class='ocr_carea' id='block_1_26' title="bbox 419 2358 1627 2415">
    <p class='ocr_par' dir='ltr' id='par_1_26' title="bbox 419 2358 1627 2415">
     <span class='ocr_line' id='line_1_26' title="bbox 419 2358 1627 2415; baseline 0 -6"><span class='ocrx_word' id='word_1_174' title='bbox 419 2358 616 2415; x_wconf 69' lang='lat' dir='ltr'><strong>Extima</strong></span> <span class='ocrx_word' id='word_1_175' title='bbox 640 2360 973 2409; x_wconf 78' lang='lat' dir='ltr'><strong>membrorum</strong></span> <span class='ocrx_word' id='word_1_176' title='bbox 991 2361 1361 2413; x_wconf 51' lang='lat' dir='ltr'><strong>circumcaesura</strong></span> <span class='ocrx_word' id='word_1_177' title='bbox 1382 2368 1547 2410; x_wconf 83' lang='lat' dir='ltr'><strong>tamen</strong></span> <span class='ocrx_word' id='word_1_178' title='bbox 1571 2374 1627 2409; x_wconf 86' lang='lat' dir='ltr'><strong>se</strong></span> 
     </span>
    </p>
   </div>
   <div class='ocr_carea' id='block_1_27' title="bbox 419 2422 963 2483">
    <p class='ocr_par' dir='ltr' id='par_1_27' title="bbox 419 2422 963 2483">
     <span class='ocr_line' id='line_1_27' title="bbox 419 2422 963 2483; baseline -0.004 -10"><span class='ocrx_word' id='word_1_179' title='bbox 419 2422 722 2473; x_wconf 83' lang='lat' dir='ltr'><strong>Incolumem</strong></span> <span class='ocrx_word' id='word_1_180' title='bbox 744 2430 963 2483; x_wconf 62' lang='lat' dir='ltr'><strong>praestat.</strong></span> 
     </span>
    </p>
   </div>
   <div class='ocr_carea' id='block_1_28' title="bbox 1166 2483 1679 2550">
    <p class='ocr_par' dir='ltr' id='par_1_28' title="bbox 1166 2483 1679 2550">
     <span class='ocr_line' id='line_1_28' title="bbox 1166 2483 1679 2550; baseline 0.008 -15"><span class='ocrx_word' id='word_1_181' title='bbox 1166 2483 1293 2549; x_wconf 85' lang='lat' dir='ltr'><strong>(Lib.</strong></span> <span class='ocrx_word' id='word_1_182' title='bbox 1313 2499 1380 2546; x_wconf 89' lang='grc' dir='ltr'><strong><em>ιιι,</em></strong></span> <span class='ocrx_word' id='word_1_183' title='bbox 1399 2498 1523 2538; x_wconf 85' lang='lat' dir='ltr'><strong>vers.</strong></span> <span class='ocrx_word' id='word_1_184' title='bbox 1544 2486 1679 2550; x_wconf 74' lang='lat'><strong>220!)</strong></span> 
     </span>
    </p>
   </div>
   <div class='ocr_carea' id='block_1_29' title="bbox 324 2570 743 2633">
    <p class='ocr_par' dir='ltr' id='par_1_29' title="bbox 324 2570 743 2633">
     <span class='ocr_line' id='line_1_29' title="bbox 324 2570 743 2633; baseline -0.002 -6"><span class='ocrx_word' id='word_1_185' title='bbox 324 2570 539 2633; x_wconf 79' lang='lat' dir='ltr'><strong>Rursus</strong></span> <span class='ocrx_word' id='word_1_186' title='bbox 569 2585 697 2631; x_wconf 84' lang='lat' dir='ltr'><strong>vero</strong></span> <span class='ocrx_word' id='word_1_187' title='bbox 731 2590 743 2626; x_wconf 87' lang='lat'><strong>:</strong></span> 
     </span>
    </p>
   </div>
   <div class='ocr_carea' id='block_1_30' title="bbox 420 2686 1601 2740">
    <p class='ocr_par' dir='ltr' id='par_1_30' title="bbox 420 2686 1601 2740">
     <span class='ocr_line' id='line_1_30' title="bbox 420 2686 1601 2740; baseline 0.002 -3"><span class='ocrx_word' id='word_1_188' title='bbox 420 2686 615 2737; x_wconf 83' lang='lat' dir='ltr'><strong>Extlma</strong></span> <span class='ocrx_word' id='word_1_189' title='bbox 636 2687 966 2737; x_wconf 83' lang='lat' dir='ltr'><strong>membrorum</strong></span> <span class='ocrx_word' id='word_1_190' title='bbox 986 2689 1359 2738; x_wconf 65' lang='lat' dir='ltr'><strong>circumcaesura</strong></span> <span class='ocrx_word' id='word_1_191' title='bbox 1378 2698 1601 2740; x_wconf 78' lang='lat' dir='ltr'><strong>coercet.</strong></span> 
     </span>
    </p>
   </div>
   <div class='ocr_carea' id='block_1_31' title="bbox 1146 2750 1682 2815">
    <p class='ocr_par' dir='ltr' id='par_1_31' title="bbox 1146 2750 1682 2815">
     <span class='ocr_line' id='line_1_31' title="bbox 1146 2750 1682 2815; baseline -0.006 -10"><span class='ocrx_word' id='word_1_192' title='bbox 1146 2750 1274 2815; x_wconf 82' lang='lat' dir='ltr'><strong>(Lib.</strong></span> <span class='ocrx_word' id='word_1_193' title='bbox 1300 2768 1365 2813; x_wconf 84' lang='lat' dir='ltr'><strong>tv,</strong></span> <span class='ocrx_word' id='word_1_194' title='bbox 1393 2764 1519 2805; x_wconf 82' lang='lat' dir='ltr'><strong>vers.</strong></span> <span class='ocrx_word' id='word_1_195' title='bbox 1544 2752 1682 2815; x_wconf 81' lang='grc'><strong>651.)</strong></span> 
     </span>
    </p>
   </div>
   <div class='ocr_carea' id='block_1_32' title="bbox 322 2854 1933 2927">
    <p class='ocr_par' dir='ltr' id='par_1_32' title="bbox 322 2854 1933 2927">
     <span class='ocr_line' id='line_1_32' title="bbox 322 2854 1933 2927; baseline 0.003 -17"><span class='ocrx_word' id='word_1_196' title='bbox 322 2854 488 2922; x_wconf 81' lang='lat' dir='ltr'><strong>Atqui</strong></span> <span class='ocrx_word' id='word_1_197' title='bbox 521 2870 619 2909; x_wconf 87' lang='lat' dir='ltr'><strong>nec</strong></span> <span class='ocrx_word' id='word_1_198' title='bbox 651 2856 783 2911; x_wconf 83' lang='lat' dir='ltr'><strong>tales</strong></span> <span class='ocrx_word' id='word_1_199' title='bbox 813 2871 934 2919; x_wconf 76' lang='lat' dir='ltr'><strong>esse</strong></span> <span class='ocrx_word' id='word_1_200' title='bbox 961 2855 1124 2922; x_wconf 82' lang='lat' dir='ltr'><strong>deos.</strong></span> <span class='ocrx_word' id='word_1_201' title='bbox 1155 2872 1257 2917; x_wconf 80' lang='lat' dir='ltr'><strong>nec</strong></span> <span class='ocrx_word' id='word_1_202' title='bbox 1286 2872 1543 2927; x_wconf 85' lang='lat' dir='ltr'><strong>corporea</strong></span> <span class='ocrx_word' id='word_1_203' title='bbox 1583 2858 1756 2915; x_wconf 86' lang='lat' dir='ltr'><strong>forma</strong></span> <span class='ocrx_word' id='word_1_204' title='bbox 1776 2898 1794 2924; x_wconf 92' lang='lat'><strong>,</strong></span> <span class='ocrx_word' id='word_1_205' title='bbox 1837 2865 1933 2915; x_wconf 85' lang='lat' dir='ltr'><strong>aut</strong></span> 
     </span>
    </p>
   </div>
   <div class='ocr_carea' id='block_1_33' title="bbox 323 2949 1930 3022">
    <p class='ocr_par' dir='ltr' id='par_1_33' title="bbox 323 2949 1930 3022">
     <span class='ocr_line' id='line_1_33' title="bbox 323 2949 1930 3022; baseline 0.002 -18"><span class='ocrx_word' id='word_1_206' title='bbox 323 2949 559 3006; x_wconf 83' lang='lat' dir='ltr'><strong>humana</strong></span> <span class='ocrx_word' id='word_1_207' title='bbox 602 2951 768 3021; x_wconf 81' lang='lat' dir='ltr'><strong>ligura</strong></span> <span class='ocrx_word' id='word_1_208' title='bbox 796 2962 853 3011; x_wconf 85' lang='lat' dir='ltr'><strong>et</strong></span> <span class='ocrx_word' id='word_1_209' title='bbox 881 2952 1064 3021; x_wconf 77' lang='lat' dir='ltr'><strong>specie</strong></span> <span class='ocrx_word' id='word_1_210' title='bbox 1092 2962 1343 3009; x_wconf 83' lang='lat' dir='ltr'><strong>constare</strong></span> <span class='ocrx_word' id='word_1_211' title='bbox 1375 2967 1534 3022; x_wconf 80' lang='lat' dir='ltr'><strong>posse</strong></span> <span class='ocrx_word' id='word_1_212' title='bbox 1562 2952 1808 3022; x_wconf 85' lang='lat' dir='ltr'><strong>pluribus</strong></span> <span class='ocrx_word' id='word_1_213' title='bbox 1838 2968 1930 3008; x_wconf 87' lang='lat' dir='ltr'><strong>ra-</strong></span> 
     </span>
    </p>
   </div>
   <div class='ocr_carea' id='block_1_34' title="bbox 323 3043 1930 3115">
    <p class='ocr_par' dir='ltr' id='par_1_34' title="bbox 323 3043 1930 3115">
     <span class='ocr_line' id='line_1_34' title="bbox 323 3043 1930 3115; baseline 0.003 -17"><span class='ocrx_word' id='word_1_214' title='bbox 323 3043 533 3103; x_wconf 86' lang='lat' dir='ltr'><strong>tionum</strong></span> <span class='ocrx_word' id='word_1_215' title='bbox 579 3044 934 3105; x_wconf 70' lang='lat' dir='ltr'><strong>ﬁrmamentis</strong></span> <span class='ocrx_word' id='word_1_216' title='bbox 964 3044 1240 3107; x_wconf 74' lang='lat' dir='ltr'><strong>Arnobius</strong></span> <span class='ocrx_word' id='word_1_217' title='bbox 1266 3044 1625 3103; x_wconf 77' lang='lat' dir='ltr'><strong>demonstrat.</strong></span> <span class='ocrx_word' id='word_1_218' title='bbox 1658 3044 1930 3115; x_wconf 75' lang='lat' dir='ltr'><strong>Excerpta</strong></span> 
     </span>
    </p>
   </div>
   <div class='ocr_carea' id='block_1_35' title="bbox 320 3137 1932 3208">
    <p class='ocr_par' dir='ltr' id='par_1_35' title="bbox 320 3137 1932 3208">
     <span class='ocr_line' id='line_1_35' title="bbox 320 3137 1932 3208; baseline 0.001 -16"><span class='ocrx_word' id='word_1_219' title='bbox 320 3146 505 3193; x_wconf 86' lang='lat' dir='ltr'><strong>autem</strong></span> <span class='ocrx_word' id='word_1_220' title='bbox 534 3146 661 3195; x_wconf 87' lang='lat' dir='ltr'><strong>sunt</strong></span> <span class='ocrx_word' id='word_1_221' title='bbox 688 3154 751 3192; x_wconf 88' lang='lat' dir='ltr'><strong>ea</strong></span> <span class='ocrx_word' id='word_1_222' title='bbox 783 3137 900 3197; x_wconf 84' lang='lat' dir='ltr'><strong>fere</strong></span> <span class='ocrx_word' id='word_1_223' title='bbox 929 3140 1109 3195; x_wconf 82' lang='lat' dir='ltr'><strong>omnia</strong></span> <span class='ocrx_word' id='word_1_224' title='bbox 1129 3181 1145 3205; x_wconf 92' lang='lat'><strong>,</strong></span> <span class='ocrx_word' id='word_1_225' title='bbox 1173 3156 1292 3208; x_wconf 68' lang='lat' dir='ltr'><strong>qute</strong></span> <span class='ocrx_word' id='word_1_226' title='bbox 1324 3139 1411 3194; x_wconf 88' lang='lat' dir='ltr'><strong>ille</strong></span> <span class='ocrx_word' id='word_1_227' title='bbox 1440 3155 1596 3199; x_wconf 84' lang='lat' dir='ltr'><strong>suum</strong></span> <span class='ocrx_word' id='word_1_228' title='bbox 1626 3155 1932 3197; x_wconf 75' lang='lat' dir='ltr'><strong>accommo-</strong></span> 
     </span>
    </p>
   </div>
   <div class='ocr_carea' id='block_1_36' title="bbox 2035 524 3038 604">
    <p class='ocr_par' dir='ltr' id='par_1_36' title="bbox 2035 524 3038 604">
     <span class='ocr_line' id='line_1_36' title="bbox 2035 524 3038 604; baseline 0.009 -28"><span class='ocrx_word' id='word_1_229' title='bbox 2035 524 2202 583; x_wconf 83' lang='lat' dir='ltr'><strong>deor..</strong></span> <span class='ocrx_word' id='word_1_230' title='bbox 2233 544 2352 598; x_wconf 83' lang='lat' dir='ltr'><strong>pug.</strong></span> <span class='ocrx_word' id='word_1_231' title='bbox 2383 528 2511 592; x_wconf 72' lang='grc'><strong>254,</strong></span> <span class='ocrx_word' id='word_1_232' title='bbox 2537 529 2631 583; x_wconf 83' lang='lat' dir='ltr'><strong>lin.</strong></span> <span class='ocrx_word' id='word_1_233' title='bbox 2663 530 2753 592; x_wconf 62' lang='lat'><strong>49,</strong></span> <span class='ocrx_word' id='word_1_234' title='bbox 2781 540 2828 584; x_wconf 75' lang='lat' dir='ltr'><strong>at</strong></span> <span class='ocrx_word' id='word_1_235' title='bbox 2853 530 3038 604; x_wconf 55' lang='grc' dir='ltr'><strong>βιαίῳ),</strong></span> 
     </span>
    </p>
   </div>
   <div class='ocr_carea' id='block_1_37' title="bbox 2106 618 3629 691">
    <p class='ocr_par' dir='ltr' id='par_1_37' title="bbox 2106 618 3629 691">
     <span class='ocr_line' id='line_1_37' title="bbox 2106 618 3629 691; baseline 0.005 -18"><span class='ocrx_word' id='word_1_236' title='bbox 2106 618 2271 673; x_wconf 74' lang='lat' dir='ltr'><strong>Addit</strong></span> <span class='ocrx_word' id='word_1_237' title='bbox 2292 623 2495 675; x_wconf 85' lang='lat' dir='ltr'><strong>Auctor</strong></span> <span class='ocrx_word' id='word_1_238' title='bbox 2523 632 2711 676; x_wconf 81' lang='lat' dir='ltr'><strong>noster</strong></span> <span class='ocrx_word' id='word_1_239' title='bbox 2740 640 2752 675; x_wconf 90' lang='lat'><strong>:</strong></span> <span class='ocrx_word' id='word_1_240' title='bbox 2780 640 2799 675; x_wconf 82' lang='grc' dir='ltr'><strong>ι</strong></span> <span class='ocrx_word' id='word_1_241' title='bbox 2825 622 3179 679; x_wconf 88' lang='lat' dir='ltr'><strong>Omentorum</strong></span> <span class='ocrx_word' id='word_1_242' title='bbox 3204 625 3629 691; x_wconf 71' lang='lat' dir='ltr'><strong>membranulas,</strong></span> 
     </span>
    </p>
   </div>
   <div class='ocr_carea' id='block_1_38' title="bbox 2033 713 3630 788">
    <p class='ocr_par' dir='ltr' id='par_1_38' title="bbox 2033 713 3630 788">
     <span class='ocr_line' id='line_1_38' title="bbox 2033 713 3630 788; baseline 0.004 -23"><span class='ocrx_word' id='word_1_243' title='bbox 2033 719 2089 765; x_wconf 88' lang='lat' dir='ltr'><strong>et</strong></span> <span class='ocrx_word' id='word_1_244' title='bbox 2113 713 2492 781; x_wconf 82' lang='lat' dir='ltr'><strong>gurguliunes.</strong></span> <span class='ocrx_word' id='word_1_245' title='bbox 2530 732 2551 767; x_wconf 81' lang='grc' dir='ltr'><strong>ι</strong></span> <span class='ocrx_word' id='word_1_246' title='bbox 2582 714 2823 785; x_wconf 58' lang='lat' dir='ltr'><strong>(Arnob,</strong></span> <span class='ocrx_word' id='word_1_247' title='bbox 2854 716 2955 779; x_wconf 72' lang='lat' dir='ltr'><strong>loc.</strong></span> <span class='ocrx_word' id='word_1_248' title='bbox 2988 714 3105 788; x_wconf 84' lang='lat' dir='ltr'><strong>cit.)</strong></span> <span class='ocrx_word' id='word_1_249' title='bbox 3157 718 3447 777; x_wconf 78' lang='lat' dir='ltr'><strong>(lineatam</strong></span> <span class='ocrx_word' id='word_1_250' title='bbox 3499 732 3630 775; x_wconf 85' lang='lat' dir='ltr'><strong>vero</strong></span> 
     </span>
    </p>
   </div>
   <div class='ocr_carea' id='block_1_39' title="bbox 2033 803 3626 883">
    <p class='ocr_par' dir='ltr' id='par_1_39' title="bbox 2033 803 3626 883">
     <span class='ocr_line' id='line_1_39' title="bbox 2033 803 3626 883; baseline 0.006 -25"><span class='ocrx_word' id='word_1_251' title='bbox 2033 803 2239 861; x_wconf 77' lang='lat' dir='ltr'><strong>Graecis</strong></span> <span class='ocrx_word' id='word_1_252' title='bbox 2293 808 2564 876; x_wconf 82' lang='grc' dir='ltr'><strong>ἐπιπλοὸν,</strong></span> <span class='ocrx_word' id='word_1_253' title='bbox 2619 811 2935 866; x_wconf 79' lang='lat' dir='ltr'><strong>membrana</strong></span> <span class='ocrx_word' id='word_1_254' title='bbox 2966 820 3051 866; x_wconf 89' lang='lat' dir='ltr'><strong>est</strong></span> <span class='ocrx_word' id='word_1_255' title='bbox 3081 813 3257 873; x_wconf 86' lang='lat' dir='ltr'><strong>tenuis</strong></span> <span class='ocrx_word' id='word_1_256' title='bbox 3284 827 3347 867; x_wconf 84' lang='lat' dir='ltr'><strong>ac</strong></span> <span class='ocrx_word' id='word_1_257' title='bbox 3378 811 3589 883; x_wconf 67' lang='lat' dir='ltr'><strong>pinguis</strong></span> <span class='ocrx_word' id='word_1_258' title='bbox 3610 853 3626 875; x_wconf 91' lang='lat'><strong>,</strong></span> 
     </span>
    </p>
   </div>
   <div class='ocr_carea' id='block_1_40' title="bbox 2032 902 3629 976">
    <p class='ocr_par' dir='ltr' id='par_1_40' title="bbox 2032 902 3629 976">
     <span class='ocr_line' id='line_1_40' title="bbox 2032 902 3629 976; baseline 0.007 -24"><span class='ocrx_word' id='word_1_259' title='bbox 2032 916 2152 970; x_wconf 73' lang='lat' dir='ltr'><strong>qum</strong></span> <span class='ocrx_word' id='word_1_260' title='bbox 2201 902 2584 961; x_wconf 83' lang='lat' dir='ltr'><strong>intestinorum</strong></span> <span class='ocrx_word' id='word_1_261' title='bbox 2633 903 2925 965; x_wconf 78' lang='lat' dir='ltr'><strong>amfractus</strong></span> <span class='ocrx_word' id='word_1_262' title='bbox 2968 905 3193 963; x_wconf 83' lang='lat' dir='ltr'><strong>involvit</strong></span> <span class='ocrx_word' id='word_1_263' title='bbox 3225 904 3463 976; x_wconf 77' lang='lat' dir='ltr'><strong>tegitque</strong></span> <span class='ocrx_word' id='word_1_264' title='bbox 3491 906 3629 963; x_wconf 82' lang='lat' dir='ltr'><strong>infe-</strong></span> 
     </span>
    </p>
   </div>
   <div class='ocr_carea' id='block_1_41' title="bbox 2034 994 3625 1067">
    <p class='ocr_par' dir='ltr' id='par_1_41' title="bbox 2034 994 3625 1067">
     <span class='ocr_line' id='line_1_41' title="bbox 2034 994 3625 1067; baseline 0.003 -21"><span class='ocrx_word' id='word_1_265' title='bbox 2034 994 2208 1048; x_wconf 79' lang='lat' dir='ltr'><strong>riores</strong></span> <span class='ocrx_word' id='word_1_266' title='bbox 2238 997 2442 1050; x_wconf 69' lang='lat' dir='ltr'><strong>ventris</strong></span> <span class='ocrx_word' id='word_1_267' title='bbox 2473 1010 2676 1067; x_wconf 86' lang='lat' dir='ltr'><strong>partes.</strong></span> <span class='ocrx_word' id='word_1_268' title='bbox 2709 997 2863 1055; x_wconf 87' lang='lat' dir='ltr'><strong>Unde</strong></span> <span class='ocrx_word' id='word_1_269' title='bbox 2896 996 3098 1065; x_wconf 75' lang='lat' dir='ltr'><strong>Plinius</strong></span> <span class='ocrx_word' id='word_1_270' title='bbox 3132 1015 3145 1049; x_wconf 93' lang='lat'><strong>:</strong></span> <span class='ocrx_word' id='word_1_271' title='bbox 3180 996 3573 1063; x_wconf 68' lang='lat' dir='ltr'><strong>(Ventriculus,</strong></span> <span class='ocrx_word' id='word_1_272' title='bbox 3604 1016 3625 1050; x_wconf 82' lang='grc' dir='ltr'><strong>ι</strong></span> 
     </span>
    </p>
   </div>
   <div class='ocr_carea' id='block_1_42' title="bbox 2032 1089 3631 1164">
    <p class='ocr_par' dir='ltr' id='par_1_42' title="bbox 2032 1089 3631 1164">
     <span class='ocr_line' id='line_1_42' title="bbox 2032 1089 3631 1164; baseline 0.004 -22"><span class='ocrx_word' id='word_1_273' title='bbox 2032 1089 2228 1159; x_wconf 83' lang='lat' dir='ltr'><strong>inquit,</strong></span> <span class='ocrx_word' id='word_1_274' title='bbox 2266 1110 2286 1142; x_wconf 71' lang='grc' dir='ltr'><strong>ι</strong></span> <span class='ocrx_word' id='word_1_275' title='bbox 2319 1101 2479 1163; x_wconf 83' lang='lat' dir='ltr'><strong>atque</strong></span> <span class='ocrx_word' id='word_1_276' title='bbox 2512 1093 2765 1147; x_wconf 84' lang='lat' dir='ltr'><strong>intestina</strong></span> <span class='ocrx_word' id='word_1_277' title='bbox 2806 1093 2990 1164; x_wconf 81' lang='lat' dir='ltr'><strong>pingui</strong></span> <span class='ocrx_word' id='word_1_278' title='bbox 3018 1107 3084 1147; x_wconf 88' lang='lat' dir='ltr'><strong>ac</strong></span> <span class='ocrx_word' id='word_1_279' title='bbox 3122 1091 3271 1149; x_wconf 86' lang='lat' dir='ltr'><strong>tenui</strong></span> <span class='ocrx_word' id='word_1_280' title='bbox 3299 1100 3518 1149; x_wconf 86' lang='lat' dir='ltr'><strong>omento</strong></span> <span class='ocrx_word' id='word_1_281' title='bbox 3549 1092 3631 1149; x_wconf 87' lang='lat' dir='ltr'><strong>in-</strong></span> 
     </span>
    </p>
   </div>
   <div class='ocr_carea' id='block_1_43' title="bbox 2033 1183 3629 1256">
    <p class='ocr_par' dir='ltr' id='par_1_43' title="bbox 2033 1183 3629 1256">
     <span class='ocr_line' id='line_1_43' title="bbox 2033 1183 3629 1256; baseline 0.003 -22"><span class='ocrx_word' id='word_1_282' title='bbox 2033 1190 2307 1251; x_wconf 78' lang='lat' dir='ltr'><strong>teguntur,</strong></span> <span class='ocrx_word' id='word_1_283' title='bbox 2344 1195 2703 1256; x_wconf 38' lang='lat' dir='ltr'><strong>praeterquam</strong></span> <span class='ocrx_word' id='word_1_284' title='bbox 2730 1201 2829 1239; x_wconf 82' lang='lat' dir='ltr'><strong>ova</strong></span> <span class='ocrx_word' id='word_1_285' title='bbox 2851 1183 3218 1256; x_wconf 73' lang='lat' dir='ltr'><strong>gignentibus.</strong></span> <span class='ocrx_word' id='word_1_286' title='bbox 3253 1203 3274 1236; x_wconf 80' lang='grc' dir='ltr'><strong>ι</strong></span> <span class='ocrx_word' id='word_1_287' title='bbox 3304 1183 3482 1243; x_wconf 85' lang='lat' dir='ltr'><strong>Plinio</strong></span> <span class='ocrx_word' id='word_1_288' title='bbox 3501 1184 3629 1241; x_wconf 87' lang='lat' dir='ltr'><strong>sub-</strong></span> 
     </span>
    </p>
   </div>
   <div class='ocr_carea' id='block_1_44' title="bbox 2030 1276 3629 1337">
    <p class='ocr_par' dir='ltr' id='par_1_44' title="bbox 2030 1276 3629 1337">
     <span class='ocr_line' id='line_1_44' title="bbox 2030 1276 3629 1337; baseline 0.004 -9"><span class='ocrx_word' id='word_1_289' title='bbox 2030 1277 2223 1331; x_wconf 87' lang='lat' dir='ltr'><strong>scribit</strong></span> <span class='ocrx_word' id='word_1_290' title='bbox 2255 1276 2510 1334; x_wconf 89' lang='lat' dir='ltr'><strong>lsidorus.</strong></span> <span class='ocrx_word' id='word_1_291' title='bbox 2540 1279 2823 1336; x_wconf 70' lang='lat' dir='ltr'><strong>iuvenalis</strong></span> <span class='ocrx_word' id='word_1_292' title='bbox 2847 1288 3028 1336; x_wconf 87' lang='lat' dir='ltr'><strong>autem</strong></span> <span class='ocrx_word' id='word_1_293' title='bbox 3050 1278 3247 1335; x_wconf 83' lang='lat' dir='ltr'><strong>alicubi</strong></span> <span class='ocrx_word' id='word_1_294' title='bbox 3286 1288 3629 1337; x_wconf 87' lang='lat' dir='ltr'><strong>omentorum</strong></span> 
     </span>
    </p>
   </div>
   <div class='ocr_carea' id='block_1_45' title="bbox 2030 1366 2834 1431">
    <p class='ocr_par' dir='ltr' id='par_1_45' title="bbox 2030 1366 2834 1431">
     <span class='ocr_line' id='line_1_45' title="bbox 2030 1366 2834 1431; baseline 0.009 -9"><span class='ocrx_word' id='word_1_295' title='bbox 2030 1366 2084 1423; x_wconf 91' lang='lat' dir='ltr'><strong>in</strong></span> <span class='ocrx_word' id='word_1_296' title='bbox 2106 1373 2276 1427; x_wconf 88' lang='lat' dir='ltr'><strong>sacris</strong></span> <span class='ocrx_word' id='word_1_297' title='bbox 2305 1389 2459 1429; x_wconf 91' lang='lat' dir='ltr'><strong>usum</strong></span> <span class='ocrx_word' id='word_1_298' title='bbox 2492 1375 2571 1431; x_wconf 89' lang='lat' dir='ltr'><strong>sic</strong></span> <span class='ocrx_word' id='word_1_299' title='bbox 2599 1375 2834 1431; x_wconf 89' lang='lat' dir='ltr'><strong>cecinit:</strong></span> 
     </span>
    </p>
   </div>
   <div class='ocr_carea' id='block_1_46' title="bbox 2155 1467 3253 1583">
    <p class='ocr_par' dir='ltr' id='par_1_46' title="bbox 2155 1467 3253 1583">
     <span class='ocr_line' id='line_1_46' title="bbox 2155 1467 3253 1583; baseline 0.005 -65"><span class='ocrx_word' id='word_1_300' title='bbox 2155 1529 2361 1583; x_wconf 63' lang='lat' dir='ltr'><strong>0mm</strong></span> <span class='ocrx_word' id='word_1_301' title='bbox 2867 1467 3095 1533; x_wconf 77' lang='lat' dir='ltr'><strong>Albaque</strong></span> <span class='ocrx_word' id='word_1_302' title='bbox 3118 1470 3253 1534; x_wconf 88' lang='lat' dir='ltr'><strong>porci</strong></span> 
     </span>
    </p>
   </div>
   <div class='ocr_carea' id='block_1_47' title="bbox 2030 1613 2385 1671">
    <p class='ocr_par' dir='ltr' id='par_1_47' title="bbox 2030 1613 2385 1671">
     <span class='ocr_line' id='line_1_47' title="bbox 2030 1613 2385 1671; baseline 0 0"><span class='ocrx_word' id='word_1_303' title='bbox 2030 1613 2099 1671; x_wconf 87' lang='lat' dir='ltr'><strong>Et</strong></span> <span class='ocrx_word' id='word_1_304' title='bbox 2126 1613 2344 1671; x_wconf 81' lang='lat' dir='ltr'><strong>Persius</strong></span> <span class='ocrx_word' id='word_1_305' title='bbox 2370 1632 2385 1670; x_wconf 88' lang='lat'><strong>:</strong></span> 
     </span>
    </p>
   </div>
   <div class='ocr_carea' id='block_1_48' title="bbox 2120 1727 3530 1794">
    <p class='ocr_par' dir='ltr' id='par_1_48' title="bbox 2120 1727 3530 1794">
     <span class='ocr_line' id='line_1_48' title="bbox 2120 1727 3530 1794; baseline 0.001 -15"><span class='ocrx_word' id='word_1_306' title='bbox 2120 1727 2214 1779; x_wconf 87' lang='lat' dir='ltr'><strong>Tot</strong></span> <span class='ocrx_word' id='word_1_307' title='bbox 2236 1729 2325 1781; x_wconf 79' lang='lat' dir='ltr'><strong>tibi</strong></span> <span class='ocrx_word' id='word_1_308' title='bbox 2346 1742 2457 1791; x_wconf 81' lang='lat' dir='ltr'><strong>cum</strong></span> <span class='ocrx_word' id='word_1_309' title='bbox 2480 1730 2532 1781; x_wconf 86' lang='lat' dir='ltr'><strong>in</strong></span> <span class='ocrx_word' id='word_1_310' title='bbox 2554 1730 2744 1783; x_wconf 84' lang='lat' dir='ltr'><strong>ﬂamma</strong></span> <span class='ocrx_word' id='word_1_311' title='bbox 2758 1729 2980 1794; x_wconf 83' lang='lat' dir='ltr'><strong>junicum</strong></span> <span class='ocrx_word' id='word_1_312' title='bbox 2997 1737 3198 1785; x_wconf 85' lang='lat' dir='ltr'><strong>omenta</strong></span> <span class='ocrx_word' id='word_1_313' title='bbox 3216 1727 3530 1794; x_wconf 76' lang='lat' dir='ltr'><strong>liquescant.‘</strong></span> 
     </span>
    </p>
   </div>
   <div class='ocr_carea' id='block_1_49' title="bbox 1956 1832 3630 1906">
    <p class='ocr_par' dir='ltr' id='par_1_49' title="bbox 1956 1832 3630 1906">
     <span class='ocr_line' id='line_1_49' title="bbox 1956 1832 3630 1906; baseline 0.004 -19"><span class='ocrx_word' id='word_1_314' title='bbox 1956 1846 2005 1906; x_wconf 76' lang='grc' dir='ltr'><strong>Β</strong></span> <span class='ocrx_word' id='word_1_315' title='bbox 2031 1832 2275 1902; x_wconf 86' lang='lat' dir='ltr'><strong>Denique</strong></span> <span class='ocrx_word' id='word_1_316' title='bbox 2307 1832 2427 1888; x_wconf 82' lang='lat' dir='ltr'><strong>diia</strong></span> <span class='ocrx_word' id='word_1_317' title='bbox 2454 1834 2743 1905; x_wconf 83' lang='lat' dir='ltr'><strong>gentilibus</strong></span> <span class='ocrx_word' id='word_1_318' title='bbox 2798 1835 3052 1903; x_wconf 84' lang='lat' dir='ltr'><strong>cenlieti,</strong></span> <span class='ocrx_word' id='word_1_319' title='bbox 3101 1836 3305 1895; x_wconf 87' lang='lat' dir='ltr'><strong>habere</strong></span> <span class='ocrx_word' id='word_1_320' title='bbox 3355 1836 3630 1899; x_wconf 80' lang='lat' dir='ltr'><strong>debebant</strong></span> 
     </span>
    </p>
   </div>
   <div class='ocr_carea' id='block_1_50' title="bbox 2030 1927 3629 2000">
    <p class='ocr_par' dir='ltr' id='par_1_50' title="bbox 2030 1927 3629 2000">
     <span class='ocr_line' id='line_1_50' title="bbox 2030 1927 3629 2000; baseline 0.003 -19"><span class='ocrx_word' id='word_1_321' title='bbox 2030 1928 2383 1999; x_wconf 83' lang='lat' dir='ltr'><strong>gurguliones,</strong></span> <span class='ocrx_word' id='word_1_322' title='bbox 2415 1928 2488 1982; x_wconf 85' lang='lat' dir='ltr'><strong>ait</strong></span> <span class='ocrx_word' id='word_1_323' title='bbox 2506 1927 2804 1984; x_wconf 86' lang='lat' dir='ltr'><strong>Arnobius.</strong></span> <span class='ocrx_word' id='word_1_324' title='bbox 2832 1928 3093 2000; x_wconf 86' lang='lat' dir='ltr'><strong>Gurgulio</strong></span> <span class='ocrx_word' id='word_1_325' title='bbox 3118 1937 3297 1991; x_wconf 87' lang='lat' dir='ltr'><strong>autem</strong></span> <span class='ocrx_word' id='word_1_326' title='bbox 3325 1930 3395 1993; x_wconf 83' lang='lat' dir='ltr'><strong>ab</strong></span> <span class='ocrx_word' id='word_1_327' title='bbox 3419 1930 3629 1993; x_wconf 84' lang='lat' dir='ltr'><strong>Isidoro</strong></span> 
     </span>
    </p>
   </div>
   <div class='ocr_carea' id='block_1_51' title="bbox 2031 2023 3628 2095">
    <p class='ocr_par' dir='ltr' id='par_1_51' title="bbox 2031 2023 3628 2095">
     <span class='ocr_line' id='line_1_51' title="bbox 2031 2023 3628 2095; baseline 0.003 -19"><span class='ocrx_word' id='word_1_328' title='bbox 2031 2024 2109 2078; x_wconf 90' lang='lat' dir='ltr'><strong>sic</strong></span> <span class='ocrx_word' id='word_1_329' title='bbox 2134 2023 2504 2080; x_wconf 84' lang='lat' dir='ltr'><strong>describitur:</strong></span> <span class='ocrx_word' id='word_1_330' title='bbox 2543 2042 2562 2079; x_wconf 79' lang='grc' dir='ltr'><strong>ι</strong></span> <span class='ocrx_word' id='word_1_331' title='bbox 2603 2025 2643 2078; x_wconf 79' lang='grc' dir='ltr'>Α</span> <span class='ocrx_word' id='word_1_332' title='bbox 2686 2032 2902 2094; x_wconf 78' lang='lat' dir='ltr'><strong>gutture</strong></span> <span class='ocrx_word' id='word_1_333' title='bbox 2954 2038 3152 2079; x_wconf 86' lang='lat' dir='ltr'><strong>nomen</strong></span> <span class='ocrx_word' id='word_1_334' title='bbox 3204 2024 3417 2092; x_wconf 81' lang='lat' dir='ltr'><strong>trahit,</strong></span> <span class='ocrx_word' id='word_1_335' title='bbox 3473 2025 3628 2095; x_wconf 87' lang='lat' dir='ltr'><strong>cujus</strong></span> 
     </span>
    </p>
   </div>
   <div class='ocr_carea' id='block_1_52' title="bbox 2033 2115 3631 2187">
    <p class='ocr_par' dir='ltr' id='par_1_52' title="bbox 2033 2115 3631 2187">
     <span class='ocr_line' id='line_1_52' title="bbox 2033 2115 3631 2187; baseline 0.003 -17"><span class='ocrx_word' id='word_1_336' title='bbox 2033 2125 2242 2170; x_wconf 85' lang='lat' dir='ltr'><strong>meatus</strong></span> <span class='ocrx_word' id='word_1_337' title='bbox 2271 2115 2338 2170; x_wconf 90' lang='lat' dir='ltr'><strong>ad</strong></span> <span class='ocrx_word' id='word_1_338' title='bbox 2360 2131 2424 2169; x_wconf 89' lang='lat' dir='ltr'><strong>os</strong></span> <span class='ocrx_word' id='word_1_339' title='bbox 2451 2129 2504 2171; x_wconf 87' lang='lat' dir='ltr'><strong>et</strong></span> <span class='ocrx_word' id='word_1_340' title='bbox 2533 2130 2693 2172; x_wconf 84' lang='lat' dir='ltr'><strong>nares</strong></span> <span class='ocrx_word' id='word_1_341' title='bbox 2741 2116 3044 2187; x_wconf 85' lang='lat' dir='ltr'><strong>pertendit,</strong></span> <span class='ocrx_word' id='word_1_342' title='bbox 3082 2116 3285 2175; x_wconf 82' lang='lat' dir='ltr'><strong>habens</strong></span> <span class='ocrx_word' id='word_1_343' title='bbox 3314 2118 3487 2181; x_wconf 85' lang='lat' dir='ltr'><strong>viam,</strong></span> <span class='ocrx_word' id='word_1_344' title='bbox 3523 2132 3631 2186; x_wconf 81' lang='lat' dir='ltr'><strong>qua</strong></span> 
     </span>
    </p>
   </div>
   <div class='ocr_carea' id='block_1_53' title="bbox 2033 2194 3629 2279">
    <p class='ocr_par' dir='ltr' id='par_1_53' title="bbox 2033 2194 3629 2279">
     <span class='ocr_line' id='line_1_53' title="bbox 2033 2194 3629 2279; baseline 0.003 -20"><span class='ocrx_word' id='word_1_345' title='bbox 2033 2224 2134 2263; x_wconf 78' lang='lat' dir='ltr'><strong>vox</strong></span> <span class='ocrx_word' id='word_1_346' title='bbox 2158 2209 2225 2262; x_wconf 86' lang='lat' dir='ltr'><strong>ad</strong></span> <span class='ocrx_word' id='word_1_347' title='bbox 2256 2208 2493 2279; x_wconf 75' lang='lat' dir='ltr'><strong>linguam</strong></span> <span class='ocrx_word' id='word_1_348' title='bbox 2544 2194 2961 2273; x_wconf 73' lang='lat' dir='ltr'><strong>transmittitur;</strong></span> <span class='ocrx_word' id='word_1_349' title='bbox 2997 2218 3053 2267; x_wconf 90' lang='lat' dir='ltr'><strong>ut</strong></span> <span class='ocrx_word' id='word_1_350' title='bbox 3088 2208 3256 2277; x_wconf 82' lang='lat' dir='ltr'><strong>possit</strong></span> <span class='ocrx_word' id='word_1_351' title='bbox 3282 2209 3444 2271; x_wconf 85' lang='lat' dir='ltr'><strong>verba</strong></span> <span class='ocrx_word' id='word_1_352' title='bbox 3470 2210 3629 2265; x_wconf 90' lang='lat' dir='ltr'><strong>colli-</strong></span> 
     </span>
    </p>
   </div>
   <div class='ocr_carea' id='block_1_54' title="bbox 2033 2299 3626 2372">
    <p class='ocr_par' dir='ltr' id='par_1_54' title="bbox 2033 2299 3626 2372">
     <span class='ocr_line' id='line_1_54' title="bbox 2033 2299 3626 2372; baseline 0.001 -16"><span class='ocrx_word' id='word_1_353' title='bbox 2033 2301 2201 2366; x_wconf 84' lang='lat' dir='ltr'><strong>dere;</strong></span> <span class='ocrx_word' id='word_1_354' title='bbox 2228 2302 2374 2358; x_wconf 88' lang='lat' dir='ltr'><strong>unde</strong></span> <span class='ocrx_word' id='word_1_355' title='bbox 2394 2311 2449 2356; x_wconf 89' lang='lat' dir='ltr'><strong>et</strong></span> <span class='ocrx_word' id='word_1_356' title='bbox 2472 2302 2683 2371; x_wconf 81' lang='lat' dir='ltr'><strong>garrire</strong></span> <span class='ocrx_word' id='word_1_357' title='bbox 2702 2300 2957 2361; x_wconf 82' lang='lat' dir='ltr'><strong>dicimus.</strong></span> <span class='ocrx_word' id='word_1_358' title='bbox 2996 2320 3015 2355; x_wconf 84' lang='grc' dir='ltr'><strong>ι</strong></span> <span class='ocrx_word' id='word_1_359' title='bbox 3050 2299 3250 2372; x_wconf 52' lang='lat' dir='ltr'><strong>(filim,</strong></span> <span class='ocrx_word' id='word_1_360' title='bbox 3276 2301 3364 2359; x_wconf 85' lang='lat' dir='ltr'><strong>lib.</strong></span> <span class='ocrx_word' id='word_1_361' title='bbox 3404 2316 3443 2357; x_wconf 84' lang='lat' dir='ltr'><strong>tt</strong></span> <span class='ocrx_word' id='word_1_362' title='bbox 3481 2299 3626 2367; x_wconf 73' lang='lat' dir='ltr'><strong>Hist.</strong></span> 
     </span>
    </p>
   </div>
   <div class='ocr_carea' id='block_1_55' title="bbox 2033 2392 3629 2465">
    <p class='ocr_par' dir='ltr' id='par_1_55' title="bbox 2033 2392 3629 2465">
     <span class='ocr_line' id='line_1_55' title="bbox 2033 2392 3629 2465; baseline -0.001 -16"><span class='ocrx_word' id='word_1_363' title='bbox 2033 2405 2230 2456; x_wconf 84' lang='lat' dir='ltr'><strong>natur.,</strong></span> <span class='ocrx_word' id='word_1_364' title='bbox 2260 2410 2379 2464; x_wconf 83' lang='lat' dir='ltr'><strong>cap.</strong></span> <span class='ocrx_word' id='word_1_365' title='bbox 2408 2395 2499 2457; x_wconf 70' lang='grc' dir='ltr'><strong><em>δῖ,</em></strong></span> <span class='ocrx_word' id='word_1_366' title='bbox 2525 2394 2816 2465; x_wconf 70' lang='grc' dir='ltr'><strong>γαρ..574;</strong></span> <span class='ocrx_word' id='word_1_367' title='bbox 2854 2392 2988 2449; x_wconf 78' lang='lat' dir='ltr'><strong>Isid.</strong></span> <span class='ocrx_word' id='word_1_368' title='bbox 3014 2435 3030 2459; x_wconf 89' lang='lat'><strong>,</strong></span> <span class='ocrx_word' id='word_1_369' title='bbox 3068 2394 3168 2457; x_wconf 78' lang='lat' dir='ltr'><strong>loc.</strong></span> <span class='ocrx_word' id='word_1_370' title='bbox 3199 2394 3331 2460; x_wconf 51' lang='lat' dir='ltr'><strong>ait;</strong></span> <span class='ocrx_word' id='word_1_371' title='bbox 3360 2393 3629 2460; x_wconf 83' lang='lat' dir='ltr'><strong>Juvenal.,</strong></span> 
     </span>
    </p>
   </div>
   <div class='ocr_carea' id='block_1_56' title="bbox 2031 2485 3633 2558">
    <p class='ocr_par' dir='ltr' id='par_1_56' title="bbox 2031 2485 3633 2558">
     <span class='ocr_line' id='line_1_56' title="bbox 2031 2485 3633 2558; baseline -0.001 -18"><span class='ocrx_word' id='word_1_372' title='bbox 2031 2496 2191 2557; x_wconf 77' lang='lat' dir='ltr'><strong>satyr.</strong></span> <span class='ocrx_word' id='word_1_373' title='bbox 2221 2486 2309 2553; x_wconf 79' lang='grc'><strong>15,</strong></span> <span class='ocrx_word' id='word_1_374' title='bbox 2342 2502 2472 2541; x_wconf 75' lang='lat' dir='ltr'><strong>uera.</strong></span> <span class='ocrx_word' id='word_1_375' title='bbox 2504 2486 2643 2552; x_wconf 77' lang='lat' dir='ltr'><strong>H8;</strong></span> <span class='ocrx_word' id='word_1_376' title='bbox 2695 2485 2845 2543; x_wconf 75' lang='lat' dir='ltr'><strong>Pera.</strong></span> <span class='ocrx_word' id='word_1_377' title='bbox 2872 2528 2888 2552; x_wconf 92' lang='lat'><strong>,</strong></span> <span class='ocrx_word' id='word_1_378' title='bbox 2931 2496 3096 2558; x_wconf 61' lang='grc' dir='ltr'><strong>δαίνυ’.</strong></span> <span class='ocrx_word' id='word_1_379' title='bbox 3129 2485 3184 2553; x_wconf 74' lang='grc'><strong><em>2,</em></strong></span> <span class='ocrx_word' id='word_1_380' title='bbox 3216 2501 3346 2542; x_wconf 76' lang='lat' dir='ltr'><strong>vers.</strong></span> <span class='ocrx_word' id='word_1_381' title='bbox 3378 2487 3486 2555; x_wconf 59' lang='lat' dir='ltr'><strong>i5;</strong></span> <span class='ocrx_word' id='word_1_382' title='bbox 3526 2485 3633 2541; x_wconf 81' lang='lat' dir='ltr'><strong>Isi-</strong></span> 
     </span>
    </p>
   </div>
   <div class='ocr_carea' id='block_1_57' title="bbox 2034 2575 3379 2651">
    <p class='ocr_par' dir='ltr' id='par_1_57' title="bbox 2034 2575 3379 2651">
     <span class='ocr_line' id='line_1_57' title="bbox 2034 2575 3379 2651; baseline 0.002 -20"><span class='ocrx_word' id='word_1_383' title='bbox 2034 2579 2174 2644; x_wconf 85' lang='lat' dir='ltr'><strong>dor.,</strong></span> <span class='ocrx_word' id='word_1_384' title='bbox 2199 2578 2288 2637; x_wconf 84' lang='lat' dir='ltr'><strong>lib.</strong></span> <span class='ocrx_word' id='word_1_385' title='bbox 2322 2594 2359 2633; x_wconf 93' lang='grc' dir='ltr'><strong>ιι</strong></span> <span class='ocrx_word' id='word_1_386' title='bbox 2393 2577 2564 2649; x_wconf 84' lang='lat' dir='ltr'><strong>0rig.,</strong></span> <span class='ocrx_word' id='word_1_387' title='bbox 2592 2596 2712 2648; x_wconf 85' lang='lat' dir='ltr'><strong>cap.</strong></span> <span class='ocrx_word' id='word_1_388' title='bbox 2742 2579 2800 2644; x_wconf 84' lang='lat' dir='ltr'><strong>l,</strong></span> <span class='ocrx_word' id='word_1_389' title='bbox 2843 2588 2890 2633; x_wconf 86' lang='lat' dir='ltr'><strong>el</strong></span> <span class='ocrx_word' id='word_1_390' title='bbox 2919 2578 3007 2643; x_wconf 82' lang='lat' dir='ltr'><strong>lib.</strong></span> <span class='ocrx_word' id='word_1_391' title='bbox 3037 2594 3133 2647; x_wconf 80' lang='lat' dir='ltr'><strong>xu,</strong></span> <span class='ocrx_word' id='word_1_392' title='bbox 3152 2594 3275 2651; x_wconf 76' lang='lat' dir='ltr'><strong>cap.</strong></span> <span class='ocrx_word' id='word_1_393' title='bbox 3298 2575 3379 2649; x_wconf 87' lang='lat'><strong>8.)</strong></span> 
     </span>
    </p>
   </div>
   <div class='ocr_carea' id='block_1_58' title="bbox 2105 2670 3631 2743">
    <p class='ocr_par' dir='ltr' id='par_1_58' title="bbox 2105 2670 3631 2743">
     <span class='ocr_line' id='line_1_58' title="bbox 2105 2670 3631 2743; baseline -0.002 -12"><span class='ocrx_word' id='word_1_394' title='bbox 2105 2672 2270 2743; x_wconf 83' lang='lat' dir='ltr'><strong>Atqui</strong></span> <span class='ocrx_word' id='word_1_395' title='bbox 2296 2674 2342 2731; x_wconf 80' lang='lat' dir='ltr'><strong>si</strong></span> <span class='ocrx_word' id='word_1_396' title='bbox 2368 2672 2466 2737; x_wconf 88' lang='lat' dir='ltr'><strong>dii,</strong></span> <span class='ocrx_word' id='word_1_397' title='bbox 2498 2670 2571 2727; x_wconf 83' lang='lat' dir='ltr'><strong>ait</strong></span> <span class='ocrx_word' id='word_1_398' title='bbox 2602 2672 2896 2738; x_wconf 81' lang='lat' dir='ltr'><strong>Arnobius,</strong></span> <span class='ocrx_word' id='word_1_399' title='bbox 2942 2686 3174 2742; x_wconf 83' lang='lat' dir='ltr'><strong>corpora</strong></span> <span class='ocrx_word' id='word_1_400' title='bbox 3219 2671 3490 2739; x_wconf 82' lang='lat' dir='ltr'><strong>habeant,</strong></span> <span class='ocrx_word' id='word_1_401' title='bbox 3530 2671 3631 2728; x_wconf 84' lang='lat' dir='ltr'><strong>de-</strong></span> 
     </span>
    </p>
   </div>
   <div class='ocr_carea' id='block_1_59' title="bbox 2032 2767 3717 2842">
    <p class='ocr_par' dir='ltr' id='par_1_59' title="bbox 2032 2767 3717 2842">
     <span class='ocr_line' id='line_1_59' title="bbox 2032 2767 3717 2842; baseline -0.001 -15"><span class='ocrx_word' id='word_1_402' title='bbox 2032 2769 2160 2827; x_wconf 88' lang='lat' dir='ltr'><strong>bent</strong></span> <span class='ocrx_word' id='word_1_403' title='bbox 2185 2783 2399 2838; x_wconf 83' lang='lat' dir='ltr'><strong>quoque</strong></span> <span class='ocrx_word' id='word_1_404' title='bbox 2427 2767 2627 2827; x_wconf 85' lang='lat' dir='ltr'><strong>habere</strong></span> <span class='ocrx_word' id='word_1_405' title='bbox 2658 2767 2757 2827; x_wconf 80' lang='lat' dir='ltr'><strong>has</strong></span> <span class='ocrx_word' id='word_1_406' title='bbox 2784 2768 3027 2838; x_wconf 83' lang='lat' dir='ltr'><strong>aliasque</strong></span> <span class='ocrx_word' id='word_1_407' title='bbox 3076 2767 3405 2833; x_wconf 64' lang='lat' dir='ltr'><strong>foedissimas</strong></span> <span class='ocrx_word' id='word_1_408' title='bbox 3439 2785 3632 2842; x_wconf 89' lang='lat' dir='ltr'><strong>corpo-</strong></span> <span class='ocrx_word' id='word_1_409' title='bbox 3710 2778 3717 2781; x_wconf 85' lang='lat'><strong><em>‘</em></strong></span> 
     </span>
    </p>
   </div>
   <div class='ocr_carea' id='block_1_60' title="bbox 2034 2858 3632 2933">
    <p class='ocr_par' dir='ltr' id='par_1_60' title="bbox 2034 2858 3632 2933">
     <span class='ocr_line' id='line_1_60' title="bbox 2034 2858 3632 2933; baseline 0.004 -20"><span class='ocrx_word' id='word_1_410' title='bbox 2034 2876 2151 2914; x_wconf 85' lang='lat' dir='ltr'><strong>runt</strong></span> <span class='ocrx_word' id='word_1_411' title='bbox 2185 2869 2390 2929; x_wconf 88' lang='lat' dir='ltr'><strong>partes.</strong></span> <span class='ocrx_word' id='word_1_412' title='bbox 2415 2859 2520 2918; x_wconf 86' lang='lat' dir='ltr'><strong>Sed</strong></span> <span class='ocrx_word' id='word_1_413' title='bbox 2552 2859 2685 2919; x_wconf 81' lang='lat' dir='ltr'><strong>nihil</strong></span> <span class='ocrx_word' id='word_1_414' title='bbox 2711 2858 2862 2925; x_wconf 77' lang='lat' dir='ltr'><strong>dictu</strong></span> <span class='ocrx_word' id='word_1_415' title='bbox 2892 2860 3064 2930; x_wconf 83' lang='lat' dir='ltr'><strong>magis</strong></span> <span class='ocrx_word' id='word_1_416' title='bbox 3093 2859 3632 2933; x_wconf 80' lang='lat' dir='ltr'><strong>absurdum.Siverp</strong></span> 
     </span>
    </p>
   </div>
   <div class='ocr_carea' id='block_1_61' title="bbox 2034 2952 3632 3024">
    <p class='ocr_par' dir='ltr' id='par_1_61' title="bbox 2034 2952 3632 3024">
     <span class='ocr_line' id='line_1_61' title="bbox 2034 2952 3632 3024; baseline 0.001 -17"><span class='ocrx_word' id='word_1_417' title='bbox 2034 2952 2102 3007; x_wconf 88' lang='lat' dir='ltr'><strong>iis</strong></span> <span class='ocrx_word' id='word_1_418' title='bbox 2123 2952 2385 3009; x_wconf 85' lang='lat' dir='ltr'><strong>membris</strong></span> <span class='ocrx_word' id='word_1_419' title='bbox 2407 2962 2615 3017; x_wconf 87' lang='lat' dir='ltr'><strong>carent,</strong></span> <span class='ocrx_word' id='word_1_420' title='bbox 2645 2953 2861 3009; x_wconf 86' lang='lat' dir='ltr'><strong>illorum</strong></span> <span class='ocrx_word' id='word_1_421' title='bbox 2886 2967 3138 3021; x_wconf 87' lang='lat' dir='ltr'><strong>corpora,</strong></span> <span class='ocrx_word' id='word_1_422' title='bbox 3168 2961 3439 3024; x_wconf 82' lang='lat' dir='ltr'><strong>tamquam</strong></span> <span class='ocrx_word' id='word_1_423' title='bbox 3482 2962 3632 3013; x_wconf 87' lang='lat' dir='ltr'><strong>utres</strong></span> 
     </span>
    </p>
   </div>
   <div class='ocr_carea' id='block_1_62' title="bbox 2035 3045 3632 3117">
    <p class='ocr_par' dir='ltr' id='par_1_62' title="bbox 2035 3045 3632 3117">
     <span class='ocr_line' id='line_1_62' title="bbox 2035 3045 3632 3117; baseline 0.002 -16"><span class='ocrx_word' id='word_1_424' title='bbox 2035 3045 2216 3101; x_wconf 79' lang='lat' dir='ltr'><strong>inﬂata</strong></span> <span class='ocrx_word' id='word_1_425' title='bbox 2246 3055 2441 3117; x_wconf 85' lang='lat' dir='ltr'><strong>erunt,</strong></span> <span class='ocrx_word' id='word_1_426' title='bbox 2483 3046 2578 3105; x_wconf 87' lang='lat' dir='ltr'><strong>sed</strong></span> <span class='ocrx_word' id='word_1_427' title='bbox 2609 3047 2791 3109; x_wconf 81' lang='lat' dir='ltr'><strong>inania</strong></span> <span class='ocrx_word' id='word_1_428' title='bbox 2830 3046 3052 3109; x_wconf 84' lang='lat' dir='ltr'><strong>omnino</strong></span> <span class='ocrx_word' id='word_1_429' title='bbox 3078 3061 3142 3103; x_wconf 87' lang='lat' dir='ltr'><strong>ac</strong></span> <span class='ocrx_word' id='word_1_430' title='bbox 3172 3062 3363 3109; x_wconf 76' lang='lat' dir='ltr'><strong>vacua.</strong></span> <span class='ocrx_word' id='word_1_431' title='bbox 3394 3046 3632 3104; x_wconf 86' lang='lat' dir='ltr'><strong>Brevius</strong></span> 
     </span>
    </p>
   </div>
   <div class='ocr_carea' id='block_1_63' title="bbox 2034 3137 3631 3211">
    <p class='ocr_par' dir='ltr' id='par_1_63' title="bbox 2034 3137 3631 3211">
     <span class='ocr_line' id='line_1_63' title="bbox 2034 3137 3631 3211; baseline 0.003 -18"><span class='ocrx_word' id='word_1_432' title='bbox 2034 3156 2097 3195; x_wconf 84' lang='lat' dir='ltr'><strong>ac</strong></span> <span class='ocrx_word' id='word_1_433' title='bbox 2124 3139 2434 3206; x_wconf 84' lang='lat' dir='ltr'><strong>dilucidius,</strong></span> <span class='ocrx_word' id='word_1_434' title='bbox 2461 3140 2708 3208; x_wconf 80' lang='lat' dir='ltr'><strong>quamvis</strong></span> <span class='ocrx_word' id='word_1_435' title='bbox 2734 3139 2895 3208; x_wconf 81' lang='lat' dir='ltr'><strong>paulo</strong></span> <span class='ocrx_word' id='word_1_436' title='bbox 2917 3138 3074 3195; x_wconf 79' lang='lat' dir='ltr'><strong>aliter</strong></span> <span class='ocrx_word' id='word_1_437' title='bbox 3105 3137 3260 3196; x_wconf 86' lang='lat' dir='ltr'><strong>Cotta</strong></span> <span class='ocrx_word' id='word_1_438' title='bbox 3310 3142 3450 3211; x_wconf 88' lang='lat' dir='ltr'><strong>apud</strong></span> <span class='ocrx_word' id='word_1_439' title='bbox 3475 3142 3631 3197; x_wconf 85' lang='lat' dir='ltr'><strong>Cice-</strong></span> 
     </span>
    </p>
   </div>
   <div class='ocr_carea' id='block_1_64' title="bbox 320 3216 3631 3306">
    <p class='ocr_par' dir='ltr' id='par_1_64' title="bbox 320 3216 3631 3306">
     <span class='ocr_line' id='line_1_64' title="bbox 320 3216 3631 3306; baseline 0.001 -20"><span class='ocrx_word' id='word_1_440' title='bbox 320 3229 471 3287; x_wconf 86' lang='lat' dir='ltr'><strong>davit</strong></span> <span class='ocrx_word' id='word_1_441' title='bbox 514 3231 566 3286; x_wconf 92' lang='lat' dir='ltr'><strong>in</strong></span> <span class='ocrx_word' id='word_1_442' title='bbox 609 3216 828 3285; x_wconf 87' lang='lat' dir='ltr'><strong>modum</strong></span> <span class='ocrx_word' id='word_1_443' title='bbox 861 3249 927 3295; x_wconf 79' lang='lat' dir='ltr'><strong>ex</strong></span> <span class='ocrx_word' id='word_1_444' title='bbox 958 3233 1133 3302; x_wconf 88' lang='lat' dir='ltr'><strong>primo</strong></span> <span class='ocrx_word' id='word_1_445' title='bbox 1159 3229 1437 3287; x_wconf 76' lang='lat' dir='ltr'><strong>Ciceronis</strong></span> <span class='ocrx_word' id='word_1_446' title='bbox 1465 3232 1536 3288; x_wconf 87' lang='lat' dir='ltr'><strong>de</strong></span> <span class='ocrx_word' id='word_1_447' title='bbox 1564 3233 1762 3291; x_wconf 78' lang='lat' dir='ltr'><strong>Natura</strong></span> <span class='ocrx_word' id='word_1_448' title='bbox 1793 3233 1927 3293; x_wconf 87' lang='lat' dir='ltr'><strong>deo-</strong></span> <span class='ocrx_word' id='word_1_449' title='bbox 1956 3238 2001 3301; x_wconf 84' lang='lat' dir='ltr'>C</span> <span class='ocrx_word' id='word_1_450' title='bbox 2035 3250 2221 3291; x_wconf 88' lang='lat' dir='ltr'><strong>ronem</strong></span> <span class='ocrx_word' id='word_1_451' title='bbox 2249 3235 2512 3289; x_wconf 84' lang='lat' dir='ltr'><strong>adversus</strong></span> <span class='ocrx_word' id='word_1_452' title='bbox 2533 3232 2787 3289; x_wconf 78' lang='lat' dir='ltr'><strong>Viileium</strong></span> <span class='ocrx_word' id='word_1_453' title='bbox 2819 3231 3145 3301; x_wconf 84' lang='lat' dir='ltr'><strong>Epicureum</strong></span> <span class='ocrx_word' id='word_1_454' title='bbox 3171 3234 3251 3293; x_wconf 86' lang='lat' dir='ltr'><strong>sic</strong></span> <span class='ocrx_word' id='word_1_455' title='bbox 3280 3246 3631 3306; x_wconf 86' lang='lat' dir='ltr'><strong>argumenta-</strong></span> 
     </span>
    </p>
   </div>
   <div class='ocr_carea' id='block_1_65' title="bbox 321 3323 1926 3399">
    <p class='ocr_par' dir='ltr' id='par_1_65' title="bbox 321 3323 1926 3399">
     <span class='ocr_line' id='line_1_65' title="bbox 321 3323 1926 3399; baseline 0.004 -20"><span class='ocrx_word' id='word_1_456' title='bbox 321 3339 443 3379; x_wconf 85' lang='lat' dir='ltr'><strong>rum</strong></span> <span class='ocrx_word' id='word_1_457' title='bbox 474 3323 634 3386; x_wconf 84' lang='lat' dir='ltr'><strong>libro,</strong></span> <span class='ocrx_word' id='word_1_458' title='bbox 653 3324 740 3379; x_wconf 88' lang='lat' dir='ltr'><strong>ubi</strong></span> <span class='ocrx_word' id='word_1_459' title='bbox 767 3323 920 3379; x_wconf 75' lang='lat' dir='ltr'><strong>Cotta</strong></span> <span class='ocrx_word' id='word_1_460' title='bbox 944 3323 1300 3387; x_wconf 80' lang='lat' dir='ltr'><strong>Academicus</strong></span> <span class='ocrx_word' id='word_1_461' title='bbox 1323 3324 1583 3381; x_wconf 81' lang='lat' dir='ltr'><strong>Vclleiutn</strong></span> <span class='ocrx_word' id='word_1_462' title='bbox 1600 3326 1926 3399; x_wconf 81' lang='lat' dir='ltr'><strong>Epicureum</strong></span> 
     </span>
    </p>
   </div>
   <div class='ocr_carea' id='block_1_66' title="bbox 322 3416 1925 3492">
    <p class='ocr_par' dir='ltr' id='par_1_66' title="bbox 322 3416 1925 3492">
     <span class='ocr_line' id='line_1_66' title="bbox 322 3416 1925 3492; baseline 0.003 -20"><span class='ocrx_word' id='word_1_463' title='bbox 322 3416 524 3472; x_wconf 86' lang='lat' dir='ltr'><strong>refellit</strong></span> <span class='ocrx_word' id='word_1_464' title='bbox 566 3418 795 3487; x_wconf 74' lang='lat' dir='ltr'><strong>(Arnob.</strong></span> <span class='ocrx_word' id='word_1_465' title='bbox 823 3457 838 3484; x_wconf 93' lang='lat'><strong>,</strong></span> <span class='ocrx_word' id='word_1_466' title='bbox 878 3418 966 3475; x_wconf 89' lang='lat' dir='ltr'><strong>lib.</strong></span> <span class='ocrx_word' id='word_1_467' title='bbox 998 3434 1089 3485; x_wconf 85' lang='grc' dir='ltr'><strong><em>ιιι,</em></strong></span> <span class='ocrx_word' id='word_1_468' title='bbox 1134 3436 1254 3490; x_wconf 80' lang='lat' dir='ltr'><strong>pag.</strong></span> <span class='ocrx_word' id='word_1_469' title='bbox 1288 3420 1390 3483; x_wconf 79' lang='grc'><strong>107</strong></span> <span class='ocrx_word' id='word_1_470' title='bbox 1416 3430 1464 3475; x_wconf 81' lang='lat' dir='ltr'><strong>et</strong></span> <span class='ocrx_word' id='word_1_471' title='bbox 1502 3438 1681 3491; x_wconf 73' lang='lat' dir='ltr'><strong>seqq.;</strong></span> <span class='ocrx_word' id='word_1_472' title='bbox 1723 3422 1925 3492; x_wconf 60' lang='lat' dir='ltr'><strong>(licem,</strong></span> 
     </span>
    </p>
   </div>
   <div class='ocr_carea' id='block_1_67' title="bbox 322 3508 1929 3585">
    <p class='ocr_par' dir='ltr' id='par_1_67' title="bbox 322 3508 1929 3585">
     <span class='ocr_line' id='line_1_67' title="bbox 322 3508 1929 3585; baseline 0.005 -18"><span class='ocrx_word' id='word_1_473' title='bbox 322 3510 415 3567; x_wconf 77' lang='lat' dir='ltr'><strong>lib.</strong></span> <span class='ocrx_word' id='word_1_474' title='bbox 448 3526 467 3565; x_wconf 89' lang='grc' dir='ltr'><strong>ι</strong></span> <span class='ocrx_word' id='word_1_475' title='bbox 491 3510 554 3564; x_wconf 86' lang='lat' dir='ltr'><strong>de</strong></span> <span class='ocrx_word' id='word_1_476' title='bbox 585 3508 775 3567; x_wconf 83' lang='lat' dir='ltr'><strong>Natur.</strong></span> <span class='ocrx_word' id='word_1_477' title='bbox 810 3512 953 3565; x_wconf 82' lang='lat' dir='ltr'><strong>deor.</strong></span> <span class='ocrx_word' id='word_1_478' title='bbox 975 3554 990 3581; x_wconf 91' lang='lat'><strong>,</strong></span> <span class='ocrx_word' id='word_1_479' title='bbox 1036 3530 1157 3584; x_wconf 80' lang='lat' dir='ltr'><strong>pag.</strong></span> <span class='ocrx_word' id='word_1_480' title='bbox 1188 3513 1298 3569; x_wconf 71' lang='lat'><strong>206</strong></span> <span class='ocrx_word' id='word_1_481' title='bbox 1338 3525 1384 3568; x_wconf 78' lang='lat' dir='ltr'><strong>et</strong></span> <span class='ocrx_word' id='word_1_482' title='bbox 1424 3532 1565 3585; x_wconf 77' lang='lat' dir='ltr'><strong>seqq.</strong></span> <span class='ocrx_word' id='word_1_483' title='bbox 1588 3517 1626 3585; x_wconf 89' lang='lat'><strong>).</strong></span> <span class='ocrx_word' id='word_1_484' title='bbox 1664 3516 1770 3573; x_wconf 84' lang='lat' dir='ltr'><strong>Sed</strong></span> <span class='ocrx_word' id='word_1_485' title='bbox 1810 3515 1929 3575; x_wconf 80' lang='lat' dir='ltr'><strong>haec</strong></span> 
     </span>
    </p>
   </div>
   <div class='ocr_carea' id='block_1_68' title="bbox 322 3602 1924 3678">
    <p class='ocr_par' dir='ltr' id='par_1_68' title="bbox 322 3602 1924 3678">
     <span class='ocr_line' id='line_1_68' title="bbox 322 3602 1924 3678; baseline 0.006 -21"><span class='ocrx_word' id='word_1_486' title='bbox 322 3617 392 3657; x_wconf 79' lang='lat' dir='ltr'><strong>ex</strong></span> <span class='ocrx_word' id='word_1_487' title='bbox 440 3618 562 3657; x_wconf 82' lang='lat' dir='ltr'><strong>mox</strong></span> <span class='ocrx_word' id='word_1_488' title='bbox 610 3602 852 3663; x_wconf 85' lang='lat' dir='ltr'><strong>dicendis</strong></span> <span class='ocrx_word' id='word_1_489' title='bbox 884 3603 1188 3669; x_wconf 83' lang='lat' dir='ltr'><strong>evidentius</strong></span> <span class='ocrx_word' id='word_1_490' title='bbox 1212 3606 1466 3675; x_wconf 75' lang='lat' dir='ltr'><strong>cuilibet,</strong></span> <span class='ocrx_word' id='word_1_491' title='bbox 1499 3608 1576 3667; x_wconf 78' lang='lat' dir='ltr'><strong>tui</strong></span> <span class='ocrx_word' id='word_1_492' title='bbox 1613 3609 1924 3678; x_wconf 85' lang='lat' dir='ltr'><strong>credimus,</strong></span> 
     </span>
    </p>
   </div>
   <div class='ocr_carea' id='block_1_69' title="bbox 322 3695 608 3773">
    <p class='ocr_par' dir='ltr' id='par_1_69' title="bbox 322 3695 608 3773">
     <span class='ocr_line' id='line_1_69' title="bbox 322 3695 608 3773; baseline -0.003 -23"><span class='ocrx_word' id='word_1_493' title='bbox 322 3695 608 3773; x_wconf 78' lang='lat' dir='ltr'><strong>patebunt.</strong></span> 
     </span>
    </p>
   </div>
   <div class='ocr_carea' id='block_1_70' title="bbox 400 3787 1928 3862">
    <p class='ocr_par' dir='ltr' id='par_1_70' title="bbox 400 3787 1928 3862">
     <span class='ocr_line' id='line_1_70' title="bbox 400 3787 1928 3862; baseline 0.007 -17"><span class='ocrx_word' id='word_1_494' title='bbox 400 3787 558 3845; x_wconf 82' lang='lat' dir='ltr'><strong>Brevi</strong></span> <span class='ocrx_word' id='word_1_495' title='bbox 598 3789 783 3861; x_wconf 82' lang='lat' dir='ltr'><strong>itaque</strong></span> <span class='ocrx_word' id='word_1_496' title='bbox 822 3805 1211 3862; x_wconf 84' lang='lat' dir='ltr'><strong>corporeorum</strong></span> <span class='ocrx_word' id='word_1_497' title='bbox 1244 3793 1610 3853; x_wconf 81' lang='lat' dir='ltr'><strong>membrorum</strong></span> <span class='ocrx_word' id='word_1_498' title='bbox 1638 3811 1928 3855; x_wconf 81' lang='lat' dir='ltr'><strong>enumera-</strong></span> 
     </span>
    </p>
   </div>
   <div class='ocr_carea' id='block_1_71' title="bbox 326 3881 1928 3962">
    <p class='ocr_par' dir='ltr' id='par_1_71' title="bbox 326 3881 1928 3962">
     <span class='ocr_line' id='line_1_71' title="bbox 326 3881 1928 3962; baseline 0.011 -30"><span class='ocrx_word' id='word_1_499' title='bbox 326 3881 475 3951; x_wconf 69' lang='lat' dir='ltr'><strong>tione</strong></span> <span class='ocrx_word' id='word_1_500' title='bbox 512 3885 855 3957; x_wconf 65' lang='lat' dir='ltr'><strong>perstucuum</strong></span> <span class='ocrx_word' id='word_1_501' title='bbox 900 3886 1074 3955; x_wconf 86' lang='lat' dir='ltr'><strong>primo</strong></span> <span class='ocrx_word' id='word_1_502' title='bbox 1113 3888 1384 3953; x_wconf 81' lang='lat' dir='ltr'><strong>Arnobius</strong></span> <span class='ocrx_word' id='word_1_503' title='bbox 1424 3890 1551 3949; x_wconf 72' lang='lat' dir='ltr'><strong>facit</strong></span> <span class='ocrx_word' id='word_1_504' title='bbox 1580 3889 1714 3949; x_wconf 80' lang='lat' dir='ltr'><strong>deos</strong></span> <span class='ocrx_word' id='word_1_505' title='bbox 1748 3906 1928 3962; x_wconf 82' lang='lat' dir='ltr'><strong>neque</strong></span> 
     </span>
    </p>
   </div>
   <div class='ocr_carea' id='block_1_72' title="bbox 323 3978 1924 4055">
    <p class='ocr_par' dir='ltr' id='par_1_72' title="bbox 323 3978 1924 4055">
     <span class='ocr_line' id='line_1_72' title="bbox 323 3978 1924 4055; baseline 0.004 -20"><span class='ocrx_word' id='word_1_506' title='bbox 323 3978 424 4047; x_wconf 80' lang='lat' dir='ltr'><strong>iis,</strong></span> <span class='ocrx_word' id='word_1_507' title='bbox 471 3996 644 4052; x_wconf 77' lang='lat' dir='ltr'><strong>neque</strong></span> <span class='ocrx_word' id='word_1_508' title='bbox 689 3980 792 4036; x_wconf 87' lang='lat' dir='ltr'><strong>ulla</strong></span> <span class='ocrx_word' id='word_1_509' title='bbox 837 3980 1127 4051; x_wconf 84' lang='lat' dir='ltr'><strong>cujuslibet</strong></span> <span class='ocrx_word' id='word_1_510' title='bbox 1168 3984 1411 4055; x_wconf 87' lang='lat' dir='ltr'><strong>corporis</strong></span> <span class='ocrx_word' id='word_1_511' title='bbox 1446 3983 1612 4055; x_wconf 81' lang='lat' dir='ltr'><strong>ﬁgura</strong></span> <span class='ocrx_word' id='word_1_512' title='bbox 1650 3985 1924 4055; x_wconf 81' lang='lat' dir='ltr'><strong>conipoui.</strong></span> 
     </span>
    </p>
   </div>
   <div class='ocr_carea' id='block_1_73' title="bbox 324 4072 1928 4149">
    <p class='ocr_par' dir='ltr' id='par_1_73' title="bbox 324 4072 1928 4149">
     <span class='ocr_line' id='line_1_73' title="bbox 324 4072 1928 4149; baseline 0.004 -24"><span class='ocrx_word' id='word_1_513' title='bbox 324 4072 433 4137; x_wconf 83' lang='lat' dir='ltr'><strong>Sed</strong></span> <span class='ocrx_word' id='word_1_514' title='bbox 478 4073 619 4131; x_wconf 85' lang='lat' dir='ltr'><strong>hanc</strong></span> <span class='ocrx_word' id='word_1_515' title='bbox 664 4072 1035 4129; x_wconf 82' lang='lat' dir='ltr'><strong>recensiouetn</strong></span> <span class='ocrx_word' id='word_1_516' title='bbox 1077 4074 1220 4148; x_wconf 74' lang='lat' dir='ltr'><strong>style</strong></span> <span class='ocrx_word' id='word_1_517' title='bbox 1260 4090 1362 4131; x_wconf 85' lang='lat' dir='ltr'><strong>suo</strong></span> <span class='ocrx_word' id='word_1_518' title='bbox 1402 4075 1593 4131; x_wconf 81' lang='lat' dir='ltr'><strong>inﬂato</strong></span> <span class='ocrx_word' id='word_1_519' title='bbox 1622 4086 1678 4132; x_wconf 88' lang='lat' dir='ltr'><strong>et</strong></span> <span class='ocrx_word' id='word_1_520' title='bbox 1718 4077 1928 4149; x_wconf 79' lang='lat' dir='ltr'><strong>turgido</strong></span> 
     </span>
    </p>
   </div>
   <div class='ocr_carea' id='block_1_74' title="bbox 324 4166 1929 4242">
    <p class='ocr_par' dir='ltr' id='par_1_74' title="bbox 324 4166 1929 4242">
     <span class='ocr_line' id='line_1_74' title="bbox 324 4166 1929 4242; baseline 0.009 -26"><span class='ocrx_word' id='word_1_521' title='bbox 324 4166 692 4241; x_wconf 54' lang='lat' dir='ltr'><strong>prosequitur,</strong></span> <span class='ocrx_word' id='word_1_522' title='bbox 718 4182 782 4235; x_wconf 81' lang='lat' dir='ltr'><strong>ac</strong></span> <span class='ocrx_word' id='word_1_523' title='bbox 797 4167 1030 4229; x_wconf 80' lang='lat' dir='ltr'><strong>insolitis</strong></span> <span class='ocrx_word' id='word_1_524' title='bbox 1046 4167 1368 4239; x_wconf 74' lang='lat' dir='ltr'><strong>quibusdam</strong></span> <span class='ocrx_word' id='word_1_525' title='bbox 1388 4170 1560 4225; x_wconf 79' lang='lat' dir='ltr'><strong>utitur</strong></span> <span class='ocrx_word' id='word_1_526' title='bbox 1586 4170 1782 4235; x_wconf 82' lang='lat' dir='ltr'><strong>verbis,</strong></span> <span class='ocrx_word' id='word_1_527' title='bbox 1808 4186 1929 4242; x_wconf 66' lang='lat' dir='ltr'><strong>quae</strong></span> 
     </span>
    </p>
   </div>
   <div class='ocr_carea' id='block_1_75' title="bbox 324 4260 1926 4333">
    <p class='ocr_par' dir='ltr' id='par_1_75' title="bbox 324 4260 1926 4333">
     <span class='ocr_line' id='line_1_75' title="bbox 324 4260 1926 4333; baseline -0.001 -15"><span class='ocrx_word' id='word_1_528' title='bbox 324 4260 532 4321; x_wconf 80' lang='lat' dir='ltr'><strong>idcirco</strong></span> <span class='ocrx_word' id='word_1_529' title='bbox 577 4276 677 4323; x_wconf 87' lang='lat' dir='ltr'><strong>nec</strong></span> <span class='ocrx_word' id='word_1_530' title='bbox 721 4260 972 4325; x_wconf 77' lang='lat' dir='ltr'><strong>omnibus</strong></span> <span class='ocrx_word' id='word_1_531' title='bbox 1016 4260 1171 4321; x_wconf 83' lang='lat' dir='ltr'><strong>obvia</strong></span> <span class='ocrx_word' id='word_1_532' title='bbox 1214 4262 1472 4329; x_wconf 75' lang='lat' dir='ltr'><strong>claraque</strong></span> <span class='ocrx_word' id='word_1_533' title='bbox 1503 4262 1725 4321; x_wconf 82' lang='lat' dir='ltr'><strong>omnino</strong></span> <span class='ocrx_word' id='word_1_534' title='bbox 1762 4273 1926 4333; x_wconf 86' lang='lat' dir='ltr'><strong>sunt,</strong></span> 
     </span>
    </p>
   </div>
   <div class='ocr_carea' id='block_1_76' title="bbox 325 4354 1926 4425">
    <p class='ocr_par' dir='ltr' id='par_1_76' title="bbox 325 4354 1926 4425">
     <span class='ocr_line' id='line_1_76' title="bbox 325 4354 1926 4425; baseline 0.002 -15"><span class='ocrx_word' id='word_1_535' title='bbox 325 4370 429 4411; x_wconf 89' lang='lat' dir='ltr'><strong>nec</strong></span> <span class='ocrx_word' id='word_1_536' title='bbox 458 4355 577 4409; x_wconf 90' lang='lat' dir='ltr'><strong>sine</strong></span> <span class='ocrx_word' id='word_1_537' title='bbox 605 4354 961 4425; x_wconf 53' lang='lat' dir='ltr'><strong>explicatione</strong></span> <span class='ocrx_word' id='word_1_538' title='bbox 990 4354 1166 4424; x_wconf 89' lang='lat' dir='ltr'><strong>aliqua</strong></span> <span class='ocrx_word' id='word_1_539' title='bbox 1192 4354 1393 4417; x_wconf 74' lang='lat' dir='ltr'><strong>debent</strong></span> <span class='ocrx_word' id='word_1_540' title='bbox 1424 4357 1785 4425; x_wconf 75' lang='lat' dir='ltr'><strong>pra-termini.</strong></span> <span class='ocrx_word' id='word_1_541' title='bbox 1821 4358 1926 4413; x_wconf 85' lang='lat' dir='ltr'><strong>Do-</strong></span> 
     </span>
    </p>
   </div>
   <div class='ocr_carea' id='block_1_77' title="bbox 2030 3324 3633 3397">
    <p class='ocr_par' dir='ltr' id='par_1_77' title="bbox 2030 3324 3633 3397">
     <span class='ocr_line' id='line_1_77' title="bbox 2030 3324 3633 3397; baseline 0.001 -16"><span class='ocrx_word' id='word_1_542' title='bbox 2030 3325 2188 3385; x_wconf 88' lang='lat' dir='ltr'><strong>batur</strong></span> <span class='ocrx_word' id='word_1_543' title='bbox 2220 3344 2234 3382; x_wconf 91' lang='lat'><strong>:</strong></span> <span class='ocrx_word' id='word_1_544' title='bbox 2270 3344 2288 3376; x_wconf 75' lang='grc'><strong>(</strong></span> <span class='ocrx_word' id='word_1_545' title='bbox 2330 3324 2560 3385; x_wconf 80' lang='lat' dir='ltr'><strong>Habebit</strong></span> <span class='ocrx_word' id='word_1_546' title='bbox 2587 3324 2753 3397; x_wconf 80' lang='lat' dir='ltr'><strong>igitur</strong></span> <span class='ocrx_word' id='word_1_547' title='bbox 2779 3324 3015 3395; x_wconf 77' lang='lat' dir='ltr'><strong>linguam</strong></span> <span class='ocrx_word' id='word_1_548' title='bbox 3059 3324 3194 3383; x_wconf 81' lang='lat' dir='ltr'><strong>deus</strong></span> <span class='ocrx_word' id='word_1_549' title='bbox 3220 3334 3277 3382; x_wconf 90' lang='lat' dir='ltr'><strong>et</strong></span> <span class='ocrx_word' id='word_1_550' title='bbox 3302 3342 3413 3382; x_wconf 89' lang='lat' dir='ltr'><strong>non</strong></span> <span class='ocrx_word' id='word_1_551' title='bbox 3441 3328 3633 3397; x_wconf 82' lang='lat' dir='ltr'><strong>loque-</strong></span> 
     </span>
    </p>
   </div>
   <div class='ocr_carea' id='block_1_78' title="bbox 2031 3417 3629 3488">
    <p class='ocr_par' dir='ltr' id='par_1_78' title="bbox 2031 3417 3629 3488">
     <span class='ocr_line' id='line_1_78' title="bbox 2031 3417 3629 3488; baseline 0 -12"><span class='ocrx_word' id='word_1_552' title='bbox 2031 3428 2153 3485; x_wconf 88' lang='lat' dir='ltr'><strong>tur;</strong></span> <span class='ocrx_word' id='word_1_553' title='bbox 2206 3420 2428 3486; x_wconf 87' lang='lat' dir='ltr'><strong>dentes,</strong></span> <span class='ocrx_word' id='word_1_554' title='bbox 2481 3419 2749 3488; x_wconf 84' lang='lat' dir='ltr'><strong>palatum,</strong></span> <span class='ocrx_word' id='word_1_555' title='bbox 2806 3417 2993 3485; x_wconf 77' lang='lat' dir='ltr'><strong>fauces</strong></span> <span class='ocrx_word' id='word_1_556' title='bbox 3037 3418 3105 3473; x_wconf 85' lang='lat' dir='ltr'><strong>ad</strong></span> <span class='ocrx_word' id='word_1_557' title='bbox 3148 3419 3359 3481; x_wconf 84' lang='lat' dir='ltr'><strong>nullum</strong></span> <span class='ocrx_word' id='word_1_558' title='bbox 3418 3434 3575 3481; x_wconf 86' lang='lat' dir='ltr'><strong>usum</strong></span> <span class='ocrx_word' id='word_1_559' title='bbox 3608 3438 3629 3476; x_wconf 82' lang='lat'><strong>:</strong></span> 
     </span>
    </p>
   </div>
   <div class='ocr_carea' id='block_1_79' title="bbox 2030 3510 3620 3584">
    <p class='ocr_par' dir='ltr' id='par_1_79' title="bbox 2030 3510 3620 3584">
     <span class='ocr_line' id='line_1_79' title="bbox 2030 3510 3620 3584; baseline 0 -17"><span class='ocrx_word' id='word_1_560' title='bbox 2030 3528 2257 3584; x_wconf 79' lang='lat' dir='ltr'><strong>quaeque</strong></span> <span class='ocrx_word' id='word_1_561' title='bbox 2302 3510 2696 3582; x_wconf 80' lang='lat' dir='ltr'><strong>procreationis</strong></span> <span class='ocrx_word' id='word_1_562' title='bbox 2720 3525 2882 3573; x_wconf 80' lang='lat' dir='ltr'><strong>causa</strong></span> <span class='ocrx_word' id='word_1_563' title='bbox 2921 3519 3111 3575; x_wconf 72' lang='lat' dir='ltr'><strong>natura</strong></span> <span class='ocrx_word' id='word_1_564' title='bbox 3143 3512 3360 3581; x_wconf 62' lang='lat' dir='ltr'><strong>(torpori</strong></span> <span class='ocrx_word' id='word_1_565' title='bbox 3385 3511 3620 3580; x_wconf 79' lang='lat' dir='ltr'><strong>afﬁnxit,</strong></span> 
     </span>
    </p>
   </div>
   <div class='ocr_carea' id='block_1_80' title="bbox 2030 3596 3631 3676">
    <p class='ocr_par' dir='ltr' id='par_1_80' title="bbox 2030 3596 3631 3676">
     <span class='ocr_line' id='line_1_80' title="bbox 2030 3596 3631 3676; baseline -0.001 -13"><span class='ocrx_word' id='word_1_566' title='bbox 2030 3622 2090 3663; x_wconf 85' lang='lat' dir='ltr'><strong>ea</strong></span> <span class='ocrx_word' id='word_1_567' title='bbox 2114 3605 2316 3663; x_wconf 84' lang='lat' dir='ltr'><strong>frustra</strong></span> <span class='ocrx_word' id='word_1_568' title='bbox 2340 3606 2562 3665; x_wconf 84' lang='lat' dir='ltr'><strong>habebit</strong></span> <span class='ocrx_word' id='word_1_569' title='bbox 2583 3604 2717 3660; x_wconf 89' lang='lat' dir='ltr'><strong>deus</strong></span> <span class='ocrx_word' id='word_1_570' title='bbox 2743 3622 2757 3658; x_wconf 90' lang='lat'><strong>:</strong></span> <span class='ocrx_word' id='word_1_571' title='bbox 2786 3619 2888 3669; x_wconf 78' lang='lat' dir='ltr'><strong>nec</strong></span> <span class='ocrx_word' id='word_1_572' title='bbox 2909 3596 3132 3667; x_wconf 75' lang='lat' dir='ltr'><strong>externa</strong></span> <span class='ocrx_word' id='word_1_573' title='bbox 3157 3604 3327 3675; x_wconf 83' lang='lat' dir='ltr'><strong>magis</strong></span> <span class='ocrx_word' id='word_1_574' title='bbox 3354 3621 3517 3676; x_wconf 85' lang='lat' dir='ltr'><strong>quam</strong></span> <span class='ocrx_word' id='word_1_575' title='bbox 3544 3608 3631 3663; x_wconf 87' lang='lat' dir='ltr'><strong>in-</strong></span> 
     </span>
    </p>
   </div>
   <div class='ocr_carea' id='block_1_81' title="bbox 2032 3699 3629 3770">
    <p class='ocr_par' dir='ltr' id='par_1_81' title="bbox 2032 3699 3629 3770">
     <span class='ocr_line' id='line_1_81' title="bbox 2032 3699 3629 3770; baseline 0.001 -14"><span class='ocrx_word' id='word_1_576' title='bbox 2032 3702 2262 3767; x_wconf 83' lang='lat' dir='ltr'><strong>teriora,</strong></span> <span class='ocrx_word' id='word_1_577' title='bbox 2304 3715 2436 3767; x_wconf 88' lang='lat' dir='ltr'><strong>cor,</strong></span> <span class='ocrx_word' id='word_1_578' title='bbox 2468 3700 2787 3770; x_wconf 82' lang='lat' dir='ltr'><strong>pulmones.</strong></span> <span class='ocrx_word' id='word_1_579' title='bbox 2823 3699 3007 3768; x_wconf 68' lang='lat' dir='ltr'><strong>iecur,</strong></span> <span class='ocrx_word' id='word_1_580' title='bbox 3041 3708 3351 3768; x_wconf 67' lang='lat' dir='ltr'><strong>caeteraque</strong></span> <span class='ocrx_word' id='word_1_581' title='bbox 3379 3699 3629 3758; x_wconf 87' lang='lat' dir='ltr'><strong>detracta</strong></span> 
     </span>
    </p>
   </div>
   <div class='ocr_carea' id='block_1_82' title="bbox 2031 3786 3629 3866">
    <p class='ocr_par' dir='ltr' id='par_1_82' title="bbox 2031 3786 3629 3866">
     <span class='ocr_line' id='line_1_82' title="bbox 2031 3786 3629 3866; baseline 0.004 -18"><span class='ocrx_word' id='word_1_582' title='bbox 2031 3796 2295 3862; x_wconf 84' lang='lat' dir='ltr'><strong>utilitate,</strong></span> <span class='ocrx_word' id='word_1_583' title='bbox 2338 3795 2467 3866; x_wconf 80' lang='lat' dir='ltr'><strong>quid</strong></span> <span class='ocrx_word' id='word_1_584' title='bbox 2514 3786 2718 3851; x_wconf 79' lang='lat' dir='ltr'><strong>habent</strong></span> <span class='ocrx_word' id='word_1_585' title='bbox 2767 3792 3110 3857; x_wconf 67' lang='lat' dir='ltr'><strong>venustatis?</strong></span> <span class='ocrx_word' id='word_1_586' title='bbox 3159 3792 3629 3865; x_wconf 77' lang='lat' dir='ltr'><strong>quandoquidem</strong></span> 
     </span>
    </p>
   </div>
   <div class='ocr_carea' id='block_1_83' title="bbox 2028 3883 3630 3958">
    <p class='ocr_par' dir='ltr' id='par_1_83' title="bbox 2028 3883 3630 3958">
     <span class='ocr_line' id='line_1_83' title="bbox 2028 3883 3630 3958; baseline 0.003 -17"><span class='ocrx_word' id='word_1_587' title='bbox 2028 3886 2289 3945; x_wconf 21' lang='lat' dir='ltr'><strong>bieciesse</strong></span> <span class='ocrx_word' id='word_1_588' title='bbox 2312 3886 2365 3940; x_wconf 89' lang='lat' dir='ltr'><strong>in</strong></span> <span class='ocrx_word' id='word_1_589' title='bbox 2392 3886 2500 3945; x_wconf 80' lang='lat' dir='ltr'><strong>deo</strong></span> <span class='ocrx_word' id='word_1_590' title='bbox 2520 3895 2745 3957; x_wconf 74' lang='lat' dir='ltr'><strong>propter</strong></span> <span class='ocrx_word' id='word_1_591' title='bbox 2768 3883 3225 3954; x_wconf 65' lang='lat' dir='ltr'><strong>pulchritudinem</strong></span> <span class='ocrx_word' id='word_1_592' title='bbox 3254 3885 3438 3944; x_wconf 83' lang='lat' dir='ltr'><strong>vultis.</strong></span> <span class='ocrx_word' id='word_1_593' title='bbox 3469 3907 3491 3942; x_wconf 79' lang='grc' dir='ltr'><strong>ι</strong></span> <span class='ocrx_word' id='word_1_594' title='bbox 3518 3889 3630 3958; x_wconf 82' lang='lat' dir='ltr'><strong>(Ci-</strong></span> 
     </span>
    </p>
   </div>
   <div class='ocr_carea' id='block_1_84' title="bbox 2031 3977 3415 4051">
    <p class='ocr_par' dir='ltr' id='par_1_84' title="bbox 2031 3977 3415 4051">
     <span class='ocr_line' id='line_1_84' title="bbox 2031 3977 3415 4051; baseline -0.002 -15"><span class='ocrx_word' id='word_1_595' title='bbox 2031 3997 2160 4046; x_wconf 80' lang='lat' dir='ltr'><strong>cer.,</strong></span> <span class='ocrx_word' id='word_1_596' title='bbox 2191 3982 2280 4035; x_wconf 82' lang='lat' dir='ltr'><strong>lib.</strong></span> <span class='ocrx_word' id='word_1_597' title='bbox 2310 3996 2327 4035; x_wconf 83' lang='lat'>1</span> <span class='ocrx_word' id='word_1_598' title='bbox 2357 3980 2419 4035; x_wconf 77' lang='lat' dir='ltr'><strong>de</strong></span> <span class='ocrx_word' id='word_1_599' title='bbox 2447 3977 2641 4037; x_wconf 64' lang='lat' dir='ltr'><strong>Natu.</strong></span> <span class='ocrx_word' id='word_1_600' title='bbox 2669 3978 2833 4044; x_wconf 55' lang='grc' dir='ltr'><strong><em>(μοι,</em></strong></span> <span class='ocrx_word' id='word_1_601' title='bbox 2863 3995 2985 4049; x_wconf 74' lang='lat' dir='ltr'><strong>pag.</strong></span> <span class='ocrx_word' id='word_1_602' title='bbox 3014 3977 3145 4043; x_wconf 71' lang='lat'><strong>208,</strong></span> <span class='ocrx_word' id='word_1_603' title='bbox 3173 3977 3268 4041; x_wconf 76' lang='lat' dir='ltr'><strong>lin.</strong></span> <span class='ocrx_word' id='word_1_604' title='bbox 3296 3978 3415 4051; x_wconf 64' lang='grc'><strong>46.)</strong></span> 
     </span>
    </p>
   </div>
   <div class='ocr_carea' id='block_1_85' title="bbox 2102 4072 3631 4142">
    <p class='ocr_par' dir='ltr' id='par_1_85' title="bbox 2102 4072 3631 4142">
     <span class='ocr_line' id='line_1_85' title="bbox 2102 4072 3631 4142; baseline 0.003 -11"><span class='ocrx_word' id='word_1_605' title='bbox 2102 4075 2411 4131; x_wconf 82' lang='lat' dir='ltr'><strong>Secundum</strong></span> <span class='ocrx_word' id='word_1_606' title='bbox 2469 4073 2691 4131; x_wconf 82' lang='lat' dir='ltr'><strong>Arnobii</strong></span> <span class='ocrx_word' id='word_1_607' title='bbox 2753 4081 3086 4131; x_wconf 82' lang='lat' dir='ltr'><strong>momentum</strong></span> <span class='ocrx_word' id='word_1_608' title='bbox 3144 4072 3631 4142; x_wconf 77' lang='lat' dir='ltr'><strong>comprehenditur</strong></span> 
     </span>
    </p>
   </div>
   <div class='ocr_carea' id='block_1_86' title="bbox 2028 4166 3631 4238">
    <p class='ocr_par' dir='ltr' id='par_1_86' title="bbox 2028 4166 3631 4238">
     <span class='ocr_line' id='line_1_86' title="bbox 2028 4166 3631 4238; baseline 0 -13"><span class='ocrx_word' id='word_1_609' title='bbox 2028 4168 2136 4225; x_wconf 84' lang='lat' dir='ltr'><strong>hoc</strong></span> <span class='ocrx_word' id='word_1_610' title='bbox 2182 4168 2494 4225; x_wconf 83' lang='lat' dir='ltr'><strong>dilemmate</strong></span> <span class='ocrx_word' id='word_1_611' title='bbox 2525 4187 2541 4222; x_wconf 89' lang='lat'><strong>:</strong></span> <span class='ocrx_word' id='word_1_612' title='bbox 2570 4167 2625 4224; x_wconf 86' lang='lat' dir='ltr'><strong>Si</strong></span> <span class='ocrx_word' id='word_1_613' title='bbox 2674 4167 2787 4223; x_wconf 83' lang='lat' dir='ltr'><strong>sint</strong></span> <span class='ocrx_word' id='word_1_614' title='bbox 2848 4167 3044 4238; x_wconf 63' lang='lat' dir='ltr'><strong>aliqua:</strong></span> <span class='ocrx_word' id='word_1_615' title='bbox 3087 4166 3347 4231; x_wconf 60' lang='lat' dir='ltr'><strong>borunce</strong></span> <span class='ocrx_word' id='word_1_616' title='bbox 3396 4169 3631 4237; x_wconf 83' lang='lat' dir='ltr'><strong>deorum</strong></span> 
     </span>
    </p>
   </div>
   <div class='ocr_carea' id='block_1_87' title="bbox 2031 4260 3631 4333">
    <p class='ocr_par' dir='ltr' id='par_1_87' title="bbox 2031 4260 3631 4333">
     <span class='ocr_line' id='line_1_87' title="bbox 2031 4260 3631 4333; baseline 0.002 -16"><span class='ocrx_word' id='word_1_617' title='bbox 2031 4263 2270 4333; x_wconf 80' lang='lat' dir='ltr'><strong>species,</strong></span> <span class='ocrx_word' id='word_1_618' title='bbox 2304 4261 2527 4327; x_wconf 63' lang='lat' dir='ltr'><strong>forante,</strong></span> <span class='ocrx_word' id='word_1_619' title='bbox 2562 4276 2625 4316; x_wconf 88' lang='lat' dir='ltr'><strong>ac</strong></span> <span class='ocrx_word' id='word_1_620' title='bbox 2644 4260 2864 4330; x_wconf 71' lang='lat' dir='ltr'><strong>ﬁgurae,</strong></span> <span class='ocrx_word' id='word_1_621' title='bbox 2912 4260 3234 4323; x_wconf 46' lang='lat' dir='ltr'><strong>.vcleadem</strong></span> <span class='ocrx_word' id='word_1_622' title='bbox 3260 4273 3504 4327; x_wconf 87' lang='lat' dir='ltr'><strong>sunt,et</strong></span> <span class='ocrx_word' id='word_1_623' title='bbox 3522 4265 3631 4329; x_wconf 78' lang='lat' dir='ltr'><strong>sibi</strong></span> 
     </span>
    </p>
   </div>
   <div class='ocr_carea' id='block_1_88' title="bbox 2031 4352 3630 4423">
    <p class='ocr_par' dir='ltr' id='par_1_88' title="bbox 2031 4352 3630 4423">
     <span class='ocr_line' id='line_1_88' title="bbox 2031 4352 3630 4423; baseline -0.001 -13"><span class='ocrx_word' id='word_1_624' title='bbox 2031 4356 2259 4411; x_wconf 85' lang='lat' dir='ltr'><strong>invicem</strong></span> <span class='ocrx_word' id='word_1_625' title='bbox 2291 4354 2519 4420; x_wconf 88' lang='lat' dir='ltr'><strong>similes,</strong></span> <span class='ocrx_word' id='word_1_626' title='bbox 2545 4355 2631 4409; x_wconf 82' lang='lat' dir='ltr'><strong>vel</strong></span> <span class='ocrx_word' id='word_1_627' title='bbox 2663 4355 2868 4423; x_wconf 87' lang='lat' dir='ltr'><strong>plures,</strong></span> <span class='ocrx_word' id='word_1_628' title='bbox 2912 4368 2975 4407; x_wconf 88' lang='lat' dir='ltr'><strong>ac</strong></span> <span class='ocrx_word' id='word_1_629' title='bbox 3001 4352 3318 4409; x_wconf 80' lang='lat' dir='ltr'><strong>dissimiles.</strong></span> <span class='ocrx_word' id='word_1_630' title='bbox 3360 4356 3429 4409; x_wconf 82' lang='lat' dir='ltr'><strong>At</strong></span> <span class='ocrx_word' id='word_1_631' title='bbox 3455 4355 3498 4409; x_wconf 91' lang='lat' dir='ltr'><strong>si</strong></span> <span class='ocrx_word' id='word_1_632' title='bbox 3522 4369 3630 4423; x_wconf 73' lang='lat' dir='ltr'><strong>una</strong></span> 
     </span>
    </p>
   </div>
   <div class='ocr_carea' id='block_1_89' title="bbox 327 4443 3630 4520">
    <p class='ocr_par' dir='ltr' id='par_1_89' title="bbox 327 4443 3630 4520">
     <span class='ocr_line' id='line_1_89' title="bbox 327 4443 3630 4520; baseline -0.001 -15"><span class='ocrx_word' id='word_1_633' title='bbox 327 4458 418 4505; x_wconf 88' lang='lat' dir='ltr'><strong>cet</strong></span> <span class='ocrx_word' id='word_1_634' title='bbox 445 4460 624 4503; x_wconf 82' lang='lat' dir='ltr'><strong>autem</strong></span> <span class='ocrx_word' id='word_1_635' title='bbox 653 4447 784 4502; x_wconf 86' lang='lat' dir='ltr'><strong>deos</strong></span> <span class='ocrx_word' id='word_1_636' title='bbox 809 4457 1006 4518; x_wconf 66' lang='lat' dir='ltr'><strong>praeter</strong></span> <span class='ocrx_word' id='word_1_637' title='bbox 1032 4459 1224 4516; x_wconf 85' lang='lat' dir='ltr'><strong>caput,</strong></span> <span class='ocrx_word' id='word_1_638' title='bbox 1251 4464 1436 4515; x_wconf 84' lang='lat' dir='ltr'><strong>aures,</strong></span> <span class='ocrx_word' id='word_1_639' title='bbox 1469 4449 1651 4519; x_wconf 81' lang='lat' dir='ltr'><strong>pedes,</strong></span> <span class='ocrx_word' id='word_1_640' title='bbox 1686 4450 1929 4520; x_wconf 76' lang='lat' dir='ltr'><strong>aliasque</strong></span> <span class='ocrx_word' id='word_1_641' title='bbox 2033 4446 2331 4517; x_wconf 81' lang='lat' dir='ltr'><strong>eademque</strong></span> <span class='ocrx_word' id='word_1_642' title='bbox 2345 4446 2653 4503; x_wconf 86' lang='lat' dir='ltr'><strong>sitdeorum</strong></span> <span class='ocrx_word' id='word_1_643' title='bbox 2677 4445 2917 4503; x_wconf 90' lang='lat' dir='ltr'><strong>omnium</strong></span> <span class='ocrx_word' id='word_1_644' title='bbox 2943 4445 3115 4516; x_wconf 78' lang='lat' dir='ltr'><strong>ﬁgura</strong></span> <span class='ocrx_word' id='word_1_645' title='bbox 3132 4443 3395 4516; x_wconf 49' lang='lat' dir='ltr'><strong>ettfaeies,</strong></span> <span class='ocrx_word' id='word_1_646' title='bbox 3416 4448 3630 4513; x_wconf 76' lang='lat' dir='ltr'><strong>ii,cerle</strong></span> 
     </span>
    </p>
   </div>
   <div class='ocr_carea' id='block_1_90' title="bbox 327 4539 3632 4612">
    <p class='ocr_par' dir='ltr' id='par_1_90' title="bbox 327 4539 3632 4612">
     <span class='ocr_line' id='line_1_90' title="bbox 327 4539 3632 4612; baseline 0 -15"><span class='ocrx_word' id='word_1_647' title='bbox 327 4542 585 4597; x_wconf 90' lang='lat' dir='ltr'><strong>omnibus</strong></span> <span class='ocrx_word' id='word_1_648' title='bbox 627 4540 936 4595; x_wconf 74' lang='lat' dir='ltr'><strong>notissimas</strong></span> <span class='ocrx_word' id='word_1_649' title='bbox 963 4542 1207 4610; x_wconf 86' lang='lat' dir='ltr'><strong>corporis</strong></span> <span class='ocrx_word' id='word_1_650' title='bbox 1239 4553 1417 4610; x_wconf 85' lang='lat' dir='ltr'><strong>partes</strong></span> <span class='ocrx_word' id='word_1_651' title='bbox 1439 4583 1453 4606; x_wconf 94' lang='lat'><strong>,</strong></span> <span class='ocrx_word' id='word_1_652' title='bbox 1489 4541 1691 4598; x_wconf 85' lang='lat' dir='ltr'><strong>habere</strong></span> <span class='ocrx_word' id='word_1_653' title='bbox 1722 4558 1929 4612; x_wconf 79' lang='lat' dir='ltr'><strong>nequa—</strong></span> <span class='ocrx_word' id='word_1_654' title='bbox 2030 4557 2092 4598; x_wconf 91' lang='lat' dir='ltr'><strong>se</strong></span> <span class='ocrx_word' id='word_1_655' title='bbox 2119 4542 2266 4612; x_wconf 80' lang='lat' dir='ltr'><strong>ipsos</strong></span> <span class='ocrx_word' id='word_1_656' title='bbox 2286 4556 2393 4596; x_wconf 83' lang='lat' dir='ltr'><strong>non</strong></span> <span class='ocrx_word' id='word_1_657' title='bbox 2416 4547 2777 4611; x_wconf 83' lang='lat' dir='ltr'><strong>cognoscunt,</strong></span> <span class='ocrx_word' id='word_1_658' title='bbox 2812 4552 2912 4594; x_wconf 86' lang='lat' dir='ltr'><strong>nec</strong></span> <span class='ocrx_word' id='word_1_659' title='bbox 2941 4539 3324 4599; x_wconf 81' lang='lat' dir='ltr'><strong>secernunt.Si</strong></span> <span class='ocrx_word' id='word_1_660' title='bbox 3358 4541 3539 4611; x_wconf 78' lang='lat' dir='ltr'><strong>plures</strong></span> <span class='ocrx_word' id='word_1_661' title='bbox 3564 4557 3632 4600; x_wconf 88' lang='lat' dir='ltr'><strong>ac</strong></span> 
     </span>
    </p>
   </div>
   <div class='ocr_carea' id='block_1_91' title="bbox 321 4631 3633 4707">
    <p class='ocr_par' dir='ltr' id='par_1_91' title="bbox 321 4631 3633 4707">
     <span class='ocr_line' id='line_1_91' title="bbox 321 4631 3633 4707; baseline 0.001 -16"><span class='ocrx_word' id='word_1_662' title='bbox 321 4651 489 4707; x_wconf 79' lang='lat' dir='ltr'><strong>quam</strong></span> <span class='ocrx_word' id='word_1_663' title='bbox 538 4649 700 4705; x_wconf 79' lang='lat' dir='ltr'><strong>posse</strong></span> <span class='ocrx_word' id='word_1_664' title='bbox 725 4650 1087 4704; x_wconf 65' lang='lat' dir='ltr'><strong>«suspensum</strong></span> <span class='ocrx_word' id='word_1_665' title='bbox 1146 4634 1427 4691; x_wconf 83' lang='lat' dir='ltr'><strong>imbricem</strong></span> <span class='ocrx_word' id='word_1_666' title='bbox 1470 4637 1715 4699; x_wconf 84' lang='lat' dir='ltr'><strong>narium.</strong></span> <span class='ocrx_word' id='word_1_667' title='bbox 1770 4652 1928 4691; x_wconf 89' lang='lat' dir='ltr'><strong>mun-</strong></span> <span class='ocrx_word' id='word_1_668' title='bbox 1954 4638 2008 4698; x_wconf 89' lang='lat' dir='ltr'><strong>D</strong></span> <span class='ocrx_word' id='word_1_669' title='bbox 2032 4634 2264 4697; x_wconf 68' lang='lat' dir='ltr'><strong>diversae</strong></span> <span class='ocrx_word' id='word_1_670' title='bbox 2298 4652 2313 4689; x_wconf 88' lang='lat'><strong>:</strong></span> <span class='ocrx_word' id='word_1_671' title='bbox 2349 4653 2367 4687; x_wconf 78' lang='grc' dir='ltr'><strong>ι</strong></span> <span class='ocrx_word' id='word_1_672' title='bbox 2399 4634 2570 4704; x_wconf 85' lang='lat' dir='ltr'><strong>Ergo,</strong></span> <span class='ocrx_word' id='word_1_673' title='bbox 2602 4653 2623 4687; x_wconf 78' lang='grc' dir='ltr'><strong>ι</strong></span> <span class='ocrx_word' id='word_1_674' title='bbox 2654 4633 2828 4704; x_wconf 82' lang='lat' dir='ltr'><strong>arguit</strong></span> <span class='ocrx_word' id='word_1_675' title='bbox 2854 4631 3148 4699; x_wconf 79' lang='lat' dir='ltr'><strong>Arnobius,</strong></span> <span class='ocrx_word' id='word_1_676' title='bbox 3182 4650 3204 4685; x_wconf 78' lang='grc' dir='ltr'><strong>ι</strong></span> <span class='ocrx_word' id='word_1_677' title='bbox 3232 4632 3518 4697; x_wconf 80' lang='lat' dir='ltr'><strong>dicendum</strong></span> <span class='ocrx_word' id='word_1_678' title='bbox 3545 4644 3633 4703; x_wconf 74' lang='lat' dir='ltr'><strong>est</strong></span> 
     </span>
    </p>
   </div>
   <div class='ocr_carea' id='block_1_92' title="bbox 328 4727 3628 4801">
    <p class='ocr_par' dir='ltr' id='par_1_92' title="bbox 328 4727 3628 4801">
     <span class='ocr_line' id='line_1_92' title="bbox 328 4727 3628 4801; baseline 0 -15"><span class='ocrx_word' id='word_1_679' title='bbox 328 4729 600 4786; x_wconf 78' lang='lat' dir='ltr'><strong>ctionihus</strong></span> <span class='ocrx_word' id='word_1_680' title='bbox 626 4728 1018 4792; x_wconf 83' lang='lat' dir='ltr'><strong>mucculeutis,</strong></span> <span class='ocrx_word' id='word_1_681' title='bbox 1044 4739 1099 4784; x_wconf 83' lang='lat' dir='ltr'><strong>et</strong></span> <span class='ocrx_word' id='word_1_682' title='bbox 1127 4730 1355 4794; x_wconf 69' lang='lat' dir='ltr'><strong>animali</strong></span> <span class='ocrx_word' id='word_1_683' title='bbox 1381 4731 1791 4785; x_wconf 84' lang='lat' dir='ltr'><strong>commeabilem</strong></span> <span class='ocrx_word' id='word_1_684' title='bbox 1820 4730 1937 4785; x_wconf 47' lang='lat' dir='ltr'><strong>trag:</strong></span> <span class='ocrx_word' id='word_1_685' title='bbox 2032 4730 2292 4801; x_wconf 84' lang='lat' dir='ltr'><strong>quosdam</strong></span> <span class='ocrx_word' id='word_1_686' title='bbox 2322 4730 2624 4799; x_wconf 81' lang='lat' dir='ltr'><strong>capitones,</strong></span> <span class='ocrx_word' id='word_1_687' title='bbox 2648 4727 2970 4791; x_wconf 86' lang='lat' dir='ltr'><strong>siluuculos,</strong></span> <span class='ocrx_word' id='word_1_688' title='bbox 3002 4728 3306 4795; x_wconf 81' lang='lat' dir='ltr'><strong>frontones,</strong></span> <span class='ocrx_word' id='word_1_689' title='bbox 3330 4728 3587 4789; x_wconf 86' lang='lat' dir='ltr'><strong>labeones</strong></span> <span class='ocrx_word' id='word_1_690' title='bbox 3609 4748 3628 4786; x_wconf 88' lang='lat'><strong>:</strong></span> 
     </span>
    </p>
   </div>
   <div class='ocr_carea' id='block_1_93' title="bbox 331 4819 3633 4895">
    <p class='ocr_par' dir='ltr' id='par_1_93' title="bbox 331 4819 3633 4895">
     <span class='ocr_line' id='line_1_93' title="bbox 331 4819 3633 4895; baseline 0 -16"><span class='ocrx_word' id='word_1_691' title='bbox 331 4826 441 4879; x_wconf 91' lang='lat' dir='ltr'><strong>ctui</strong></span> <span class='ocrx_word' id='word_1_692' title='bbox 495 4824 727 4894; x_wconf 78' lang='lat' dir='ltr'><strong>(Arnob.</strong></span> <span class='ocrx_word' id='word_1_693' title='bbox 752 4868 765 4889; x_wconf 89' lang='lat'><strong>,</strong></span> <span class='ocrx_word' id='word_1_694' title='bbox 800 4824 891 4877; x_wconf 86' lang='lat' dir='ltr'><strong>lib.</strong></span> <span class='ocrx_word' id='word_1_695' title='bbox 926 4839 1010 4889; x_wconf 92' lang='grc' dir='ltr'><strong><em>ιιι,</em></strong></span> <span class='ocrx_word' id='word_1_696' title='bbox 1040 4840 1163 4895; x_wconf 73' lang='lat' dir='ltr'><strong>pag.</strong></span> <span class='ocrx_word' id='word_1_697' title='bbox 1199 4824 1373 4895; x_wconf 66' lang='lat'><strong>107),</strong></span> <span class='ocrx_word' id='word_1_698' title='bbox 1409 4844 1431 4877; x_wconf 79' lang='grc' dir='ltr'><strong>ι</strong></span> <span class='ocrx_word' id='word_1_699' title='bbox 1467 4825 1516 4879; x_wconf 84' lang='lat' dir='ltr'><strong>id</strong></span> <span class='ocrx_word' id='word_1_700' title='bbox 1550 4834 1672 4889; x_wconf 80' lang='lat' dir='ltr'><strong>est,</strong></span> <span class='ocrx_word' id='word_1_701' title='bbox 1719 4825 1929 4880; x_wconf 83' lang='lat' dir='ltr'><strong>uarium</strong></span> <span class='ocrx_word' id='word_1_702' title='bbox 2028 4822 2089 4876; x_wconf 80' lang='lat' dir='ltr'><strong>in</strong></span> <span class='ocrx_word' id='word_1_703' title='bbox 2116 4822 2200 4877; x_wconf 89' lang='lat' dir='ltr'><strong>his</strong></span> <span class='ocrx_word' id='word_1_704' title='bbox 2227 4821 2360 4879; x_wconf 85' lang='lat' dir='ltr'><strong>alios</strong></span> <span class='ocrx_word' id='word_1_705' title='bbox 2401 4829 2720 4884; x_wconf 84' lang='lat' dir='ltr'><strong>mentones,</strong></span> <span class='ocrx_word' id='word_1_706' title='bbox 2762 4819 3001 4886; x_wconf 73' lang='lat' dir='ltr'><strong>ntevios,</strong></span> <span class='ocrx_word' id='word_1_707' title='bbox 3046 4829 3211 4891; x_wconf 83' lang='lat' dir='ltr'><strong>atque</strong></span> <span class='ocrx_word' id='word_1_708' title='bbox 3255 4821 3471 4885; x_wconf 76' lang='lat' dir='ltr'><strong>nasicos</strong></span> <span class='ocrx_word' id='word_1_709' title='bbox 3494 4841 3507 4878; x_wconf 90' lang='lat'><strong>:</strong></span> <span class='ocrx_word' id='word_1_710' title='bbox 3532 4823 3633 4879; x_wconf 84' lang='lat' dir='ltr'><strong>hos</strong></span> 
     </span>
    </p>
   </div>
   <div class='ocr_carea' id='block_1_94' title="bbox 322 4914 3632 4988">
    <p class='ocr_par' dir='ltr' id='par_1_94' title="bbox 322 4914 3632 4988">
     <span class='ocr_line' id='line_1_94' title="bbox 322 4914 3632 4988; baseline -0.001 -16"><span class='ocrx_word' id='word_1_711' title='bbox 322 4918 602 4982; x_wconf 76' lang='lat' dir='ltr'><strong>canalem,</strong></span> <span class='ocrx_word' id='word_1_712' title='bbox 635 4931 956 4985; x_wconf 69' lang='lat' dir='ltr'><strong>quemucus</strong></span> <span class='ocrx_word' id='word_1_713' title='bbox 984 4918 1347 4988; x_wconf 83' lang='lat' dir='ltr'><strong>bumoresque</strong></span> <span class='ocrx_word' id='word_1_714' title='bbox 1371 4934 1439 4973; x_wconf 78' lang='lat' dir='ltr'><strong>ex</strong></span> <span class='ocrx_word' id='word_1_715' title='bbox 1467 4918 1643 4988; x_wconf 88' lang='lat' dir='ltr'><strong>capite</strong></span> <span class='ocrx_word' id='word_1_716' title='bbox 1668 4916 1930 4987; x_wconf 83' lang='lat' dir='ltr'><strong>deﬂuunt,</strong></span> <span class='ocrx_word' id='word_1_717' title='bbox 2036 4915 2290 4982; x_wconf 80' lang='lat' dir='ltr'><strong>displosis</strong></span> <span class='ocrx_word' id='word_1_718' title='bbox 2322 4916 2540 4970; x_wconf 82' lang='lat' dir='ltr'><strong>naribus</strong></span> <span class='ocrx_word' id='word_1_719' title='bbox 2559 4956 2574 4981; x_wconf 92' lang='lat'><strong>,</strong></span> <span class='ocrx_word' id='word_1_720' title='bbox 2619 4915 2744 4970; x_wconf 89' lang='lat' dir='ltr'><strong>illos</strong></span> <span class='ocrx_word' id='word_1_721' title='bbox 2766 4916 3010 4979; x_wconf 88' lang='lat' dir='ltr'><strong>resimis;</strong></span> <span class='ocrx_word' id='word_1_722' title='bbox 3043 4914 3337 4977; x_wconf 82' lang='lat' dir='ltr'><strong>nonnullos</strong></span> <span class='ocrx_word' id='word_1_723' title='bbox 3367 4916 3632 4986; x_wconf 83' lang='lat' dir='ltr'><strong>turgenti-</strong></span> 
     </span>
    </p>
   </div>
   <div class='ocr_carea' id='block_1_95' title="bbox 324 5008 3633 5082">
    <p class='ocr_par' dir='ltr' id='par_1_95' title="bbox 324 5008 3633 5082">
     <span class='ocr_line' id='line_1_95' title="bbox 324 5008 3633 5082; baseline -0.002 -11"><span class='ocrx_word' id='word_1_724' title='bbox 324 5028 398 5071; x_wconf 75' lang='lat' dir='ltr'><strong>ac</strong></span> <span class='ocrx_word' id='word_1_725' title='bbox 425 5012 647 5082; x_wconf 70' lang='lat' dir='ltr'><strong>spiritus</strong></span> <span class='ocrx_word' id='word_1_726' title='bbox 677 5012 907 5067; x_wconf 85' lang='lat' dir='ltr'><strong>ducitur.</strong></span> <span class='ocrx_word' id='word_1_727' title='bbox 2030 5008 2139 5064; x_wconf 82' lang='lat' dir='ltr'><strong>bus</strong></span> <span class='ocrx_word' id='word_1_728' title='bbox 2191 5008 2369 5069; x_wconf 82' lang='lat' dir='ltr'><strong>malis.</strong></span> <span class='ocrx_word' id='word_1_729' title='bbox 2400 5018 2493 5069; x_wconf 80' lang='lat' dir='ltr'><strong>aut</strong></span> <span class='ocrx_word' id='word_1_730' title='bbox 2521 5008 2810 5066; x_wconf 87' lang='lat' dir='ltr'><strong>buccarum</strong></span> <span class='ocrx_word' id='word_1_731' title='bbox 2858 5008 3223 5065; x_wconf 86' lang='lat' dir='ltr'><strong>cumulatione</strong></span> <span class='ocrx_word' id='word_1_732' title='bbox 3264 5009 3633 5077; x_wconf 83' lang='lat' dir='ltr'><strong>saccibucces,</strong></span> 
     </span>
    </p>
   </div>
   <div class='ocr_carea' id='block_1_96' title="bbox 404 5100 3633 5175">
    <p class='ocr_par' dir='ltr' id='par_1_96' title="bbox 404 5100 3633 5175">
     <span class='ocr_line' id='line_1_96' title="bbox 404 5100 3633 5175; baseline 0.003 -18"><span class='ocrx_word' id='word_1_733' title='bbox 404 5103 711 5159; x_wconf 78' lang='lat' dir='ltr'><strong>Praeterea:</strong></span> <span class='ocrx_word' id='word_1_734' title='bbox 749 5121 768 5154; x_wconf 74' lang='grc' dir='ltr'><strong>ι</strong></span> <span class='ocrx_word' id='word_1_735' title='bbox 810 5102 1007 5159; x_wconf 82' lang='lat' dir='ltr'><strong>Dentes</strong></span> <span class='ocrx_word' id='word_1_736' title='bbox 1054 5103 1176 5159; x_wconf 84' lang='lat' dir='ltr'><strong>trini</strong></span> <span class='ocrx_word' id='word_1_737' title='bbox 1216 5105 1461 5175; x_wconf 85' lang='lat' dir='ltr'><strong>generis,</strong></span> <span class='ocrx_word' id='word_1_738' title='bbox 1492 5115 1655 5175; x_wconf 88' lang='lat' dir='ltr'><strong>atque</strong></span> <span class='ocrx_word' id='word_1_739' title='bbox 1678 5108 1730 5160; x_wconf 92' lang='lat' dir='ltr'><strong>in</strong></span> <span class='ocrx_word' id='word_1_740' title='bbox 1754 5104 1932 5161; x_wconf 84' lang='lat' dir='ltr'><strong>ofﬁcia</strong></span> <span class='ocrx_word' id='word_1_741' title='bbox 2040 5114 2231 5161; x_wconf 72' lang='grc' dir='ltr'><strong>ηίιηοε.</strong></span> <span class='ocrx_word' id='word_1_742' title='bbox 2259 5100 2466 5169; x_wconf 63' lang='grc'><strong>1011805.</strong></span> <span class='ocrx_word' id='word_1_743' title='bbox 2493 5102 2725 5168; x_wconf 73' lang='lat' dir='ltr'><strong>medios,</strong></span> <span class='ocrx_word' id='word_1_744' title='bbox 2750 5103 3091 5165; x_wconf 68' lang='lat' dir='ltr'><strong>macllenlos.</strong></span> <span class='ocrx_word' id='word_1_745' title='bbox 3118 5102 3364 5171; x_wconf 64' lang='lat' dir='ltr'><strong>pingues».</strong></span> <span class='ocrx_word' id='word_1_746' title='bbox 3387 5116 3633 5169; x_wconf 79' lang='lat' dir='ltr'><strong>crassos;</strong></span> 
     </span>
    </p>
   </div>
   <div class='ocr_carea' id='block_1_97' title="bbox 330 5192 3634 5271">
    <p class='ocr_par' dir='ltr' id='par_1_97' title="bbox 330 5192 3634 5271">
     <span class='ocr_line' id='line_1_97' title="bbox 330 5192 3634 5271; baseline -0 -18"><span class='ocrx_word' id='word_1_747' title='bbox 330 5197 475 5253; x_wconf 82' lang='lat' dir='ltr'><strong>trina</strong></span> <span class='ocrx_word' id='word_1_748' title='bbox 501 5196 836 5266; x_wconf 73' lang='lat' dir='ltr'><strong>cotnpositos</strong></span> <span class='ocrx_word' id='word_1_749' title='bbox 871 5217 891 5248; x_wconf 76' lang='grc' dir='ltr'><strong>ι</strong></span> <span class='ocrx_word' id='word_1_750' title='bbox 916 5196 1139 5271; x_wconf 54' lang='lat' dir='ltr'><strong>(Ibid),</strong></span> <span class='ocrx_word' id='word_1_751' title='bbox 1168 5199 1217 5254; x_wconf 81' lang='lat' dir='ltr'><strong>id</strong></span> <span class='ocrx_word' id='word_1_752' title='bbox 1239 5208 1343 5263; x_wconf 78' lang='lat' dir='ltr'><strong>est,</strong></span> <span class='ocrx_word' id='word_1_753' title='bbox 1370 5200 1572 5268; x_wconf 86' lang='lat' dir='ltr'><strong>primos</strong></span> <span class='ocrx_word' id='word_1_754' title='bbox 1600 5211 1810 5263; x_wconf 81' lang='lat' dir='ltr'><strong>acutos,</strong></span> <span class='ocrx_word' id='word_1_755' title='bbox 1841 5199 1933 5269; x_wconf 85' lang='lat' dir='ltr'><strong>qui</strong></span> <span class='ocrx_word' id='word_1_756' title='bbox 2030 5192 2139 5253; x_wconf 74' lang='lat' dir='ltr'><strong>.hos</strong></span> <span class='ocrx_word' id='word_1_757' title='bbox 2156 5192 2470 5262; x_wconf 79' lang='lat' dir='ltr'><strong>Capillnrttm</strong></span> <span class='ocrx_word' id='word_1_758' title='bbox 2497 5196 2882 5252; x_wconf 87' lang='lat' dir='ltr'><strong>intorsionibus</strong></span> <span class='ocrx_word' id='word_1_759' title='bbox 2903 5195 3453 5266; x_wconf 80' lang='lat' dir='ltr'><strong>crispulus,calvitios</strong></span> <span class='ocrx_word' id='word_1_760' title='bbox 3473 5196 3634 5267; x_wconf 81' lang='lat' dir='ltr'><strong>alios,</strong></span> 
     </span>
    </p>
   </div>
   <div class='ocr_carea' id='block_1_98' title="bbox 326 5287 3637 5363">
    <p class='ocr_par' dir='ltr' id='par_1_98' title="bbox 326 5287 3637 5363">
     <span class='ocr_line' id='line_1_98' title="bbox 326 5287 3637 5363; baseline -0.001 -16"><span class='ocrx_word' id='word_1_761' title='bbox 326 5292 515 5347; x_wconf 69' lang='lat' dir='ltr'><strong>cibum</strong></span> <span class='ocrx_word' id='word_1_762' title='bbox 545 5303 766 5359; x_wconf 83' lang='lat' dir='ltr'><strong>secant;</strong></span> <span class='ocrx_word' id='word_1_763' title='bbox 803 5292 1131 5358; x_wconf 73' lang='lat' dir='ltr'><strong>maxillares,</strong></span> <span class='ocrx_word' id='word_1_764' title='bbox 1167 5291 1328 5357; x_wconf 79' lang='lat' dir='ltr'><strong>latos,</strong></span> <span class='ocrx_word' id='word_1_765' title='bbox 1352 5295 1449 5361; x_wconf 79' lang='lat' dir='ltr'><strong>qui</strong></span> <span class='ocrx_word' id='word_1_766' title='bbox 1471 5309 1595 5347; x_wconf 89' lang='lat' dir='ltr'><strong>eum</strong></span> <span class='ocrx_word' id='word_1_767' title='bbox 1619 5294 1847 5357; x_wconf 87' lang='lat' dir='ltr'><strong>molunt,</strong></span> <span class='ocrx_word' id='word_1_768' title='bbox 1880 5298 1937 5361; x_wconf 77' lang='lat' dir='ltr'><strong>et</strong></span> <span class='ocrx_word' id='word_1_769' title='bbox 2028 5296 2094 5343; x_wconf 85' lang='lat' dir='ltr'><strong>.et</strong></span> <span class='ocrx_word' id='word_1_770' title='bbox 2140 5287 2495 5356; x_wconf 77' lang='lat' dir='ltr'><strong>glabriatibus</strong></span> <span class='ocrx_word' id='word_1_771' title='bbox 2536 5303 2706 5345; x_wconf 86' lang='lat' dir='ltr'><strong>rasos.</strong></span> <span class='ocrx_word' id='word_1_772' title='bbox 2744 5309 2764 5342; x_wconf 85' lang='grc' dir='ltr'><strong>ι</strong></span> <span class='ocrx_word' id='word_1_773' title='bbox 2796 5288 3052 5361; x_wconf 56' lang='lat' dir='ltr'><strong>(Arnob,</strong></span> <span class='ocrx_word' id='word_1_774' title='bbox 3087 5289 3174 5345; x_wconf 85' lang='lat' dir='ltr'><strong>lib.</strong></span> <span class='ocrx_word' id='word_1_775' title='bbox 3208 5305 3296 5353; x_wconf 88' lang='grc' dir='ltr'><strong><em>ιιι,</em></strong></span> <span class='ocrx_word' id='word_1_776' title='bbox 3332 5307 3452 5361; x_wconf 81' lang='lat' dir='ltr'><strong>pag.</strong></span> <span class='ocrx_word' id='word_1_777' title='bbox 3484 5291 3637 5363; x_wconf 80' lang='grc'><strong>108.)</strong></span> 
     </span>
    </p>
   </div>
   <div class='ocr_carea' id='block_1_99' title="bbox 278 5385 1935 5461">
    <p class='ocr_par' dir='ltr' id='par_1_99' title="bbox 278 5385 1935 5461">
     <span class='ocr_line' id='line_1_99' title="bbox 278 5385 1935 5461; baseline -0.001 -20"><span class='ocrx_word' id='word_1_778' title='bbox 278 5458 283 5461; x_wconf 94' lang='lat'>_</span> <span class='ocrx_word' id='word_1_779' title='bbox 335 5388 603 5451; x_wconf 79' lang='lat' dir='ltr'><strong>caninns,</strong></span> <span class='ocrx_word' id='word_1_780' title='bbox 656 5401 884 5455; x_wconf 72' lang='lat' dir='ltr'><strong>quorum</strong></span> <span class='ocrx_word' id='word_1_781' title='bbox 941 5385 1680 5457; x_wconf 80' lang='lat' dir='ltr'><strong>mediaestiuterntrosque</strong></span> <span class='ocrx_word' id='word_1_782' title='bbox 1722 5397 1935 5442; x_wconf 76' lang='lat' dir='ltr'><strong>natura.</strong></span> 
     </span>
    </p>
   </div>
   <div class='ocr_carea' id='block_1_100' title="bbox 336 5477 1938 5548">
    <p class='ocr_par' dir='ltr' id='par_1_100' title="bbox 336 5477 1938 5548">
     <span class='ocr_line' id='line_1_100' title="bbox 336 5477 1938 5548; baseline 0.001 -14"><span class='ocrx_word' id='word_1_783' title='bbox 336 5479 554 5534; x_wconf 72' lang='lat' dir='ltr'><strong>Yidesis</strong></span> <span class='ocrx_word' id='word_1_784' title='bbox 607 5480 957 5535; x_wconf 82' lang='lat' dir='ltr'><strong>Aristotelem</strong></span> <span class='ocrx_word' id='word_1_785' title='bbox 977 5524 992 5548; x_wconf 87' lang='lat'><strong>,</strong></span> <span class='ocrx_word' id='word_1_786' title='bbox 1046 5480 1282 5535; x_wconf 77' lang='lat' dir='ltr'><strong>Plinium</strong></span> <span class='ocrx_word' id='word_1_787' title='bbox 1304 5523 1319 5545; x_wconf 88' lang='lat'><strong>,</strong></span> <span class='ocrx_word' id='word_1_788' title='bbox 1348 5490 1404 5535; x_wconf 91' lang='lat' dir='ltr'><strong>et</strong></span> <span class='ocrx_word' id='word_1_789' title='bbox 1424 5480 1719 5537; x_wconf 84' lang='lat' dir='ltr'><strong>tlsidorttm.</strong></span> <span class='ocrx_word' id='word_1_790' title='bbox 1749 5480 1822 5535; x_wconf 78' lang='lat' dir='ltr'><strong>At</strong></span> <span class='ocrx_word' id='word_1_791' title='bbox 1847 5477 1938 5535; x_wconf 82' lang='lat' dir='ltr'><strong>Ci—</strong></span> 
     </span>
    </p>
   </div>
   <div class='ocr_carea' id='block_1_101' title="bbox 326 5566 1936 5643">
    <p class='ocr_par' dir='ltr' id='par_1_101' title="bbox 326 5566 1936 5643">
     <span class='ocr_line' id='line_1_101' title="bbox 326 5566 1936 5643; baseline 0 -15"><span class='ocrx_word' id='word_1_792' title='bbox 326 5588 466 5628; x_wconf 74' lang='lat' dir='ltr'><strong>cero</strong></span> <span class='ocrx_word' id='word_1_793' title='bbox 496 5571 604 5635; x_wconf 79' lang='lat' dir='ltr'><strong>duo</strong></span> <span class='ocrx_word' id='word_1_794' title='bbox 625 5567 835 5626; x_wconf 73' lang='lat' dir='ltr'><strong>tantum</strong></span> <span class='ocrx_word' id='word_1_795' title='bbox 862 5573 1105 5628; x_wconf 89' lang='lat' dir='ltr'><strong>dentium</strong></span> <span class='ocrx_word' id='word_1_796' title='bbox 1136 5591 1359 5643; x_wconf 85' lang='lat' dir='ltr'><strong>genera,</strong></span> <span class='ocrx_word' id='word_1_797' title='bbox 1389 5573 1653 5628; x_wconf 81' lang='lat' dir='ltr'><strong>adversus</strong></span> <span class='ocrx_word' id='word_1_798' title='bbox 1681 5566 1936 5628; x_wconf 89' lang='lat' dir='ltr'><strong>nimirum</strong></span> 
     </span>
    </p>
   </div>
   <div class='ocr_carea' id='block_1_102' title="bbox 338 5664 1941 5737">
    <p class='ocr_par' dir='ltr' id='par_1_102' title="bbox 338 5664 1941 5737">
     <span class='ocr_line' id='line_1_102' title="bbox 338 5664 1941 5737; baseline 0 -18"><span class='ocrx_word' id='word_1_799' title='bbox 338 5674 562 5730; x_wconf 75' lang='lat' dir='ltr'><strong>acutos,</strong></span> <span class='ocrx_word' id='word_1_800' title='bbox 589 5673 646 5719; x_wconf 88' lang='lat' dir='ltr'><strong>et</strong></span> <span class='ocrx_word' id='word_1_801' title='bbox 671 5664 899 5721; x_wconf 80' lang='lat' dir='ltr'><strong>intimos</strong></span> <span class='ocrx_word' id='word_1_802' title='bbox 917 5707 934 5727; x_wconf 85' lang='lat'><strong>.</strong></span> <span class='ocrx_word' id='word_1_803' title='bbox 968 5681 1063 5720; x_wconf 88' lang='lat' dir='ltr'><strong>seu</strong></span> <span class='ocrx_word' id='word_1_804' title='bbox 1098 5667 1370 5736; x_wconf 76' lang='lat' dir='ltr'><strong>genuinos</strong></span> <span class='ocrx_word' id='word_1_805' title='bbox 1398 5680 1697 5737; x_wconf 87' lang='lat' dir='ltr'><strong>agnoscere</strong></span> <span class='ocrx_word' id='word_1_806' title='bbox 1727 5664 1941 5722; x_wconf 87' lang='lat' dir='ltr'><strong>videtur</strong></span> 
     </span>
    </p>
   </div>
   <div class='ocr_carea' id='block_1_103' title="bbox 336 5756 1939 5830">
    <p class='ocr_par' dir='ltr' id='par_1_103' title="bbox 336 5756 1939 5830">
     <span class='ocr_line' id='line_1_103' title="bbox 336 5756 1939 5830; baseline 0.002 -19"><span class='ocrx_word' id='word_1_807' title='bbox 336 5756 608 5829; x_wconf 62' lang='lat' dir='ltr'><strong>(Ariston,</strong></span> <span class='ocrx_word' id='word_1_808' title='bbox 638 5758 728 5812; x_wconf 83' lang='lat' dir='ltr'><strong>lib.</strong></span> <span class='ocrx_word' id='word_1_809' title='bbox 750 5773 810 5811; x_wconf 77' lang='grc' dir='ltr'><strong>ιιι</strong></span> <span class='ocrx_word' id='word_1_810' title='bbox 838 5758 900 5813; x_wconf 76' lang='lat' dir='ltr'><strong>de</strong></span> <span class='ocrx_word' id='word_1_811' title='bbox 948 5756 1097 5813; x_wconf 72' lang='lat' dir='ltr'><strong>Part.</strong></span> <span class='ocrx_word' id='word_1_812' title='bbox 1118 5760 1365 5826; x_wconf 84' lang='lat' dir='ltr'><strong>.animal.,</strong></span> <span class='ocrx_word' id='word_1_813' title='bbox 1389 5776 1506 5827; x_wconf 83' lang='lat' dir='ltr'><strong>cap.</strong></span> <span class='ocrx_word' id='word_1_814' title='bbox 1531 5776 1568 5825; x_wconf 91' lang='grc' dir='ltr'><strong>ι,</strong></span> <span class='ocrx_word' id='word_1_815' title='bbox 1595 5769 1717 5815; x_wconf 82' lang='grc' dir='ltr'><strong><em>ιοηι.</em></strong></span> <span class='ocrx_word' id='word_1_816' title='bbox 1748 5775 1789 5824; x_wconf 92' lang='grc' dir='ltr'><strong>ι,</strong></span> <span class='ocrx_word' id='word_1_817' title='bbox 1808 5775 1939 5830; x_wconf 75' lang='lat' dir='ltr'><strong>pag.</strong></span> 
     </span>
    </p>
   </div>
   <div class='ocr_carea' id='block_1_104' title="bbox 342 5848 1948 5925">
    <p class='ocr_par' dir='ltr' id='par_1_104' title="bbox 342 5848 1948 5925">
     <span class='ocr_line' id='line_1_104' title="bbox 342 5848 1948 5925; baseline 0.001 -17"><span class='ocrx_word' id='word_1_818' title='bbox 342 5850 486 5918; x_wconf 75' lang='lat'><strong>999;</strong></span> <span class='ocrx_word' id='word_1_819' title='bbox 519 5848 664 5905; x_wconf 61' lang='lat' dir='ltr'><strong>Pﬁa.</strong></span> <span class='ocrx_word' id='word_1_820' title='bbox 688 5892 704 5920; x_wconf 91' lang='lat'><strong>,</strong></span> <span class='ocrx_word' id='word_1_821' title='bbox 735 5850 830 5907; x_wconf 77' lang='lat' dir='ltr'><strong>lib.</strong></span> <span class='ocrx_word' id='word_1_822' title='bbox 852 5867 899 5908; x_wconf 79' lang='grc' dir='ltr'><strong>ιιι</strong></span> <span class='ocrx_word' id='word_1_823' title='bbox 926 5850 1068 5908; x_wconf 76' lang='lat' dir='ltr'><strong>Hist.</strong></span> <span class='ocrx_word' id='word_1_824' title='bbox 1101 5863 1277 5911; x_wconf 79' lang='lat' dir='ltr'><strong>natur.</strong></span> <span class='ocrx_word' id='word_1_825' title='bbox 1303 5894 1318 5921; x_wconf 93' lang='lat'><strong>,</strong></span> <span class='ocrx_word' id='word_1_826' title='bbox 1352 5870 1478 5925; x_wconf 75' lang='lat' dir='ltr'><strong>cap.</strong></span> <span class='ocrx_word' id='word_1_827' title='bbox 1508 5853 1602 5921; x_wconf 74' lang='lat'><strong>37,</strong></span> <span class='ocrx_word' id='word_1_828' title='bbox 1634 5869 1763 5923; x_wconf 74' lang='lat' dir='ltr'><strong>pag.</strong></span> <span class='ocrx_word' id='word_1_829' title='bbox 1799 5852 1948 5917; x_wconf 75' lang='lat'><strong>555;</strong></span> 
     </span>
    </p>
   </div>
   <div class='ocr_carea' id='block_1_105' title="bbox 2032 5381 3635 5453">
    <p class='ocr_par' dir='ltr' id='par_1_105' title="bbox 2032 5381 3635 5453">
     <span class='ocr_line' id='line_1_105' title="bbox 2032 5381 3635 5453; baseline 0.002 -16"><span class='ocrx_word' id='word_1_830' title='bbox 2032 5381 2172 5449; x_wconf 69' lang='lat' dir='ltr'><strong>Quis</strong></span> <span class='ocrx_word' id='word_1_831' title='bbox 2199 5393 2375 5439; x_wconf 88' lang='lat' dir='ltr'><strong>autem</strong></span> <span class='ocrx_word' id='word_1_832' title='bbox 2401 5381 2670 5438; x_wconf 85' lang='lat' dir='ltr'><strong>dubitabit</strong></span> <span class='ocrx_word' id='word_1_833' title='bbox 2698 5384 2813 5438; x_wconf 63' lang='lat' dir='ltr'><strong>haec</strong></span> <span class='ocrx_word' id='word_1_834' title='bbox 2838 5383 3093 5453; x_wconf 88' lang='lat' dir='ltr'><strong>decerpta</strong></span> <span class='ocrx_word' id='word_1_835' title='bbox 3118 5383 3285 5439; x_wconf 86' lang='lat' dir='ltr'><strong>fuisse</strong></span> <span class='ocrx_word' id='word_1_836' title='bbox 3307 5382 3635 5452; x_wconf 87' lang='lat' dir='ltr'><strong>aCicerone,</strong></span> 
     </span>
    </p>
   </div>
   <div class='ocr_carea' id='block_1_106' title="bbox 2042 5475 3640 5547">
    <p class='ocr_par' dir='ltr' id='par_1_106' title="bbox 2042 5475 3640 5547">
     <span class='ocr_line' id='line_1_106' title="bbox 2042 5475 3640 5547; baseline 0.001 -16"><span class='ocrx_word' id='word_1_837' title='bbox 2042 5477 2087 5531; x_wconf 90' lang='lat' dir='ltr'><strong>si</strong></span> <span class='ocrx_word' id='word_1_838' title='bbox 2120 5476 2240 5533; x_wconf 76' lang='lat' dir='ltr'><strong>haec</strong></span> <span class='ocrx_word' id='word_1_839' title='bbox 2270 5477 2541 5532; x_wconf 79' lang='lat' dir='ltr'><strong>Arnobius</strong></span> <span class='ocrx_word' id='word_1_840' title='bbox 2568 5493 2824 5547; x_wconf 85' lang='lat' dir='ltr'><strong>umquam</strong></span> <span class='ocrx_word' id='word_1_841' title='bbox 2856 5476 3045 5546; x_wconf 73' lang='lat' dir='ltr'><strong>legi-rit</strong></span> <span class='ocrx_word' id='word_1_842' title='bbox 3068 5475 3215 5533; x_wconf 88' lang='lat' dir='ltr'><strong>illius</strong></span> <span class='ocrx_word' id='word_1_843' title='bbox 3244 5476 3405 5532; x_wconf 87' lang='lat' dir='ltr'><strong>verba</strong></span> <span class='ocrx_word' id='word_1_844' title='bbox 3437 5494 3451 5530; x_wconf 92' lang='lat'><strong>:</strong></span> <span class='ocrx_word' id='word_1_845' title='bbox 3485 5495 3501 5527; x_wconf 75' lang='grc' dir='ltr'><strong>ι</strong></span> <span class='ocrx_word' id='word_1_846' title='bbox 3531 5476 3640 5533; x_wconf 82' lang='lat' dir='ltr'><strong>Re-</strong></span> 
     </span>
    </p>
   </div>
   <div class='ocr_carea' id='block_1_107' title="bbox 2043 5569 3642 5641">
    <p class='ocr_par' dir='ltr' id='par_1_107' title="bbox 2043 5569 3642 5641">
     <span class='ocr_line' id='line_1_107' title="bbox 2043 5569 3642 5641; baseline -0.003 -13"><span class='ocrx_word' id='word_1_847' title='bbox 2043 5570 2146 5628; x_wconf 72' lang='lat' dir='ltr'><strong>d90</strong></span> <span class='ocrx_word' id='word_1_848' title='bbox 2171 5570 2414 5626; x_wconf 81' lang='lat' dir='ltr'><strong>addens.</strong></span> <span class='ocrx_word' id='word_1_849' title='bbox 2434 5572 2668 5641; x_wconf 79' lang='lat' dir='ltr'><strong>Ecquas,</strong></span> <span class='ocrx_word' id='word_1_850' title='bbox 2690 5572 2733 5625; x_wconf 90' lang='lat' dir='ltr'><strong>si</strong></span> <span class='ocrx_word' id='word_1_851' title='bbox 2757 5585 2862 5625; x_wconf 92' lang='lat' dir='ltr'><strong>non</strong></span> <span class='ocrx_word' id='word_1_852' title='bbox 2888 5579 2993 5625; x_wconf 84' lang='lat' dir='ltr'><strong>tam</strong></span> <span class='ocrx_word' id='word_1_853' title='bbox 3017 5569 3322 5633; x_wconf 84' lang='lat' dir='ltr'><strong>strabones,</strong></span> <span class='ocrx_word' id='word_1_854' title='bbox 3346 5583 3408 5624; x_wconf 88' lang='lat' dir='ltr'><strong>ac</strong></span> <span class='ocrx_word' id='word_1_855' title='bbox 3428 5570 3642 5639; x_wconf 85' lang='lat' dir='ltr'><strong>pelulos</strong></span> 
     </span>
    </p>
   </div>
   <div class='ocr_carea' id='block_1_108' title="bbox 2045 5661 3642 5735">
    <p class='ocr_par' dir='ltr' id='par_1_108' title="bbox 2045 5661 3642 5735">
     <span class='ocr_line' id='line_1_108' title="bbox 2045 5661 3642 5735; baseline -0.003 -11"><span class='ocrx_word' id='word_1_856' title='bbox 2045 5682 2167 5724; x_wconf 88' lang='lat' dir='ltr'><strong>esse</strong></span> <span class='ocrx_word' id='word_1_857' title='bbox 2212 5667 2583 5721; x_wconf 86' lang='lat' dir='ltr'><strong>arbitramur?</strong></span> <span class='ocrx_word' id='word_1_858' title='bbox 2636 5665 3090 5735; x_wconf 64' lang='lat' dir='ltr'><strong>Ecquosnaexum</strong></span> <span class='ocrx_word' id='word_1_859' title='bbox 3139 5661 3385 5719; x_wconf 73' lang='lat' dir='ltr'><strong>habere?</strong></span> <span class='ocrx_word' id='word_1_860' title='bbox 3426 5663 3642 5734; x_wconf 79' lang='lat' dir='ltr'><strong>Ecquas</strong></span> 
     </span>
    </p>
   </div>
   <div class='ocr_carea' id='block_1_109' title="bbox 2046 5757 3643 5827">
    <p class='ocr_par' dir='ltr' id='par_1_109' title="bbox 2046 5757 3643 5827">
     <span class='ocr_line' id='line_1_109' title="bbox 2046 5757 3643 5827; baseline -0.001 -12"><span class='ocrx_word' id='word_1_861' title='bbox 2046 5760 2202 5824; x_wconf 85' lang='lat' dir='ltr'><strong>silos,</strong></span> <span class='ocrx_word' id='word_1_862' title='bbox 2222 5757 2455 5826; x_wconf 78' lang='lat' dir='ltr'><strong>flaccos,</strong></span> <span class='ocrx_word' id='word_1_863' title='bbox 2484 5758 2764 5814; x_wconf 87' lang='lat' dir='ltr'><strong>frontones</strong></span> <span class='ocrx_word' id='word_1_864' title='bbox 2782 5798 2796 5820; x_wconf 92' lang='lat'><strong>,</strong></span> <span class='ocrx_word' id='word_1_865' title='bbox 2823 5757 3138 5827; x_wconf 87' lang='lat' dir='ltr'><strong>capitones,</strong></span> <span class='ocrx_word' id='word_1_866' title='bbox 3161 5771 3284 5827; x_wconf 72' lang='lat' dir='ltr'><strong>quae</strong></span> <span class='ocrx_word' id='word_1_867' title='bbox 3306 5764 3432 5813; x_wconf 89' lang='lat' dir='ltr'><strong>sunt</strong></span> <span class='ocrx_word' id='word_1_868' title='bbox 3457 5757 3511 5813; x_wconf 89' lang='lat' dir='ltr'><strong>in</strong></span> <span class='ocrx_word' id='word_1_869' title='bbox 3540 5772 3643 5821; x_wconf 67' lang='lat' dir='ltr'><strong>no,-</strong></span> 
     </span>
    </p>
   </div>
   <div class='ocr_carea' id='block_1_110' title="bbox 2050 5848 3644 5911">
    <p class='ocr_par' dir='ltr' id='par_1_110' title="bbox 2050 5848 3644 5911">
     <span class='ocr_line' id='line_1_110' title="bbox 2050 5848 3644 5911; baseline -0.001 -3"><span class='ocrx_word' id='word_1_870' title='bbox 2050 5853 2170 5911; x_wconf 83' lang='lat' dir='ltr'><strong>bis?</strong></span> <span class='ocrx_word' id='word_1_871' title='bbox 2187 5854 2268 5909; x_wconf 83' lang='lat' dir='ltr'><strong>An</strong></span> <span class='ocrx_word' id='word_1_872' title='bbox 2288 5852 2469 5910; x_wconf 88' lang='lat' dir='ltr'><strong>omnia</strong></span> <span class='ocrx_word' id='word_1_873' title='bbox 2491 5849 2774 5909; x_wconf 85' lang='lat' dir='ltr'><strong>emendata</strong></span> <span class='ocrx_word' id='word_1_874' title='bbox 2788 5851 2851 5907; x_wconf 87' lang='lat' dir='ltr'><strong>.in</strong></span> <span class='ocrx_word' id='word_1_875' title='bbox 2878 5849 3023 5908; x_wconf 82' lang='lat' dir='ltr'><strong>illis?</strong></span> <span class='ocrx_word' id='word_1_876' title='bbox 3048 5850 3215 5909; x_wconf 80' lang='lat' dir='ltr'><strong>Detur</strong></span> <span class='ocrx_word' id='word_1_877' title='bbox 3232 5849 3287 5911; x_wconf 80' lang='lat' dir='ltr'><strong>id</strong></span> <span class='ocrx_word' id='word_1_878' title='bbox 3319 5849 3488 5911; x_wconf 83' lang='lat' dir='ltr'><strong>vobis.</strong></span> <span class='ocrx_word' id='word_1_879' title='bbox 3505 5848 3644 5907; x_wconf 83' lang='lat' dir='ltr'><strong>Nunt</strong></span> 
     </span>
    </p>
   </div>
  </div>
