3904 6326
361 285 466 343 529

1504 317 1509 323 ο
1578 297 1646 355 ΙΝ
1683 297 2058 368 ARNOBIUM,
2096 299 2255 358 CAP.
2298 300 2433 358 XII].

3554 301 3661 361 550

359 414 425 456 ac
447 399 633 471 ligone
652 410 707 458 et
725 401 938 474 formaz,
963 404 1121 466 sicuti
1146 408 1232 466 bis
1256 410 1425 484 liquet
1458 411 1732 483 Lucretii,
1785 429 1947 487 quem
1974 415 2028 479 Α
2052 422 2168 470 cata
2187 412 2377 471 Encas
2397 429 2547 471 arma
2568 415 2680 488 jam
2705 430 2864 489 supra
2890 414 3094 487 Virgilii
3122 413 3301 472 citatis
3324 415 3661 474 carminibus

360 493 605 566 Scriptor
633 505 822 553 noster
843 513 992 570 saepe
1015 503 1278 574 sequitur,
1307 504 1555 564 versibus
1582 525 1596 563 :

938 640 964 652 “
1025 639 1214 708 Omnia
1229 644 1579 708 principiorum

449 698 796 757 Formamenta
814 715 1004 774 queunt
1018 698 1270 774 in_qomis
1289 698 1607 774 esse-nitore.

1034 765 1272 832 (Lucret,
1300 765 1382 821 lib.
1404 784 1455 832 ιι,
1484 782 1611 822 vers.
1629 770 1766 835 818.)

955 915 1249 957 Αιιτιαυιοε
1273 916 1336 957 llo

350 1026 511 1100 Onam
534 1037 857 1100 commentitii
879 1036 978 1087 sint
995 1035 1062 1088 dii
1081 1076 1093 1093 ,
1119 1050 1244 1100 quos
1265 1036 1454 1087 ethnici
1476 1038 1627 1088 variis
1646 1037 1835 1100 artibus
1857 1037 1952 1086 im-

412 1093 562 1164 butos
583 1106 669 1147 aut
696 1099 953 1164 praetertos
990 1093 1337 1164 praedicabant,
1360 1100 1445 1164 ubi
1476 1097 1950 1164 despollniegv‘ate,

418 1155 580 1225 gnara
596 1155 1284 1225 przetioiitiante,'IEsculapio
1304 1155 1514 1220 medico,
1552 1155 1770 1212 Vtilcauo
1793 1155 1949 1221 fabro.

415 1219 636 1273 Tritonia
651 1236 742 1271 seu
764 1219 1055 1285 'l‘iitogenia
1079 1234 1131 1275 et
1166 1219 1393 1274 Arat-line
1418 1219 1653 1281 textrina,
1677 1232 1727 1273 et
1749 1219 1951 1273 Atalané

415 1288 500 1351 tea
516 1286 777 1351 progenie,
794 1287 899 1336 sive
917 1288 1041 1351 tlaly;
1063 1300 1119 1337 so
1142 1289 1338 1338 caeteris
1355 1286 1719 1351 eloquentiore,
1735 1287 1800 1336 de
1824 1287 1948 1351 aliis,

416 1347 503 1409 qui
528 1347 719 1413 artibus
740 1358 824 1399 aut
856 1347 1082 1401 scieniiis
1121 1364 1338 1413 prmesse
1375 1347 1706 1413 ﬁngebantur,
1732 1351 1803 1399 uti
1831 1349 1951 1413 Por—

416 1416 567 1475 tunus
606 1410 920 1475 navigationi,
962 1410 1200 1463 armentis
1244 1419 1299 1463 et
1337 1410 1579 1475 gregibus
1614 1412 1790 1471 ,l’ales,
1816 1411 1950 1462 unde

411 1469 608 1540 Palilia,
645 1469 957 1540 latinussive
1000 1475 1101 1540 Pan
1125 1469 1676 1540 aninialib'usf'l’ythius
1696 1469 1950 1540 ariolatiti-

415 1533 526 1606 bus.
547 1538 881 1606 regumgazis
902 1536 1247 1603 locupletatus,
1276 1546 1329 1589 et
1363 1533 1628 1591 Tutelares
1651 1539 1823 1589 tutelae
1857 1539 1950 1590 ho-

414 1601 605 1647 minum
627 1601 864 1662 praefecti.

423 1728 582 1785 Aliud
600 1740 788 1785 contra
811 1729 998 1785 falsam
1018 1730 1255 1799 illorum,
1272 1746 1410 1804 quos
1430 1733 1663 1804 gentiles
1676 1733 1943 1800 colebant,

2058 508 2416 564 ostendimus.
2444 507 2539 565 llle
2567 524 2699 565 vero
2726 510 2842 580 ipse
2875 508 3142 565 Vulcanus
3170 517 3274 576 est,
3303 507 3457 579 cujus
3486 509 3540 564 in
3575 520 3661 566 tu-

2058 602 2163 658 tela
2204 602 2378 673 ignem
2419 602 2584 658 fuisse
2612 601 2740 658 alibi
2772 594 2975 658 Auctor
3025 611 3213 659 noster
3254 615 3549 660 asseverat.
3589 606 3663 663 At

2056 694 2127 751 de
2146 709 2214 751 eo
2240 708 2339 750 nos
2368 695 2419 750 in
2451 696 2719 767 superiori
2750 695 3054 768 Apparatus
3083 698 3251 753 nostri
3277 677 3657 768 tonio'(Cicer.,

2054 788 2145 845 lib.
2191 804 2251 846 ιιι
2298 788 2362 844 de
2412 787 2606 845 Nalur.
2660 790 2841 857 deor.,
2889 807 3011 863 pag.
3058 791 3187 857 248,
3218 792 3311 847 lin.
3344 792 3411 857 2;
3448 791 3656 865 Virgil.,

2056 883 2146 938 lib.
2186 899 2283 939 VIII
2341 882 2560 940 zEneid.
2581 926 2598 953 ,
2650 901 2781 941 vers.
2801 886 2909 960 5/70
2935 895 3177 959 etsegq.;
3209 888 3425 954 Arnob.,
3455 888 3547 944 lib.
3576 904 3657 957 ιιι,

2064 995 2187 1049 pag.
2222 978 2342 1045 ill;
2374 989 2496 1036 tom.
2531 996 2546 1034 ι
2578 980 2802 1052 Appar.,
2832 998 2953 1054 pag.
2981 982 3085 1037 776
3110 983 3384 1055 etinfra.).
3415 1046 3420 1051 ,

2124 1069 2255 1136 Qua:
2305 1081 2484 1127 autem
2533 1071 2636 1128 diis
2689 1073 2882 1140 nebat,
2916 1089 2979 1129 ac
3010 1085 3185 1130 vestes
3212 1078 3445 1142 trilices,
3475 1077 3528 1133 id
3555 1087 3660 1146 cst,

2053 1162 2224 1217 tribus
2273 1164 2408 1219 liciis
2462 1165 2879 1222 versicoloribus
2933 1167 3206 1223 confectas
3250 1168 3337 1234 iis,
3366 1170 3477 1225 sine
3513 1187 3665 1226 onere

2053 1256 2383 1329 imponebat,
2412 1259 2529 1316 haec
2559 1262 2627 1317 ab
2650 1262 2887 1318 Arnobio
2915 1274 3100 1318 nostro
3139 1263 3381 1320 Tritonia
3435 1278 3663 1323 vocatur

2051 1350 2292 1420 (Arnob,
2318 1351 2404 1405 lib.
2432 1367 2489 1414 ιι,
2524 1369 2644 1424 pag.
2677 1354 2815 1423 112,
2847 1370 2892 1409 et
2922 1355 3009 1409 lib.
3045 1371 3137 1423 vn,
3168 1373 3286 1429 pag.
3319 1356 3452 1423 228;
3506 1359 3660 1430 infr.,

2051 1459 2167 1513 cap.
2196 1445 2286 1512 14,
2308 1454 2409 1499 art.
2438 1446 2517 1517 5).
2551 1445 2727 1502 Pallas
2754 1458 2933 1502 autem
2969 1448 3082 1503 haec
3108 1459 3222 1515 est,
3253 1464 3350 1504 seu
3379 1450 3619 1506 Minerva
3642 1494 3660 1519 ,

2051 1549 2173 1606 qua:
2201 1536 2323 1591 ideo
2344 1536 2607 1607 Tritonia,
2639 1539 2752 1594 sive
2783 1539 3042 1607 Tritonis,
3073 1541 3156 1595 vel
3186 1541 3498 1613 Tritogenia
3529 1560 3663 1599 nun-

2050 1636 2240 1699 cupata
2264 1628 2394 1698 fuit,
2423 1640 2516 1687 aut
2536 1631 2662 1703 quia
2683 1648 2749 1689 ex
2776 1631 2925 1689 Jovis
2945 1634 3171 1690 cerebro
3202 1646 3342 1701 orta,
3360 1646 3477 1704 aut,
3504 1646 3561 1692 ut
3589 1637 3664 1691 ait

2050 1720 2322 1791 Lucanus,
2353 1733 2408 1780 et
2438 1734 2560 1797 p0st
2583 1742 2707 1782 eum
2740 1726 2961 1783 Servius
2980 1770 2996 1795 ,
3035 1744 3063 1781 a
3094 1728 3315 1784 Tritone
3343 1728 3540 1785 Africa:
3571 1745 3666 1802 pa-

348 1823 692 1881 divinitatem
722 1835 1097 1896 argumentum
1127 1827 1251 1884 inde
1274 1827 1408 1899 petit
1447 1828 1752 1896 Arnobius,
1804 1827 1945 1899 quod

2063 1818 2178 1873 lude
2206 1859 2222 1885 ,
2278 1818 2429 1889 juxta
2488 1836 2648 1891 quam
2696 1833 2820 1876 nata
2864 1820 3063 1876 dicitur
3106 1821 3372 1889 (Lucam,
3425 1823 3516 1878 lib.
3570 1839 3660 1890 ix,

348 1920 558 1977 ethnici
609 1936 705 1977 eos
752 1921 1028 1987 artiﬁces,
1079 1934 1243 1993 atque
1289 1922 1485 1978 artium
1515 1932 1572 1979 et
1599 1923 1947 1979 scientiarum

348 2012 620 2084 praesides
673 2014 1072 2084 proclamarem
1106 2033 1119 2069 :
1157 2034 1176 2068 ι
1212 2015 1349 2072 Deos
1382 2035 1401 2070 ι
1436 2015 1579 2072 enim
1616 2035 1635 2068 ι
1674 2015 1832 2072 nobis
1863 2016 1949 2072 in-

347 2110 585 2175 ducitis.
624 2131 644 2166 ι
680 2112 841 2168 verba
884 2113 1029 2169 illius
1067 2121 1194 2169 sunt
1246 2113 1495 2169 ethnicos
1542 2113 1944 2183 compellantis,

355 2222 377 2256 ‹
416 2204 557 2259 alios
584 2203 784 2271 fabros,
825 2207 959 2262 alios
1003 2206 1264 2275 medicos,
1292 2207 1428 2263 alios
1456 2207 1709 2272 lanarios,
1734 2219 1948 2275 nautas,

348 2294 684 2361 citharistas.
717 2298 976 2367 aulzedos,
1007 2308 1327 2366 venatores,
1377 2310 1657 2369 pastores,
1706 2309 1762 2355 et
1806 2300 1952 2372 quod

349 2402 678 2461 supererat,
731 2395 983 2450 rusticos.
1021 2413 1041 2447 ι
1105 2392 1363 2468 (Arnob.,
1406 2395 1498 2452 lib.
1525 2410 1615 2456 ιιι.
1644 2413 1763 2467 pag.
1798 2396 1949 2467 111.)

346 2484 540 2556 Neque
569 2485 687 2542 haec
708 2486 910 2544 ethnici
931 2531 945 2551 ,
971 2504 1002 2544 a
1032 2489 1388 2561 scriptoribus
1418 2490 1532 2546 suis
1560 2505 1707 2561 saepe
1753 2490 1953 2561 saepius

349 2579 643 2636 decantata
674 2622 688 2644 ,
744 2597 944 2654 negare
996 2593 1264 2654 poterant.
1320 2584 1455 2640 Nam
1484 2594 1543 2639 ut
1569 2585 1764 2641 missos
1791 2601 1953 2656 quam

349 2673 540 2744 plures
562 2671 840 2741 faciamus,
872 2677 986 2731 haec
1007 2676 1273 2733 Hesiodus
1303 2677 1355 2732 in
1387 2676 1699 2749 Theogonia
1729 2679 1949 2734 cecinit.

352 2769 499 2825 Deos
528 2783 659 2824 vero
684 2771 918 2826 rusticos
946 2786 1012 2825 ac
1046 2779 1292 2841 pastores
1335 2772 1579 2842 agnoscit
1608 2772 1723 2842 ipse
1749 2773 1840 2843 qui
1860 2786 1955 2829 eos

348 2863 571 2919 invocat
599 2863 852 2935 Virgilius
878 2863 1123 2938 (Virgil.,
1146 2866 1260 2920 init.
1293 2866 1383 2920 lib.
1408 2881 1426 2920 ι
1457 2864 1743 2938 Georgia).

426 2957 566 3025 Quid
609 2967 789 3013 autem
845 2957 927 3014 his
980 2958 1233 3014 absurdis
1284 2960 1599 3029 opinionum
1630 2959 1955 3017 commentis

352 3051 555 3108 divina:
585 3064 790 3108 natura:
818 3055 988 3125 magis
1016 3054 1364 3124 oppositum?
1392 3053 1659 3123 Numquid
1690 3055 1856 3112 enim.
1880 3054 1955 3109 ait

350 3148 560 3204 Anetor
608 3159 812 3213 nosner,
856 3147 907 3200 in
936 3148 1089 3203 caelis
1111 3156 1237 3202 sunt
1266 3163 1413 3214 rura,
1436 3162 1559 3218 quae
1583 3164 1610 3201 a
1640 3147 1742 3202 diis
1766 3146 1955 3203 colan-

2053 1928 2180 1966 oers.
2206 1912 2306 1968 511
2344 1922 2390 1966 et
2425 1928 2572 1984 seq.;
2601 1913 2773 1978 Serm,
2808 1913 2860 1967 in
2888 1913 2978 1967 lib.
3010 1928 3046 1968 ll
3090 1911 3332 1980 Eneid.,
3361 1932 3481 1986 pag.
3505 1913 3662 1986 252).

2052 2004 2250 2060 Ovidio
2293 2014 2475 2061 autem
2502 2007 2546 2061 si
2578 2004 2737 2061 (idem
2783 2006 3019 2072 habeas,
3073 2006 3232 2063 telam
3276 2008 3365 2063 illa
3408 2010 3661 2077 texebat,

2054 2098 2368 2171 puellasque
2396 2116 2516 2156 eam
2547 2100 2761 2158 texendi
2805 2109 2977 2158 artem
3006 2101 3209 2159 docuit.
3258 2103 3422 2171 Audi,
3453 2118 3660 2175 quaeso,

2054 2192 2199 2249 illius
2228 2193 2469 2250 carmina
2500 2212 2514 2249 :

2210 2328 2829 2396 Palladeplacata,_lanam
2857 2331 3069 2392 mollite,
3091 2332 3273 2396 puellae
3297 2347 3312 2383 :

2300 2390 2489 2443 Discite
2499 2394 2598 2455 jam
2620 2390 2790 2457 plenas
2807 2390 3255 2457 exonerare'colos.

2210 2452 2298 2503 Illa
2307 2457 2463 2521 etiam
2487 2452 2680 2506 stantes
2697 2458 2833 2507 radio
2852 2471 3152 2521 percurrere
3178 2456 3304 2509 telas

2306 2516 2498 2577 Erudit,
2528 2526 2582 2568 et
2598 2532 2761 2569 rarum
2787 2516 2987 2581 pectine
3005 2521 3184 2570 densat
3205 2534 3345 2632 opus.

2306 2592 2351 2628 ιο
2376 2580 2505 2632 cole.
2529 2583 2612 2632 aui
2634 2581 2849 2632 maculas
2873 2584 3005 2632 laesis
3020 2586 3083 2632 de
3104 2584 3232 2632 vesti
3270 2597 3328 2632 us

2211 2579 2351 2646 Hao_c
2376 2580 2505 2640 cole,
2526 2583 2612 2646 qui
2634 2579 2849 2646 maculas
2873 2584 3005 2633 laesis
3020 2586 3083 2632 de
3104 2579 3328 2633 vestibus
3350 2582 3542 2646 aufers,

2304 2642 2442 2693 Hanc
2464 2642 2574 2694 cole
2597 2643 2869 2694 velleribus
2889 2646 3113 2709 quisquis
3129 2646 3287 2695 ahena
3313 2659 3469 2709 paras.

2557 2722 2723 2790 (Ovid.
2733 2765 2745 2789 ,
2768 2722 2852 2776 lib.
2876 2742 2928 2777 ιιι
2953 2728 3166 2791 Faciat,
3192 2729 3280 2779 sub
3301 2725 3413 2792 fin.)

2053 2855 2326 2912 Praeterea
2357 2853 2447 2910 ille
2477 2854 2675 2910 cecinit
2702 2853 2946 2925 ejusdem
2975 2853 3209 2910 Palladis
3248 2868 3371 2909 cum
3399 2853 3654 2911 Arachne

2055 2945 2126 3003 de
2158 2948 2393 3003 Ianilicio
2439 2946 2657 3016 telaque
2697 2947 2926 3002 texenda
2980 2957 3295 3012 certamen,
3339 2957 3395 3003 et
3424 2948 3552 3020 quid
3596 2949 3666 3005 ab

2057 3052 2286 3110 utraque
2332 3040 2530 3094 factum
2563 3037 2723 3095 fuerit
2785 3037 2981 3110 (Idem,
3012 3040 3103 3093 lib.
3145 3055 3200 3094 vi
3244 3037 3485 3108 Metam,
3518 3043 3663 3113 init.,

2058 3153 2179 3207 pag.
2206 3136 2309 3192 187
2332 3146 2375 3190 et
2401 3134 2554 3206 δαίμ).
2584 3135 2826 3204 Denique
2845 3134 3020 3191 Julius
3046 3134 3340 3201 Firmicus,
3369 3136 3456 3191 ubi
3485 3137 3553 3193 de
3575 3155 3668 3194 va-

354 3248 477 3305 tur;
511 3249 719 3293 montes
743 3251 796 3294 et
817 3239 1007 3310 sylvie,
1037 3238 1127 3293 ubi
1154 3239 1227 3294 illi
1257 3250 1547 3303 venentur;
1593 3237 1789 3293 inﬁrmi
1815 3279 1831 3303 ,
1861 3237 1950 3308 qui
1978 3232 2022 3296 C
2055 3231 2150 3286 I‘iiS
2174 3231 2425 3285 Minervis
2450 3247 2463 3283 ε
2496 3250 2515 3282 t
2546 3230 2672 3285 Fuit
2696 3231 2822 3296 alia,
2858 3249 2879 3284 ι
2908 3233 3103 3303 inquit,
3140 3250 3160 3283 ι
3197 3233 3249 3286 in
3274 3231 3533 3307 Egypto,
3557 3233 3666 3290 Nili

353 3332 426 3388 ab
454 3333 533 3388 eis
559 3343 850 3399 curentur;
881 3334 1051 3391 aliave
1078 3336 1213 3394 loca.
1248 3335 1338 3389 ubi
1365 3345 1579 3390 αξιοι-ιιι
1602 3346 1746 3390 artes
1774 3334 1841 3388 ab
1872 3335 1956 3404 ip—

356 3427 438 3482 sis
459 3426 854 3482 exerceantur?
883 3430 1012 3494 ane
1044 3428 1215 3498 major
1239 3428 1623 3497 insulsitas,.et
1646 3428 1954 3496 insolentia,

352 3534 517 3591 quam
546 3519 689 3574 serio
728 3519 913 3576 dicere
953 3519 1096 3575 hunc
1138 3518 1297 3575 deum
1346 3521 1523 3592 aliqua
1568 3521 1737 3575 imbui
1794 3532 1950 3590 arte,

353 3626 518 3682 quam
572 3611 710 3666 alius
751 3612 1001 3683 ignorare
1047 3612 1275 3668 debeat?
1320 3612 1458 3680 Quid
1489 3613 1756 3683 putidius,
1791 3629 1954 3684 quum

353 3719 608 3759 asserere
659 3704 749 3759 uni
793 3705 907 3760 deae
954 3702 1255 3773 laboranti,
1298 3706 1383 3762 vel
1429 3707 1708 3777 aegrotanti
1758 3721 1952 3776 opem,

355 3812 520 3867 quam
553 3798 643 3852 illa
673 3798 772 3853 sibi
807 3798 947 3854 ferre
978 3817 1083 3855 non
1113 3810 1344 3871 poterat.
1373 3801 1441 3855 ah
1460 3800 1560 3855 alia
1596 3816 1752 3871 posse
1783 3799 1955 3856 ferri?

434 3890 653 3946 Frustra
689 3907 850 3963 ergo,
894 3893 969 3947 uti
1014 3893 1362 3964 prosequitur
1413 3893 1681 3948 Arnobius
1713 3894 1952 3964 (Arnob,

355 3986 451 4041 lib.
476 4002 562 4049 ιιι,
594 4002 712 4056 pag.
740 3985 906 4057 112),
940 3985 1141 4040 ethnici
1174 3986 1535 4056 opinabantur
1562 3984 1840 4039 Lalanium
1871 4000 1958 4039 va-

353 4090 474 4146 tem,
507 4079 758 4135 nimirum
804 4077 1109 4151 Apollinem
1156 4078 1324 4144 Jove,
1353 4090 1410 4134 ut
1454 4080 1720 4146 diximus,
1756 4090 1805 4137 et
1853 4079 1957 4135 La-

356 4185 487 4228 tona
513 4182 721 4238 natum,
744 4172 849 4227 alio
876 4172 998 4238 deo,
1029 4172 1078 4226 id
1111 4184 1214 4237 est,
1247 4171 1382 4228 Jove
1428 4173 1543 4242 ipso
1581 4172 1859 4243 impletum
1892 4188 1955 4227 ea

354 4265 574 4323 caeteris
622 4265 746 4331 diis,
788 4280 908 4337 qua:
961 4264 1310 4330 nesciebant,
1368 4266 1756 4336 prmuuntiare.
1793 4266 1957 4322 Vetus

353 4357 503 4414 enim
532 4367 689 4426 poeta
715 4357 841 4412 olim
869 4358 1099 4414 canebat
1124 4375 1137 4411 :

547 4512 710 4553 Στίλλιιν
728 4510 822 4558 ὅπως
844 4512 1014 4564 τάχιστα⁶
1038 4514 1159 4550 ταῦτα
1178 4511 1246 4562 γὰρ
1260 4514 1379 4563 πατὴρ

553 4577 638 4622 Ζιῦς
662 4576 805 4627 ipsum
823 4575 887 4616 λοξ
893 4577 942 4613 ει.

518 4649 762 4701 Citissime
783 4647 879 4697 huc
903 4647 1107 4709 venire;
1134 4658 1345 4709 namque
1368 4643 1481 4695 talia

518 4710 734 4776 Apollini
757 4717 897 4775 pater
919 4708 1138 4775 loquenti
1163 4708 1406 4773 suggerit.

359 4838 579 4895 Videsis
604 4854 666 4893 ea
688 4837 756 4894 de
780 4853 837 4893 re
851 4836 1092 4893 Natalem
1116 4835 1379 4891 Comitem
1409 4835 1563 4908 (Nat.
1580 4833 1750 4901 Com.,
1786 4834 1875 4891 lib.
1907 4850 1959 4890 iv

362 4933 617 5006 Mylliol.,
643 4950 758 5005 cap.
794 4933 882 4996 10.
912 4950 1031 5004 pag.
1062 4928 1216 5003 559).

438 5028 732 5098 Perperam
759 5043 971 5099 quoque
994 5024 1341 5082 venditabant
1370 5024 1732 5096 Epidaurium,
1764 5024 1813 5078 id
1838 5032 1953 5090 est,

361 5120 737 5190 Esculapium
760 5163 776 5188 ,
805 5120 874 5176 de
902 5136 1007 5192 quo
1041 5135 1138 5173 nos
1161 5120 1272 5188 jam
1306 5118 1447 5173 haud
1494 5118 1662 5174 semel
1705 5117 1962 5172 disserui-

362 5229 508 5281 mus,
538 5211 768 5266 aliorum
818 5210 1024 5265 morbis
1046 5217 1103 5265 et
1132 5207 1450 5265 vulneribus
1492 5208 1695 5263 mederi
1738 5206 1913 5282 (Tam.
1944 5223 1962 5261 ι

362 5305 622 5376 Apparat.
647 5346 662 5369 ,
692 5320 810 5375 pag.
846 5303 949 5358 754
978 5311 1025 5356 et
1058 5300 1225 5366 1195,
1260 5311 1307 5355 et
1329 5318 1442 5372 sup.
1471 5344 1485 5364 ,
1515 5318 1631 5371 cap.
1662 5299 1713 5366 9,
1748 5313 1849 5355 art.
1879 5299 1961 5371 2).

362 5399 522 5468 ρωιά
548 5413 677 5452 vero
699 5397 915 5466 subjirit
933 5396 1200 5451 Arnobius
1219 5395 1459 5468 (Arnob.,
1478 5393 1567 5450 lib.
1592 5411 1669 5459 ιιι,
1691 5411 1810 5465 pag.
1834 5394 1959 5461 115,

363 5504 416 5550 et
442 5494 532 5548 lib.
558 5508 631 5558 iv,
668 5508 789 5562 pag.
825 5488 975 5561 145),
1010 5489 1309 5545 Volcanum
1338 5504 1488 5543 arma
1520 5487 1832 5554 fabricasse,
1881 5488 1968 5542 vel

365 5600 427 5643 ut
452 5587 614 5650 alibi,
643 5587 784 5658 apud
809 5584 1034 5640 insulam
1082 5583 1331 5638 Lemnum
1377 5582 1585 5654 fabrilia
1623 5598 1782 5650 opera
1825 5597 1969 5636 exer-

361 5681 550 5747 tuisse,
568 5680 671 5734 hoc
694 5688 967 5748 sumptum
999 5675 1374 5747 proculdubio
1404 5675 1500 5729 fuit
1530 5689 1597 5729 ex
1628 5675 1776 5729 hisce
1806 5672 1970 5729 Tullii

368 5774 555 5829 verbis
582 5791 596 5827 ε
630 5770 898 5826 Vulcanus
924 5770 1103 5823 tertius
1132 5785 1196 5824 ea:
1224 5767 1372 5822 tertio
1400 5766 1529 5821 Jove
1558 5775 1605 5820 et
1633 5764 1862 5834 Junone,
1885 5767 1973 5836 qui

364 5867 576 5923 Lemno:
609 5864 822 5935 fabrica:
849 5863 1039 5917 dicitur
1065 5863 1350 5933 praefuisse.
1369 5861 1452 5920 Ab
1478 5860 1572 5921 illo
1591 5870 1771 5920 autem
1802 5860 1970 5920 labri-

2058 3326 2199 3397 rcgis
2229 3324 2360 3391 lilia,
2395 3325 2643 3379 textrina:
2667 3324 2803 3379 artis
2834 3325 3116 3397 magistra.
3151 3344 3170 3377 ι
3203 3323 3468 3396 (Firmic.,
3502 3328 3566 3382 de
3584 3344 3667 3382 er—

2057 3437 2166 3475 ror.
2203 3420 2390 3492 praplt.
2426 3420 2605 3489 relig.,
2639 3434 2762 3488 pag.
2796 3416 2911 3487 20).
2941 3417 3050 3475 Sed
3081 3417 3134 3473 id
3156 3418 3393 3489 gentiles
3437 3420 3669 3491 probare

2059 3529 2350 3585 numquam
2385 3522 2699 3584 potuerunt.
3546 3515 3551 3519 ’

2132 3607 2375 3676 Denique
2413 3607 2655 3661 Atlanteo
2684 3607 2810 3676 (ms.
2842 3603 3013 3661 codex
3049 3620 3163 3675 reg.
3204 3604 3447 3679 Alantea)
3478 3623 3666 3679 proge-

2055 3704 2188 3767 nies,
2207 3715 2349 3771 quae,
2365 3698 2520 3754 sicuti
2534 3699 2606 3753 ait
2626 3697 2898 3753 Arnobius
2921 3696 3164 3771 (Arnob.,
3181 3697 3274 3753 lib.
3290 3714 3348 3764 ιι,
3368 3715 3490 3771 pag.
3509 3699 3569 3756 11
3585 3699 3662 3774 2),

2059 3790 2266 3861 eloquii
2307 3792 2509 3861 primas
2553 3789 2746 3845 tulisse
2791 3789 3149 3860 perhibetur,
3196 3805 3375 3846 nonne
3421 3791 3535 3861 ipsa
3583 3806 3669 3848 εει

2058 3881 2295 3956 Calypso
2321 3882 2577 3949 Atlantis,
2605 3882 2679 3937 uti
2704 3880 2944 3936 Homero
2970 3880 3294 3952 Tibulloque
3316 3880 3666 3939 observatum

2058 3975 2323 4049 (ﬂamen,
2366 3975 2527 4047 Odgs.
2561 3991 2626 4041 v;
2662 3973 2879 4041 Tibull.,
2910 3974 3001 4049 lib.
3032 3990 3108 4040 tv,
3142 3974 3272 4046 eleg.
3308 3975 3359 4040 1,
3389 3992 3521 4030 vers.
3549 3975 3664 4049 77),

2060 4071 2201 4136 filia,
2240 4070 2384 4140 apud
2430 4085 2590 4142 quam
2632 4069 2924 4140 naufragus
2954 4068 3183 4142 Ulysses
3208 4084 3305 4125 sex
3333 4078 3427 4124 ant
3452 4080 3665 4140 septem

2057 4164 2215 4217 annis
2245 4163 2586 4229 diversatus,
2620 4173 2805 4232 postea
2834 4161 2983 4218 Jovis
3016 4163 3279 4233 imperio,
3310 4164 3667 4233 quemadmo-

2056 4257 2186 4313 dum
2218 4257 2364 4313 canit
2412 4258 2553 4313 idem
2600 4256 2905 4322 Homerus,
2937 4257 3006 4314 ab
3045 4273 3105 4313 ea
3149 4257 3418 4314 discessit.
3451 4258 3526 4313 De
3570 4258 3666 4315 illa

2059 4351 2203 4408 haud
2240 4352 2410 4409 semel
2452 4352 2704 4420 Ovidius,
2758 4361 2813 4408 et
2856 4352 2948 4406 alii
2972 4338 3190 4424 '(Ooidq
3228 4350 3321 4407 lib.
3360 4368 3397 4406 ιι
3456 4352 3659 4419 Aman,

2056 4447 2188 4520 eleg.
2219 4447 2311 4514 17,
2348 4463 2469 4517 pag.
2496 4444 2623 4511 556,
2667 4444 2759 4500 lib.
2796 4461 2834 4501 tl
2893 4444 2958 4499 de
2997 4445 3112 4500 Art.
3151 4461 3351 4511 aman.,
3384 4461 3507 4517 pag.
3534 4445 3663 4514 £42,

2059 4550 2105 4596 et
2131 4541 2281 4612 epist.
2313 4540 2401 4607 10,
2429 4556 2549 4611 pag.
2580 4538 2735 4609 555).
2770 4538 3043 4608 Numquid
3075 4554 3205 4611 ergo
3230 4536 3466 4613 Calypso
3494 4547 3663 4597 caete-

1983 4638 2037 4698 D
2059 4636 2137 4693 ris
2165 4636 2268 4692 diis
2296 4645 2386 4689 aut
2414 4635 2618 4691 deabus
2648 4634 2993 4704 eloquentior
3020 4634 3173 4689 erat?

2132 4729 2270 4799 Quid
2299 4729 2366 4785 ad
2399 4729 2516 4784 hmo
2544 4726 2786 4783 ethnici?
2819 4727 2962 4782 Deos
2983 4768 2997 4790 ,
3028 4727 3378 4798 inquiebant,
3409 4742 3518 4783 non
3547 4728 3667 4801 opi-

2060 4825 2214 4892 lices,
2246 4835 2338 4879 aut
2378 4822 2647 4885 artilices,
2691 4820 2788 4877 sed
2826 4820 3023 4875 artium
3065 4822 3525 4892 scientiarnmque
3552 4836 3667 4876 ma-

2057 4919 2260 4991 gistros
2303 4915 2552 4971 dicimus.
2597 4912 2705 4968 Sed
2749 4927 2911 4982 quam
2956 4927 3093 4966 vana
3147 4911 3421 4983 [utilisque
3448 4913 3520 4967 sit
3549 4910 3666 4968 bch

2063 5012 2351 5083 responsio
2397 5025 2462 5063 ex
2506 5008 2619 5079 jam
2658 5006 2820 5062 dictis
2854 5015 3035 5075 patet,
3084 5006 3282 5076 quibus
3326 5005 3668 5061 ostendimus

2063 5122 2222 5178 quam
2270 5110 2646 5159 asseveranter
2705 5098 2910 5155 ethnici
2959 5107 3217 5153 tractatas
3268 5097 3337 5152 ab
3389 5098 3468 5152 cis
3519 5109 3668 5153 artes

2069 5200 2447 5273 praedicarent.
2483 5195 2588 5250 Fac
2616 5205 2794 5249 tamen
2823 5192 2956 5248 deos
2986 5207 3048 5245 ac
3073 5188 3205 5246 deas
3232 5190 3514 5262 prmfuisse
3542 5198 3665 5244 tan-

2071 5307 2182 5353 tum
2210 5295 2439 5350 artibus.
2470 5292 2564 5346 Dic
2587 5304 2717 5361 ergo
2744 5301 2977 5357 quonam
3007 5284 3171 5340 modo
3203 5284 3324 5338 illas
3348 5281 3546 5337 docere
3572 5297 3669 5353 po-

2072 5390 2297 5457 tuerint,
2332 5386 2438 5443 nisi
2466 5387 2530 5441 iis
2558 5385 2706 5455 prius
2735 5379 2949 5445 imbuti,
2981 5394 3045 5433 ac
3075 5376 3232 5448 primi
3264 5376 3464 5431 fuerint
3492 5375 3667 5430 artiﬁ-

2072 5485 2197 5542 ces?
2225 5482 2497 5539 Praeterea
2525 5496 2648 5535 cum
2682 5475 2863 5530 nullus
2902 5473 2973 5527 sit
3017 5471 3223 5526 artibus
3264 5469 3407 5541 apud
3437 5483 3668 5539 superos

2074 5581 2225 5636 locus
2247 5619 2261 5643 ,
2291 5591 2386 5631 cur
2414 5572 2616 5629 ethnici
2646 5570 2839 5625 frustra
2868 5565 3000 5620 deos
3027 5562 3290 5634 quosdam
3320 5561 3421 5618 hac
3448 5561 3534 5616 vel
3578 5561 3666 5616 illa

2075 5681 2281 5730 tantum
2323 5678 2441 5725 arte
2471 5677 2523 5722 et
2555 5661 2779 5720 scientia
2811 5656 3079 5714 excellere
3116 5655 3466 5726 garriebant?
3496 5653 3670 5710 Verus

2076 5767 2221 5824 enim
2276 5765 2414 5820 Deus
2453 5759 2635 5817 omnia
2677 5756 2845 5820 sciat,
2885 5750 3129 5823 nihilque
3170 5751 3387 5823 penitus
3418 5751 3668 5823 ignoret,

2077 5860 2300 5921 omnino
2330 5869 2553 5915 necesse
2577 5861 2681 5909 est.
