3904 6326
201 282 301 339 553

1422 282 1492 340 IN
1530 278 1904 352 ARNOBIUM,
1943 285 2100 344 CAP.
2139 284 2278 345 XIII.

3389 286 3511 366 ssi,

202 412 361 460 tatem
392 414 456 458 ac
499 410 730 460 mrtem
773 405 1066 477 pertinent.
1108 402 1218 462 Sed
1247 405 1318 462 de
1347 403 1432 461 his
1471 405 1633 475 paulo
1663 412 1786 477 post
1813 402 1867 473 Α
1889 404 2227 472 volentium,
2258 404 2512 461 manibus
2544 408 2660 475 ipse
2690 407 2835 463 Deus
2865 407 3136 473 liberavit,
3165 406 3285 478 ipse
3311 418 3496 463 serva-

202 498 347 571 piura
372 496 559 568 (ἔψη,
585 506 688 554 art.
714 498 795 572 Β).
826 492 1105 556 Arnobius
1132 507 1265 557 vero
1294 500 1533 556 breviter
1561 510 1626 555 ac
1666 510 1791 569 per-

205 593 382 664 spicue
401 593 656 661 ostendit,
683 594 817 649 nihil
844 590 949 651 hoc
973 598 1238 664 responso
1262 595 1437 650 levius
1463 600 1518 649 et
1543 592 1791 649 imbecil-

206 685 325 741 lius.
352 685 480 753 Quis
508 685 653 741 enim
696 687 903 742 nesciat
929 688 1217 758 gratuitam
1257 688 1502 752 omnino,
1534 694 1637 741 nec
1675 694 1794 739 nm-

202 793 357 851 quam
397 779 783 833 mercenariam
827 794 948 835 esse
972 779 1173 834 debere
1196 779 1426 834 deorum
1460 779 1515 833 in
1542 776 1794 833 homines

201 871 576 944 benignitatem
617 887 682 927 ac
710 872 1181 943 magniﬁcentiam.
1210 868 1279 928 Et
1295 878 1445 929 certe
1469 872 1609 928 Deus
1632 884 1796 927 verus

202 965 443 1021 omnibus
472 965 780 1023 hominibus
810 977 917 1022 tam
942 967 1098 1023 bonis
1135 980 1294 1037 quam
1327 968 1485 1022 malis
1507 976 1753 1037 tenuiora
1776 1011 1790 1036 ,

203 1067 418 1122 ventos,
463 1057 693 1128 pluvias,
741 1074 804 1113 ac
848 1059 1033 1130 fruges
1076 1059 1358 1130 aequaliter
1398 1059 1794 1116 subministrat.

203 1152 401 1208 Deinde
430 1167 560 1208 vero
596 1153 800 1210 ethnici
833 1154 1112 1225 quodlibet
1156 1153 1437 1210 sordidum
1463 1168 1528 1210 ac
1554 1154 1662 1210 vile
1691 1155 1797 1210 ini-

202 1248 496 1314 nisterium,
526 1248 762 1320 ingenuo
791 1248 1011 1305 homine
1041 1246 1342 1320 indignum,
1370 1256 1431 1305 ut
1450 1248 1560 1318 jam
1586 1263 1660 1305 ex
1682 1246 1800 1304 dic-

205 1340 272 1395 tis
293 1348 459 1409 patet.
484 1349 647 1411 atque
668 1340 844 1397 adhuc
872 1341 962 1398 ϐαι
984 1352 1054 1398 ex
1078 1341 1322 1398 dicendis
1347 1342 1623 1411 liquidius,
1650 1342 1800 1398 hisce

204 1431 400 1487 iictitiis
439 1431 786 1488 Tutelaribus
828 1432 965 1497 diis,
1009 1433 1237 1506 aliisque
1280 1433 1508 1503 singulis
1553 1433 1798 1505 privatim

204 1525 531 1583 tribuebant.
562 1529 632 1583 At
670 1528 829 1599 paulo
867 1529 1084 1599 quidem
1118 1530 1324 1601 aequius
1352 1530 1667 1585 existimare
1702 1544 1800 1593 no-

1896 503 1992 555 vit.
2024 519 2043 551 ι
2077 500 2229 556 Alios
2264 500 2442 556 adhuc
2480 502 2721 559 ridiculae
2750 502 2897 559 illius
2928 502 3046 558 dea:
3088 510 3256 557 testes
3297 501 3342 555 si
3382 500 3501 570 quis

1893 596 2151 668 postulet,
2188 597 2349 652 adeat
2392 596 2722 653 Macrobium
2743 641 2756 662 ,
2792 598 3075 653 Horatium
3096 639 3111 665 ,
3146 594 3463 652 Terentium
3484 636 3499 661 ,

1893 689 2284 760 Plautntn,,qui
2315 691 2511 757 Sinnius
2544 691 2686 745 illius
2713 689 2989 756 meminit,
3015 699 3068 743 et
3097 688 3232 745 alios
3261 689 3507 758 complu-

1896 792 2006 845 τες,
2038 795 2175 850 quos
2201 780 2288 834 hic
2312 781 2586 851 appellare
2613 764 3011 853 supervacuum
3045 781 3185 835 foret
3212 778 3503 849 (Macr-06.,

1897 873 1987 931 lib.
2033 889 2102 929 vn
2157 873 2458 941 Snturnal.,
2493 886 2611 946 cap.
2656 876 2756 939 16;
2797 868 2983 929 Horat.
3010 917 3026 942 ,
3073 872 3163 928 lib.
3208 890 3263 929 ιιι
3303 870 3506 939 Carm.,

1900 967 1987 1022 od.
2016 968 2119 1032 22;
2150 966 2385 1032 Terent.,
2415 969 2662 1037 Adelph.,
2693 980 2795 1023 act.
2826 971 2882 1036 ὅ,
2910 985 3050 1024 scen.
3076 967 3157 1040 4).

1972 1074 2159 1153 Pergit
2204 1082 2511 1149 Arnobius,
2561 1095 2616 1140 et
2663 1105 2681 1137 ‹
2712 1084 3097 1150 linctionibns,
3129 1104 3148 1136 ι
3184 1086 3360 1156 inquit
3390 1081 3515 1156 (Ar-

1903 1179 2048 1243 nob.,
2080 1178 2168 1234 lib.
2204 1188 2283 1245 tu,
2325 1198 2446 1252 pug.
2486 1178 2636 1252 115),
2677 1200 2695 1232 ι
2734 1190 2979 1247 superest
3021 1176 3228 1245 quia,
3261 1178 3511 1251 cingulo-

1902 1288 2023 1329 rum
2052 1270 2243 1329 Cinxia
2274 1272 2628 1341 replicationi.
2661 1293 2680 1325 ι
2716 1271 2823 1327 Sed
2857 1284 2909 1326 ut
2943 1272 2993 1327 id
3027 1271 3383 1343 intelligatur,
3417 1271 3515 1325 ob-

1906 1364 2230 1421 servandum
2274 1372 2359 1421 est
2399 1373 2672 1419 vetustmn
2720 1363 2889 1419 fuisse
2933 1363 3215 1434 gentilium
3265 1377 3515 1427 morem,

1905 1472 2013 1528 quo
2050 1466 2339 1528 antequam
2385 1472 2520 1512 nova
2552 1465 2718 1526 nupta
2749 1457 2968 1511 domum
3002 1454 3181 1510 mariti
3219 1453 3518 1509 adducere-

1908 1562 2017 1617 tur,
2051 1562 2235 1622 postes
2282 1551 2424 1605 illius
2469 1550 2737 1605 ornabant
2786 1550 2959 1604 laneis
2996 1549 3183 1614 vittis,
3226 1548 3312 1603 vel
3358 1546 3519 1617 adipe

205 1629 417 1710 "mum
439 1619 677 1674 comm“
701 1620 862 1676 deum
892 1621 1093 1676 "05MB
1119 1635 1355 1692 P7339556
1382 1620 1804 1692 οοιιίωιίοιιίδιιε
1908 1619 2087 1707 suillo,
2120 1652 2177 1698 ut
2196 1643 2273 1697 ait
2300 1641 2526 1707 Plinius,
2553 1640 2639 1696 vel
2668 1641 2813 1707 oleo,
2841 1649 2933 1694 aut
2959 1641 3199 1710 unguine
3227 1638 3436 1706 lupino,
3462 1645 3523 1692 ut

204 1709 427 1782 ﬁdisque
455 1712 720 1767 consiliis.
752 1711 856 1769 Sec
900 1712 1117 1767 lictitius
1145 1712 1237 1768 ille
1259 1712 1430 1779 deus,
1473 1729 1635 1784 quem
1678 1714 1805 1770 huic

1927 1746 2064 1795 total.
2099 1736 2350 1799 Servius,
2398 1734 2670 1807 ungebant
2730 1745 2785 1789 et
2843 1709 3148 1788 oblinibant
3192 1732 3386 1802 (Plin.,
3428 1731 3519 1785 lib.

203 1805 600 1902 tantum-operi
633 1805 898 1862 intentum
940 1807 1375 1873 somniaverunt;
1402 1822 1512 1863 non
1554 1807 1802 1877 impedit,
1834 1788 1884 1860 8
1909 1848 2070 1889 “VI”
2118 1830 2258 1887 Hm.
2299 1788 2501 1898 ηξιωνῖ
2524 1848 2639 1901 ΜΡ.
2663 1830 2716 1897 9’
2743 1846 2871 1902 pagr
2892 1824 3029 1887 6M;
3064 1788 3240 1892 Serv;
3277 1826 3329 1879 in
3357 1788 3444 1878 mh
3471 1839 3525 1879 ιν

204 1899 276 1953 ιιιί
299 1898 373 1953 ait
396 1897 702 1969 Arnobius,
726 1901 1028 1957 contrarios
1053 1902 1304 1957 humanis
1333 1902 1576 1958 consiliis
1604 1904 1803 1966 exitus,

204 2008 263 2048 ac
286 1994 632 2063 repentinam
682 1993 898 2049 illorum
942 1994 1380 2066 inopinatumque
1424 1995 1804 2051 mutationem.

215 2082 284 2139 De
311 2084 417 2139 hoc
442 2100 609 2155 porro
636 2084 740 2140 deo
759 2086 1195 2157 quandoquidem
1225 2086 1279 2140 in
1299 2085 1568 2157 superiori
1598 2085 1810 2156 egimus

207 2177 593 2233 dissertatione
624 2176 863 2250 (Dissert.
896 2184 950 2232 in
978 2176 1204 2244 Mirum,
1232 2194 1352 2249 cap.
1393 2174 1483 2244 16,
1512 2186 1613 2232 art.
1635 2174 1714 2248 2),
1738 2175 1808 2233 ad

208 2270 360 2341 alios,
393 2270 447 2327 si
475 2269 644 2338 lubet,
670 2271 968 2328 veniamus.

791 2394 1091 2444 narrantes
1129 2403 1209 2443 ιιι.

205 2518 276 2572 De
296 2522 407 2574 aliis
427 2516 543 2582 diis,
570 2522 903 2587 singularibus
929 2521 1038 2571 aliis
1057 2524 1210 2587 rebus
1244 2521 1387 2572 simili
1413 2520 1557 2587 modo
1573 2525 1813 2587 praeposi-

264 2589 346 2643 tis,
374 2587 562 2637 Lucina
582 2585 781 2650 Junone
804 2587 1061 2650 partubus,
1090 2585 1253 2650 [inﬁxis
1298 2585 1634 2650 unctionibus,
1657 2585 1813 2650 regilig

265 2651 452 2700 cationi
478 2649 795 2713 singulorum,
807 2647 998 2707 Cinxia,
1023 2662 1116 2700 seu
1135 2649 1418 2711 Virgioensi
1449 2647 1563 2708 dea,
1586 2660 1644 2697 ac
1667 2649 1815 2711 victui

264 2719 315 2763 et
338 2713 483 2775 potui
500 2710 676 2763 Victua
700 2714 751 2763 ei.
770 2712 943 2765 Potua.

281 2800 437 2871 Alios
469 2814 646 2871 adhuc
671 2814 803 2872 deos
825 2817 1050 2872 aliarum
1074 2816 1324 2887 privatim
1348 2831 1528 2871 rerum
1558 2815 1818 2885 prmsides

212 2904 408 2965 ethnici
462 2918 570 2963 tam
640 2904 810 2974 falso,
875 2924 1033 2980 quam
1093 2907 1323 2963 absurde
1385 2907 1815 2984 introduxerant.

212 3000 583 3068 Quamobrem
613 3002 732 3057 illos
764 3001 1034 3057 Arnobius
1052 3001 1179 3071 jure
1200 3000 1393 3054 merito
1425 2998 1673 3069 objurgat
1696 2999 1818 3072 (Ar.

213 3096 347 3158 nob.,
393 3095 493 3151 lib.
540 3111 615 3159 ιιι,
665 3115 786 3169 pag.
826 3082 952 3163 I06,
987 3086 1089 3151 “9.
1117 3108 1162 3151 et
1202 3082 1346 3166 114),
1378 3096 1519 3166 quod
1546 3095 1816 3151 Junonem

213 3187 476 3245 Lucinam
505 3188 788 3245 mulierum
814 3184 1071 3260 partubus
1097 3188 1443 3259 praepositam
1477 3188 1646 3243 fuisse
1669 3187 1818 3243 affir-

215 3298 358 3338 mare
387 3299 504 3338 non
534 3280 864 3339 dubitarent.
895 3268 1014 3352 Ipsa
1051 3283 1333 3338 enimvero
1372 3266 1439 3335 ab
1478 3274 1823 3350 parturienti-

217 3374 312 3430 bus
340 3375 654 3431 innumeris
693 3376 1011 3430 mulieribus
1051 3376 1328 3441 invocata,
1369 3376 1643 3444 suppetias
1670 3392 1826 3429 num-

218 3485 371 3540 quam
427 3469 603 3525 tnlit..
632 3468 803 3537 Quam
850 3477 1029 3524 autem
1086 3482 1239 3538 aequa
1282 3468 1539 3538 justeque
1589 3468 1659 3522 sit
1706 3466 1828 3524 haec

218 3563 549 3635 obiurgatio,
573 3563 752 3618 disces
779 3579 842 3618 ex
872 3562 1074 3628 Tullio,
1099 3562 1192 3631 qui
1217 3554 1652 3637 superstiiiosam
1677 3560 1827 3617 illam

219 3656 596 3712 credulitatem
637 3655 786 3712 hisce
824 3655 1001 3710 verbis
1028 3653 1254 3709 irridet:
1293 3672 1312 3706 ι
1343 3652 1412 3709 Ut
1437 3652 1580 3722 apud
1610 3651 1829 3709 Grmcos

223 3749 440 3806 Dianam
475 3766 703 3821 eamque
743 3749 1080 3816 Luciferam;
1111 3749 1189 3803 sic
1226 3747 1370 3818 apud
1406 3758 1624 3804 nostros
1661 3746 1830 3802 Juno»

221 3860 338 3902 nem
388 3846 654 3902 Lucinam
697 3846 748 3900 in
794 3846 1058 3915 pariendo
1115 3845 1370 3900 invocant
1411 3861 1425 3897 :
1470 3859 1591 3913 qum
1636 3842 1828 3899 eadem

224 3938 386 3995 Diana
414 3940 706 4010 omnivaga
736 3939 1048 3994 dicitur.....
1081 3936 1370 3993 adhibetur
1394 3944 1574 3992 autem
1606 3934 1671 3989 ad
1703 3949 1828 4005 par-

227 4042 325 4096 tus.
356 4036 507 4106 quod
545 4034 580 4089 ii
610 4042 996 4095 maturescunt,
1025 4042 1117 4086 aut
1157 4038 1364 4100 septem
1397 4043 1827 4098 nonnumquam.

228 4139 313 4185 aut
357 4131 683 4202 plerumque
708 4144 914 4183 novent
958 4127 1098 4182 luna:
1125 4125 1497 4180 cursibus.....
1530 4122 1833 4179 Concitatis-

229 4240 326 4295 que
356 4238 413 4279 ut
460 4224 630 4278 multa
658 4221 916 4287 Timaeus,
947 4220 1039 4290 qui
1085 4234 1208 4274 cum
1254 4217 1309 4272 in
1356 4216 1578 4271 historia
1607 4214 1834 4271 dixisset

231 4333 328 4388 qua
376 4325 544 4373 nocte
603 4326 760 4369 natus
805 4314 1118 4370 Alexander
1157 4318 1304 4367 esset
1332 4348 1347 4372 .
1405 4307 1595 4364 eadem
1649 4306 1834 4362 Diana:

233 4409 481 4482 Ephesio.
510 4408 771 4479 templum
796 4405 1216 4477 deﬂagravisse,
1246 4402 1497 4473 adjnnxit
1522 4398 1752 4455 minime
1779 4396 1833 4455 id

234 4523 350 4563 esse
378 4508 715 4568 mirandum,
736 4502 883 4576 quod
910 4502 1074 4558 Diana
1105 4515 1229 4557 cum
1252 4498 1306 4552 in
1336 4496 1475 4587 parti
1501 4493 1836 4587 Olympiadis
1861 4522 1915 4587 Β

235 4600 424 4656 adesse
455 4599 743 4664 voluisset,
775 4596 1035 4651 abfuisset
1058 4593 1239 4647 domo.
1278 4601 1299 4635 ι
1328 4586 1543 4660 (Cicer.,
1572 4587 1662 4641 lib.
1710 4602 1748 4640 ιι
1774 4585 1839 4639 de

238 4691 426 4748 Nalur.
464 4692 633 4758 deor.,
666 4708 786 4761 pag.
816 4688 945 4756 224,
973 4688 1067 4742 litt.
1104 4684 1210 4755 I9).

305 4786 423 4842 Non
449 4785 728 4840 immerito
753 4782 916 4849 igitur
934 4780 1277 4850 Augustinus
1294 4779 1488 4833 eodem
1512 4781 1839 4845 argumento

242 4879 481 4949 gentiles
509 4893 657 4948 saepe
685 4877 1005 4931 insectatur.
1036 4870 1257 4927 Alicubi
1284 4869 1432 4924 cnim
1461 4867 1542 4921 sic
1571 4881 1699 4929 eos,
1728 4878 1838 4923 non

242 4973 355 5029 sine
383 4972 676 5036 irrisione,
716 4956 1041 5037 corripit”
1073 4964 1212 5035 Quid
1254 4977 1390 5033 opus
1433 4971 1585 5023 erat.
1636 4960 1838 5028 inquit,

245 5062 668 5135 parturientibus
697 5065 954 5120 invocare
984 5060 1269 5125 Lucinam,
1298 5072 1420 5111 cum
1447 5055 1496 5109 si
1518 5052 1739 5109 adesset
1763 5051 1840 5106 fe-

246 5160 435 5228 licitas,
460 5176 570 5216 non
593 5158 769 5215 solum
792 5158 932 5213 bene
950 5160 1233 5226 parerent,
1260 5150 1354 5205 sed
1374 5149 1537 5206 etiam
1568 5143 1784 5203 bonos?
1811 5164 1832 5199 ι

250 5252 520 5325 (Αηςυει.,
554 5250 644 5306 lib.
678 5265 734 5305 iv
780 5248 844 5303 de
871 5246 1058 5314 Civit.,
1088 5261 1205 5317 cap.
1247 5241 1335 5308 te,
1364 5258 1487 5313 pag.
1521 5237 1843 5311 102.)Alibi

249 5362 394 5414 vero,
426 5362 497 5403 ne
520 5344 703 5399 omnia
734 5342 882 5397 illius
912 5343 1056 5396 dicta
1087 5350 1476 5394 recenseamus
1505 5352 1533 5423 ε¹
1555 5351 1573 5385 ι
1603 5331 1715 5387 Nec
1741 5330 1847 5386 Lu-

252 5439 447 5505 cinam,
478 5458 499 5491 ι
544 5439 620 5493 ait
651 5437 744 5493 ille
772 5434 971 5508 (Ibid.,
1009 5449 1125 5504 cap.
1157 5429 1261 5497 54,
1290 5444 1413 5499 pag.
1452 5427 1586 5492 114,
1626 5433 1673 5480 et
1701 5424 1845 5494 prius

255 5545 367 5601 cap.
401 5531 462 5585 11
486 5571 503 5599 ,
542 5545 661 5601 pag.
693 5527 810 5601 97),
847 5546 865 5579 ‹
897 5524 1160 5581 mulieres
1190 5518 1393 5577 iudica:
1424 5518 1843 5587 invocaverunt,

259 5623 471 5691 quando
514 5636 699 5677 earum
731 5629 957 5690 partus,
1001 5625 1057 5672 ut
1086 5614 1241 5670 miris
1285 5609 1465 5667 modis
1509 5607 1846 5673 multiplica-

264 5726 465 5781 rentur,
486 5726 538 5772 et
558 5730 693 5787 gens
717 5714 806 5769 illa
832 5709 1220 5768 incredibiliter
1241 5716 1533 5766 cresceret,
1553 5701 1621 5757 ab
1641 5694 1845 5773 {Eap-

269 5810 457 5869 tiorum
507 5772 983 5885 persequentium,
1040 5814 1096 5864 et
1141 5800 1382 5861 infantes
1419 5811 1609 5858 omnes
1651 5809 1848 5853 necare
1951 5784 2087 5845 divis
2114 5776 2328 5851 edendi.
2362 5787 2418 5838 ει
2458 5772 2699 5849 Mundi:

1910 1925 2156 1993 zEueidq
2184 1942 2305 1998 pag.
2347 1923 2502 1997 545).
2530 1920 2648 1993 Quo
2676 1922 2745 1978 de
2776 1936 2929 1977 more
2972 1918 3174 1975 videsis
3208 1919 3485 1979 Donatum
3505 1958 3524 1984 ,

1913 2018 2205 2085 Isidorum,
2234 2016 2555 2088 Gyraldum,
2586 2025 2643 2071 et
2674 2016 2825 2085 plura
2855 2011 2997 2082 apud
3041 2011 3397 2075 Brissonium,
3431 2008 3526 2079 qui

1912 2099 2140 2169 Arndbii
2187 2109 2359 2165 nostri
2409 2108 2733 2164 sententiam
2788 2105 3078 2161 conﬁrmat
3130 2102 3217 2159 his
3266 2098 3527 2157 Martialis

1913 2208 2111 2265 Felicis
2142 2204 2353 2267 verbis,
2397 2205 2593 2275 quibus
2629 2202 2988 2272 Philologiam
3029 2214 3151 2255 cum
3194 2196 3409 2253 Junone
3440 2195 3526 2249 lo-

1911 2311 2169 2375 qnentem
2196 2302 2279 2357 sic
2320 2299 2568 2356 inducit:
2604 2317 2625 2351 ι
2658 2297 2792 2352 Cum
2832 2296 2969 2351 nihil
3012 2292 3353 2363 contagionis
3397 2302 3525 2345 cor-

1915 2406 2094 2470 porea:
2122 2410 2255 2451 sexu
2298 2394 2618 2449 intemerata
2648 2389 2999 2461 pertulerim,
3036 2385 3340 2442 Iterducam
3360 2425 3375 2447 ,
3423 2381 3530 2436 Do-

1918 2490 2226 2555 miducam,
2282 2482 2548 2550 Uniiam,
2602 2484 2958 2553 Cinxiamque
3020 2479 3279 2535 mortales
3334 2475 3530 2546 puella:

1917 2582 2119 2640 debent
2169 2582 2221 2636 itt
2268 2581 2486 2653 unptias
2523 2592 2860 2643 convocare;
2906 2585 2962 2631 ut
3001 2588 3187 2630 earum
3239 2582 3295 2627 ct
3335 2570 3531 2642 itinera

1920 2686 2177 2749 protegas
2195 2717 2209 2740 ,
2242 2685 2297 2730 et
2341 2677 2393 2731 in
2419 2683 2630 2746 optatas
2666 2671 2859 2727 domos
2883 2669 3053 2725 ducas
3072 2709 3086 2731 ,
3113 2677 3168 2721 et
3197 2680 3320 2721 cum
3344 2670 3531 2733 postes

1921 2778 2149 2840 augent,
2187 2767 2421 2824 faustum
2463 2778 2624 2822 omen
2667 2764 2874 2832 attigas.
2911 2780 2929 2813 ›
2968 2758 3187 2831 (Donat.
3217 2758 3272 2811 in
3319 2754 3529 2810 Terent.

1922 2856 2141 2933 Hecyr.,
2162 2872 2263 2916 act.
2289 2877 2327 2925 ι,
2352 2876 2491 2914 scen.
2512 2854 2585 2924 2;
2613 2854 2834 2916 Isidor.,
2858 2853 2948 2907 lib.
2972 2867 3026 2906 tv
3072 2848 3299 2921 0rigiu.,
3320 2862 3436 2918 cap.
3462 2845 3531 2908 8;

1924 2953 2155 3019 Girald.,
2187 2952 2322 3007 Hist.
2369 2953 2539 3016 deor.;
2586 2958 2844 3020 syntagm.
2878 2947 2945 3010 5,
2998 2943 3266 3005 Brislon.,
3299 2939 3363 2993 de
3410 2935 3537 2991 Ritu

1922 3046 2149 3118 nuptiar.
2180 3053 2296 3098 ante
2321 3044 2464 3113 ﬁta).

1843 3176 1892 3260 ϐ
1999 3152 2240 3214 Cinxiam
2289 3165 2472 3210 autem
2520 3151 2855 3220 ciugulorum
2902 3143 3241 3218 replicationi
3294 3154 3536 3211 praeesse

1992 3250 2004 3260 ι
2034 3256 2044 3260 -
2136 3252 2147 3260 .
2451 3256 2461 3260 Α
2607 3246 2617 3257 ι
2645 3244 2656 3260 I
2699 3245 2709 3255 υ
2763 3259 2799 3260 ,,
2866 3258 2876 3260 Α
2926 3258 2967 3260 ης
3012 3236 3332 3260 ε---.-,.-1..ι..ι
3415 3242 3532 3260 ιιι-..διε

1929 3250 2368 3315 arbitrabantur,
2413 3256 2575 3315 atque
2607 3244 2811 3299 idcirco
2855 3258 2973 3297 eam
3012 3236 3368 3299 invocabant,
3412 3242 3535 3288 cum

1928 3360 2194 3418 sponsus,
2230 3353 2287 3396 ut
2326 3338 2519 3395 Festus
2560 3334 2750 3392 scribit
2779 3333 3011 3401 (Festus,
3040 3330 3108 3383 ad
3151 3330 3281 3383 verb.
3311 3325 3535 3418 CINGUL.

1931 3408 1978 3495 el
2029 3432 2264 3505 CINXIA),
2312 3436 2465 3490 acva:
2494 3440 2675 3501 nuptm
2714 3425 2988 3498 cingulum
3029 3420 3357 3476 hcrculaneo
3393 3408 3538 3472 nodo

1931 3531 2173 3587 vinctum
2202 3526 2459 3582 solveret.
2502 3521 2652 3578 Hanc
2694 3534 2825 3575 sane
2857 3518 2928 3573 ob
2964 3529 3179 3572 causam
3215 3508 3539 3567 Theocritus

1932 3624 2125 3682 cecinit
2159 3620 2349 3696 (ldyll.
2384 3620 2473 3685 17,
2497 3634 2629 3672 vers.
2652 3614 2748 3686 60)
2774 3632 2787 3668 :

2122 3736 2219 3789 ἔνθα
2242 3746 2310 3799 γὰρ
2331 3745 2527 3792 suum.“
2552 3741 2721 3781 team.
2745 3736 2969 3786 Λυσιζωνον.

2028 3866 2104 3918 lbi
2130 3864 2262 3915 enim
2284 3861 2519 3911 Lucian
2544 3860 2771 3908 invocant
2792 3852 3092 3918 Lysizonam.

1935 3996 2008 4051 At
2032 3991 2278 4063 quamvis
2305 3988 2532 4053 Festus,
2564 4001 2593 4038 a
2624 3983 2784 4039 nobis
2811 3980 3057 4052 proxime
3086 3976 3303 4041 citatus,
3334 3980 3543 4028 asserat

1934 4084 2143 4145 Cinxiaz
2170 4100 2291 4140 esse
2319 4076 2551 4139 lunonis
2583 4092 2807 4142 nomen;
2841 4077 2907 4131 ab
2936 4070 3234 4144 Augustino
3265 4066 3541 4123 nihilomi-

1937 4197 2041 4237 nus
2069 4175 2405 4249 Virginensis
2449 4174 2549 4229 dea
2592 4180 2935 4241 nuncupatur
2967 4166 3236 4238 (August.,
3275 4161 3366 4216 lib.
3401 4175 3452 4213 tv
3480 4156 3545 4213 de

1934 4273 2111 4339 Civit.,
2139 4280 2255 4342 cap.
2284 4266 2373 4333 11,
2398 4285 2518 4339 pag.
2551 4266 2620 4322 97
2647 4280 2664 4330 ;
2690 4273 2737 4317 et
2764 4260 2854 4317 lib.
2881 4275 2953 4325 vt,
2988 4275 3103 4329 cap.
3133 4256 3188 4319 9,
3232 4271 3354 4325 pag.
3388 4251 3541 4329 157).

1939 4366 2040 4424 Ubi
2085 4364 2287 4435 quippe
2316 4363 2383 4417 de
2412 4360 2747 4431 singulorum
2791 4350 3019 4411 deorum
3065 4348 3259 4405 officiis
3289 4346 3542 4414 disserit,

1941 4458 2058 4514 haec
2087 4456 2293 4512 habet:
2332 4474 2351 4505 ‹
2389 4452 2457 4508 Ει
2485 4460 2633 4508 certe
2675 4448 2719 4504 si
2750 4448 2905 4503 adest
2945 4442 3284 4515 Virginensis
3323 4438 3456 4505 dea;
3488 4448 3547 4495 nt

1942 4548 2137 4622 virgini
2181 4556 2314 4603 zona
2363 4544 2620 4600 solvatur.
2660 4560 2679 4594 ι
2705 4538 2814 4596 Sed
2854 4539 2976 4609 quis
3014 4536 3187 4591 nescit
3217 4533 3370 4603 plura
3403 4530 3548 4622 illius

1942 4612 2280 4710 aliarumque
2319 4634 2545 4693 dearum
2591 4640 2654 4689 ac
2700 4630 2926 4687 deorum
2976 4628 3144 4684 fuisse
3188 4624 3427 4682 nomina.
3477 4612 3547 4680 Et

1940 4732 2091 4790 certe
2118 4742 2185 4788 ex
2210 4720 2491 4785 Ciceronis
2519 4724 2718 4788 verbis,
2764 4724 2923 4794 paulo
2970 4729 3096 4776 ante
3131 4716 3309 4774 allatis
3330 4759 3346 4784 ,
3377 4712 3545 4773 disci-

1940 4842 2061 4881 mus
2092 4836 2234 4891 eam,
2266 4836 2384 4893 quze
2414 4819 2558 4890 apud
2587 4812 2808 4872 Latinos
2834 4812 2976 4870 Juno
3013 4808 3216 4869 Lucina
3242 4811 3543 4876 dicebatur,

1945 4921 2084 4975 hanc
2138 4917 2280 4990 apud
2336 4914 2579 4980 Griecos,
2639 4912 2863 4967 Dianam
2913 4907 3217 4964 Luciieram
3262 4905 3546 4976 appellari.

1946 5014 2090 5084 Lege
2135 5011 2342 5074 adhuc,
2374 5009 2418 5063 si
2449 5007 2606 5069 velis,
2634 4998 2916 5060 Giraltium
2966 5013 3020 5057 et
3066 5000 3399 5056 Brissonium
3433 4998 3546 5066 ja’m

1947 5108 2215 5171 laudatos,
2240 5101 2513 5167 Vossinm,
2530 5102 2694 5169 atque
2713 5094 2847 5152 alios
2866 5101 2885 5166 ί
2902 5094 3075 5159 Voss.,
3098 5093 3191 5148 lib.
3243 5109 3276 5148 ιι
3301 5090 3367 5146 de
3395 5090 3545 5164 Orig.

1948 5212 1995 5259 et
2024 5216 2200 5272 progr.
2233 5196 2439 5262 idolol.,
2468 5208 2588 5267 cap.
2619 5193 2712 5260 26,
2744 5206 2866 5264 pag.
2897 5190 3004 5246 219
3036 5198 3082 5243 et
3108 5185 3293 5260 θείη).

2022 5317 2103 5375 Ad
2133 5316 2250 5371 haec
2278 5327 2410 5368 vero
2440 5330 2453 5365 :
2489 5328 2510 5363 σ
2545 5309 2696 5366 Victa
2716 5315 2778 5363 et
2804 5306 2971 5362 Potua
3010 5302 3392 5365 sanctissime,
3422 5319 3444 5354 ι
3473 5300 3551 5357 ait

1950 5411 2255 5476 Arnobius,
2288 5422 2307 5461 t
2337 5405 2533 5473 victui,
2576 5402 2836 5474 potuique
2892 5406 3203 5470 procurant.
3234 5413 3257 5449 ι
3300 5394 3546 5468 (Amata,

1951 5504 2042 5561 lib.
2073 5519 2149 5570 ιιι,
2177 5518 2298 5575 pag.
2330 5498 2484 5567 115.)
2523 5492 2823 5553 Enodatius
2844 5500 3028 5546 autem
3058 5490 3296 5544 Donatus
3338 5488 3391 5543 in
3436 5488 3549 5544 suis

1950 5599 2017 5654 ad
2044 5594 2357 5652 Terentium
2402 5587 2871 5647 observationibus
2896 5604 2908 5638 :
2947 5602 2968 5638 ι
2996 5582 3217 5653 Legitur
3248 5582 3389 5654 apud
3417 5580 3550 5638 Var.

1950 5708 2173 5758 ronem,
2206 5686 2405 5745 initiari
2436 5699 2633 5757 pueros
2678 5679 2914 5745 Edulite,
2943 5686 2997 5733 et
3020 5676 3239 5742 Poticm,
3273 5683 3329 5732 et
3361 5673 3542 5742 Cuba,

2747 5778 2803 5832 ct
2840 5768 3095 5840 cubandi,
3128 5767 3218 5827 ubi
3260 5766 3491 5840 primum
3515 5781 3550 5825 tt
