3904 6326
219 292 315 351 557

1417 300 1481 357 ΙΝ
1520 302 1898 376 ARNOBIUM,
1943 308 2094 367 CAP.
2138 310 2274 368 XIII.
2333 318 2341 335 ‘

3312 324 3316 329 ’
3403 318 3508 375 558

215 419 321 475 quo
359 404 575 462 athleta:
617 416 674 464 et
710 410 803 466 alii
847 411 1205 485 angebantur.
1235 415 1375 474 Olim
1422 429 1600 476 autem
1642 437 1801 493 quam
1832 413 2159 489 A'consulcs
2203 427 2379 484 fiedus
2421 427 2669 486 cum‘eis
2709 429 2890 488 facere
2928 433 3102 488 coacti
3142 439 3306 501 sunt;
3338 434 3413 490 ita
3452 444 3513 491 ut

216 511 498 556 commune
528 501 905 576 vulgatumque
931 506 1092 563 fuerit
1115 551 1132 577 ,
1162 508 1340 566 disces
1370 511 1473 568 hoc
1501 513 1619 569 solo
1646 514 1805 572 Juve«

216 590 352 647 nalis
376 595 616 651 carmine
634 638 651 663 ,
676 598 780 654 nisi
806 598 951 656 aliud
978 601 1247 672 quoddam
1273 604 1480 675 simile,
1512 607 1806 677 pretiosum

216 694 403 743 notare
430 687 656 745 voluerit
683 708 717 761 ε,

866 786 1158 841 Femineum
1199 804 1396 844 ceroma
1415 830 1429 855 ,

326 842 460 907 ,Quis
480 847 679 898 nescit?

213 953 360 1011 Illius
385 955 562 1012 adhuc
587 957 917 1039 mentionem
962 960 1167 1017 faciunt
1194 961 1482 1033 Martialis,
1512 974 1567 1022 et
1610 967 1806 1039 smpius

213 1049 441 1108 Plinius.
469 1051 765 1122 (Juvenal.,
796 1056 946 1112 satir.
979 1057 1036 1124 ϐ,
1065 1069 1183 1114 ante
1214 1063 1348 1116 med.
1366 1077 1388 1126 ;
1414 1060 1674 1127 .lfartial.,
1712 1065 1804 1120 lib.

212 1156 320 1208 xw,
348 1141 536 1214 Epigr.
567 1145 665 1211 19;
711 1145 989 1207 Plin..lib.
1014 1165 1179 1206 xxvut
1211 1150 1407 1207 Natur.
1437 1154 1582 1219 Irist.,
1606 1172 1723 1227 cap.
1747 1156 1804 1223 4,

190 1253 330 1317 .pag.
382 1236 513 1303 575,
534 1248 585 1293 et
609 1238 700 1296 lib.
723 1255 869 1309 χχιι,
900 1257 1022 1314 cap.
1052 1245 1105 1310 1,
1129 1262 1249 1317 pag.
1280 1245 1416 1313 672;
1444 1259 1490 1302 et
1517 1248 1607 1303 lib.
1638 1265 1804 1319 xxxv,

209 1342 323 1399 cap.
353 1328 447 1395 15,
478 1348 601 1404 pag.
632 1330 786 1406 247.)

278 1421 403 1476 Alio
447 1439 661 1496 quoque
704 1440 866 1483 sensu
910 1444 1125 1485 ceroma
1167 1430 1347 1488 locum
1386 1433 1673 1506 signiﬁcat,
1717 1435 1807 1492 ubi

210 1513 371 1573 iidem
417 1518 639 1574 athleta:
672 1522 1025 1592 ungebanIur.
1058 1525 1144 1582 Ab
1171 1526 1363 1583 eodem
1391 1530 1589 1585 etenim
1634 1530 1809 1586 Plinio
1877 1557 1889 1566 ο

110 1670 115 1676 ,
212 1611 474 1680 scriptum
507 1612 749 1670 invenies
781 1634 796 1672 :
833 1635 851 1668 ι
888 1616 1175 1676 Palaestrae
1208 1620 1535 1679 athletarum
1568 1626 1809 1697 imagini.

208 1701 339 1769 bus,
368 1715 427 1761 et
471 1717 742 1765 ceromata
781 1726 878 1768 sua
921 1725 1206 1772 exornant.
1240 1736 1259 1770 ι
1313 1720 1355 1774 A
1388 1717 1592 1776 Seneca
1638 1736 1807 1779 vero:

1909 519 2183 590 equitibus
2232 521 2487 577 Romanis
2516 524 2786 579 sexcentis
2814 524 3095 581 obsidibus
3123 526 3292 592 datis,
3322 528 3507 584 caeteri

1908 613 2123 667 amissis
2152 613 2319 669 armis
2338 656 2353 682 ,
2383 615 2610 685 aliisque
2651 617 2896 688 spoliati,
2926 619 3226 691 privatique
3257 620 3510 694 tegmini-

1908 706 2011 762 bus
2035 748 2050 773 ,
2080 707 2185 763 sub
2225 709 2410 780 jugum
2461 709 2694 766 hostium
2737 727 2858 767 cum
2906 713 3241 769 vesdmeutis
3285 713 3510 785 singulis
3548 719 3555 727 '

1909 802 2287 859 mitterentur?
2324 821 2344 856 ι
2394 800 2674 875 (Αιιθιιιιη
2702 805 2789 860 lib.
2847 822 2904 862 ιιι
2944 808 3008 862 de
3035 804 3221 875 Civit.,
3266 824 3383 881 cap.
3416 807 3507 879 17,

1907 915 2028 971 pag.
2058 897 2173 973 75.)
2731 948 2735 959 .

1980 993 2092 1050 Nec
2120 1009 2181 1049 ea
2213 994 2328 1051 sola
2357 996 2449 1050 fuit
2473 1035 2489 1061 ,
2521 1010 2628 1050 non
2652 994 2984 1065 impediente
3010 995 3273 1063 Pellonia,
3307 994 3509 1051 Roma-

1911 1101 2102 1142 norum
2145 1096 2371 1158 strages.
2424 1088 2622 1143 Verum
2668 1107 2681 1140 :
2728 1088 2878 1159 Apud
2937 1087 3261 1143 Thrasimcnt'
3298 1105 3511 1160 quoque

1909 1180 2099 1248 larunt,
2118 1183 2293 1253 pergit
2322 1191 2509 1237 auctor
2539 1193 2724 1239 noster
2756 1182 2998 1256 (Arnob,
3027 1181 3116 1238 lib.
3148 1198 3225 1250 tv,
3255 1201 3308 1255 p.
3354 1180 3505 1255 129),

1908 1276 2175 1346 sanguinei
2203 1292 2474 1331 cucurrere
2493 1286 2756 1331 torrentes.
2792 1276 2848 1331 lu
2880 1292 3010 1348 agro
3039 1286 3217 1332 autem
3246 1277 3511 1334 Perusino

1910 1369 2047 1424 situs
2081 1378 2163 1425 est
2214 1368 2301 1424 hic
2345 1370 2491 1425 lacus
2513 1411 2528 1436 ,
2560 1370 2645 1425 ubi
2680 1368 2945 1425 Flaminio
2974 1370 3197 1425 consule
3243 1379 3299 1425 et
3347 1369 3507 1438 duce,

1912 1461 2186 1517 Romanus
2212 1462 2484 1517 exercitus
2504 1461 2572 1515 ab
2596 1461 2860 1516 Annibale
2884 1460 3032 1516 fusus
3057 1462 3371 1533 deletusque
3392 1460 3507 1518 fuit.

1911 1555 2204 1611 Historiam
2229 1565 2413 1610 narrat
2440 1553 2644 1617 Livius,
2669 1570 2733 1610 ac
2755 1564 2965 1624 postea,
2992 1553 3135 1609 hunc
3160 1553 3250 1608 ille
3277 1553 3514 1626 loquitur

1911 1648 1965 1705 in
1990 1650 2206 1704 modum
2234 1668 2247 1703 :
2282 1668 2300 1700 ι
2340 1649 2467 1705 Ηειξο
2505 1658 2588 1705 est
2634 1648 2832 1703 nobilis
2860 1648 2926 1702 ad
2955 1647 3383 1720 Thrasymenutn
3416 1664 3514 1719 pu-

1910 1757 2033 1813 gna,
2068 1751 2230 1811 atque
2257 1742 2398 1798 inter
2431 1756 2627 1812 paucas
2671 1749 2969 1795 memorata
3010 1738 3377 1795 Romanorum
3405 1740 3514 1795 cla-

214 1816 233 1850 ι
271 1799 324 1854 1η
354 1811 751 1860 ceromate.....
778 1816 1050 1877 Spectator
1078 1825 1364 1880 puerorum
1403 1813 1692 1870 rixantium
1720 1829 1809 1871 se-

1917 1834 2032 1891 des.
2052 1835 2370 1904 Quiudecim
2402 1834 2569 1889 millia
2602 1835 2969 1888 Romanorum
2993 1833 3045 1887 in
3068 1834 3182 1888 acie
3203 1848 3341 1889 etesa
3364 1842 3511 1901 sunt,

208 1894 317 1950 det.
354 1916 374 1949 ι
415 1893 621 1969 (Idem,
656 1899 744 1954 lib.
794 1916 959 1968 xxxv,
1005 1918 1122 1970 cap.
1164 1903 1218 1969 2,
1258 1922 1382 1976 pag.
1428 1907 1563 1970 171;
1596 1906 1806 1976 Senec.,

132 2002 139 2013 ‘
210 1988 296 2044 lib.
324 1988 389 2043 de
416 1987 615 2045 Breuil.
641 1993 778 2060 vitm,
810 2010 928 2066 cap.
953 1994 1010 2060 2,
1039 2014 1158 2069 pag.
1193 1997 1353 2071 567.)
1379 1998 1606 2055 Ceroma
1628 2010 1808 2057 autem

212 2079 309 2137 hoc
335 2083 583 2139 secundo
609 2099 768 2143 sensu
797 2088 865 2142 ab
892 2089 1131 2146 Arnobio
1156 2093 1327 2162 accipi
1357 2094 1586 2151 videtur.
1614 2095 1811 2152 Scribit

211 2176 350 2232 enim
375 2192 718 2248 persuasum,
737 2183 834 2238 sed
856 2182 1075 2252 frustra,
1098 2185 1330 2242 ethnicis
1350 2188 1514 2243 fuisse
1539 2202 1806 2257 ceromas,

209 2283 297 2325 seu
325 2271 515 2340 potius
543 2285 818 2331 ceromata
846 2291 875 2331 a
904 2277 1170 2335 Mercurio
1207 2282 1403 2339 curari.
1445 2281 1597 2351 Quod
1628 2293 1809 2340 autem

210 2364 403 2436 adjecit
444 2367 597 2425 hunc
636 2371 977 2442 pugillatibus
1014 2390 1229 2448 quoque
1269 2390 1524 2445 praeesse.
1552 2386 1609 2431 et
1641 2377 1811 2431 lucta-

209 2461 469 2527 tionibus.
498 2464 551 2520 id
584 2467 800 2537 probari
825 2476 1002 2538 potest
1027 2469 1111 2525 his
1137 2468 1410 2526 Prudentii
1438 2471 1767 2527 carminibus
1791 2489 1805 2528 :

436 2581 850 2650 mastigophoris,
861 2582 1085 2650 _oleoque
1111 2590 1166 2636 et
1189 2586 1444 2650 gymnadis
1462 2595 1570 2638 arte

302 2639 485 2720 ignotis
505 2635 766 2720 pugilibus.
789 2635 935 2720 miles
949 2635 1466 2720 pugnaliatvlgltruscus,

298 2704 404 2777 lico
427 2704 607 2777 ρειεώ
626 2709 832 2771 insignis
855 2704 1077 2777 poterat,
1090 2710 1444 2777 Lacedaemone
1456 2704 1625 2777 'capta,

296 2767 802 2839 Merctariusservare
822 2767 937 2839 suas
952 2772 1017 2823 de
1037 2767 1175 2824 elade
1197 2774 1464 2839 palarstras.

577 2833 859 2899 (Prudent.,
880 2831 968 2886 lib.
989 2850 1042 2896 ιι,
1066 2831 1510 2904 coru.'Synunach.,
1528 2843 1556 2907 §
1571 2842 1646 2906 ι.)

212 2937 583 2997 Pellcndorum
629 2957 790 3012 porro
835 2943 1058 2998 hostium
1097 2946 1192 2999 dea
1240 2957 1453 3017 potens,
1503 2948 1577 3003 uti
1602 2957 1809 3019 postea

211 3046 388 3092 narrat
420 3036 702 3092 Arnobius
727 3036 969 3107 (Arnob.,
992 3038 1083 3094 lib.
1114 3055 1200 3105 Iv,
1229 3056 1349 3113 pag.
1383 3041 1538 3113 128),
1568 3042 1809 3099 Pellonia

212 3130 518 3201 putabatur.
565 3129 929 3200 Quamobrem
962 3132 1329 3202 Augustinus:
1361 3133 1417 3190 Si
1444 3133 1567 3203 dea,
1604 3135 1811 3205 inquie-

1910 1928 2099 1983 deeem
2133 1928 2301 1983 millia
2328 1942 2538 1998 sparsa,
2567 1927 2686 1997 fuga
2730 1942 2826 1997 per
2863 1940 3082 1980 omnem
3117 1926 3407 1993 Etruriam,
3433 1924 3511 1982 di-

1912 2020 2085 2075 versis
2113 2019 2401 2076 itineribus
2430 2020 2658 2075 Romam
2692 2017 2918 2090 petiere.
2950 2038 2970 2070 ι
3003 2017 3108 2073 Sed
3141 2017 3208 2073 de
3240 2018 3340 2073 hac
3359 2017 3516 2074 clade

1911 2110 2094 2184 legere
2126 2114 2330 2184 poteris
2355 2112 2638 2185 Polybium
2663 2155 2676 2179 ,
2724 2110 2997 2166 Valerium
3028 2109 3318 2165 Maximum
3339 2152 3356 2177 ,
3384 2109 3515 2166 Ovi-

1896 2207 2082 2278 dipm.
2114 2214 2171 2261 et
2200 2207 2336 2261 alios
2359 2221 2391 2260 a
2420 2206 2575 2261 nobis
2607 2204 2658 2259 in
2689 2203 3073 2259 dissertatione
3122 2202 3385 2273 superiori
3432 2203 3515 2258 ci-

1911 2306 2073 2354 tatus.
2106 2297 2267 2369 (Liv.,
2298 2297 2389 2353 lib.
2416 2313 2549 2362 xxu,
2586 2297 2614 2370 §
2656 2298 2720 2364 7;
2751 2294 2963 2367 Polyb.,
2994 2294 3082 2351 lib.
3112 2311 3169 2351 III
3203 2294 3365 2360 Hiat.,
3393 2313 3515 2369 pag.

1909 2391 2038 2460 2'53,
2082 2401 2130 2446 et
2171 2408 2349 2464 seqq.;
2391 2391 2505 2446 Val.
2554 2390 2724 2455 illam,
2757 2390 2844 2445 lib.
2875 2406 2913 2454 ι,
2946 2409 3063 2463 cap.
3093 2390 3146 2455 6,
3176 2390 3205 2463 ᾗ
3233 2390 3301 2456 6;
3335 2388 3513 2457 Ovid,

1912 2486 2000 2540 lib.
2026 2502 2081 2542 Vl
2123 2483 2356 2553 Faucia,
2381 2503 2504 2557 pag.
2536 2485 2672 2551 685;
2695 2484 2914 2541 Disserl.
2946 2487 3001 2541 in
3033 2486 3255 2554 Minue,
3283 2501 3401 2557 cap.
3424 2485 3513 2551 17,

1909 2590 2010 2636 art.
2040 2578 2121 2653 3.)

1984 2673 2147 2730 Addit
2186 2672 2422 2745 denique
2453 2674 2725 2729 Arnobius
2755 2674 3052 2730 Pelloniam
3097 2687 3203 2729 non
3235 2671 3472 2728 adfuisse
3499 2689 3514 2730 :

1920 2787 1937 2820 ι
1974 2767 2110 2823 Cum
2147 2767 2420 2823 Diomedis
2463 2768 2639 2838 campi
2681 2768 2924 2823 romanis
2964 2766 3317 2823 cadaveribus
3352 2779 3519 2838 agge-

1911 2864 2015 2919 rati
2051 2870 2196 2918 suut.
2238 2882 2258 2915 ι
2294 2862 2535 2934 (Arnob.,
2568 2862 2657 2916 lib.
2698 2878 2778 2927 tv,
2806 2879 2925 2934 pag.
2961 2858 3111 2933 129.)
3144 2860 3222 2915 De
3250 2858 3518 2915 Cannensi

1914 2971 2089 3027 pugna
2137 2964 2192 3011 et
2238 2956 2396 3011 clade
2445 2954 2588 3010 haud
2633 2954 2796 3011 dubie
2842 2956 3115 3024 loquitur,
3147 2967 3307 3025 quam
3339 2951 3521 3007 Livius

1912 3048 2100 3104 scribit
2126 3049 2196 3104 ab
2219 3046 2417 3104 Marcio
2447 3047 2643 3103 illustri
2674 3058 2796 3103 vate
2842 3046 2927 3101 his
2972 3046 3142 3102 ferme
3172 3045 3351 3102 verbis
3383 3060 3520 3117 pra:-

1913 3141 2157 3199 dictam:
2195 3161 2212 3195 ι
2249 3148 2478 3198 Amuem
2524 3141 2861 3212 Troiugenas
2902 3138 3143 3195 Cannam
3170 3180 3186 3205 ,
3238 3138 3517 3206 Romane,

212 3222 328 3291 bat,
377 3238 578 3281 revera
623 3224 695 3280 sit
746 3223 1044 3281 Felicitas:
1084 3244 1105 3279 ι
1156 3224 1266 3281 Cur
1315 3238 1461 3284 esset
1512 3229 1809 3286 invocanda

1917 3235 2069 3308 iuge;
2105 3253 2172 3293 ne
2213 3247 2265 3292 te
2302 3234 2625 3307 alienigenae
2665 3243 2862 3305 cogant
2902 3234 2956 3289 in
3008 3247 3200 3305 campo
3248 3232 3521 3288 Diomedis

212 3328 424 3389 pmpter
453 3316 638 3373 fessos
665 3317 788 3373 diva
827 3317 1084 3375 Fessnnia
1106 3362 1122 3387 ,
1157 3332 1377 3392 propter
1406 3320 1590 3379 hostes
1619 3323 1810 3393 depel-

213 3409 391 3469 lendus
438 3410 570 3467 diva
607 3410 893 3468 Pellnuia?
930 3433 947 3466 ι
982 3412 1250 3486 (August,
1295 3415 1383 3469 lib.
1423 3431 1477 3470 Iv
1526 3417 1589 3471 de
1629 3413 1808 3485 Civit.,

213 3523 319 3578 cap.
357 3505 450 3575 21,
494 3522 613 3576 pag.
646 3505 801 3575 103.)
831 3505 1029 3564 Verum
1061 3507 1331 3563 Arnobius
1360 3507 1468 3564 alio
1495 3520 1813 3580 argumento

214 3598 392 3656 falsam
432 3601 585 3656 illius
622 3599 957 3656 divinitatem
999 3601 1257 3658 detrudit.
1290 3601 1424 3658 Nam
1453 3612 1710 3676 utraque,
1737 3606 1815 3661 ait

216 3695 323 3763 ille,
340 3696 583 3753 hostium
605 3696 821 3753 interse
849 3699 1195 3769 pugnantium
1222 3715 1346 3770 pars
1374 3699 1536 3771 hujus
1562 3701 1676 3757 deae
1698 3718 1812 3759 sua:

214 3791 456 3862 praesidio
498 3804 622 3846 sese
649 3791 877 3847 invicem
909 3792 1114 3864 pellere
1140 3792 1439 3849 debuisset.

280 3883 386 3941 Nec
431 3884 669 3957 Romani
710 3884 1043 3952 respondere
1087 3894 1337 3955 poterant
1384 3902 1535 3942 suam
1586 3874 1727 3952 esse,
1758 3897 1814 3943 et

216 3991 314 4031 non
339 3977 577 4033 aliorum
602 4019 618 4046 ,
645 3978 782 4033 hanc
809 3977 964 4034 deam
997 3978 1236 4050 (Λητώ,
1280 3980 1369 4034 lib.
1398 3996 1476 4047 Iv,
1510 3996 1632 4052 pag.
1664 3980 1809 4053 129).

217 4066 419 4129 Etenim
467 4069 579 4126 dici
626 4086 731 4125 non
775 4079 954 4141 potest
982 4072 1048 4126 iis
1080 4072 1208 4128 deas
1240 4071 1438 4139 fuisse,
1472 4084 1633 4146 atque
1673 4074 1813 4130 hanc

219 4164 529 4219 nominatim
574 4163 647 4218 ita
695 4164 1023 4235 peculiares;
1074 4174 1131 4218 ut
1183 4164 1406 4220 aliarum
1460 4168 1812 4236 quarumdam

218 4258 443 4327 gentium
475 4273 583 4313 non
619 4255 838 4314 fuerint.
871 4258 1073 4315 Deinde
1103 4274 1232 4315 vero
1261 4260 1376 4317 haec
1405 4260 1543 4316 bona
1574 4260 1673 4317 dea
1704 4277 1811 4318 non

220 4353 373 4408 modo
396 4353 770 4408 Romanorum
805 4353 987 4409 hostes
1012 4368 1158 4426 saepe
1189 4354 1386 4426 saepius
1434 4370 1541 4410 non
1583 4356 1809 4427 depulit,

223 4448 308 4502 sed
336 4463 493 4520 aequo
520 4449 683 4504 etiam
718 4463 875 4517 passa
905 4459 988 4505 est
1013 4449 1195 4505 animo
1218 4449 1341 4505 illos
1366 4452 1623 4506 maximis
1646 4452 1811 4506 cladi-

223 4538 313 4596 bus
338 4541 500 4613 alﬂigi
537 4556 603 4597 ac
640 4542 933 4612 proﬂigari.
971 4541 1202 4598 Ubinam
1244 4544 1386 4599 enim
1430 4543 1669 4599 Pelluuia
1721 4544 1808 4600 illa

224 4634 313 4690 dea
338 4646 475 4705 erat,
504 4635 582 4691 ait
608 4636 878 4691 Arnobius
907 4634 1123 4710 (Ibid),
1159 4654 1180 4689 ι
1214 4636 1425 4705 quando
1455 4637 1520 4693 ad
1548 4637 1812 4696 Furculas
1836 4616 1891 4677 Ῑ)

223 4725 480 4785 Caudinas
505 4728 673 4786 decus
700 4727 969 4800 publicum
997 4729 1340 4801 subiugatum
1370 4731 1492 4785 est?
1521 4750 1540 4784 ι
1569 4730 1812 4787 Furcula:

223 4835 344 4878 vero
381 4839 475 4881 seu
504 4822 730 4889 Furcae,
760 4833 852 4878 aut
879 4821 1084 4880 Fauces
1110 4822 1366 4879 Caudinae
1410 4839 1439 4878 a
1481 4823 1695 4891 Caudo,
1726 4824 1814 4881 vel

225 4913 437 4985 Caudio,
465 4918 768 4975 Samnitum
791 4918 842 4972 iu
861 4917 1012 4973 ltalia
1034 4934 1199 4989 prope
1220 4918 1587 4975 Beneventum
1611 4918 1813 4989 oppido

228 5024 571 5085 nuncupatur,
602 5012 797 5084 insigni
837 5010 1203 5068 Romanorum
1249 5013 1401 5069 clade
1442 5013 1809 5070 celebrantur.

229 5103 298 5161 lbi
325 5108 521 5180 quippe
549 5107 762 5163 illorum
792 5108 983 5177 copiae,
1013 5106 1077 5162 Τ.
1107 5106 1326 5163 Veturio
1354 5106 1605 5176 Calvino,
1637 5119 1689 5164 et
1712 5107 1809 5179 Sp.

231 5199 534 5258 Posthumio
559 5202 875 5258 consulibus
907 5212 960 5257 ct
987 5202 1235 5264 ducibus.
1271 5202 1506 5271 undique
1535 5201 1604 5256 ab
1636 5201 1809 5257 hosti-

231 5290 322 5347 bus
349 5297 606 5362 obsessa,
638 5295 705 5350 ad
736 5309 830 5350 eas
855 5296 1129 5366 angustias
1162 5294 1396 5351 redactae
1431 5304 1592 5359 sunt,
1622 5304 1677 5349 ut
1710 5310 1809 5365 po-

234 5388 339 5442 sitis
362 5391 559 5456 armis,
593 5389 693 5444 sub
734 5387 943 5444 illorum
971 5432 985 5457 ,
1013 5388 1086 5443 uti
1116 5387 1301 5443 Livius
1325 5389 1544 5443 uberius
1573 5388 1811 5444 narravit

238 5477 384 5550 (ιὶυη
411 5483 499 5537 lib.
531 5499 600 5548 Ix,
629 5482 766 5546 init.,
789 5492 834 5536 et
861 5481 950 5536 lib.
980 5497 1109 5548 xxv,
1140 5499 1253 5555 cap.
1287 5482 1384 5553 6),
1418 5482 1601 5554 iugum
1635 5481 1815 5538 missae

238 5570 353 5627 sint.
378 5575 715 5646 Quapropter
742 5576 1072 5645 Augustinus
1115 5574 1217 5629 hoc
1261 5574 1450 5630 eodem
1483 5575 1730 5647 exemplo
1759 5584 1815 5631 et

240 5677 538 5735 argumento
562 5668 1306 5740 etltnicos,.quemadmodum
1341 5669 1632 5738 Arnobius,
1664 5670 1817 5727 refel-

242 5754 333 5811 lit:
366 5777 384 5811 ι
423 5759 520 5816 libi
556 5769 714 5818 erant
737 5761 833 5827 dii,
875 5782 894 5814 ι
931 5762 1124 5834 inquit,
1163 5780 1183 5814 ‹
1220 5762 1434 5834 quando
1466 5764 1517 5819 in
1547 5762 1814 5835 Caudinas

246 5846 486 5913 Furculas
509 5870 539 5911 a
562 5856 895 5915 Samnitibus
933 5856 1174 5925 obsessi,
1204 5856 1364 5914 ambo
1406 5873 1527 5915 cum
1574 5861 1812 5917 exercitu

1915 3345 2207 3387 conserere
2237 3344 2448 3384 manus.
2485 3327 2592 3385 Sed
2626 3343 2799 3399 neque
2826 3338 2881 3383 tu
2911 3325 3102 3382 credas
3148 3323 3276 3380 mihi
3300 3367 3317 3392 ,
3345 3324 3521 3381 donec

1915 3422 2280 3494 compleveris
2298 3423 2558 3494 sanguine
2570 3436 2845 3493 campum,
2866 3420 3139 3490 multaque
3153 3418 3318 3473 millia
3339 3417 3519 3473 occisa

1917 3525 2004 3572 tua
2032 3515 2235 3572 deferat
2264 3518 2440 3571 amnis
2468 3515 2520 3569 in
2545 3514 2776 3569 Pontum
2804 3527 3055 3583 magnum
3082 3526 3149 3566 ex
3180 3521 3325 3567 terra
3351 3510 3519 3581 frugi-

1916 3610 2050 3677 fera,
2084 3611 2349 3682 piscibus,
2376 3620 2536 3680 atque
2564 3608 2774 3673 avibus,
2806 3605 3044 3677 ferisque
3065 3647 3079 3671 ,
3116 3620 3235 3674 quae
3279 3603 3521 3659 incolunt

1916 3714 2114 3770 terras,
2146 3705 2213 3760 iis
2257 3704 2350 3758 liat
2396 3718 2519 3759 esca
2567 3718 2695 3758 caro
2735 3710 2847 3757 tua.
2882 3700 3012 3756 Nam
3047 3699 3175 3754 mihi
3206 3700 3278 3754 ita
3307 3699 3521 3770 Jupiter

1914 3797 2058 3854 fatus
2088 3806 2190 3853 est.
2234 3816 2253 3849 ι
2288 3795 2454 3867 (Liv.,
2489 3796 2579 3851 lib.
2610 3810 2738 3862 xxv,
2773 3794 2802 3867 §
2838 3793 2951 3865 12.)
2979 3792 3183 3862 Quibus
3231 3791 3323 3846 ille
3367 3791 3518 3862 adje-

1914 3894 2016 3950 cit:
2044 3913 2063 3946 ι
2091 3893 2153 3948 Et
2179 3891 2453 3948 Diomedis
2473 3891 2659 3961 Argivi
2687 3904 2927 3960 campos,
2952 3900 3004 3944 et
3033 3886 3271 3943 Cannam
3294 3884 3516 3953 ﬂumen,

1915 3985 2005 4055 qui
2038 3985 2402 4040 militaverant
2423 3985 2474 4037 in
2496 3983 2560 4037 iis
2584 3982 2738 4051 locis,
2755 3982 2908 4051 juxta
2928 3990 3090 4049 atque
3117 3980 3286 4050 ipsam
3309 3978 3517 4033 cladem

1914 4080 2305 4151 agnoscebant.
2348 4098 2367 4131 ι
2404 4077 2566 4152 (lbid.
2597 4093 2644 4130 c.
2677 4076 2732 4144 6,
2762 4086 2809 4132 et
2837 4076 2979 4147 prius
3004 4074 3095 4129 lib.
3131 4073 3223 4140 9.2,
3267 4092 3314 4129 c.
3349 4074 3439 4136 45.
3475 4083 3521 4129 et

1914 4176 2083 4244 seqq.)
2114 4173 2219 4228 Sed
2260 4171 2377 4227 haec
2417 4171 2508 4225 ille
2553 4186 2675 4225 cum
2707 4170 2800 4237 ibi,
2835 4180 2945 4224 tum
2976 4168 3101 4225 alibi
3130 4167 3303 4224 fusius
3332 4182 3520 4240 prose-

1914 4268 2119 4339 quitur,
2147 4265 2604 4338 quemadmodum
2627 4264 2902 4336 Polybius,
2930 4263 3144 4329 Florus,
3167 4265 3517 4335 Augustinus,

1914 4369 1969 4417 et
2006 4360 2119 4415 alii.
2157 4360 2429 4415 Diomedis
2474 4375 2636 4431 porro
2681 4362 2856 4431 campi
2902 4360 3027 4415 dicti
3071 4368 3215 4426 sunt,
3246 4358 3369 4430 quia
3401 4370 3523 4430 post

1914 4453 2251 4510 vulneratam
2298 4452 2569 4511 Venerem
2607 4453 2733 4520 ille,
2761 4454 2931 4524 patria
2976 4452 3165 4508 relicta
3187 4495 3202 4517 ,
3237 4452 3517 4524 Apuliam,

1912 4555 2104 4611 Servio
2132 4554 2362 4623 aliisque
2389 4553 2529 4609 bene
2560 4551 2742 4605 nudtis
2770 4548 3031 4614 testibus,
3061 4548 3351 4605 incoluisse
3391 4563 3520 4619 per-

1917 4653 2150 4709 hibetur.
2203 4651 2440 4723 (Polyb..
2474 4649 2563 4705 lib.
2607 4666 2661 4705 ut
2694 4647 2919 4714 Histor.,
2964 4664 3084 4718 pag.
3117 4645 3225 4701 256
3260 4653 3306 4700 et
3340 4662 3518 4719 scqq.;

1917 4747 2091 4815 Flor.,
2123 4747 2212 4802 lib.
2242 4763 2299 4804 ιι.
2333 4764 2380 4802 c.
2409 4745 2473 4810 6;
2514 4745 2756 4816 August.,
2793 4743 2881 4797 lib.
2908 4758 2962 4798 ιιι
3010 4742 3074 4797 de
3125 4741 3300 4807 Civit.,
3329 4757 3381 4795 c.
3416 4739 3517 4809 19;

1916 4840 2090 4905 Serv.,
2121 4840 2173 4894 in
2202 4838 2291 4894 lib.
2316 4854 2409 4893 VIII
2438 4834 2682 4903 1Eneid.,
2712 4852 2832 4907 pag.
2869 4834 3024 4907 487.)

1987 4935 2126 5003 Quid
2154 4934 2222 4989 ad
2251 4934 2368 4989 luec
2396 4931 2634 4987 ethnici?
2666 4930 3086 5001 Restioudebant
3117 4929 3251 4985 deos
3267 4928 3518 4984 sinistra-

1918 5045 2037 5085 rum
2066 5029 2297 5099 partium
2328 5041 2449 5082 esse
2478 5023 2758 5096 praesides,
2791 5035 2845 5078 et
2874 5023 3219 5078 dexterarum
3249 5021 3514 5076 inimicos.

1920 5125 2105 5195 Neque
2130 5125 2334 5180 dixeris
2354 5123 2493 5179 hanc
2523 5125 2593 5179 ab
2619 5122 2855 5178 Auctore
2878 5132 3087 5185 nostro.
3120 5135 3279 5190 quam
3309 5117 3519 5173 facilius

1920 5219 2210 5284 refutaret,
2238 5217 2405 5289 gratis
2452 5216 2628 5271 [ictam
2658 5217 3093 5286 responsionem.
3129 5211 3347 5268 Litteris
3371 5209 3517 5266 enim

1919 5310 2227 5367 mandatum
2256 5327 2285 5365 a
2314 5310 2554 5366 Varrone
2585 5308 2814 5376 legimus
2845 5327 2860 5363 :
2897 5326 2915 5359 ι
2951 5307 3079 5375 Quzc
3117 5306 3334 5361 sinistra
3365 5312 3515 5371 sunt,

1918 5405 2057 5459 bona
2085 5403 2322 5475 auspicia
2349 5403 2749 5458 existimantur.
2782 5402 2824 5455 A
2858 5416 2965 5471 quo
2986 5399 3242 5454 dicuntur
3273 5397 3514 5464 comitia,

1917 5494 2132 5552 aliudve
2159 5494 2283 5565 quid
2315 5493 2402 5551 sit.
2433 5494 2537 5550 dici
2576 5509 2676 5549 are
2705 5493 2955 5552 sinistra;
2987 5508 3106 5563 quac
3137 5506 3281 5545 nunc
3305 5500 3420 5554 est;
3460 5490 3514 5545 id

1917 5604 1948 5644 a
1973 5604 2153 5660 gratco
2184 5599 2266 5644 est
2285 5631 2297 5653 ,
2330 5588 2471 5659 quod
2502 5588 2555 5644 bi
2584 5590 2854 5643 sinistram
2883 5595 3078 5643 vocant
3108 5589 3311 5643 σκαιὰ-δ.
3344 5606 3363 5639 ι
3390 5587 3513 5644 Ser-

1916 5683 2037 5739 vius
2068 5699 2197 5739 vero
2231 5704 2245 5739 :
2280 5703 2299 5736 ‹
2335 5684 2647 5748 Sinistrum,
2677 5703 2695 5735 ι
2729 5682 2921 5754 inquit,
2960 5700 2979 5734 ‹
3008 5696 3357 5752 prosperum;
3386 5680 3511 5752 quia

1919 5777 2139 5833 caeleste
2170 5786 2273 5834 est.
2299 5777 2589 5833 Sinistrum
2617 5785 2795 5832 autem
2824 5792 2853 5828 a
2885 5774 3133 5841 sinendo,
3163 5784 3418 5843 quantum
3445 5771 3513 5830 ad

1916 5872 2137 5940 auguria
2166 5873 2434 5943 pertinet;
2476 5870 2616 5944 quod
2657 5884 2756 5927 nos
2781 5886 2940 5942 agerc
2965 5870 3124 5926 sinat.
3157 5869 3310 5927 Unde
3341 5868 3465 5926 alibi
3495 5886 3511 5925 :
