3904 6326
401 246 511 308 539

1642 262 2096 342 νυιεδειιτιιτιθ
2123 266 2406 327 suam

3575 281 3664 341 5&0

402 363 467 468 Si.
489 380 646 468 quem
674 368 891 425 numina
913 369 1045 426 laeva
1066 373 1548 468 sinaut.Sinistras
1566 388 1745 435 autem
1767 391 1997 450 septem-
2022 384 2072 447 Α
2098 382 2281 439 deﬁcit
2319 385 2464 442 haud
2505 386 2668 457 plane
2705 387 2917 444 infirma
2957 389 3118 446 ratio.
3160 390 3385 465 Scriptis
3424 394 3605 468 quippe
3638 410 3662 455 ι

401 461 661 517 trionales
688 478 808 518 esse
831 479 1096 536 augurum
1138 465 1425 539 disciplina
1454 472 1726 528 consentit
1751 492 1767 538 ;
1799 484 1854 529 et
1880 476 2002 530 ideo

304 617 317 631 ι
399 569 467 612 ex
494 555 605 627 ipsa
628 567 779 628 parte
800 559 1219 630 signiﬁcantiora
1244 560 1494 631 fulmina,
1513 569 1767 635 quoniam
1786 569 1999 635 altiora,

399 657 455 704 et
501 648 759 706 viciniora
807 651 1082 729 domicilio
1126 653 1295 712 Jovis.
1356 676 1375 710 ι
1437 657 1656 729 (Varro,
1702 658 1793 714 lib.
1837 675 1888 715 vt
1940 664 2003 715 de

398 741 549 814 Ling.
583 744 752 811 latim,
782 762 904 819 pag.
932 748 1032 813 88;
1059 748 1234 817 Serm,
1267 752 1319 805 in
1363 750 1474 807 Lib.
1510 769 1546 808 ιι
1576 752 1821 821 Λέιιοὶάη
1856 771 1989 810 vers.

394 835 553 910 695.)

472 932 541 986 At
569 947 675 1002 quo
698 932 901 989 certius
923 935 1248 1008 graviusque
1271 939 1504 1009 gentiles
1526 939 1641 995 haec
1663 941 2001 1008 asserebant,

397 1036 466 1079 eo
493 1024 725 1080 validius
765 1026 833 1080 ab
880 1028 1121 1084 Arnobio
1164 1042 1349 1086 nostro
1399 1031 1742 1088 refelluntur.
1776 1034 2004 1092 Mundus

399 1115 677 1172 enimvero
705 1126 888 1186 tetus,
924 1123 996 1175 uti
1030 1123 1121 1178 ille
1145 1126 1357 1194 arguit,
1387 1140 1508 1181 cum
1540 1136 1684 1183 teres
1713 1128 2001 1184 rotundus-

401 1222 507 1281 que
549 1212 652 1276 sit,
693 1213 892 1268 nullam
944 1231 1119 1287 neque
1165 1216 1443 1275 dexteram
1469 1262 1485 1288 ,
1518 1237 1693 1291 neque
1730 1223 2003 1281 sinistram

405 1315 612 1374 partem
659 1305 841 1363 habet.
871 1308 1054 1365 Nostri
1084 1323 1261 1368 autem
1292 1324 1494 1369 tantum
1527 1327 1798 1387 respectu,
1828 1328 1885 1375 et
1905 1336 2005 1391 po-
2034 1364 2047 1384 ,

400 1398 629 1466 sitioue,
656 1415 719 1454 ac
744 1401 1024 1467 dumtaxat
1049 1404 1176 1459 dum
1204 1408 1529 1477 quiescimus
1553 1449 1567 1476 ,
1607 1425 1727 1480 pars
1754 1411 1886 1465 la-va
1918 1421 2008 1469 aut

402 1493 629 1551 dextera
658 1497 877 1553 dicitur.
909 1498 1042 1554 Nam
1075 1510 1300 1572 utraque
1337 1518 1461 1573 pars
1491 1504 1731 1572 quolibet
1773 1513 2005 1561 mutatur

401 1588 653 1657 corporis
681 1592 849 1645 nostri
884 1600 1056 1646 motu.
1089 1593 1172 1649 Ad
1204 1594 1320 1649 haec
1361 1610 1512 1661 vero,
1538 1596 1667 1667 quid
1695 1598 1926 1653 sinistra:
1951 1606 2008 1655 et

403 1679 647 1737 deittera:
676 1693 856 1752 partes
884 1696 1228 1751 meruerunt;
1254 1699 1311 1740 ut
1333 1687 1415 1743 ha:
1440 1690 1557 1743 sine
1588 1689 1709 1744 ullis
1737 1689 1842 1745 diis
1870 1704 2005 1760 pra:-

2103 476 2275 543 Livio,
2298 478 2555 551 Dionysio
2579 479 3013 548 Haticarnasseo,
3039 482 3253 541 Valet-io
3282 485 3523 557 Maximo,
3550 490 3662 545 Pro-

2103 570 2299 639 pertio,
2330 570 2523 626 Ovidio
2549 581 2601 627 et
2631 573 2753 627 aliis
2785 575 3045 630 traditum
3076 582 3160 632 est
3187 579 3455 648 quomodo
3480 580 3661 647 Tatius,

2101 675 2223 716 cum
2252 663 2468 718 Sabinis
2497 665 2551 720 in
2581 663 2971 737 Capitolinum,
3003 682 3059 723 ιιι
3083 675 3157 724 ait
3180 673 3467 741 Arnobius,
3496 674 3665 732 collem

2102 768 2133 807 a
2188 754 2401 824 Tarpeii
2459 756 2563 812 ﬁlia
2614 758 2821 831 virgine
2887 762 3226 817 introductus
3284 763 3433 818 fuerit
3491 765 3665 838 (Liv.,

2109 846 2200 902 lib.
2230 863 2268 914 ι,
2300 847 2327 920 §
2357 849 2418 904 11
2453 860 2501 904 et
2526 867 2634 917 seq.
2660 867 2680 916 ;
2709 852 2958 926 Dionys.,
2989 855 3077 910 lib.
3108 872 3167 920 ll,
3207 874 3325 928 pag.
3358 857 3456 914 105
3484 870 3527 913 et
3551 878 3666 929 seq.;

2113 939 2287 995 ναίειν.
2327 942 2510 1011 Mam,
2544 942 2634 1000 lib.
2684 961 2776 1012 lx,
2809 962 2923 1019 cap.
2961 950 3024 1017 ϐ,
3074 948 3102 1022 §
3138 951 3206 1015 i;
3252 949 3447 1020 Pr0p.,
3492 953 3571 1008 lib.
3595 970 3668 1025 tv,

2102 1033 2232 1106 eleg.
2259 1036 2336 1100 4;
2368 1035 2562 1104 Ouid.,
2619 1039 2706 1092 lib.
2743 1054 2760 1095 ι
2802 1039 2988 1106 Fort,
3046 1041 3074 1114 §
3126 1043 3160 1098 5
3184 1047 3222 1113 ).
3257 1043 3533 1116 Dionysius
3558 1061 3671 1102 vero

2104 1125 2549 1187 Halicarnasseus
2577 1132 2663 1188 his
2693 1134 2893 1206 adjecit
2920 1136 3183 1207 virginem
3205 1136 3347 1193 illam
3377 1134 3445 1193 ibi
3467 1140 3671 1211 sepulcri

2107 1221 2312 1278 honore
2338 1224 2617 1293 donatam,
2643 1227 2731 1281 ubi
2755 1228 3047 1296 ceciderat,
3078 1230 3418 1301 i'edd‘ttasque
3445 1232 3512 1288 illi
3539 1244 3674 1303 quot-

2105 1318 2262 1372 annis
2288 1332 2317 1370 a
2347 1316 2607 1373 Romanis
2641 1320 2887 1376 inferias.
2914 1321 3105 1377 Nonne
3133 1338 3265 1393 ergo
3297 1338 3425 1380 vero
3454 1324 3576 1382 satis
3610 1327 3673 1381 si.

2107 1409 2233 1464 utile
2252 1421 2336 1464 est
2358 1424 2478 1465 eam
2513 1411 2719 1467 ideirco
2745 1412 2945 1468 Panda:
2967 1426 3062 1469 seu
3087 1414 3320 1471 Pontica:
3339 1417 3549 1473 nomine
3568 1416 3676 1474 dea-

2106 1517 2224 1556 rum
2256 1504 2581 1574 adscriptam
2614 1505 2781 1561 fuisse
2809 1510 3075 1563 numero?
3107 1506 3297 1565 Nonne
3329 1509 3488 1566 etiam
3511 1512 3674 1567 eadem

2105 1598 2320 1654 ratione
2349 1600 2622 1655 Phestana
2655 1602 2706 1654 in
2753 1601 2980 1658 dearum
3010 1608 3212 1659 editam"
3261 1608 3539 1676 aggregata
3578 1615 3673 1672 est,

2108 1692 2265 1761 cujus
2284 1708 2388 1765 ope
2408 1693 2697 1749 Romulum
2725 1694 2777 1750 in
2802 1696 2966 1763 jaculi
2994 1697 3287 1751 emissione
3305 1697 3511 1752 caeteris
3539 1706 3679 1765 pnes-

402 1772 610 1829 sidibus
637 1784 839 1841 essent,
869 1778 956 1847 qui
987 1777 1225 1833 sinistris
1254 1778 1412 1834 fausti
1460 1796 1522 1834 ac
1564 1780 1751 1836 felices
1788 1797 2005 1852 semper
2032 1789 2081 1851 Β
2110 1784 2282 1840 titisse
2302 1796 2586 1856 perperam
2608 1788 2889 1857 putabant.
2912 1790 2994 1843 Ab
3012 1791 3314 1859 Augustino
3330 1789 3491 1878 enim,
3517 1798 3677 1860 postea

401 1867 592 1923 adesse
621 1868 1137 1928 ferebantur?Niltil
1181 1882 1330 1930 certe
1375 1875 1663 1931 absurdius
1709 1876 2004 1947 excositari

401 1971 636 2032 poterat.
1904 2022 1908 2027 .

472 2052 738 2110 Caeterum
770 2057 1082 2114 memoratis
1123 2055 1385 2113 bellorum
1428 2058 1532 2114 diis
1561 2062 1863 2116 contrarius
1888 2070 2007 2117 erat

400 2148 629 2215 Pausus,
653 2164 813 2219 quem
850 2150 1123 2209 Arnobius
1171 2151 1408 2208 Bellona:
1432 2152 1700 2223 imprimis
1728 2169 2007 2224 opponere

400 2246 644 2315 videtur,
672 2248 763 2303 ubi
803 2248 872 2302 de
899 2248 1134 2305 ethnicis
1180 2248 1361 2304 dixit:
1397 2268 1416 2301 ι
1457 2250 1661 2305 Pausos
1692 2260 2008 2306 reverentur

400 2350 563 2409 atque
609 2340 879 2397 Bellonas.
919 2360 939 2394 ι
971 2341 1212 2414 (Arnob.,
1248 2342 1339 2397 lib.
1381 2359 1418 2408 ι,
1466 2359 1585 2415 pug.
1624 2344 1741 2416 l5.)
1772 2344 2003 2400 i’ausum

401 2434 686 2489 enimvero
712 2450 742 2489 a
775 2450 939 2504 pansa
979 2436 1059 2491 sic
1095 2436 1532 2507 cognominatum
1565 2435 1791 2493 Vossius
1820 2437 2008 2492 existi-

402 2536 515 2581 mat
542 2525 725 2600 (γωδ.
756 2529 810 2581 in
838 2526 1183 2601 Etymolog.),
1216 2540 1377 2599 atque
1407 2529 1544 2584 adeo
1579 2545 1777 2597 pausaz,
1808 2530 2005 2600 quietis

399 2629 457 2674 et
482 2619 626 2689 pacis
652 2618 819 2676 fuisse
845 2621 1025 2686 deum,
1052 2632 1216 2691 atque
1245 2622 1319 2675 uti
1348 2621 1635 2678 Turnebus
1661 2622 2007 2678 animadver-

401 2711 483 2779 tit,
513 2712 781 2768 bellorum
830 2723 885 2768 et
928 2713 1163 2769 Bellona:
1193 2713 1562 2770 adversarium
1588 2714 1845 2783 (Turneb.
1865 2758 1882 2783 ,
1914 2718 2001 2772 lib.

399 2819 471 2859 xv
501 2803 635 2860 Adv.
668 2822 715 2859 c.
741 2805 859 2876 il).
895 2805 1081 2862 Utrum
1129 2818 1311 2862 autem
1345 2808 1388 2863 is
1432 2806 1594 2863 fuerit
1620 2806 1784 2862 Janus
1804 2848 1821 2874 ,
1851 2810 2004 2879 cujus

399 2900 660 2969 templum
710 2901 835 2957 belli
877 2912 1118 2973 tempore
1160 2903 1554 2971 claudebatur,
1597 2904 1829 2960 aliorum
1887 2916 2006 2962 esto

394 2989 686 3060 judicium.
716 2993 823 3051 Sed
855 2996 1091 3061 cuinam,
1121 2997 1370 3064 obsecro,
1394 3014 1541 3053 sanae
1573 3000 1770 3054 mentis
1802 3001 2005 3056 homini

400 3084 520 3141 haec
548 3086 649 3143 sibi
679 3087 909 3145 invicem
939 3091 1183 3160 opposita
1217 3092 1432 3147 umnina
1458 3094 1651 3161 risum,
1684 3104 1775 3149 aut
1800 3104 2006 3152 stoma-

395 3177 558 3234 cltum
580 3195 688 3235 non
715 3183 1043 3238 movebunt?

466 3270 582 3327 Non
614 3274 782 3344 magis
813 3276 1055 3346 profecto
1076 3277 1290 3346 probari
1318 3288 1526 3348 poterat
1551 3280 1839 3337 Praesume
1863 3282 2001 3338 Pau-

395 3363 586 3437 dteque
641 3367 931 3438 divinitas,
981 3386 1116 3441 quas
1158 3372 1426 3428 Arnobius
1474 3389 1575 3429 suo
1625 3376 1691 3429 ad
1746 3376 2003 3444 ipsosmet

394 3457 644 3514 ethnicos
671 3476 937 3519 converso
961 3478 1219 3521 sermone
1243 3464 1321 3520 sic
1349 3465 1592 3534 explotlit
1620 3486 1633 3523 :
1672 3485 1692 3520 ι
1731 3467 2000 3529 Praesumo

394 3561 499 3620 est,
530 3561 587 3606 ιιι
613 3553 928 3624 perhibetis,
957 3555 1123 3622 dicta,
1157 3557 1298 3628 quod
1340 3557 1619 3625 Quirinus,
1653 3559 1766 3615 sive
1795 3560 2000 3615 Romu-

392 3645 499 3710 lus,
518 3645 570 3701 in
586 3648 750 3715 jaculi
774 3650 1066 3706 emissione
1086 3662 1403 3706 cunctorum
1432 3651 1744 3721 pratStiterit
1767 3654 1997 3710 viribus:

390 3750 444 3794 et
491 3740 634 3810 quod
681 3740 805 3797 Τιιο
851 3742 1039 3810 Tatio,
1070 3742 1430 3812 Capitolinum
1479 3754 1536 3799 ut
1576 3745 1996 3815 capiatcollem,

391 3834 532 3888 viam
565 3834 805 3905 pandere
830 3846 992 3907 atque
1015 3838 1231 3907 aperire
1261 3838 1523 3909 permissa
1556 3851 1660 3904 est,
1694 3838 1792 3892 dea
1819 3838 1998 3894 Panda

388 3935 473 3980 est
501 3928 790 3997 appellata,
819 3929 904 3984 vel
930 3929 1167 3985 Paulica.
1211 3949 1231 3983 ι
1263 3929 1502 3998 (Arnob.,
1537 3931 1627 3985 lib.
1652 3946 1724 3993 tv,
1756 3948 1812 4003 p.
1839 3930 1995 4005 128.)

390 4015 603 4088 Opinati
637 4029 761 4074 sunt
786 4020 1002 4087 quidam
1031 4021 1231 4077 Panda:
1270 4022 1386 4077 dea:
1415 4024 1745 4079 mentionem
1776 4024 1889 4080 fieri
1918 4026 1997 4081 ci-

395 4114 519 4166 tatis
553 4112 622 4166 ab
649 4115 717 4168 A.
751 4112 926 4170 Gellio
956 4115 1165 4171 duobus
1200 4115 1455 4173 Varronis
1485 4117 1848 4185 carminibus,
1878 4136 1999 4189 qua:

392 4204 448 4260 in
477 4206 595 4276 ejus
623 4207 861 4264 editione
905 4210 1046 4266 fmde
1089 4223 1339 4281 corrupta
1367 4253 1383 4277 ,
1413 4213 1543 4267 varii
1576 4212 1869 4284 scriptores
1900 4228 1998 4284 pro

386 4299 588 4369 ingenii
616 4304 865 4358 acumine
894 4304 1187 4360 emendare
1209 4305 1388 4359 conati
1415 4314 1542 4360 sunt
1565 4303 1749 4377 (Gell.,
1779 4306 1868 4360 lib.
1902 4322 1996 4362 xm

387 4392 547 4449 Noct.
578 4397 758 4464 Attia,
785 4415 835 4453 c.
862 4396 979 4471 2'2).
1036 4399 1320 4454 Turnebus
1345 4410 1527 4454 autem
1574 4410 1631 4454 et
1675 4401 1767 4454 alii
1811 4401 1996 4469 suspi-

391 4495 582 4543 cnntur
614 4476 751 4543 hanc
780 4504 927 4556 esse,
957 4506 1077 4560 qua:
1104 4492 1158 4546 in
1190 4502 1374 4546 vetere
1423 4491 1597 4546 lexico
1642 4495 1838 4567 εἰρήνης
1864 4494 1992 4555 θεὸς.

2106 1878 2347 1946 citaudn,
2380 1878 2646 1934 discimus
2676 1878 2827 1935 illum
2861 1881 3027 1937 fuisse
3074 1883 3357 1952 gentilium
3391 1894 3605 1949 morem,
3632 1889 3680 1938 ut

2106 1970 2238 2026 deus
2260 1986 2389 2026 suos
2417 1972 2577 2038 illius,
2609 1972 2717 2044 quo
2746 1974 2893 2046 fungi
2920 1985 3012 2030 aut
3027 1974 3244 2030 functos
3264 1989 3389 2031 esse
3404 1977 3678 2047 opinaban-

2105 2068 2214 2129 tur,
2246 2062 2408 2119 ofticii
2437 2068 2655 2120 neruiue
2674 2067 3027 2136 appellarent.

2178 2147 2447 2220 Quidquid
2473 2158 2635 2220 porro
2660 2153 2732 2206 sit
2749 2153 2818 2207 de
2842 2152 3041 2208 Panda:
3063 2153 3148 2209 vel
3178 2153 3416 2208 Pontica:
3457 2163 3510 2208 et
3532 2153 3680 2208 Praes-

2108 2250 2249 2298 tante
2278 2245 2630 2315 etymologia,
2664 2246 2909 2300 tietitiam
2942 2245 3227 2317 utriusque
3248 2247 3580 2302 divinitatem
3595 2248 3681 2302 Ar-

2106 2337 2307 2392 nobius
2337 2339 2463 2395 inde
2492 2337 2742 2395 funditus
2762 2342 2983 2408 evertit,
3017 2341 3161 2411 quod
3194 2351 3392 2397 neutra
3425 2352 3544 2396 ante
3570 2340 3682 2395 Tar-

2107 2432 2287 2501 peium
2311 2440 2369 2487 et
2387 2432 2673 2487 Romulum
2692 2433 2790 2489 dea
2813 2435 2997 2489 fuerit.
3018 2433 3149 2489 Nam
3167 2436 3326 2489 sicuti
3344 2434 3432 2489 ille
3451 2433 3679 2503 loquitur:

2114 2544 2132 2577 ι
2168 2525 2278 2579 Nisi
2309 2525 2573 2582 Romulus
2617 2527 2884 2584 tenuisset
2921 2527 3012 2582 teli
3056 2528 3380 2599 trajectione
3419 2527 3678 2598 palatium,

2109 2621 2196 2690 niq
2206 2637 2270 2675 ue
2288 2618 2572 2690 Tarpeiam
2592 2628 2779 2690 rupem
2797 2634 2893 2676 rex
2910 2621 3140 2677 Sabinus
3159 2623 3679 2693 petitissetaccipere,

2106 2713 2251 2768 nulla
2283 2713 2700 2784 esset..P.-tntica,
2739 2714 2882 2768 nulla
2915 2713 3191 2769 Praestana
3238 2728 3382 2771 esset
3429 2714 3679 2787 (Arnob.

2107 2807 2197 2860 lib.
2229 2822 2301 2871 tv,
2332 2823 2454 2878 pag.
2490 2805 2600 2861 128
2622 2809 2661 2876 ).
2700 2798 2832 2875 Quis
2858 2814 3071 2871 autem,
3103 2807 3206 2862 nisi
3246 2806 3408 2877 plane
3442 2806 3679 2877 desipiat,

2106 2915 2269 2956 veros
2294 2901 2428 2955 deos
2448 2916 2569 2957 esse
2593 2901 2813 2967 dixerit,
2838 2901 2930 2972 qui
2949 2902 3079 2956 olim
3109 2917 3215 2957 non
3244 2900 3459 2958 fuerant
3483 2901 3576 2968 dii,
3597 2915 3683 2957 nec

2105 2995 2176 3051 ab
2198 2996 2319 3050 aliis
2346 3010 2507 3065 quam
2542 2995 2847 3053 [viminibus
2872 3011 3003 3052 casu
3034 2996 3220 3068 aliquo
3248 2997 3379 3053 facti
3402 2997 3565 3053 sunt?
3589 2994 3683 3051 Sed

2105 3090 2175 3145 ab
2199 3090 2303 3157 his,
2328 3105 2463 3162 quos
2485 3090 2774 3147 dementes
2795 3089 2998 3146 ethnici
3030 3091 3101 3146 ob
3115 3105 3395 3147 armorum
3419 3090 3683 3147 bellorum

2028 3178 2074 3242 Β
2106 3198 2210 3253 que
2243 3193 2530 3250 terrorem,
2561 3185 2645 3239 vel
2673 3182 2873 3253 quietis
2904 3184 3161 3254 paciSQue
3190 3184 3419 3251 bonum,
3456 3182 3520 3237 ad
3548 3181 3679 3247 alios,

2106 3292 2241 3347 quos
2270 3279 2343 3334 ob
2371 3278 2628 3333 vilissima
2673 3276 3008 3345 ministeria,
3058 3277 3193 3334 deos
3235 3278 3536 3341 tinxerunt,
3576 3289 3681 3330 eum

2101 3381 2325 3426 auctore
2346 3380 2534 3427 nostro
2564 3379 2917 3428 transeamus.

2711 3514 3007 3563 ARTICULUS
3044 3508 3098 3561 ν.

2106 3618 2357 3684 Quomodo
2402 3618 2647 3671 Arnobius
2685 3629 3029 3684 argumentum
3062 3634 3214 3684 suum
3257 3628 3596 3684 prosequatur,
3639 3623 3683 3667 et

2167 3683 2479 3753 demonstret
2500 3694 2758 3753 perperam
2782 3682 2897 3753 tingi
2924 3685 2987 3753 ab
3006 3683 3217 3753 ethnicis
3241 3682 3683 3753 deumLaterantttn

2166 3748 2438 3807 prmsidere
2463 3742 2629 3796 crudis
2653 3742 2918 3808 laterculis,
2940 3746 3149 3808 Genium
3170 3746 3296 3808 foco,
3335 3742 3681 3808 altisque_locis,

2165 3796 2308 3857 Ἀιιιιιι
2354 3810 2608 3859 anutium
2658 3796 3185 3865 Rontante'eustodize,
3224 3796 3422 3858 Faunos
3455 3796 3503 3855 σει
3529 3796 3685 3855 Fatuus

2168 3871 2344 3921 futuris
2367 3874 2517 3921 rebus
2541 3869 2880 3933 praedicendis,
2906 3869 3079 3918 Polam
3102 3872 3338 3927 arh‘ormn
3358 3869 3680 3933 putationibus,

2164 3935 2321 3997 rebus
2341 3932 2573 3997 petendis
2590 3935 2783 3997 Petam,
2810 3933 3175 3997 Nemestginutn
3215 3935 3518 3997 nemoribus,
3546 3932 3680 3997 rebus

2168 3986 2538 4060 patel‘at‘tisvel
2580 3986 2951 4060 patet‘aciendis,
3001 3986 3304 4060 Patellanam
3341 3986 3678 4060 et__l’ateltiim,

2207 4060 2388 4109 odutim
2424 4055 2665 4128 fructuum
2676 4057 2846 4128 nodis,
2874 4057 3098 4128 terendis
3134 4055 3365 4128 frugibus
3407 4055 3678 4128 "llerensem,

2161 4123 2425 4181 Saturnum
2447 4124 2644 4181 sationi,
2672 4119 2864 4170 Florum
2892 4118 3114 4173 ﬂoribus,
3138 4121 3389 4181 montibus
3410 4118 3678 4174 Hominum,

2164 4176 2397 4235 Vibiliam
2436 4176 2690 4234 erroribus
2710 4184 2915 4236 viarum,
2953 4180 3283 4230 Litnentinutn
3318 4178 3578 4237 liminibus,
3605 4191 3680 4227 eo-

2161 4258 2270 4296 rum
2309 4247 2544 4296 custodite
2588 4245 2793 4306 Limam,
2840 4242 3210 4306 obliquitatibus
3252 4242 3437 4303 Limus,
3500 4242 3681 4306 Lucrio:

2162 4314 2413 4382 tucrorum
2450 4304 2893 4367 consecwienibus.
2936 4304 2990 4359 et
3034 4306 3305 4370 opulentiae
3348 4307 3495 4358 deam
3530 4304 3675 4357 Pecu-

2161 4385 2311 4423 utam.

2170 4476 2227 4531 Si
2254 4476 2643 4531 commentitite
2665 4474 2892 4530 deorum
2924 4473 3264 4546 praefecturae
3294 4474 3488 4529 falsam
3510 4485 3676 4528 eorum

385 4579 440 4635 id
467 4590 570 4645 est,
599 4583 745 4651 pacis
770 4584 895 4652 dea,
915 4548 1088 4655 atque
1114 4585 1183 4640 ab
1207 4587 1420 4642 urbium
1453 4584 1644 4655 μοι-πίε,
1851 4548 1990 4643 lem:
2016 4568 2068 4632 D
2094 4568 2434 4624 divinitatem
2453 4568 2734 4623 evidenter
2751 4548 3148 4633 demonstrant,
3166 4566 3269 4622 illae
3301 4562 3673 4637 proculdubio,

392 4686 525 4741 pore
565 4674 863 4742 pandeudis
890 4687 943 4730 et
968 4678 1274 4744 aperiendis
1321 4678 1370 4732 ei
1410 4694 1609 4732 nomen
1656 4677 1854 4733 Panda:
1886 4678 1991 4732 itu-

384 4765 617 4833 positum
650 4763 921 4837 (Turneb.,
949 4769 1040 4822 lib.
1075 4786 1164 4824 χιχ
1212 4754 1341 4824 Adv.
1379 4786 1427 4826 c.
1461 4770 1574 4840 11).
1617 4756 1685 4825 At
1715 4776 1865 4825 certe
1894 4770 1994 4827 Ar-

388 4856 586 4911 nobius
618 4875 724 4913 non
757 4859 995 4929 loquitur
1019 4860 1086 4915 de
1118 4864 1264 4930 pacis
1307 4862 1430 4929 dea,
1460 4877 1559 4924 nec
1590 4861 1658 4917 de
1687 4863 1905 4929 Cerere,
1937 4862 1988 4917 in

384 4954 544 5024 cujus
578 4956 779 5026 templo
822 4956 888 5011 iis
909 4998 923 5023 ,
953 4956 1046 5026 qui
1074 4957 1127 5011 iu
1175 4958 1304 5011 illud
1331 4999 1347 5022 ,
1376 4967 1434 5013 ut
1456 4975 1525 5013 ex
1554 4959 1717 5014 citato
1745 4958 1993 5016 Varrone

386 5046 640 5102 observat
662 5046 891 5113 Nonius,
914 5058 1185 5119 tamquam
1208 5050 1421 5121 azylntu
1444 5050 1813 5122 confugerant,
1840 5051 1993 5121 panis

385 5138 614 5196 dabatur
661 5138 858 5213 (Noui.
878 5185 893 5207 ,
924 5142 986 5194 de
1022 5139 1280 5210 Propriet.
1326 5140 1552 5208 verbor.,
1582 5160 1628 5197 ε.
1664 5130 1724 5208 ι’,
1755 5142 1825 5195 ad
1852 5142 1989 5197 verb.

388 5250 634 5289 mansne
657 5234 697 5304 ).
737 5222 809 5288 De
839 5230 937 5289 dea
975 5233 1241 5305 siquidem
1275 5235 1463 5290 bellica
1495 5236 1670 5306 potius
1717 5235 1995 5307 disputare

385 5326 618 5392 videtur,
653 5336 836 5396 utpote
868 5344 987 5393 quae
1016 5328 1142 5397 quia
1174 5329 1239 5383 ad
1263 5322 1583 5397 capiendum
1627 5329 1991 5401 Capitolinum

388 5404 582 5474 collem
631 5419 693 5474 T.
741 5418 898 5475 Tatio
948 5423 1086 5475 viam
1135 5421 1390 5493 paudisse
1445 5420 1740 5491 ferebatur,
1789 5422 1990 5480 idcirco

390 5506 588 5566 Panda:
619 5528 811 5567 nomen
838 5514 1026 5571 sortita
1055 5524 1156 5571 est.

464 5608 535 5657 At
574 5603 771 5660 fatetur
814 5605 1040 5663 Vossius
1085 5625 1237 5664 suam
1286 5626 1391 5666 non
1440 5610 1667 5668 rediisse
1698 5611 1751 5666 in
1780 5626 1990 5666 memo-

394 5696 527 5752 riam
570 5697 709 5751 uude
760 5699 1031 5758 Atnohius
1083 5702 1221 5759 hanc
1266 5704 1646 5777 etymologiam
1693 5692 1984 5775 acceperit.

395 5786 597 5846 Verum
636 5792 680 5847 si
713 5788 873 5864 hujus
920 5795 1260 5870 etymologia:
1310 5806 1500 5855 auctor
1539 5797 1589 5854 ei
1623 5794 1834 5865 defuit,
1881 5810 1989 5854 non

2094 4662 2290 4734 quibus
2308 4663 2516 4719 ethnici
2541 4663 2685 4734 ipsos
2712 4661 2993 4717 vilissimis
3013 4661 3506 4731 altjeclissitnisque
3533 4656 3676 4714 rebus

2094 4769 2332 4826 prmesse
2374 4755 2575 4824 passim
2610 4755 2809 4826 ubique
2855 4752 3258 4824 praedicabant,
3301 4750 3479 4808 adhuc
3510 4748 3675 4807 effica-

2093 4846 2210 4901 cius
2258 4858 2315 4902 et
2357 4846 2700 4901 manifestius
2747 4844 2997 4899 eamdem
3044 4838 3332 4899 falsitatem
3382 4842 3671 4898 ostendunt.

2096 4939 2236 5008 Quid
2264 4939 2408 4996 enim
2460 4939 2720 4995 insulsius
2748 4946 2802 4993 et
2828 4936 3147 5005 absurdius,
3180 4952 3342 5011 quam
3374 4933 3676 4990 Lateranum

2095 5035 2382 5105 quemdam
2427 5034 2707 5090 venditare
2754 5031 2999 5090 focorum
3040 5030 3257 5103 genium
3288 5044 3343 5087 et
3384 5027 3582 5087 deum?
3609 5024 3675 5082 Eo

2098 5140 2278 5187 tamen
2302 5128 2520 5185 nomine
2543 5130 2687 5184 hunc
2707 5138 2989 5199 propterea
3005 5126 3436 5183 vocariethnicis
3459 5122 3673 5197 placuit;

2102 5245 2119 5277 ι
2156 5224 2301 5296 quod
2332 5240 2397 5278 ex
2426 5222 2703 5278 laterculis
2731 5215 2935 5286 crudis,
2972 5239 2991 5273 ι
3026 5231 3086 5275 ιιι
3111 5222 3185 5274 ait
3223 5220 3523 5284 Arnobius,
3569 5235 3587 5268 ι
3617 5212 3673 5268 ab

2096 5316 2407 5374 hominibus
2424 5312 2757 5371 caminomm
2779 5314 2919 5370 istud
2943 5310 3313 5369 exaedificatur
3331 5326 3498 5385 genus
3520 5307 3673 5380 t(Ar-

2093 5411 2235 5477 nob.,
2265 5411 2354 5466 lib.
2385 5426 2463 5475 tv,
2501 5427 2621 5481 pag.
2660 5407 2759 5465 I50
2778 5398 2973 5463 MSS:
3003 5403 3174 5471 Plin.,
3204 5406 3291 5461 lib.
3337 5422 3477 5460 xxxv
3496 5398 3668 5457 Natur.

2095 5507 2239 5572 hist.,
2266 5523 2385 5577 cap.
2414 5505 2503 5572 14,
2525 5522 2645 5576 pag.
2673 5501 2823 5576 248).
2856 5505 2924 5556 At
2948 5500 3155 5557 Plinius
3175 5498 3398 5571 putabat
3421 5515 3450 5554 a
3478 5496 3672 5553 nemine

2093 5601 2327 5672 ignorari
2372 5600 2506 5655 illini
2552 5596 2771 5669 quidem
2801 5605 2980 5652 crates
3010 5595 3313 5667 parietum,
3353 5604 3407 5651 et
3434 5589 3670 5648 lateribus

2090 5696 2273 5754 crudis
2303 5693 2529 5751 exstrui.

2168 5790 2313 5848 Nulli
2345 5805 2477 5848 vero
2519 5787 2712 5845 mirum
2744 5800 2867 5844 esse
2905 5784 3102 5872 debet,
3149 5784 3196 5843 si
3233 5782 3435 5843 ethnici
3472 5778 3667 5855 genium
