3904 6326
447 217 553 275 555

445 335 689 396 culorum
716 341 871 419 deam
895 349 1222 425 Volutinam,
1252 374 1374 417 cum
1401 364 1624 426 folliculi
1655 384 1955 443 patescunt,
1986 397 2042 440 ut

439 431 588 500 spica
617 449 795 507 exeat,
824 441 978 500 deam
1008 447 1414 513 Patclanam....
1449 461 1558 518 Nec
1588 473 1766 524 omnia
1798 488 2037 532 comme-

439 537 628 592 moro,
663 531 784 600 quia
821 551 906 592 me
953 540 1126 610 piget,
1155 549 1297 616 quod
1337 551 1459 609 illos
1497 573 1602 612 non
1649 563 1814 630 pudet
1852 585 1870 618 ι
1907 569 2040 636 (Au-

437 621 678 687 gust.,de
704 625 881 695 Civil.,
910 647 956 685 c.
987 634 1040 698 8,
1063 654 1116 706 p.
1146 641 1217 695 95
1237 651 1284 694 et
1305 647 1491 716 seqq).
1525 621 1686 708 Vides
1708 669 1840 712 sane
1861 621 1929 714 ali
1949 677 2034 728 eo,

435 713 888 776 quemadmodum
935 725 1004 781 ab
1043 729 1302 798 Arnobio,
1334 713 1385 790 in
1403 713 1562 797 hunc
1594 745 1813 803 deorum
1845 713 2035 811 nume:

435 816 552 858 rum
581 812 900 870 nominatim
935 820 1124 878 referri
1171 824 1476 887 Palelanam
1507 845 1559 891 et
1593 837 1882 911 Nodotum,
1923 847 2038 903 sive

433 906 488 951 ut
517 913 708 958 auctor
735 919 920 965 noster
950 914 1045 980 ait,
1079 915 1357 978 Nodutim.
1389 926 1596 986 Nemini
1623 935 1804 1006 itaque
1838 943 2033 996 verisi-

432 993 560 1049 mile
592 1012 815 1067 prorsus
845 1021 950 1063 non
993 1013 1260 1072 videbitur
1288 1021 1425 1077 alios
1452 1025 1522 1081 al)
1546 1027 1664 1098 ipso
1710 1047 2035 1094 memoratos

429 1087 497 1143 iis
536 1106 657 1149 esse
701 1106 1161 1176 annumerandos,
1191 1128 1328 1182 quos
1359 1119 1640 1179 nominare
1680 1129 1819 1182 sicut
1854 1130 2036 1200 Augu-

426 1186 627 1243 Stinum
651 1201 703 1247 et
727 1195 1021 1256 Arnobium
1046 1215 1291 1264 nostrum
1314 1211 1548 1283 pigebat,
1578 1217 1648 1274 ita
1673 1232 1726 1277 et
1749 1240 1847 1281 nos
1870 1228 2032 1284 etiam

425 1276 609 1349 pigere
637 1283 820 1342 debet.

499 1375 641 1432 Alibi
691 1388 868 1439 tamen
920 1388 1266 1453 doctissimus
1305 1400 1397 1458 ille
1441 1406 1523 1461 vir
1561 1411 1841 1480 eamdem,
1873 1424 2032 1488 atque

423 1478 616 1525 auctor
658 1487 864 1544 noster,
913 1482 1132 1543 Saturni
1183 1497 1510 1554 mentionem
1556 1501 1681 1560 fecit
1723 1526 1736 1561 :
1775 1527 1794 1560 ι
1847 1509 2033 1566 Satur-

426 1573 546 1625 nus,
606 1582 625 1616 )
656 1567 848 1640 inquit,
889 1592 908 1625 ε
967 1593 1106 1636 unus
1156 1584 1225 1638 de
1273 1588 1604 1660 principibus
1655 1599 1810 1665 deus,
1866 1617 2030 1672 penes

423 1666 584 1722 quem
605 1661 873 1718 sationum
903 1672 1144 1729 omnium
1167 1676 1478 1737 dominatus
1504 1697 1605 1742 est.
1635 1707 1654 1741 ›
1677 1690 1833 1748 Prius
1861 1711 2025 1753 vero:

429 1763 450 1798 ι
485 1748 772 1810 Saturnum
803 1773 1027 1830 propter
1056 1765 1228 1834 ipsum
1271 1787 1475 1834 semen.
1519 1799 1536 1830 ι
1575 1781 1637 1834 Ει
1673 1786 1829 1852 paulo
1860 1800 1979 1858 post
2010 1812 2022 1846 :
2057 1795 2102 1855 B

427 1857 447 1892 ι
477 1841 729 1903 Omnium
761 1855 1026 1912 seminum
1059 1856 1349 1920 Saturnum
1392 1869 1591 1928 habere
1620 1886 1962 1946 potestatem.
2005 1903 2023 1936 ι

418 1932 498 1990 Ex
533 1935 772 1998 Varrone
805 1949 1178 2014 proculdubio
1209 1956 1323 2012 haec
1354 1960 1588 2019 delibata
1620 1932 1766 2023 sunt.
1788 1932 2029 2039 Quodam

420 2027 570 2082 enim
620 2030 760 2089 illius
799 2037 850 2092 in
898 2039 1035 2097 libro
1087 2045 1315 2117 legimus
1349 2069 1363 2106 :
1403 2074 1422 2106 ι
1459 2056 1543 2112 Ab
1585 2071 1703 2115 satu
1749 2063 1922 2120 dictus
1947 2080 2030 2124 est

417 2119 704 2182 Saturnus.
752 2150 771 2182 ι
806 2134 873 2186 At
928 2151 1035 2192 non
1082 2143 1254 2213 magis
1303 2162 1470 2216 penes
1519 2153 1669 2210 illum
1715 2161 2026 2228 sationum,

414 2322 534 2365 erat
588 2313 922 2377 dominatus.
968 2324 1088 2381 Non
1139 2333 1283 2386 enim
1338 2337 1696 2405 prohibebant
1738 2348 2027 2417 quominus

1338 2397 1349 2405 υ
1744 2397 2023 2417 Ί““”“””““’

412 2397 531 2458 haec
561 2405 760 2478 frigore
785 2415 866 2468 vel
895 2427 1029 2472 aestu
1058 2421 1434 2484 adurerentur.
1465 2432 1520 2486 ln
1550 2439 1815 2504 superiori
1845 2455 2023 2502 autem

411 2495 794 2562 dissertatione
824 2509 892 2566 de
943 2512 1136 2584 Flora,
1186 2529 1243 2575 et
1294 2531 1608 2584 memoratis
1663 2533 1730 2587 ab
1783 2537 2024 2595 Arnobio

410 2590 554 2649 ludis
587 2598 640 2653 in
683 2601 801 2672 ejus
840 2605 1104 2667 honorem
1142 2617 1432 2676 celebratis
1467 2625 1859 2696 disputavimus
1887 2637 2022 2709 (An-

409 2703 552 2759 gus.,
577 2691 615 2744 l.
651 2705 718 2748 vn
739 2697 803 2750 de
830 2697 1007 2767 Civit.,
1041 2721 1087 2758 ιτ.
1124 2707 1292 2777 15,12.
1323 2713 1458 2779 172;
1486 2691 1638 2785 an,
1661 2739 1706 2776 ε.
1733 2725 1786 2792 2,
1815 2691 2019 2798 p.‘163,

409 2791 531 2836 etc.
565 2787 621 2852 5,
653 2808 707 2859 ρ.
741 2791 876 2860 164ς
915 2795 1090 2866 Varr.,
1125 2802 1163 2855 ι.
1196 2820 1246 2858 tv
1271 2807 1335 2860 de
1379 2809 1531 2882 Ling.
1561 2816 1677 2882 lat.,
1713 2787 1892 2890 p.vl6;
1922 2787 2022 2880 Ar:

408 2877 552 2943 nob.,
582 2880 620 2934 ι.
651 2898 721 2948 tv,
754 2904 807 2954 p.
840 2890 976 2956 “3;
1010 2893 1229 2952 Dissert.
1257 2900 1311 2953 in
1348 2877 1568 2970 Minue,
1605 2877 1774 2973 alii.
1808 2877 2018 2987 artis).

481 2973 745 3034 Caeterum
775 2987 1022 3049 quamvis
1050 2988 1425 3052 Nemestrinus
1446 3017 1750 3072 nemorum,
1785 3019 1837 3064 et
1868 3010 2019 3067 Mon-

414 3065 560 3121 tiuus
604 3075 866 3130 montium
911 3079 1047 3135 deus
1077 3084 1146 3138 ab
1179 3087 1416 3146 Arnobio
1465 3097 1800 3167 appelletur;
1848 3102 2014 3162 Diana

410 3165 589 3216 tamen
617 3162 813 3221 dicitur
837 3170 906 3226 ab
934 3172 1156 3232 Horatio
1189 3198 1204 3238 :

530 3273 765 3330 Montium
785 3291 950 3336 custos
972 3300 1330 3363 nemorumque
1352 3302 1505 3363 virgo.

1016 3351 1236 3419 (Ilorat.,
1250 3351 1345 3411 ἠὺ.
1372 3351 1628 3428 inferum,
1651 3371 1732 3422 od.
1750 3374 1830 3423 22.
1839 3377 1858 3436 )

404 3417 624 3479 Faunus
669 3443 802 3485 vero
829 3442 883 3487 et
913 3433 1070 3495 Picus
1098 3417 1238 3512 apud
1267 3444 1515 3505 Ovidium
1547 3453 1660 3509 haec
1688 3457 1756 3514 de
1795 3477 1857 3517 se
1882 3463 2013 3534 ipsis

401 3515 695 3584 praedicant
721 3539 734 3576 :

494 3607 553 3723 gi
573 3624 742 3726 mirans
763 3630 1015 3688 agrestes,
1045 3635 1098 3677 et
1121 3633 1204 3692 qui
1222 3631 1534 3687 dominemur
1552 3643 1604 3690 in
1629 3643 1744 3694 altis

543 3686 642 3724 oni
685 3692 766 3726 us.

543 3686 766 3731 onttbus.

789 3743 977 3810 (Ovid.,
1006 3749 1089 3803 lib.
1114 3770 1164 3804 m
1183 3757 1398 3817 Fastor.,
1427 3764 1520 3827 §5,
1547 3779 1661 3831 pag.
1688 3771 1823 3838 552.)
1871 3773 1876 3777 ’

399 3816 508 3874 Sed
536 3823 662 3892 quid
691 3837 858 3896 vetat,
893 3837 1186 3903 quominus
1215 3841 1382 3900 Diana
1415 3816 1696 3908 nemorum
1725 3816 1928 3927 ctistos,
1958 3870 2012 3916 et

393 3913 773 3977 Nemestrinus
818 3941 1006 3984 eorum
1039 3930 1175 3988 deus
1218 3952 1245 3989 a
1292 3942 1584 4008 gentilibus
1629 3950 1793 4004 stulte
1822 3954 2008 4010 crede-

393 4014 583 4068 retur?
612 4014 749 4083 Quid
797 4023 958 4078 etiam
1017 4029 1265 4096 prohibet
1322 4040 1613 4106 quominus
1659 4045 1876 4103 Faunus
1918 4061 2008 4108 aut

393 4103 559 4163 Picus
592 4110 753 4169 iidem
783 4114 1001 4184 fuerint,
1030 4137 1094 4178 ac
1124 4123 1413 4198 Montinus,
1435 4132 1666 4192 diversis
1698 4143 2006 4200 nominibus

391 4202 682 4269 appellati?
715 4207 788 4264 De
818 4210 899 4266 his
929 4229 1089 4284 porro
1121 4217 1223 4274 diis
1251 4225 1495 4291 consule,
1518 4228 1561 4281 si
1607 4231 1762 4298 velis,
1793 4233 2007 4290 Tertul-

393 4291 622 4362 lianum,
643 4297 943 4370 Giraldnm,
963 4318 1016 4362 et
1041 4308 1316 4369 Vossium.
1347 4317 1612 4388 (Tertull.,
1642 4324 1679 4376 ι.
1711 4291 1774 4378 de
1797 4327 2002 4399 Spect.,

395 4401 443 4438 c.
475 4387 528 4450 8,
559 4408 612 4458 p.
647 4391 752 4454 95;
782 4395 1009 4464 Girald.,
1047 4402 1187 4459 Hist.
1234 4387 1402 4476 deor.,
1439 4425 1695 4485 syntagm.
1731 4420 1782 4481 1,
1897 4387 2002 4489 89ξ

409 4480 574 4550 Voss.,
611 4487 648 4539 Ι.
681 4505 715 4542 v
744 4491 807 4543 de
859 4492 1038 4550 Theol.
1072 4511 1235 4570 gent.,
1261 4520 1307 4558 ο.
1344 4505 1430 4574 48,
1545 4480 1614 4564 8!;
1635 4521 1681 4564 et
1702 4480 1866 4588 seqq.)

464 4573 549 4629 Ab
572 4575 688 4645 ipso
715 4581 890 4639 adhuc
938 4600 1162 4645 auctore
1212 4605 1418 4662 nostro,
1451 4603 1905 4667 quemadmodum
1937 4611 2004 4664 ab
2030 4585 2083 4644 D

388 4668 696 4737 Augustino
747 4676 1035 4736 irridentur
1073 4686 1309 4754 ethnici,
1362 4694 1451 4761 qui
1502 4695 1812 4754 Melloniam
1844 4702 1997 4759 deam

395 4761 577 4816 mellis
615 4766 939 4827 confectioni
972 4778 1165 4844 prtrfici
1212 4787 1632 4844 somniaveram.
1662 4792 1823 4856 Quasi
1869 4812 1998 4851 vero

395 4853 515 4910 sine
543 4857 629 4910 illa
677 4863 779 4916 mel
811 4867 1002 4922 conﬁci
1055 4887 1346 4943 numquam
1394 4883 1706 4950 potuisset?
1735 4887 1994 4955 Quocirca

395 4946 466 5003 de
495 4949 693 5008 Judaais
736 4967 880 5014 recte
925 4965 1252 5033 Augustinus
1284 4988 1297 5024 :
1336 4991 1358 5024 ε
1394 4946 1522 5030 Sine
1565 4946 1809 5048 Segetia,
1853 5003 1872 5036 ι
1911 4985 1995 5040 ἰη-

396 5043 531 5111 quit,
562 5063 582 5096 ‹
617 5058 847 5118 segetes,
882 5053 1001 5109 sine
1033 5058 1248 5115 Bubona
1293 5066 1484 5132 boves,
1517 5073 1672 5126 mella
1716 5075 1834 5132 sine
1863 5078 1996 5134 Mel-

396 5135 542 5204 lona,
573 5154 730 5209 poma
761 5144 878 5199 sine
905 5146 1157 5216 Pomora,
1186 5163 1237 5209 et
1269 5172 1491 5226 prorsus
1518 5167 1718 5229 omnia,
1754 5185 1850 5239 pro
1877 5173 1996 5242 qui-

396 5228 498 5284 lius
527 5241 685 5290 tanta:
714 5235 973 5295 falsorum
994 5243 1216 5301 deorum
1249 5254 1416 5307 turba:
1437 5255 1665 5313 Romani
1695 5263 1998 5331 supplican-

396 5321 523 5376 dum
561 5337 903 5401 putaverunt,
937 5336 1006 5390 ab
1040 5354 1146 5392 uno
1180 5357 1311 5399 vero
1354 5345 1464 5402 Deo
1517 5349 1725 5407 felicius
1772 5371 1999 5420 accepe-

396 5427 522 5470 runt
548 5437 566 5469 ι
601 5420 842 5493 (ΑΙ-ποὺ..
878 5426 916 5481 l.
949 5445 1021 5492 tv,
1061 5449 1114 5501 p.
1151 5434 1283 5500 £31;
1319 5439 1558 5511 August,
1589 5445 1627 5498 Ι.
1659 5462 1692 5500 v
1733 5448 1797 5503 de
1822 5446 1996 5520 Civit.,

393 5520 443 5559 ο.
473 5508 570 5573 14,
597 5528 646 5578 ρ.
678 5516 806 5583 ut)

469 5600 604 5666 Qﬂid
637 5623 794 5678 Vere,
824 5619 966 5686 quod
995 5621 1191 5678 ethnici
1226 5625 1360 5681 alios
1407 5628 1540 5684 deos
1568 5632 1774 5688 viarum
1795 5677 1810 5700 ,
1854 5637 1997 5692 limi-

397 5707 548 5760 num,
582 5709 636 5753 et
665 5706 928 5766 ostiorum
961 5716 1246 5784 prwfectns
1277 5726 1569 5779 commenti
1602 5724 1851 5783 fuerant?
1880 5730 1997 5788 Non

397 5787 542 5844 enim
592 5795 710 5853 sine
758 5801 930 5860 ironia
967 5819 1022 5864 et
1074 5813 1451 5886 objurgatione
1498 5819 1634 5877 dixit
1679 5821 1999 5882 Arnobius:

1695 256 2151 324 DlSSERTATlO
2181 269 2340 329 PIUE
2351 275 2455 330 VIA

3609 308 3696 366 5M

2073 390 2119 451 Α
2155 404 2172 435 ι
2199 388 2282 443 Ab
2308 393 2594 453 crronibus
2623 398 2832 458 viarum
2853 404 2954 462 dea
2982 407 3171 467 Vibilia
3197 412 3449 471 liberat?»
3484 419 3691 492 (Arnob,

2142 480 2316 556 ibid.)
2373 485 2562 546 Nonne
2607 505 2787 552 autem
2833 516 2898 556 ea
2955 503 3069 573 ipsa
3126 517 3208 564 est
3251 508 3319 565 de
3363 527 3461 582 qua
3509 513 3689 573 Varro:

2150 592 2169 625 ι
2213 576 2412 635 Venilia
2455 599 2483 636 a
2528 588 2819 659 veniendo,
2852 610 2915 650 ac
2943 609 3106 653 vento
3149 601 3282 670 illo,
3331 619 3481 674 quem
3511 606 3698 668 Plautus

2142 665 2274 722 dixit
2305 688 2318 723 :
2350 673 2503 740 Quod
2536 678 2626 735 ille
2667 683 2832 749 dixit,
2865 689 2957 757 qui
2987 693 3226 748 secundo
3251 665 3409 751 ven-to
3446 711 3612 755 vectus
3631 711 3699 757 est

2143 766 2433 833 tranquillo
2477 775 2638 840 mari,
2686 789 2898 836 ventum
2944 787 3152 854 gaudeo
3181 806 3199 838 ι
3242 788 3447 860 (Vana,
3492 793 3528 848 ι.
3566 810 3615 850 iv
3649 797 3700 853 de

2139 853 2294 928 Ling.
2309 861 2399 914 lat.
2421 880 2471 931 p.
2497 865 2608 936 l8).
2629 853 2959 942 Augustinus
2974 894 3103 934 vero
3125 853 3261 936 citat
3269 853 3509 940 eumdem
3530 885 3698 942 Varro.

2139 967 2261 1006 nem
2289 957 2412 1010 alibi
2439 959 2704 1020 dicentem
2733 987 2747 1022 :
2777 988 2796 1020 ‹
2830 970 3034 1028 Venilia
3064 980 3203 1032 unda
3229 990 3330 1042 est,
3355 997 3471 1049 qua:
3495 982 3556 1036 ad
3579 984 3700 1040 littus

2141 1048 2304 1102 venit.
2338 1071 2356 1104 ι
2393 1052 2581 1114 Nonne
2611 1071 2788 1118 tamen
2839 1067 2907 1121 ab
2952 1069 3044 1122 illo
3088 1073 3314 1140 recedit,
3349 1075 3435 1129 ubi
3465 1075 3528 1130 de
3552 1078 3698 1132 infan-

2136 1139 2275 1194 tibus
2319 1144 2576 1217 distinlat,
2629 1162 2682 1207 et
2730 1155 2804 1209 ait
2837 1176 2850 1210 :
2885 1157 2961 1213 De
3003 1178 3112 1231 spe,
3164 1181 3280 1234 qua:
3315 1167 3467 1234 venit,
3512 1166 3698 1225 Venilia.

2136 1232 2356 1290 Servius
2409 1239 2671 1298 Veniliam
2715 1261 2745 1301 a
2797 1254 3068 1309 noonullis
3117 1256 3311 1311 dictam
3363 1275 3482 1315 esse
3528 1262 3698 1328 refert,

2132 1329 2269 1394 quod
2296 1331 2489 1384 veniam
2519 1334 2600 1388 det
2625 1339 2936 1409 exigentibus
2967 1344 3234 1417 (August.,
3263 1349 3300 1402 ι.
3336 1367 3405 1405 vn
3452 1350 3513 1405 de
3550 1352 3698 1418 Civil"

2133 1434 2180 1472 c.
2211 1420 2299 1484 ‘22,
2332 1440 2386 1489 p.
2438 1426 2576 1494 178;
2630 1431 2776 1494 ibid.,
2809 1434 2842 1488 ι.
2888 1452 2962 1500 Iv,
3010 1454 3056 1492 c.
3109 1441 3194 1507 11,
3231 1460 3284 1512 p.
3319 1443 3424 1508 97;
3466 1444 3622 1512 Sam,
3658 1447 3698 1499 in

2133 1513 2169 1566 ι.
2216 1530 2246 1567 x
2286 1514 2530 1585 Αῑιιεὶάη
2559 1541 2613 1592 p.
2644 1525 2794 1598 577).
2831 1528 2934 1585 Sed
2968 1533 3011 1586 si
3042 1534 3202 1589 citata
3232 1554 3259 1588 a
3294 1537 3448 1593 nobis
3476 1538 3698 1596 Varronis

2131 1606 2291 1660 verba
2327 1612 2494 1675 magis
2521 1615 2585 1668 ad
2617 1619 2856 1674 auctoris
2901 1627 3069 1679 nostri
3118 1629 3451 1698 prepositum
3499 1630 3694 1697 faciunt,

2133 1697 2394 1756 dubitatis
2421 1702 2648 1762 forsitan
2689 1726 2755 1765 an
2787 1712 2837 1766 in
2871 1714 3029 1785 hujus
3061 1727 3207 1773 textu
3239 1721 3520 1791 legendum
3551 1725 3700 1792 potius

2131 1788 2201 1842 sit
2245 1789 2458 1860 Venilia,
2493 1815 2652 1868 quam
2693 1801 2898 1873 Vibilio,
2930 1810 2998 1862 At
3027 1810 3151 1879 quid
3180 1788 3474 1870 decernere
3500 1788 3694 1884 audeas,

2132 1883 2219 1938 ubi
2249 1894 2389 1942 tanta
2421 1901 2506 1945 est
2531 1892 2841 1954 ﬁctitiorum
2872 1900 3095 1958 deorum
3127 1907 3452 1963 multitudo?

2201 1977 2567 2050 Opinabantur
2607 2004 2863 2059 praeterea
2910 1999 3138 2066 gentiles
3185 1999 3544 2058 Limentinum
3590 2019 3697 2062 esse

2130 2075 2417 2142 prmsidein
2449 2081 2710 2152 liminum,
2740 2097 2796 2142 et
2823 2104 3012 2145 eorum
3039 2096 3342 2150 custodiam
3373 2097 3533 2152 Lima:
3556 2098 3700 2153 adtri-

2128 2166 2310 2224 butam
2341 2189 2355 2225 :
2391 2173 2497 2228 Sed
2533 2195 2551 2227 ‹
2586 2179 2707 2248 quis
2749 2183 2953 2250 credat,
2988 2203 3007 2237 ι
3039 2187 3208 2256 arguit
3251 2188 3550 2256 Arnobius,
3583 2211 3598 2242 ‹
3629 2191 3699 2247 Li-

2129 2264 2450 2332 mentinum,
2486 2270 2606 2339 quis
2647 2272 2855 2330 Limam
2897 2279 3194 2335 custodiam
3236 2282 3480 2340 liminum
3510 2301 3694 2357 gerere,

2128 2362 2182 2406 et
2209 2355 2506 2422 janitorum
2535 2362 2709 2420 ofﬁcia
2742 2371 3032 2438 sustinere,
3059 2389 3181 2428 cum
3213 2374 3459 2432 fanorum
3489 2379 3700 2449 quotidie

2128 2445 2413 2505 videamus
2434 2463 2488 2508 et
2513 2457 2845 2524 privatarum
2875 2463 3158 2520 domorum
3189 2465 3426 2524 convelli
3447 2481 3501 2526 et
3520 2472 3698 2536 subrui,

2127 2553 2232 2593 nec
2269 2542 2387 2596 sine
2429 2545 2510 2598 his
2548 2563 2670 2604 esse
2703 2551 2999 2621 ﬂagitiosus
3035 2557 3100 2611 ad
3143 2558 3423 2628 lupanaria
3457 2576 3701 2618 commea-

2129 2634 2252 2688 tus?
2285 2654 2302 2685 ι
2337 2636 2579 2707 (Arnob.,
2614 2643 2698 2699 lib.
2736 2661 2810 2712 iv,
2853 2664 2974 2719 pag.
3018 2649 3171 2721 152.)
3212 2652 3386 2721 llujus
3425 2665 3595 2710 autem
3630 2654 3702 2711 Li-

2125 2727 2350 2781 mcntini
2381 2731 2505 2784 alibi
2540 2734 2809 2791 Arnobius
2840 2737 3032 2810 (Idem,
3063 2742 3150 2796 lib.
3187 2760 3223 2810 i,
3257 2761 3382 2816 pag.
3413 2745 3524 2815 l5),
3550 2755 3601 2801 et
3623 2748 3702 2801 ali-

2124 2818 2247 2871 cubi
2277 2818 2581 2891 Cyprianus
2611 2830 2907 2887 meminere
2931 2834 3225 2906 (Cyprium,
3265 2839 3330 2896 de
3360 2840 3487 2893 idol.
3529 2839 3698 2905 Venit,

2125 2925 2178 2975 ρ.
2204 2911 2306 2979 15).
2326 2917 2567 2982 Quodam
2588 2936 2717 2976 vero
2730 2923 3046 2981 Tertulliani
3069 2929 3119 2982 in
3136 2928 3296 2997 libro,
3315 2933 3513 3006 ubique
3527 2934 3698 3006 passim

2122 3007 2313 3061 mutilo
2341 3021 2395 3064 et
2422 3012 2626 3069 lacunis
2657 3015 2861 3084 hiante,
2889 3021 3002 3077 haec
3033 3023 3282 3093 legimus,
3313 3029 3512 3096 quibus
3540 3040 3700 3086 tamen

2121 3104 2358 3157 auctoris
2411 3110 2581 3162 nostri
2642 3110 2782 3168 dicta
2843 3116 2974 3170 satis
3025 3129 3214 3187 aperte
3279 3125 3698 3180 conﬁrmantur:

2041 3191 2085 3253 ί]
2125 3209 2144 3242 ‹
2180 3193 2352 3250 Taceo
2391 3199 2522 3255 deos
2563 3202 2848 3262 Ferculum
2881 3225 2909 3263 a
2940 3209 3164 3280 foribus,
3197 3225 3250 3269 et
3297 3217 3683 3276 Cardeam......

2122 3288 2301 3353 nibus,
2347 3301 2400 3347 et
2448 3295 2691 3352 liminum
2736 3301 3120 3371 Limentinum,
3163 3309 3278 3364 sive
3318 3314 3411 3382 qui
3452 3315 3540 3369 alii
3582 3316 3702 3368 inter

2117 3381 2329 3439 vicinos
2359 3401 2518 3457 ap....
2555 3407 2680 3446 num
2709 3394 3002 3463 janitorum
3040 3400 3361 3460 adorantur.
3403 3407 3541 3476 Quid
3576 3411 3699 3465 enim

2118 3491 2394 3544 magnum,
2432 3498 2555 3538 cum
2586 3495 2639 3540 et
2667 3486 2901 3544 habeant
2934 3492 2983 3547 in
3014 3493 3392 3564 lupanaribus,
3424 3503 3475 3557 in
3506 3503 3696 3568 culinis,

2116 3581 2170 3626 et
2222 3573 2271 3627 in
2303 3575 2411 3630 imo
2440 3593 2680 3637 carcere.
2713 3604 2732 3635 ι
2765 3582 3125 3657 (Tertullian.,
3159 3591 3250 3647 lib.
3285 3611 3322 3649 ιι
3359 3597 3430 3650 ad
3473 3596 3694 3664 Nation.,

2114 3682 2232 3737 cap.
2266 3670 2353 3735 15,
2392 3690 2511 3743 pag.
2546 3675 2659 3745 78.)
2690 3678 2748 3732 In
2777 3681 2884 3735 alio
2907 3699 3122 3754 quoque
3150 3685 3289 3741 libro
3327 3693 3627 3760 perfectiori
3652 3702 3696 3746 ct

2115 3757 2325 3830 integro
2355 3765 2572 3834 scripsit
2598 3785 2611 3821 :
2645 3787 2665 3821 ‹
2701 3769 2847 3826 Certi
2880 3789 3002 3830 esse
3028 3776 3309 3846 debemus,
3345 3785 3391 3838 si
3420 3801 3555 3856 quos
3583 3785 3697 3842 latet

2113 3866 2209 3920 per
2252 3855 2610 3924 ignorantiam
2660 3863 2976 3921 litteratura:
3013 3873 3313 3942 saecularis,
3346 3879 3508 3933 etiam
3549 3881 3695 3934 ostio-

2112 3959 2229 3997 rum
2280 3947 2413 4002 deos
2462 3953 2604 4020 apud
2659 3953 2948 4021 Romanos,
3001 3961 3264 4020 Cardeam
3317 3985 3345 4022 a
3399 3970 3695 4025 Cardinibus

2109 4039 2456 4106 appellatam.
2489 4057 2543 4100 et
2573 4047 2860 4106 Ferculum
2891 4069 2919 4107 a
2949 4054 3174 4126 foribus,
3205 4071 3257 4115 et
3287 4062 3641 4120 Limentinum
3668 4080 3692 4118 ξι

2111 4131 2318 4198 limine,
2361 4148 2416 4192 et
2457 4139 2630 4208 ipsmn
2671 4143 2863 4200 .lanum
2896 4163 2924 4201 a
2955 4148 3157 4216 lanna;
3199 4164 3253 4209 et
3292 4157 3478 4227 utique
3515 4159 3693 4213 scimus

2109 4222 2238 4280 licet
2275 4230 2490 4284 nomina
2533 4233 2714 4289 inania
2757 4245 2918 4306 atque
2959 4241 3186 4297 conﬁcta
3219 4247 3346 4313 sint,
3381 4264 3504 4304 cum
3535 4259 3690 4304 tamen

2108 4316 2161 4371 in
2200 4323 2640 4390 superstitionem
2679 4328 3036 4396 deducuntur,
3075 4351 3269 4406 rapere
3308 4341 3376 4395 ad
3411 4356 3473 4396 se
3511 4342 3691 4397 dieme-

2108 4411 2218 4475 nia,
2251 4425 2306 4467 et
2331 4430 2549 4470 omnem
2582 4420 2829 4487 spiritum
2860 4425 3191 4484 immundum
3222 4448 3319 4498 per
3345 4437 3692 4491 consecratio-

2106 4508 2190 4560 nis
2217 4509 2662 4581 obligamentum.
2696 4536 2715 4569 ι
2745 4518 2937 4587 (Idem,
2972 4523 3059 4576 lib.
3090 4525 3154 4580 de
3186 4525 3410 4596 Idolol.,
3440 4548 3553 4603 cap.
3591 4527 3689 4596 l5.)

2109 4597 2438 4658 Eorumdem
2471 4606 2682 4663 illorum
2713 4611 2938 4667 deorum
2972 4618 3214 4672 meminit
3242 4619 3594 4692 Augustinus,
3617 4633 3689 4675 at-

2106 4707 2211 4756 que
2241 4696 2309 4748 ab
2347 4698 2576 4755 ethnicis
2610 4701 2751 4758 haud
2783 4706 2996 4775 illepide
3035 4720 3186 4781 rogat
3223 4727 3320 4766 cur
3362 4715 3618 4772 Forculus
3643 4721 3690 4768 et

2105 4786 2444 4847 Limentinus
2475 4795 2547 4849 dii
2576 4800 2797 4853 masculi
2828 4801 3091 4868 dicantur,
3116 4805 3322 4861 Cardea
3348 4824 3478 4864 vero
3507 4809 3686 4864 fctnina

2102 4884 2304 4940 cardini
2353 4891 2636 4958 praesideat
2677 4894 2945 4966 (August.,
2985 4897 3072 4951 lib.
3109 4916 3158 4952 iv
3189 4901 3251 4955 de
3291 4901 3473 4967 Civit.,
3501 4921 3609 4975 cap.
3637 4906 3684 4966 8,

2099 4997 2218 5052 trag-
2250 4985 2349 5049 94;
2381 4996 2426 5038 et
2457 4988 2546 5040 lib.
2571 5006 2639 5056 γι,
2674 5007 2789 5060 cap.
2827 4994 2877 5057 7,
2910 5011 3028 5064 pag.
3063 4995 3211 5067 155).
3237 4996 3506 5070 Numquid
3539 4999 3681 5054 etiam

2101 5077 2269 5130 sancti
2302 5077 2376 5132 illi
2408 5080 2477 5134 dii
2519 5082 2851 5151 lupanarium
2904 5087 3171 5144 liminibus
3225 5104 3279 5146 et
3321 5091 3526 5147 furibus
3566 5105 3685 5162 prte-

2101 5169 2284 5236 positi,
2314 5186 2406 5224 eas
2438 5173 2726 5230 luxuriosis
2752 5193 2813 5232 ac
2844 5178 3141 5236 libidinosis
3167 5185 3523 5252 aperiebant?

2175 5261 2388 5332 Optime
2422 5269 2659 5336 quidem,
2695 5272 2922 5342 inquies.
2965 5275 3066 5330 Sed
3115 5278 3258 5333 nulla
3302 5278 3408 5333 illis
3457 5277 3684 5332 omnibus

2101 5353 2157 5409 in
2181 5355 2309 5411 locis
2335 5358 2520 5426 Lim'r,
2550 5365 2618 5416 ab
2643 5364 2884 5421 Arnobio
2911 5369 3216 5438 appellatae,
3252 5373 3477 5426 mentio.
3498 5372 3680 5440 Quam-

2099 5449 2285 5504 obrem
2328 5455 2669 5522 suspicantur
2710 5471 3020 5530 corruptum
3065 5479 3184 5518 esse
3229 5465 3328 5519 hoc
3370 5481 3584 5527 nomen,
3629 5475 3685 5516 ac

2104 5558 2201 5610 pro
2235 5560 2298 5600 eo
2338 5546 2719 5618 Limentiuam,
2762 5565 2850 5606 aut
2891 5555 3107 5622 Janum,
3155 5571 3247 5612 aut
3283 5557 3474 5614 lanam
3516 5560 3684 5626 legen-

2103 5634 2252 5692 dum.
2293 5639 2430 5706 Quid
2473 5643 2516 5696 si
2565 5645 2833 5715 legeretur
2871 5647 3098 5716 Cardea,
3131 5651 3198 5705 de
3243 5668 3344 5721 qua
3393 5652 3626 5722 proxime
3659 5664 3682 5700 τι

2104 5729 2256 5784 nobis
2282 5732 2425 5786 citati
2465 5744 2711 5790 auctores
2734 5779 2748 5801 ,
2785 5749 2877 5793 aut
2913 5741 3108 5809 Carna,
3140 5742 3208 5797 de
3237 5759 3340 5814 qua
3383 5745 3534 5813 plura
3574 5740 3684 5796 Ovi-

2103 5821 2222 5878 dius
2248 5827 2444 5881 cecinit
2475 5827 2681 5898 (0vid.,
2712 5831 2800 5886 lib.
2830 5849 2881 5887 v1
2926 5833 3160 5900 Ἐπειοί-η
3193 5835 3314 5907 δε,
3350 5854 3470 5909 pag.
3502 5836 3606 5890 652
3644 5839 3684 5887 (ι
