3904 6326
201 325 298 381 545

199 437 356 510 εες.)ῒ
396 438 499 496 Sed
539 455 662 498 cum
705 443 943 502 inﬁnitus
985 448 1166 516 fuerit,
1208 460 1266 507 ut
1303 454 1504 512 dictum
1547 472 1651 529 est,
1686 464 1786 519 ltu-

195 529 480 598 juscemodi
521 533 746 592 deorum
794 556 1073 610 numerus,
1114 545 1238 614 quid
1283 548 1336 602 in
1376 552 1597 608 Arnobii
1641 567 1788 611 textu

197 623 448 694 scriptum
477 625 657 694 fuerit,
693 631 919 688 delinire
947 651 1054 691 non
1086 638 1370 696 audemus.
1403 643 1470 697 Et
1497 661 1630 702 sane
1656 649 1785 703 Ser-

196 718 307 771 vius
337 718 530 775 alicubi
558 722 808 779 observat
830 727 989 784 limen
1019 730 1194 787 Vestae
1223 731 1388 789 fuisse
1414 752 1785 798 consecratum

195 810 389 882 (Serm,
419 815 471 868 iu
499 816 589 872 lib.
623 835 677 872 vt
704 819 948 888 diuelli,
982 843 1102 898 pag.
1134 829 1283 898 414).

259 908 428 981 Magis
454 928 581 968 vero
601 927 854 987 corrupta
880 921 1132 978 videntur
1150 925 1536 997 subsequentia
1557 932 1785 989 Arnobii

190 1003 342 1058 verba
382 1023 396 1059 :
434 1025 452 1058 ι
489 1008 622 1074 Quis
661 1023 941 1069 curatores
994 1016 1372 1088 obliquitatum
1421 1023 1623 1091 Lintos,
1666 1045 1684 1078 ι
1731 1029 1782 1082 in

194 1099 552 1170 manuscripto
571 1105 740 1173 regio,
762 1124 780 1156 ι
804 1105 1034 1163 Lemons
1054 1128 1074 1160 ι
1097 1113 1327 1180 pessime
1345 1113 1584 1185 (Aruob.,
1602 1119 1691 1175 lib.
1710 1137 1782 1186 tv,

188 1208 308 1261 pag-
335 1191 487 1264 132).
521 1194 655 1263 Quia
686 1213 816 1254 vero
842 1201 991 1256 solus
1020 1202 1108 1258 hic
1137 1205 1291 1260 nobis
1317 1220 1564 1276 superest
1591 1212 1782 1268 horum

184 1281 436 1338 librorum
463 1289 864 1359 manuscriptus
883 1295 1076 1361 codex,
1100 1296 1168 1352 ab
1192 1300 1596 1370 imperitissimo
1621 1305 1784 1361 libra-

184 1374 259 1430 rio
297 1376 628 1452 descriptus,
674 1400 794 1454 qua:
831 1387 904 1441 sit
945 1404 1069 1443 vera
1109 1394 1345 1449 auctoris
1385 1400 1552 1453 nostri
1597 1401 1778 1469 lectio,

183 1468 316 1524 dictu
355 1471 761 1533 difﬁcillimum.
802 1480 967 1538 Nobis
1010 1495 1186 1541 tamen
1225 1488 1364 1545 haud
1402 1509 1546 1564 :egre
1587 1498 1782 1566 proba-

182 1574 321 1618 retttr
357 1569 728 1638 reponendam
760 1589 882 1630 esse
922 1591 1108 1633 vocem
1151 1579 1432 1643 Lemures.
1475 1587 1543 1642 de
1587 1590 1782 1655 quibus

181 1671 272 1711 nos
306 1659 461 1727 alibi,
505 1672 557 1715 et
597 1663 821 1720 Ovidius
858 1669 970 1736 jam
1015 1686 1042 1723 a
1088 1673 1243 1728 nobis
1283 1677 1531 1734 laudatus
1572 1680 1776 1752 (0vid.,

181 1748 262 1803 lib.
301 1767 334 1804 v
375 1751 617 1820 Fastor.,
653 1757 680 1829 §
720 1761 774 1824 5,
814 1779 935 1833 pag.
978 1764 1086 1819 652
1123 1777 1170 1820 et
1205 1778 1357 1840 δρψ).
1399 1748 1776 1834 Verumtamen

181 1845 270 1900 nisi
315 1848 545 1906 alterius
594 1858 940 1913 correctioris
998 1861 1199 1918 codicis
1247 1881 1350 1936 ope
1401 1869 1591 1939 adjuti,
1643 1873 1774 1928 nihil
1805 1888 1853 1948 Β

181 1937 341 1995 adhuc
369 1957 434 1997 ea
465 1944 535 1999 de
566 1961 624 2002 re
650 1950 786 2003 certi
816 1950 1017 2022 aliquid
1045 1956 1210 2010 statui
1239 1973 1402 2027 posse
1431 1963 1778 2020 arbitramur.

180 2032 431 2106 Quidquid
480 2039 569 2101 sit,
614 2043 756 2111 quis,
803 2045 1055 2114 obsecro,
1103 2050 1386 2122 ingenuus,
1429 2054 1781 2130 liberalisque

182 2126 328 2184 homo
358 2131 590 2202 hujusce
615 2134 701 2190 dei
727 2152 924 2193 munus
949 2140 1102 2196 obire
1130 2149 1610 2215 umquatnvellet?

238 2219 420 2294 Neque
459 2225 628 2280 etiam
672 2227 913 2285 Arnobio
958 2233 1272 2292 credibilius
1315 2238 1549 2306 videtur,
1588 2261 1607 2294 ‹
1646 2242 1780 2300 deos

177 2310 386 2371 Lucrios
431 2317 713 2376 lucrorum
768 2326 1243 2384 consecutionibus
1286 2333 1610 2401 praesidere;
1655 2353 1776 2392 cum

177 2421 232 2461 ex
258 2409 510 2479 turpibus
536 2414 713 2470 causis
737 2414 1178 2487 frequentissime
1202 2424 1438 2493 veniant,
1471 2438 1526 2481 et
1549 2427 1778 2485 aliorum

177 2516 375 2572 semper
411 2504 722 2575 dispendiis
757 2521 1026 2567 constent.
1059 2534 1078 2567 ι
1109 2515 1207 2584 Qui
1242 2529 1425 2576 autem
1469 2521 1669 2578 fuerint
1701 2525 1779 2581 illi

177 2592 258 2659 dii,
288 2596 331 2650 si
362 2597 514 2653 scire
543 2616 726 2668 aveas,
772 2604 840 2658 ab
881 2607 1045 2661 Suida
1089 2611 1336 2680 accipere
1377 2615 1600 2682 poteris.
1643 2617 1776 2672 Nam

174 2687 403 2764 Χερδῶος,
436 2693 619 2762 inquit
647 2694 885 2765 (Suidas,
934 2700 1004 2753 ad
1049 2703 1254 2758 verbum
1296 2706 1571 2782 Κερδῶος),
1603 2712 1713 2771 θεὸς
1751 2712 1777 2767 ὁ

172 2777 340 2856 Ἐρμῆς
394 2788 465 2847 ὡς
528 2786 743 2863 κέρδους
786 2795 1053 2855 ποιητικὸς
1112 2801 1202 2852 καὶ
1259 2796 1468 2873 ἄγγελον
1519 2801 1573 2857 δὲ
1623 2807 1777 2860 αὐτὸν

174 2874 385 2939 καλοῦσι,
415 2882 507 2932 καὶ
541 2879 721 2935 κλῶπα
747 2924 760 2946 ,
791 2881 870 2938 διὸ
903 2890 988 2940 καὶ
1015 2889 1336 2966 μάρσυππον
1363 2895 1520 2963 «ora»
1563 2904 1777 2954 ποιοῦσι

176 2967 451 3035 ϐαστάζειν,
495 2976 581 3027 καὶ
616 2972 792 3050 ἔφορον
826 2980 982 3034 αὐτὸν
1008 2987 1102 3036 τοῦ
1125 2981 1297 3057 λόγου,
1336 2990 1424 3040 καὶ
1447 2997 1540 3050 τῆς
1567 2991 1772 3059 κλοπῆς,

173 3069 244 3118 καὶ
267 3067 552 3138 ἐμπολείων
576 3111 592 3135 ,
618 3071 774 3144 ἤγουν
804 3072 1018 3150 κέρδους
1053 3075 1252 3154 ἔφορον.
1291 3079 1621 3146 Quwsluosus
1652 3087 1776 3143 deus

177 3154 464 3226 Mercurius,
523 3170 578 3214 ut
623 3162 757 3218 lucri
784 3167 886 3219 sive
917 3179 1140 3236 quantus
1182 3169 1415 3237 effector.
1451 3174 1590 3240 Quin
1619 3181 1774 3234 etiam

174 3250 323 3320 ipsum
352 3257 566 3326 faciunt
601 3266 803 3329 gestare
837 3264 1182 3333 marsupium,
1214 3277 1260 3318 et
1296 3268 1464 3338 ipsum
1495 3273 1762 3337 orationis,
1797 3283 1842 3347 C

175 3342 302 3411 (arti,
333 3357 379 3400 et
403 3358 736 3413 mercatum,
768 3351 824 3404 id
852 3363 948 3419 est,
979 3366 1206 3425 quaestus
1239 3364 1594 3430 inspectorem.
1628 3365 1767 3432 Qua-

176 3448 370 3506 pmpter
395 3442 700 3513 Gregorius
729 3444 1101 3505 Nazianzenus
1143 3451 1195 3505 in
1239 3452 1510 3510 Julianum
1539 3458 1770 3529 Aposta-

177 3539 266 3586 tant
290 3535 400 3590 haec
420 3538 621 3592 scribit
645 3555 657 3591 :
689 3557 708 3590 ‹
739 3542 958 3608 Quoties
981 3543 1231 3601 anrium
1255 3555 1428 3617 tuum,
1449 3563 1502 3606 et
1521 3553 1765 3624 Logiutu,

178 3633 222 3678 et
247 3626 601 3701 Elta'gmlilllll
632 3630 866 3692 intueor.
901 3641 1088 3692 ocuios
1119 3641 1334 3711 ohtego,
1370 3658 1433 3698 ac
1477 3649 1770 3715 spectaculi

174 3717 354 3784 pudore
378 3723 545 3778 deum
581 3733 726 3778 tttum
751 3738 1038 3798 praetereo.
1075 3751 1092 3786 ι
1123 3731 1302 3803 (Greg.
1337 3734 1504 3806 Naz.,
1529 3751 1664 3796 orat.
1693 3759 1762 3808 tv,

174 3808 455 3879 ittlulian.,
495 3834 614 3888 pag.
661 3819 816 3890 509.)
858 3821 1027 3889 Quem
1076 3824 1129 3878 in
1176 3826 1351 3882 loetttn
1402 3829 1608 3888 Nonius
1653 3833 1768 3890 haee

175 3905 460 3967 observavit
491 3928 505 3964 :
542 3931 561 3963 t
597 3912 854 3969 Lucriutn
895 3916 1054 3973 deum
1096 3919 1417 3977 Mercurium
1465 3925 1639 3982 Cra-ci
1674 3945 1771 3984 vo-

175 4009 300 4065 cant,
333 4010 388 4057 ut
419 4003 562 4058 lucri
587 4014 886 4064 auctorem.
916 4008 1072 4066 Unde
1101 4013 1261 4068 etiam
1291 4017 1529 4072 comicus
1560 4019 1769 4077 Aristo-

177 4092 358 4160 phanes
387 4099 439 4153 in
472 4097 638 4154 Pluto
671 4100 1014 4171 addubitans,
1059 4123 1167 4176 quo
1209 4111 1429 4167 nomine
1469 4113 1767 4172 Mercurius

175 4189 508 4258 appellandus
534 4195 624 4261 sit,
656 4195 987 4266 Statuamus,
1019 4200 1212 4274 inquit,
1246 4206 1542 4276 ἐμπολαῖον,
1575 4209 1627 4264 id
1659 4221 1763 4281 est,

176 4292 389 4350 qua'stus
414 4298 469 4344 et
506 4288 638 4344 lucri
668 4291 975 4359 praesidem.
1013 4313 1034 4346 ι

237 4377 342 4435 Non
374 4382 550 4438 solum
583 4393 766 4440 autem
797 4387 1122 4444 Mercurium
1155 4390 1314 4448 deum
1344 4395 1596 4452 Lucrium
1627 4398 1763 4456 Gre-

178 4474 338 4540 gorius
368 4493 566 4535 vocare
598 4478 836 4549 videtur,
877 4483 971 4539 sed
1014 4487 1174 4540 etiam
1218 4487 1548 4559 Apollinem.
1587 4494 1762 4564 Supe—

180 4564 291 4623 riori
320 4573 513 4627 ctenim
551 4573 603 4627 iu
633 4576 876 4632 oratione
904 4579 992 4635 ille
1015 4580 1225 4638 dixerat
1253 4602 1265 4637 :
1298 4605 1316 4635 ‹
1346 4586 1628 4654 Quomodo
1661 4591 1764 4645 Lu-

1448 343 1513 400 lN
1554 346 1928 422 ARNOBIUM,
1972 353 2129 412 CAP.
2173 359 2310 418 Xlll.

3380 383 3488 444 546

1816 483 1867 541 Α
1893 449 2212 529 suadebilur
2247 478 2402 535 deam
2446 496 2566 538 esse
2597 485 2910 556 Pecuniam,
2944 506 3106 562 quam
3142 505 3321 554 tamen
3351 503 3489 557 velut

1894 567 2172 620 maximum
2203 587 2410 639 numen,
2447 578 2518 629 uti
2551 579 2790 649 loquitur
2821 584 3114 655 Arnobius,
3147 590 3486 651 ethnicorum

1887 656 2114 712 indicant
2157 661 2338 718 littera:
2367 664 2606 737 (Arnob,
2640 672 2730 727 lib.
2763 690 2837 741 tv,
2873 695 2993 747 pag.
3027 681 3177 754 152).
3211 683 3489 756 Frequens

1887 761 2065 806 autem
2095 759 2328 811 occurrit
2362 760 2519 829 hujus
2547 763 2662 818 dea:
2692 768 2833 837 apud
2873 773 3230 842 Augustinum
3259 780 3484 835 mentio.

1887 841 2161 900 Certiores
2192 863 2321 903 vero
2353 867 2451 906 nos
2480 853 2608 910 facit
2643 873 2761 913 eam
2800 860 2868 916 ab
2902 864 3133 921 ethnicis
3161 867 3485 939 invocatam,

1890 944 1945 988 ut
1975 949 2160 993 essent
2193 945 2495 1010 pecuniosi,
2524 957 2576 1000 et
2600 949 2745 1006 illam
2773 969 2893 1019 qua:
2915 957 2982 1012 ab
3012 958 3124 1027 ipsn
3152 960 3268 1017 dari
3292 963 3487 1022 frustra

1887 1031 2300 1101 ominabantur,
2332 1042 2614 1108 pecuniam
2654 1045 2966 1105 obtinerent
3007 1055 3279 1126 (August,
3309 1060 3398 1115 lib.
3434 1077 3487 1115 tv

1888 1122 1950 1174 de
2003 1122 2136 1191 Civ.,
2185 1145 2300 1200 cap.
2336 1130 2440 1196 20,
2474 1153 2596 1207 pag.
2646 1139 2768 1208 105,
2804 1151 2851 1196 ει
2893 1122 3024 1215 cap.
3053 1122 3144 1214 24:,
3186 1168 3305 1223 pag.
3350 1153 3480 1223 106;

1884 1213 1972 1268 lib.
2005 1233 2097 1284 vn,
2131 1237 2248 1288 cap.
2280 1223 2333 1289 5,
2367 1243 2488 1298 pag.
2518 1228 2670 1300 165).

1957 1308 2170 1366 Scimus
2214 1317 2430 1384 quidem
2469 1337 2497 1375 a
2533 1321 2797 1383 Jttvenale
2833 1329 3109 1388 decantari
3150 1336 3359 1393 nullum
3391 1356 3487 1396 suo

1885 1410 2128 1473 tempore
2163 1422 2530 1469 constructum
2575 1416 2827 1477 Pecunia:
2876 1428 3159 1498 templum,
3206 1431 3488 1503 nullasque

1884 1499 2118 1553 nuuunis
2157 1517 2279 1558 aras
2325 1507 2524 1575 positas
2562 1509 2746 1571 fuisse.
2787 1516 3033 1576 Vidimus
3060 1525 3339 1582 enimvero
3366 1525 3484 1586 haec

1885 1589 2026 1646 illius
2057 1599 2298 1654 carmina
2325 1618 2337 1652 :

2285 1714 2395 1794 lilsi
2416 1716 2610 1794 funesta
2637 1724 2854 1778 Pecunia
2881 1730 3066 1794 templo

1976 1769 2198 1824 Nondum
2224 1776 2430 1839 habitas,
2460 1769 2616 1834 nullas
2637 1769 2944 1841 adfamini}.
2972 1769 3304 1850 exstruximtts
3326 1813 3454 1853 aras.

2410 1862 2630 1929 (Jovem,
2657 1878 2812 1936 salyr.
2839 1874 2857 1924 l
2915 1888 3037 1926 vers.
3061 1879 3146 1929 111
3168 1889 3212 1930 et
3235 1885 3392 1947 seqq.)

1886 1956 1990 2014 Sed
2022 1961 2072 2014 id
2103 1978 2206 2018 non
2235 1967 2531 2039 prohibuit,
2564 1977 2690 2044 quin
2727 1990 2852 2036 ante
2890 1984 3110 2040 Arnobii
3144 1960 3356 2060 tempus
3385 1992 3486 2049 Pe-

1883 2052 2038 2106 cunia
2071 2055 2140 2108 ab
2169 2057 2401 2116 ethnicis
2433 2066 2724 2124 haberetur
2755 2072 2876 2137 dea,
2913 2085 3074 2146 atque
3102 2080 3170 2134 ab
3199 2081 3333 2138 lucri
3363 2087 3483 2140 avi-

1883 2142 1989 2210 dis,
2020 2156 2073 2201 et
2100 2156 2495 2224 appelentibus,
2531 2161 2645 2218 sive
2675 2164 2725 2217 in
2757 2165 2939 2237 aliquo
2967 2169 3082 2241 ejus
3116 2175 3338 2247 templo,
3368 2177 3484 2236 sive

1881 2237 2007 2293 alibi
2055 2241 2420 2306 invocaretur.
2459 2251 2593 2309 Vide
2637 2267 2814 2313 autem
2859 2271 3032 2318 utrunt
3067 2266 3116 2320 in
3163 2268 3321 2340 huius
3354 2288 3482 2328 sen-

1883 2331 2063 2387 lentiae
2121 2339 2586 2400 confirmationem
2633 2352 2861 2419 proferri
2908 2359 3118 2427 possint
3175 2331 3291 2420 haec
3349 2365 3481 2438 Epi-

1881 2423 2085 2482 charmi
2117 2430 2275 2485 citata
2303 2450 2332 2488 a
2365 2436 2581 2493 Stobzno
2609 2447 2848 2501 carmina
2876 2467 2888 2502 :

2183 2554 2218 2596 δ’
2241 2561 2421 2602 ὑπέλαϐον
2441 2570 2636 2618 χρησίμους
2660 2567 2750 2611 εἶναι
2771 2575 2870 2621 erat);
2891 2591 2908 2623 ς

2066 2613 2113 2654 Τ
2134 2619 2297 2672 ἁργῦριον
2319 2613 2517 2674 quam-hi
2537 2613 2579 2670 2'5
2599 2613 2757 2685 leucri”.

2069 2710 2174 2798 [Ego
2197 2725 2360 2798 autem
2387 2721 2509 2798 deos
2534 2727 2678 2778 utiles
2703 2742 2816 2780 esse
2842 2735 3070 2798 arbitror,

2067 2777 2343 2846 {Argentum
2370 2796 2586 2837 nostrum
2615 2777 2670 2840 et
2687 2777 2878 2846 aurum.

2071 2840 2354 2908 (Strebaeus,
2380 2861 2530 2901 serm.
2555 2853 2633 2914 89,
2663 2840 2917 2911 tle—Laude
2939 2859 3097 2925 divil.,
3119 2880 3233 2933 pag.
3253 2870 3389 2934 553.)

1878 2939 2142 3012 Quidquid
2169 2961 2346 3005 autem
2372 2954 2438 3008 de
2462 2955 2546 3010 his
2576 2961 2820 3017 versibus
2847 2970 3181 3034 pronunties.
3207 2976 3328 3044 quis
3347 2993 3470 3032 cum

1877 3035 2118 3092 Arnobio
2170 3053 2354 3098 nostro
2407 3064 2512 3103 non
2564 3053 2821 3110 fatebitur
2876 3075 3204 3121 memoratos
3242 3084 3271 3122 a
3321 3073 3478 3127 nobis

1877 3125 2010 3184 deos
2049 3147 2114 3186 eo
2161 3134 2277 3204 ipso
2318 3140 2560 3210 refutari,
2605 3161 2712 3215 quo
2752 3148 2901 3219 vilia,
2950 3163 3005 3209 et
3048 3160 3220 3229 turpia
3265 3156 3481 3221 "illorum

1876 3219 2051 3276 ofﬁcia
2093 3227 2484 3286 nominantur?

2465 3408 2468 3416 λ
2489 3364 2783 3410 ABTICULUS
2822 3373 2894 3413 Vl.

1871 3443 1949 3494 De
1974 3451 2084 3501 aliis
2104 3453 2199 3503 diis
2219 3468 2275 3541 ale
2297 3458 2503 3532 deabus,
2529 3480 2651 3541 quos
2675 3469 3087 3541 homi_num_vitiis
3111 3492 3164 3535 et
3196 3486 3307 3537 aliis
3332 3491 3487 3541 rebus

1940 3520 2703 3611 asserebant.
2731 3520 3164 3611 ut.i}i§.t_.a'ii$r..‘i'
3361 3520 3482 3611 ἓὲίι,

2693 3581 2703 3589 ,
2740 3581 2745 3582 ,
2803 3581 2812 3583 -
2839 3581 2896 3585 _..
2927 3581 3145 3594 _.-.v.uu
3188 3581 3295 3597 ιηιυ
3317 3581 3346 3598 ιι
3421 3581 3445 3602 λ

2618 3593 2818 3673 Venere
2844 3581 3485 3673 Μ11113Γὶ--ῐιιτρὶδείιίιίδυόἕί

1979 3643 1988 3647 -
2021 3643 2048 3648 ,1
2250 3645 2258 3655 .
2713 3643 2720 3644 ,
2763 3643 2776 3645 ἡ
2795 3643 2814 3647 ,
2844 3643 3043 3653 -._.-..-—--
3081 3643 3150 3657 ιιιι
3164 3643 3374 3673 ιιΙωΙΙΙΙΙδ
3396 3643 3484 3665 Ild-

1939 3643 2316 3730 ﬁt:
2333 3685 2359 3730 ,1
2373 3649 2642 3730 unda,
2666 3657 2844 3730 ’111-11ῃο
2865 3699 2877 3720 ,
2905 3668 3010 3730 sive
3037 3669 3220 3720 Mutiuo
3242 3675 3484 3730 obscaenis

2958 3700 2969 3713 ν

2057 3759 2066 3764 _
2289 3759 2297 3766 ,
2413 3759 2420 3761 τ
2469 3759 2598 3763 ην---
2643 3759 2690 3768 ν.
2733 3759 2948 3773 “unum:
2987 3759 3239 3782 nuru-num
3281 3759 3483 3803 luteus,

1937 3759 2227 3856 9:33:l‘lltal‘ft
2260 3769 2774 3856 ῘΪξῇιὶΗΑεΞΧιξςῐηίιόρ
2813 3788 2958 3856 vita),
2983 3804 3040 3840 ac
3080 3793 3239 3846 funeri
3266 3801 3484 3856 ridiculis

2687 3828 2716 3831 τε
2737 3828 2770 3832 --
2820 3828 2922 3837 .-Μ
2983 3828 3040 3840 ιιν
3080 3828 3161 3843 null
3267 3828 3280 3846 ι
3379 3828 3385 3830 ⁷
3475 3828 3480 3832 ’

1935 3828 2352 3917 ibus,nu|:i
2366 3837 2521 3917 etiam
2541 3839 2605 3890 de
2630 3848 2804 3895 scortis
2819 3828 3104 3917 meri’toriis,
3121 3828 3248 3910 A55;

1933 3889 2018 3950 tia,
2050 3888 2215 3952 Flora,
2244 3903 2297 3945 et
2320 3895 2516 3949 Leaena.

1941 3993 2153 4052 Nemini
2181 4015 2314 4057 sane
2335 4012 2679 4073 quantumvis
2711 4030 2898 4084 parum
2924 4036 3081 4093 aequo
3108 4042 3288 4085 rerum
3316 4034 3480 4089 msti-

1869 4090 2084 4155 matori,
2116 4093 2161 4147 si
2199 4109 2338 4164 qute-
2363 4107 2540 4156 tamen
2581 4117 2743 4161 recta}
2780 4111 3004 4170 rationis
3042 4119 3273 4178 scintilla
3304 4127 3353 4180 ei
3382 4143 3477 4182 su-

1868 4181 2056 4250 persit,
2097 4185 2388 4258 quidquam
2422 4208 2645 4263 prorsus
2674 4201 2945 4260 videbitur
2974 4225 3002 4262 a
3038 4211 3215 4270 divina
3257 4229 3472 4289 natura,

1862 4272 2093 4342 justitia,
2127 4289 2180 4332 et
2210 4285 2496 4342 sanctitate
2534 4292 2704 4359 magis
2732 4294 2989 4366 alienum,
3023 4319 3184 4372 quam
3213 4307 3347 4366 deos
3376 4313 3478 4368 ﬁtt-

1864 4383 1994 4438 gere
2033 4369 2306 4430 hominum
2342 4379 2484 4434 vitiis
2526 4399 2631 4439 non
2677 4388 2840 4445 modo
2881 4393 3145 4464 faventes,
3186 4401 3280 4456 sed
3311 4407 3472 4464 etiam

1865 4464 2174 4533 praefectos.
2209 4469 2369 4526 Tales
2402 4475 2756 4538 nihilominus
2793 4483 2948 4554 deos,
2981 4505 3082 4546 nec
3114 4509 3312 4562 paucos
3356 4503 3476 4571 qui-

1864 4555 1988 4612 dem
2015 4561 2217 4617 ethnici
2249 4565 2383 4620 mira
2409 4569 2566 4637 plane
2598 4589 2696 4628 nec
2726 4577 2858 4631 satis
2890 4596 3139 4652 umquam
3169 4587 3472 4650 damnanda

180 4658 304 4714 crius
347 4665 477 4735 ipsis
525 4669 906 4734 constituetur.
951 4682 1004 4728 et
1045 4675 1294 4732 sacculus
1341 4679 1664 4751 proferetur,
1708 4693 1763 4740 et
1789 4678 1840 4738 D
1866 4656 2143 4724 'mpieme
2171 4673 2462 4717 commenu
2493 4676 2639 4722 sum'
2665 4668 3026 4737 Quamomem
3052 4677 3344 4752 δ”θῧθτίυδ
3368 4685 3474 4744 Ν³⁹

179 4747 311 4810 furax
354 4757 438 4814 dei
490 4761 571 4814 vis
617 4773 777 4833 atque
823 4763 1050 4822 facultas
1097 4747 1479 4838 honorabitur;
1527 4747 1764 4849 illudque

179 4846 318 4904 etiam
355 4891 368 4905 .
406 4853 535 4909 Sine
581 4872 689 4912 tere
736 4858 994 4915 thebum
1045 4863 1265 4920 minime
1310 4869 1610 4937 vaticinari,
1662 4890 1765 4931 nec

179 4937 317 4996 obolo
352 4946 642 5019 quidquam
683 4966 805 5008 esse
847 4957 1226 5024 praestantius?
1259 4959 1350 5016 lla:
1388 4965 1530 5018 enim
1571 4983 1762 5038 graves

178 5043 337 5090 eorum
373 5053 434 5094 ac
473 5028 799 5099 veneranda:
825 5057 951 5102 sunt
979 5052 1284 5106 sententiae.
1320 5073 1338 5106 ι
1373 5055 1554 5128 (Grcg.
1593 5059 1757 5125 Naz.,

178 5136 288 5181 orat.
318 5130 368 5190 '5.
396 5132 445 5186 in
475 5132 704 5203 Iuliam,
732 5156 852 5211 pag.
883 5140 1037 5214 262.)
1072 5144 1199 5202 Inde
1230 5147 1390 5203 etiam
1421 5151 1599 5207 tritum
1622 5153 1755 5212 illud

181 5219 296 5286 apud
325 5221 536 5282 Graecos
565 5226 853 5287 iambieum
887 5250 1104 5292 carmen
1137 5257 1151 5294 :

337 5337 464 5391 ιίνινθι
486 5354 621 5405 καὶ.ιοῦ
643 5357 778 5404 Φοῖϐος
801 5360 842 5396 οὐ
865 5363 1098 5409 pay-uirum.

255 5417 440 5485 Absque
462 5439 560 5477 aere
585 5427 754 5480 Phoebi
781 5440 913 5483 muta
939 5442 1053 5485 sunt
1077 5437 1288 5487 oracula.

183 5512 326 5578 Porro
354 5537 524 5586 autem
562 5545 745 5591 monet
779 5553 878 5592 nos
904 5539 1160 5597 Giraldus
1186 5543 1495 5613 Apollinem
1531 5561 1635 5600 non
1667 5562 1752 5602 se-

185 5622 262 5665 cus
291 5631 347 5671 ac
376 5619 689 5682 Mercurium
723 5629 970 5708 Κερδῶον,
1003 5633 1259 5690 Lucriuut
1290 5652 1384 5692 seu
1426 5637 1752 5694 Lucrioncm

185 5701 241 5757 ab
284 5710 498 5772 ethnicis
551 5701 923 5792 cognontiuari
971 5727 1223 5799 (Girald.,
1254 5729 1395 5788 Hist.
1441 5731 1582 5788 deor.
1630 5751 1753 5806 syri.

189 5801 318 5866 lagm.
349 5805 400 5872 7,
428 5827 547 5882 pag.
576 5814 726 5886 218).

192 5915 204 5949 ί
252 5891 413 5968 Longe
437 5920 560 5966 vero
586 5909 861 5973 difﬁcilius
891 5917 1116 5978 cardato
1143 5920 1367 5982 cuilibet
1393 5922 1596 5983 homini
1625 5940 1752 5998 per-

1864 4752 2154 4810 zianzenus
2198 4758 2318 4814 illos
2355 4761 2438 4816 his
2476 4768 2768 4836 compellat
2809 4775 3057 4834 versibus
3087 4779 3269 4856 (Greg.
3304 4783 3466 4854 Nam,

1867 4856 1987 4903 tam.
2021 4865 2079 4915 tt,
2113 4867 2274 4907 carm.
2309 4855 2395 4922 61,
2431 4876 2550 4932 pag.
2587 4861 2754 4936 “2):

1953 5168 2062 5259 Ipsa
2086 5188 2284 5259 quolqtie
2304 5178 2499 5259 Iinfanda
2521 5190 2729 5259 sacratis
2759 5194 2952 5259 numina
2977 5209 3122 5259 noxa,

1955 5231 2254 5314 atquealiis
2272 5240 2419 5312 alium
2449 5231 3122 5314 vinis'qni'erTiniTBa'ﬁ‘éiiZ
3141 5274 3152 5308 :

1955 5248 2120 5344 Atque
2145 5248 2254 5286 ants
2272 5248 2419 5290 alium
2449 5248 2580 5296 vitiis
2603 5253 2683 5310 qui
2712 5255 2894 5314 pra-sit,
2922 5248 3152 5308 habetis:

2246 5302 2434 5383 crimen
2448 5319 2564 5383 _no_n
2578 5316 2765 5383 tantum
2792 5317 2984 5383 vindice
3009 5331 3156 5383 pmna

1951 5359 3332 5452 ι[ιωέἑῗέΞ-ιωοΒμ-ιιξὲᾷἶίῖθὺἱξξῶνιινυὲᾜξὲιιεαυθ,

1948 5420 2010 5472 Ει
2032 5431 2225 5485 gratum
2247 5420 2602 5496 acceptumque
2615 5420 3368 5507 'bé'o,"c'u'iit}'iﬁ't}tie"5£33551).

1857 5545 1963 5602 Sed
1999 5549 2278 5608 audiamus
2308 5555 2604 5614 Arnobium
2641 5573 2883 5620 nostrum
2913 5567 3015 5624 hos
3041 5572 3273 5632 infames
3301 5579 3455 5651 deos,

1856 5647 1912 5694 et
1938 5642 2276 5712 turpissimus
2319 5663 2504 5704 eorum
2550 5655 2902 5721 praefecturas
2947 5677 3310 5726 enarrantem.
3355 5674 3460 5732 Re-

1858 5734 2396 5811 nuntiarunt,inquit,
2428 5761 2445 5793 ι
2478 5742 2776 5804 Lavernam
2800 5751 2956 5808 deam
2987 5767 3038 5812 el
3069 5764 3352 5831 praesidem
3376 5767 3458 5824 fu-

1857 5840 1976 5880 rum
2034 5848 2054 5881 ι
2089 5830 2332 5901 (Λνηοὺη
2360 5835 2449 5890 lib.
2477 5853 2556 5904 Ill,
2601 5857 2722 5912 pag.
2767 5845 2894 5919 115)
2939 5864 3003 5908 ac
3047 5853 3336 5928 latronum,
3370 5874 3456 5918 at-

1856 5936 1964 5991 quc
1984 5937 2174 5981 eorum
2202 5926 2455 5998 maxime,
2481 5935 2936 6000 quemadmodum
2965 5945 3034 6004 ab
3057 5949 3178 6013 aliis
3203 5926 3452 6018 observa-
