3904 6326
456 303 562 361 Si”!

1708 295 2160 359 DlSSERTA'I'lO
2198 294 2475 358 primu
3621 272 3737 370 543‘

455 434 566 479 tum
604 432 707 491 est,
747 425 837 495 qui
878 423 1014 479 clam
1052 422 1369 494 occulteque
1406 420 1740 476 furabantur.
1775 419 2049 474 Testatum
2080 426 2132 487 Α
2157 436 2308 475 cesso
2334 431 2513 474 autem
2538 436 2641 475 non
2669 430 2751 478 est
2777 423 2863 478 hic
2892 438 3011 482 cum
3035 428 3272 484 Arnohio
3298 436 3478 484 nostro
3505 429 3708 501 (Arnob,

453 518 719 588 siquidem
760 517 918 572 nobis
961 517 1130 570 Varro
1164 516 1291 571 facit
1333 515 1515 570 Romae
1552 522 1850 568 extructam
1890 512 2054 568 fuisse

452 609 575 665 huic
620 610 876 667 Laverna
917 610 1034 665 dea:
1081 624 1252 676 aram,
1295 626 1359 664 ex
1407 624 1509 680 qua
1542 608 1856 663 Lavernalis
1899 618 2051 677 porta

450 716 646 757 nomen
681 704 890 772 accepit
920 702 1130 771 (Varr.,
1156 703 1225 757 lib
1278 717 1333 756 tv
1363 703 1427 755 de
1450 701 1602 773 Ling.
1633 702 1748 761 (aL,
1783 717 1899 770 pag.
1934 700 2047 765 40).

445 794 599 860 Quod
629 805 809 851 autem
842 793 988 851 iures
1013 796 1112 862 illi,
1143 804 1415 864 tauupiam
1448 810 1559 849 sua:
1586 794 1802 864 prarsidi
1842 794 2050 863 suppli-

444 900 648 959 carent,
679 892 908 962 probant
937 892 1050 945 haec
1079 892 1280 946 tioratii
1307 892 1552 945 carmina
1582 909 1594 944 :

1341 982 1548 1033 Pulchra
1571 982 1792 1035 Laverna
1815 1019 1827 1043 ,

538 1048 610 1111 Da
636 1047 754 1103 mibi
772 1047 964 1105 fallere,
986 1047 1046 1098 da
1068 1048 1251 1111 justum
1263 1054 1597 1111 sanctumque
1623 1048 1780 1096 videri
1799 1085 1811 1107 ,

534 1110 737 1160 Noctem
766 1111 996 1175 peccatis,
1026 1120 1077 1160 et
1100 1109 1354 1159 fraudibus
1376 1109 1538 1173 objice
1564 1111 1762 1159 nubem.

816 1198 1035 1258 (Harat.,
1060 1192 1142 1245 lib.
1169 1209 1203 1254 ι,
1228 1190 1366 1259 epist.
1390 1193 1467 1253 16,
1491 1206 1615 1245 vers.
1642 1194 1704 1242 60
1727 1198 1775 1244 et
1794 1191 1951 1257 seqq.)

439 1301 600 1356 Plura
632 1301 818 1357 videre
855 1300 1059 1372 poteris
1098 1299 1239 1370 apud
1274 1299 1513 1365 Festum,
1549 1297 1779 1352 Nouium
1811 1296 2042 1352 Marcel-

442 1394 573 1465 lum,
622 1405 675 1448 et
718 1393 912 1449 Lilium
957 1392 1231 1449 Giraldum
1278 1390 1444 1461 (Fest.
1489 1401 1536 1445 et
1576 1390 1745 1456 Nam,
1788 1390 1857 1443 ad
1895 1390 2044 1442 verba

438 1487 813 1544 LM’ERNIONES
834 1497 881 1541 et
906 1485 1209 1550 Lucane;
1237 1483 1464 1549 Girald.,
1483 1495 1688 1556 sgntag.
1715 1485 1768 1550 1,
1796 1500 1915 1555 pag.
1947 1482 2038 1549 50;

436 1582 649 1646 Arnob,
681 1583 769 1635 lib.
804 1597 875 1645 iv,
907 1597 1028 1651 pag.
1063 1576 1212 1651 132).

505 1674 618 1733 Nec
650 1674 840 1729 minori
875 1674 1147 1741 impietate
1176 1671 1337 1727 iidem
1363 1671 1564 1727 ethnici
1595 1667 1906 1736 Murcidain,
1934 1671 2038 1726 La-

435 1783 615 1823 vernae
665 1766 805 1827 haud
853 1766 1017 1822 dubie
1066 1766 1391 1836 appositam,
1440 1768 1693 1837 segniam,
1746 1766 1900 1819 sicuti
1954 1766 2035 1819 eis

432 1861 561 1914 vitio
598 1861 870 1915 Arnobius
907 1860 1085 1922 vertit,
1118 1860 1273 1914 deam
1306 1860 1674 1915 venditabant.
1710 1860 1840 1913 Tam
1884 1862 2028 1915 insu-

431 1970 559 2008 num
617 1969 747 2008 vero
793 1954 1039 2008 humana:
1083 1952 1480 2024 superstitionis
1528 1964 1891 2009 commentum
1944 1954 2033 2007 ille

430 2064 535 2101 non
568 2047 906 2118 excogitavit.
950 2048 1141 2102 Narrat
1181 2048 1465 2117 siquidem,
1508 2060 1561 2102 et
1603 2051 1760 2119 plane
1805 2048 2033 2103 miratur

428 2140 756 2211 Augustinus
780 2142 987 2211 publica
1019 2158 1047 2195 a
1077 2141 1354 2208 Romanis,
1388 2144 1474 2211 qui
1509 2142 1735 2213 singulis
1763 2158 1900 2215 pene
1928 2142 2028 2197 ho-

429 2235 630 2287 minum
661 2236 895 2289 motibus
927 2234 1056 2288 deos
1085 2235 1329 2307 singulos
1356 2234 1755 2302 adtribuebaut,
1787 2236 2029 2289 instituta

426 2325 590 2381 fuisse
640 2344 789 2383 sacra
838 2328 955 2383 dea:
1008 2329 1239 2394 Marcius,
1273 2347 1292 2379 ‹
1328 2344 1448 2399 qua:
1488 2339 1685 2401 praeter
1730 2329 1968 2392 modum,
2004 2348 2024 2380 ι

427 2421 587 2475 verba
628 2422 745 2491 ejus
785 2431 931 2482 sunt.
977 2441 994 2471 ι
1033 2438 1141 2476 non
1178 2433 1437 2485 moveret,
1482 2432 1575 2477 aut
1615 2423 1816 2477 laceret
1851 2423 2026 2476 homia

426 2532 587 2581 nem,
634 2528 692 2570 ut
732 2517 807 2572 ait
854 2517 1201 2586 Pomponius,
1248 2517 1580 2582 murcidum,
1631 2518 1680 2570 id
1720 2526 1823 2582 est,
1868 2517 2027 2571 nitnis

422 2611 790 2678 desidiosum,
839 2621 892 2666 et
940 2612 1300 2664 inactunsum.
1345 2630 1363 2663 ι
1407 2602 1673 2685 (August,
1722 2611 1811 2667 lib.
1858 2626 1910 2663 tv
1962 2611 2026 2665 de

424 2706 600 2770 (.‘ivil.,
627 2723 742 2777 cap.
774 2706 864 2770 16,
891 2723 1010 2778 pag.
1042 2705 1188 2767 100.)
1217 2703 1393 2759 Testis
1412 2720 1542 2759 vero
1564 2703 1715 2759 nobis
1737 2715 1821 2758 est
1845 2703 2027 2757 Livius

422 2798 631 2853 Ancum
663 2800 932 2864 Martium,
962 2799 1227 2868 superatis
1259 2798 1482 2865 Latinis,
1507 2799 1596 2868 qui
1627 2814 1749 2852 eum
1781 2796 2023 2853 desidem

425 2893 787 2949 Romanorum
829 2908 1012 2962 regem
1051 2892 1479 2962 appellaverant,
1511 2893 1736 2946 Romam
1775 2894 2019 2948 rediisse.

422 2986 558 3041 'l‘um
587 2986 783 3040 deinde
802 2985 1043 3039 addidit:
1076 3003 1095 3035 ι
1130 2984 1311 3038 Multis
1344 2985 1653 3038 Latinorum
1677 2984 1728 3037 in
1752 2984 2021 3039 civitatem

420 3080 677 3147 acceptis,
724 3077 920 3148 quibus
962 3088 1022 3133 ut
1058 3077 1378 3148 jungeretur
1419 3076 1626 3131 Palatio
1672 3078 2019 3142 Aventinum,

418 3172 486 3226 ad
521 3171 733 3225 Murcia:
763 3172 902 3225 data:
928 3172 1107 3225 sedes.
1143 3190 1161 3222 ι
1191 3169 1328 3235 (Liv.
1357 3170 1447 3223 lib.
1479 3184 1517 3233 ι,
1551 3168 1580 3240 ς
1608 3169 1679 3225 52
1709 3181 1754 3222 et
1783 3171 1902 3239 55.)

490 3263 741 3319 Attumne
781 3273 971 3319 testem
1015 3264 1194 3323 adhuc
1232 3260 1554 3319 desideras?
1596 3261 1674 3314 En
1707 3261 1861 3314 adest
1894 3260 2025 3314 Ter-

422 3359 696 3427 tullianus,
722 3360 813 3433 qui
840 3359 1014 3425 eidem
1037 3359 1153 3415 dea:
1174 3358 1345 3412 a'dem
1368 3358 1688 3413 a-diticatam
1720 3359 1884 3417 luisse
1910 3373 2026 3413 me-

419 3464 597 3511 morat
627 3472 640 3509 :
680 3472 698 3507 ι
730 3454 965 3516 Correus,
1008 3472 1026 3505 ι
1063 3453 1255 3522 inquit,
1294 3471 1313 3502 ι
1350 3452 1491 3522 apud
1536 3464 1705 3506 melas
1740 3451 1840 3504 sub
1881 3461 2022 3505 terra

418 3547 683 3603 delitescit
717 3546 947 3603 Murcias
985 3564 999 3599 :
1040 3545 1136 3600 bas
1177 3562 1391 3618 quoque
1438 3545 1638 3601 idolum
1682 3542 1830 3601 fecit.
1876 3544 2023 3599 Mur-

417 3646 555 3705 ciam
592 3644 735 3697 enim
780 3642 934 3705 deam
979 3641 1241 3696 marcoris
1282 3640 1489 3705 volunt,
1529 3640 1613 3693 cui
1652 3639 1706 3693 in
1745 3639 1833 3692 illa
1874 3651 2025 3708 parte

418 3736 587 3792 tndem
630 3751 850 3791 vovere.
888 3753 906 3786 ι
945 3733 1214 3809 (Tertull.,
1269 3734 1355 3788 lib.
1393 3735 1455 3791 de
1484 3720 1750 3801 Spectata,
1800 3750 1917 3806 cap.
1962 3732 2019 3797 8,

419 3847 538 3899 pag.
567 3828 683 3900 95.)
712 3828 823 3883 Nos
861 3829 1077 3898 quidem
1106 3844 1212 3881 non
1236 3828 1367 3893 fugit
1393 3827 1711 3896 quibusdam
1746 3827 1921 3880 visum
1951 3825 2024 3879 ibi

418 3939 516 3994 pro
545 3923 814 3988 marcuris,
858 3920 1142 3992 legendum
1183 3921 1395 3979 autoris.
1436 3919 1493 3975 In
1537 3920 1776 3975 animum
1823 3919 2023 3989 quippe

418 4018 472 4073 hi
498 4019 598 4074 sibi
624 4019 957 4074 induxerunt
983 4016 1377 4072 Tertulliauum
1402 4015 1472 4070 de
1497 4013 1706 4069 Venere
1736 4013 1905 4082 loqui,
1936 4011 2023 4069 cui

416 4113 493 4167 uti
528 4111 715 4177 scribit
751 4111 977 4177 Plinius,
1019 4112 1251 4181 primum
1290 4110 1529 4182 Myrteze,
1567 4107 1763 4163 deinde
1806 4107 2023 4161 Murcias

418 4222 614 4261 nomen
637 4203 757 4260 fuit.
793 4204 1006 4260 Addere
1036 4214 1287 4273 poterant
1315 4202 1476 4271 hujus
1494 4201 1672 4261 adhuc
1700 4217 1729 4254 a
1752 4199 2019 4265 Varrone,

417 4298 741 4359 Plutarcho,
788 4309 843 4354 ct
880 4298 1001 4353 aliis
1053 4297 1169 4355 ﬁeri
1221 4297 1548 4355 mentionem
1590 4294 1803 4366 .(Plin.,
1851 4294 1942 4347 lib.
1987 4308 2021 4346 v

420 4389 614 4445 Nalur.
668 4391 811 4455 hist.,
855 4408 972 4459 cap.
1016 4392 1117 4455 19,
1163 4407 1284 4461 pag.
1312 4391 1455 4455 312;
1498 4387 1673 4454 Varr.,
1718 4387 1806 4442 lib.
1864 4403 1912 4445 Iv
1959 4388 2022 4443 de

416 4483 542 4553 (ing.
589 4483 704 4549 ιαμ,
740 4498 859 4551 pag.
889 4483 958 4539 57
989 4491 1038 4536 et
1076 4483 1177 4545 38;
1213 4480 1511 4541 Plutarch"
1556 4479 1750 4547 Quam.
1789 4494 2019 4541 remain,

2157 514 2243 567 lib.
2290 530 2383 577 ιιι,
2428 531 2547 584 pag.
2596 515 2684 579 15)
2728 517 3001 586 appellare
3043 520 3330 585 Venerem,
3360 521 3515 587 illum,
3547 526 3706 591 lnquit,

2157 608 2455 677 cupidinum
2486 618 2717 673 matrem,
2750 611 3055 678 pra-feelam
3087 616 3358 681 amoribus,
3385 625 3431 669 el
3458 619 3711 685 cupiditatis

2154 701 2347 751 artiori.
2382 699 2514 767 Quis
2543 702 2683 755 enim
2720 712 2825 769 est,
2857 706 2944 773 qui
2978 706 3092 762 hinc
3120 708 3366 778 ignorat?
3393 708 3708 776 Quamobrem

2153 806 2271 845 Cum
2314 792 2591 846 Lactantio
2627 794 2809 849 dicere
2840 797 3039 853 sufﬁcit
3067 818 3079 854 :
3112 817 3128 850 ι
3160 800 3296 866 Quid
3330 801 3510 871 loquar
3532 803 3713 859 obseae-

2154 884 2372 938 nitatem
2405 880 2645 949 Veneris,
2674 890 2911 942 omnium
2946 891 3253 947 libidinibus
3292 895 3595 962 prostitutte,
3623 913 3708 952 non

2151 978 2377 1033 deorum
2428 990 2653 1039 tantum.
2698 984 2791 1037 sed
2840 993 2891 1039 et
2929 984 3352 1043 hominum......
3389 988 3514 1057 Quze
3551 992 3708 1060 prima,

2151 1076 2283 1128 utin
2337 1076 2555 1129 historia
2602 1093 2751 1132 sacra
2797 1082 3123 1147 continetur,
3168 1094 3337 1139 artem
3389 1087 3709 1143 meretriciam

2150 1165 2399 1231 instituit,
2456 1178 2749 1239 auctorque
2802 1173 3123 1229 mulieribus
3174 1177 3226 1230 in
3274 1174 3451 1248 Cypro
3499 1176 3608 1245 fuit,
3647 1179 3710 1235 uti

2147 1261 2308 1329 vulgo
2333 1275 2563 1330 corpore
2591 1272 2853 1331 quaestum
2887 1264 3140 1322 facerent.
3172 1268 3324 1334 Quod
3354 1269 3546 1324 idcirco
3569 1271 3712 1341 impe-

2146 1352 2314 1418 ravit;
2348 1368 2418 1408 ne
2442 1354 2553 1407 sola
2582 1364 2776 1424 praeter
2796 1358 3071 1421 mulieres,
3102 1361 3392 1429 impudica,
3427 1371 3478 1416 et
3502 1364 3709 1417 virorum

2144 1456 2406 1513 appetens
2427 1446 2721 1502 videretur.
2750 1468 2770 1500 ι
2809 1450 3070 1517 (Laetam,
3095 1452 3205 1507 libr
3243 1452 3707 1524 Institut.,cap.i7,

2144 1554 2262 1609 pag.
2296 1539 2412 1610 92.)
3420 1606 3429 1613 _

2215 1633 2320 1689 Sed
2352 1637 2471 1705 quia
2502 1637 2685 1707 plures
2710 1640 2777 1692 ab
2807 1638 3035 1693 ethnicis
3062 1637 3712 1709 pnedicabanturimpudi-

2139 1730 2261 1783 cilia
2310 1742 2363 1785 et
2416 1732 2723 1787 libidinibus
2760 1732 3130 1788 famosissimze
3168 1732 3430 1797 Veneres,
3457 1750 3605 1790 unam
3628 1736 3711 1789 im-

2063 1819 2112 1880 B
2141 1822 2325 1893 primis
2372 1824 2658 1888 Arnobius,
2701 1830 2912 1879 emeris
2952 1841 3082 1881 sane
3128 1829 3391 1897 pejorem,
3442 1829 3521 1882 his
3557 1828 3710 1883 verbis

2139 1916 2480 1970 insectatur:
2518 1936 2533 1969 ι
2575 1919 2818 1973 Etiamne
2864 1918 3105 1974 Militaris
3148 1919 3330 1975 Venus
3378 1920 3710 1975 castrensibus

2138 2007 2326 2077 plagiis
2358 2009 2487 2078 (ms.
2521 2012 2691 2064 codex
2732 2012 2913 2080 regius
2942 2020 2991 2065 et
3035 2019 3137 2064 vet.
3172 2012 3302 2067 edit.
3334 2011 3563 2083 ﬂagitiis)
3592 2027 3708 2081 pm-

2136 2101 2296 2166 Silif‘l,
2316 2113 2367 2155 et
2387 2118 2673 2172 puerorum
2696 2106 2917 2173 stupris.
2943 2123 2961 2155 ι
2985 2105 3223 2176 (Arnob,
3242 2107 3333 2160 lib.
3357 2120 3435 2170 Iv,
3454 2122 3566 2178 pag.
3583 2104 3710 2175 151.)

2135 2193 2292 2259 Quid,
2326 2212 2532 2264 quaso,
2565 2197 2794 2252 ethnicis
2831 2198 3042 2266 majori,
3074 2200 3117 2253 si
3146 2215 3385 2257 unquam
3421 2201 3710 2256 erubescere

2136 2289 2455 2359 potuisscnt,
2503 2290 2755 2344 dedecori
2801 2290 3103 2361 probroque
3146 2305 3270 2346 esse
3316 2301 3543 2361 poterat,
3575 2305 3709 2360 quam

2134 2380 2348 2433 infamis
2391 2381 2533 2435 illius
2572 2382 2688 2435 dem
2729 2382 2906 2437 cultus
2940 2393 2993 2436 ct
3030 2384 3341 2437 veneratio?
3380 2383 3485 2439 Sed
3524 2382 3711 2453 rogabis

2135 2470 2275 2526 haud
2303 2472 2465 2527 dubie
2491 2488 2608 2543 tiliae
2638 2474 2799 2527 fuerit
2840 2475 2926 2527 illa
2966 2474 3204 2529 Militaris
3239 2473 3442 2545 Venus,
3473 2477 3617 2544 cuius
3641 2488 3714 2528 ra-

2130 2565 2262 2626 rior,
2297 2582 2455 2635 quam
2493 2566 2720 2635 aliarum
2760 2569 2965 2621 mentio
2998 2567 3132 2621 facta
3163 2577 3265 2622 est.
3298 2568 3419 2623 Non
3450 2568 3608 2623 semel
3641 2578 3710 2621 ts-

2131 2675 2254 2713 nien
2285 2658 2578 2712 Pausanias
2606 2659 2831 2714 Veneris
2863 2659 3113 2725 Armate),
3147 2676 3210 2713 ac
3240 2662 3470 2731 proinde
3495 2661 3712 2717 Militaris

2131 2751 2378 2805 meminit
2407 2750 2689 2823 (Pansam,
2718 2753 2806 2805 lib.
2841 2768 2899 2814 tt,
2930 2770 3049 2822 pag.
3083 2754 3174 2817 48,
3210 2762 3257 2807 et
3287 2754 3361 2808 lib
3412 2768 3488 2809 ιιι.
3519 2770 3627 2824 pag.
3655 2751 3712 2807 91

2130 2854 2176 2897 et
2210 2843 2360 2909 i06),
2393 2853 2551 2911 atque
2598 2843 2745 2897 hisce
2801 2845 3138 2913 potis~imum
3190 2846 3377 2901 verbis
3415 2848 3643 2921 ξιιύθηρσ
3669 2842 3713 2899 6i

2129 2939 2160 2997 ἠ
2186 2937 2327 2996 πόλις
2348 2936 2596 2991 ἀναϐάντι
2622 2938 2724 2993 ἀπὸ
2750 2936 3017 2997 Σκανδείας
3034 2978 3047 3000 ,
3088 2937 3279 2995 στάδια
3331 2942 3402 2999 ὥς
3437 2938 3574 2994 δοιά*
3598 2938 3650 2992 τὸ
3668 2934 3714 2989 δέ

2128 3029 2261 3104 ἱερὸν
2289 3038 2380 3089 τῆς
2407 3032 2660 3105 Οὐρανίας
2687 3030 2991 3103 ἁγιώτατον,
3022 3035 3108 3084 καὶ
3153 3031 3322 3105 ἱερῶν.
3353 3030 3522 3086 ὁπόσα
3559 3029 3713 3105 ’Δφροο

2127 3120 2269 3181 sim;
2330 3121 2459 3196 παρ’
2500 3118 2736 3179 Ἕλλησίν
2787 3122 2959 3180 ἐστιν,
3004 3122 3382 3194 ἀρχαιότατον.
3437 3124 3564 3181 αὐτή
3603 3119 3652 3176 δὲ
3688 3120 3714 3177 ἦ

2052 3214 2097 3277 C
2127 3217 2237 3275 θεὸς
2264 3216 2435 3279 ξόανον
2464 3218 2800 3287 ὡπλισμένον.
2830 3216 2873 3269 Α
2903 3216 3141 3270 Scandea
3166 3217 3235 3270 ad
3260 3221 3384 3286 ipsa
3408 3218 3715 3289 ligamenta

2130 3308 2314 3361 mmniu
2344 3308 2697 3373 adscenditur,
2732 3310 2955 3362 stadium
2999 3312 3169 3361 decem
3197 3310 3299 3362 via.
3336 3308 3433 3363 Est
3462 3308 3565 3363 illic
3595 3306 3713 3361 Ura-

2128 3402 2228 3453 nia:
2268 3399 2477 3455 Veneris
2503 3401 2769 3468 templum,
2803 3417 2981 3455 eorum
3004 3401 3252 3464 omnium,
3285 3417 3405 3471 gnte
3426 3402 3563 3471 apud
3583 3396 3712 3453 Grc-

2128 3509 2214 3546 cos
2257 3490 2437 3548 Veneri
2466 3496 2639 3548 dicato
2667 3503 2804 3559 sunt,
2834 3494 3055 3547 maxime
3088 3495 3335 3563 priscum.
3369 3492 3499 3549 Dec
3532 3494 3713 3563 signum

2127 3602 2241 3640 cum
2282 3587 2440 3641 armis
2485 3596 2575 3641 est.
2624 3588 2849 3641 Nonnus
2887 3601 3100 3656 quoque
3141 3584 3372 3656 (Neam,
3420 3586 3510 3641 lib.
3554 3594 3711 3644 xxxv;

2129 3677 2373 3750 Dionys.,
2417 3695 2546 3733 vers.
2593 3679 2699 3734 175
2727 3687 2776 3733 et
2803 3677 2967 3748 seqq.)
3006 3679 3095 3732 ubi
3123 3676 3394 3733 Venerem
3430 3675 3595 3733 Marte
3630 3687 3712 3744 p0-

2127 3773 2411 3828 tentiorem
2439 3773 2582 3827 canit
2608 3790 2621 3825 :

2316 3878 2378 3924 Μὴ
2400 3879 2566 3927 Σπάρτης
2592 3876 2753 3923 uituli,
2775 3876 2981 3926 pax-4pm“
3005 3869 3067 3926 ἧχι
3086 3874 3242 3917 «olives

2313 3940 2479 3980 Χὰλιιςν
2502 3935 2597 3983 ιῖδος
2624 3939 2747 3991 ’ἔχουσι
2769 3942 3037 3991 ιορυσσομόνης
3062 3928 3284 3989 Ᾰφροδὶτης.

2312 4032 2389 4096 lie
2413 4008 2640 4096 spartam
2668 4030 2955 4096 ingredere,
2980 4029 3198 4079 bellicosi
3225 4032 3311 4096 ubi
3336 4034 3477 4082 cives

2312 4092 2515 4143 .Eneam
2541 4092 2799 4155 imaginem
2823 4092 3005 4141 habent
3028 4099 3224 4141 armata:
3251 4092 3485 4144 Veneris.

2126 4200 2318 4255 Narrat
2355 4211 2533 4255 autem
2573 4200 2883 4255 Lactantius
2926 4199 3194 4270 (Laetam,
3245 4200 3335 4257 lib.
3366 4218 3417 4268 1,
3464 4215 3581 4273 cap.
3629 4195 3707 4261 19.

2128 4312 2245 4367 pag.
2290 4294 2415 4361 109)
2460 4296 2526 4346 ab
2566 4293 2752 4347 iisdem
2796 4292 3073 4364 Spartanis
3115 4297 3488 4351 construcmm
3534 4286 3709 4348 Veneri

2128 4391 2364 4441 Armatz‘e
2394 4387 2599 4451 fanum,
2654 4403 2716 4441 ac
2756 4386 3139 4447 simulacrum.
3189 4389 3239 4441 in
3289 4387 3574 4442 mulierum
3613 4397 3711 4438 me-

2130 4480 2377 4545 moriam,
2411 4495 2531 4548 qua:
2579 4478 2684 4531 illis
2730 4491 2850 4553 post
2892 4480 3101 4550 fugatos
3129 4480 3433 4535 Messenios
3478 4478 3714 4533 venerant

418 4583 539 4629 toni.
570 4588 629 4641 tl,
660 4590 777 4643 pag.
806 4573 960 4645 268).
995 4576 1063 4629 At
1086 4581 1235 4628 certe
1266 4588 1387 4626 cum
1415 4572 1466 4625 in
1495 4569 1851 4625 etueudutiori
1885 4568 2020 4629 Ter-
2046 4596 2097 4659 D
2127 4574 2364 4634 obviam,
2400 4584 2452 4626 ct
2481 4589 2601 4627 cmn
2636 4575 2768 4643 ipSlS
2798 4575 3220 4629 concubuerant.
3259 4576 3503 4647 Denique
3534 4574 3598 4629 ab
3624 4569 3715 4625 lie-

416 4667 623 4722 tulliaui
658 4677 801 4722 textu
834 4667 1092 4737 scriptum
1124 4667 1368 4739 legamus
1390 4665 1656 4728 mercaris,
1680 4678 1802 4717 eum
1827 4662 1894 4717 de
1922 4678 2017 4717 ea-

418 4761 562 4821 dem,
604 4768 764 4830 atque
806 4762 951 4814 citati
989 4778 1017 4813 a
1054 4760 1210 4819 nobis
1252 4759 1577 4828 Scriptores,
1632 4755 1869 4813 Muri-ida
1917 4754 2018 4811 dea

419 4852 818 4921 intelligendum
844 4867 963 4907 esse
990 4854 1075 4905 cui
1103 4868 1231 4905 vero
1261 4854 1417 4920 plane
1446 4849 1776 4904 similiimmn
1805 4863 1910 4900 non
1943 4848 2019 4902 vi-

418 4945 642 4999 deatur?
664 4945 719 5000 Si
746 4945 865 5014 quis
891 4960 1051 5015 porro
1080 4955 1224 5005 recte
1250 4944 1549 5016 probaverit
1574 4947 1707 4997 hanc
1730 4941 2017 5007 Murcidam

418 5040 659 5110 scguium
703 5038 854 5093 deam
893 5053 999 5093 non
1035 5039 1188 5092 aliam
1234 5054 1354 5092 esse
1386 5052 1542 5108 quam
1574 5037 1836 5091 Venerem
1874 5036 2018 5107 Myr-

417 5139 580 5193 team,
622 5146 716 5182 seu
758 5128 1033 5191 Murciam,
1072 5130 1271 5184 amoris
1308 5129 1422 5185 sive
1461 5132 1718 5185 marcoris
1755 5129 1929 5185 deam.
1968 5126 2019 5180 ei

416 5240 607 5281 manus
636 5233 782 5283 tanto
810 5223 1078 5280 lubentius
1111 5224 1376 5291 dabimus,
1407 5234 1606 5292 quanto
1644 5223 1767 5279 inde
1795 5223 2019 5279 validius

416 5319 640 5385 Arnobii
667 5318 927 5375 sententia
958 5317 1246 5373 stahilitur.

489 5413 651 5469 Visne
706 5412 770 5466 ad
829 5413 1085 5478 majorem
1142 5409 1474 5463 ethnicorum
1532 5407 1901 5479 ignominiam,
1957 5421 2020 5462 ac

415 5508 799 5577 sempiternum
833 5504 1087 5567 dedecus,
1120 5514 1277 5573 atque
1313 5503 1450 5557 adeo
1478 5503 1541 5557 ad
1571 5513 1770 5556 certam
1804 5500 2020 5571 religio-

419 5602 502 5655 nis
523 5615 707 5654 enrum
741 5598 947 5653 ruinam
973 5607 1025 5652 et
1047 5597 1381 5651 eversionem
1412 5595 1502 5650 tibi
1530 5594 1727 5664 aliquid
1754 5593 2021 5664 proferri?

416 5692 561 5747 Nihil
597 5707 727 5745 sane
767 5692 992 5747 facilius.
1037 5689 1244 5745 Praesto
1285 5688 1545 5759 siquidem
1586 5698 1712 5742 sunt
1751 5688 1806 5755 ii,
1856 5690 1943 5759 qui
1989 5703 2019 5744 a

419 5785 578 5841 caecis
604 5787 709 5840 illis
738 5785 1028 5856 gentilibus
1066 5785 1176 5838 ullo
1206 5784 1325 5839 sine
1352 5784 1549 5838 rubore
1576 5782 1913 5849 colebantur,
1946 5782 2020 5839 dii

414 5878 620 5938 illicitis
651 5893 717 5934 ac
750 5875 1072 5949 turpissimis
1102 5876 1282 5947 rebus,
1323 5886 1379 5932 et
1415 5876 1557 5932 vitiis
1586 5876 1879 5948 praepositi.
1910 5876 2020 5936 Νοη

2125 4666 2314 4738 sycltio
2330 4664 2910 4742 ntemm'atur"nye¢os
2930 4666 3209 4746 Ἀφροδίτη.
3227 4672 3496 4746 Κυπρίοις.
3518 4665 3713 4719 Hastam

2139 4756 2324 4825 Venus,
2355 4758 2577 4830 Cypriis.
2612 4758 2749 4826 Quid
2791 4774 2919 4813 vero
2952 4769 3055 4812 tam
3094 4770 3248 4827 turpe
3290 4767 3346 4813 et
3397 4761 3711 4819 obscaenum,

2125 4853 2209 4907 cui
2245 4855 2355 4907 lucc
2394 4852 2573 4907 Venus
2605 4869 2839 4926 pra-(3550
2890 4870 2992 4907 non
3024 4854 3382 4908 crederetur?
3410 4853 3537 4910 Jure
3572 4849 3713 4920 igitur

2127 4947 2320 5001 merito
2351 4946 2611 5002 Ethnicns
2640 4947 2831 5002 irridet
2861 4948 3162 5015 Arnobius;
3199 4949 3323 5018 quia
3360 4947 3618 5002 Venerem
3645 4940 3713 5011 ip-

2126 5056 2238 5093 sam
2292 5041 2616 5110 turpissimis
2670 5041 2945 5095 hominum
2981 5039 3197 5111 ilagitiis
3253 5057 3497 5114 pricesse
3538 5037 3711 5109 Opina-

2129 5132 2353 5199 bantur;
2403 5150 2563 5203 quam
2611 5144 2825 5200 tamen,
2881 5134 3168 5188 militarem
3222 5146 3520 5200 armatam,
3570 5141 3711 5199 atque
3791 5126 3798 5136 ’

2130 5224 2416 5291 hastatam,
2458 5225 2623 5278 armis
2650 5224 3103 5294 quemadmodum
3133 5225 3411 5279 amoribus
3440 5234 3493 5279 et
3516 5217 3709 5290 ﬂagitiis

2129 5314 2435 5385 praefectum
2468 5316 2762 5384 [tl‘iPdiCﬂt‘e
2795 5333 2857 5370 ac
2884 5317 3129 5371 venerari
3172 5332 3279 5370 non
3311 5315 3707 5371 erubescebant.

2200 5409 2376 5480 Pergit
2405 5411 2673 5465 Arnobius
2702 5410 2939 5480 (Arnob,
2965 5409 3051 5463 lib.
3085 5426 3159 5475 1v,
3188 5426 3309 5479 pag.
3351 5408 3499 5480 151),
3530 5417 3578 5460 et
3606 5416 3709 5456 rur-

2126 5518 2217 5559 sus
2248 5504 2315 5557 ab
2346 5503 2576 5558 ethnicis
2612 5505 2916 5558 sciscitatur
2954 5512 3137 5556 ltlltttll
3170 5502 3316 5557 serio
3344 5501 3564 5555 credant
3590 5495 3707 5550 Per-

2122 5598 2314 5662 sicam,
2363 5596 2688 5651 Pertundam
2731 5607 2785 5649 et
2830 5595 3100 5649 Tutmunu
3154 5595 3238 5661 iis,
3269 5589 3705 5662 quemadmodum

2123 5690 2224 5760 ipsi
2256 5691 2625 5761 divulgabaut,
2669 5698 2723 5744 et
2754 5690 2843 5743 ille
2887 5697 3175 5753 recenset,
3226 5686 3504 5744 obscaenis
3526 5676 3706 5755 pratici

2125 5783 2513 5852 voluptatibus.
2535 5785 2705 5847 Quem
2733 5782 2902 5843 enim,
2928 5782 3027 5835 nisi
3057 5782 3203 5835 omni
3229 5779 3442 5850 pudore
3459 5774 3703 5848 deposito.

2129 5876 2254 5933 talia
2286 5875 2503 5932 numina
2533 5875 2734 5943 colere,
2771 5874 2938 5930 immo
2966 5874 3152 5931 dicere
3192 5890 3300 5931 non
3342 5870 3573 5946 pudeat?
3604 5865 3699 5923 Nos
