3904 6326
435 272 535 332 531

1707 289 2166 354 DISSERTATIO
2201 296 2486 356 PRIEVIA
3600 328 3686 385 552

435 399 645 461 cantur,
686 391 753 450 de
778 392 884 451 illis
917 394 1058 452 infra
1095 395 1311 456 dicendi
1348 399 1501 459 locus
1528 401 1743 463 dabitur
1780 410 2019 484 (Arnob.,
2050 419 2105 479 Α
2200 418 2278 473 Ex
2306 419 2546 490 ejusdem
2576 417 2873 481 Clementis
2899 427 3247 488 Alexandrini
3289 433 3433 494 fonte
3456 439 3504 496 id
3537 442 3687 506 adhuc

435 486 524 542 lib.
547 504 626 553 nl,
657 506 777 562 pag.
808 490 955 563 115).

442 667 453 677 ,
1018 609 1246 671 CAPUT
1273 586 1411 673 xui.

436 692 713 752 Excutitur
738 698 885 755 aliud
914 703 1125 760 Arnobii
1144 719 1326 764 contra
1345 712 1608 781 gentilium
1628 714 1750 770 deos
1770 731 2035 786 argumen-

556 801 684 862 tum,
718 812 781 850 ex
807 813 980 852 eorum
998 802 1251 871 servitute,
1279 805 1512 873 vinculis,
1537 792 1854 883 vulneribus,
1879 822 2040 869 morte

515 903 578 942 ac
593 888 841 960 sepulcris
867 890 1209 965 desumptum.

958 1023 1256 1067 ARTICULUS
1292 1026 1506 1071 PRIMUS.

429 1114 588 1194 Quam
610 1117 769 1194 valida
790 1121 856 1170 sit
878 1119 1079 1172 Arnohii
1102 1123 1163 1173 ad
1185 1125 1534 1194 destruendam
1569 1132 1830 1194 gentilium
1853 1134 1919 1185 de
1942 1134 2036 1184 diis

492 1183 597 1258 suis
612 1182 894 1258 cipit-tionem
918 1190 1302 1258 argumentatio,
1322 1194 1477 1258 petita
1499 1182 1827 1246 exservitute
1848 1182 2037 1246 Hercu-

492 1242 575 1302 lis,
602 1242 857 1319 Apollinis,
883 1255 935 1319 et
951 1242 1181 1319 Neptuni.
1361 1253 1594 1306 Minervae
1619 1242 2037 1319 ministerii—Mn-

491 1319 657 1356 sarum
701 1308 969 1385 famulatu,
1012 1308 1182 1362 Martis
1220 1327 1277 1385 a_c
1308 1316 1505 1385 saturni
1543 1320 1777 1385 vinculis,
1822 1308 1973 1385 atque
1994 1308 2037 1370 7a

493 1380 651 1442 regno
669 1382 759 1442 suo
778 1372 1070 1442 expulsione
1090 1422 1102 1437 ,
1131 1389 1188 1425 ac
1212 1375 1433 1442 ejusdem
1461 1381 1642 1440 Martis,
1666 1372 1903 1442 Veneris:
1924 1384 2038 1434 Plu-

500 1434 646 1493 tonis,
671 1430 895 1495 lunonis,
924 1430 1175 1499 Minervae,
1201 1430 1256 1490 ei
1274 1439 1504 1493 Herculis
1526 1430 1828 1497 vulneribiis.

530 1560 669 1618 Deos
692 1577 843 1632 suos,
874 1580 1101 1638 quorum
1140 1570 1419 1641 majestate
1466 1571 1598 1628 nihil
1637 1574 1916 1631 sublimius
1944 1590 2038 1631 ex-

430 1656 821 1729 eclleutiusque
861 1662 1162 1732 excogitari
1212 1662 1478 1731 debebat,
1509 1681 1578 1723 eo
1615 1683 1783 1739 usque
1831 1668 2036 1725 ethnici

431 1752 835 1823 deprimebaut,
868 1764 927 1810 ut
953 1771 1141 1812 eorum
1166 1760 1504 1829 servitutem,
1527 1762 1762 1829 vincula,
1784 1765 2032 1831 vulnera,

2136 510 2314 567 hausit
2360 514 2665 585 Arnobius,
2719 518 2862 588 quod
2909 520 2977 576 de
3027 522 3194 581 Musis
3243 526 3433 586 ibidem
3481 535 3688 606 adjecit;

2140 622 2161 655 ι
2193 603 2460 675 Numquid
2482 623 2549 663 ex
2576 609 2731 666 nobis
2749 611 3017 684 Myrtillus
3056 627 3139 672 est
3167 631 3385 685 auctor,
3421 626 3506 695 qui
3528 603 3690 689 Macari

2136 695 2293 762 ﬁlias,
2327 696 2655 770 Mcgaclonis
2681 704 2967 761 ancillulas
2995 708 3277 777 profitetur
3300 711 3463 771 fuisse
3480 717 3689 778 Musas.»

2137 790 2383 858 (Arnob.,
2409 791 2500 846 lib.
2534 809 2604 858 tv,
2625 812 2746 868 pag.
2774 797 2926 870 145.)
2951 799 3031 856 Ex
3051 805 3242 860 eodem
3264 808 3457 880 quippe
3474 811 3692 887 Myrttllu,

2137 898 2234 939 seti
2279 885 2523 958 Myrsillo
2572 888 2797 959 Lesbio,
2853 905 3041 951 narrat
3093 897 3343 959 Clemens
3387 903 3554 963 Musas
3594 885 3692 968 cum

2137 992 2311 1035 serva:
2339 993 2547 1052 essent,
2580 1002 2610 1038 a
2641 986 2953 1055 Megaclone
2993 990 3219 1051 Macaris
3243 995 3548 1058 Lesbiorum
3578 1007 3696 1077 regis

2136 1069 2244 1127 ﬁlia
2296 1084 2526 1146 emptas,
2573 1093 2693 1149 qua:
2736 1081 2843 1137 illis
2889 1094 3075 1154 postea
3116 1089 3397 1149 columnas
3434 1069 3697 1170 templaque

2137 1172 2459 1227 construxit.
2491 1171 2600 1229 Sed
2632 1175 2700 1231 de
2727 1176 2793 1232 iis
2817 1177 3017 1250 aliquid
3044 1181 3097 1237 in
3128 1186 3408 1256 superiore
3436 1191 3699 1262 Apparatus

2138 1262 2307 1317 nostri
2339 1272 2486 1317 tumo
2530 1269 2947 1337 perstrinximus
2986 1271 3242 1347 (Clemens
3273 1280 3561 1351 Alexandr”
3607 1286 3696 1341 Ad-

2138 1356 2318 1412 monit.
2343 1360 2413 1412 ad
2428 1370 2590 1431 gent.,
2639 1379 2761 1436 pag.
2788 1365 2887 1431 i9;
2921 1377 3045 1424 tom.
3074 1385 3091 1424 1
3130 1369 3405 1443 Apparat.,
3435 1393 3547 1449 pag.
3573 1377 3697 1450 820).

2194 1447 2467 1506 Servitute
2492 1453 2707 1510 duriora
2738 1458 2923 1527 procul
2949 1459 3117 1517 dubio
3143 1474 3272 1519 sunt
3293 1447 3520 1537 vincula,
3539 1447 3701 1540 quibus

2136 1542 2367 1611 gentiles
2418 1543 2551 1601 deos
2593 1561 2721 1603 suos
2776 1550 3149 1622 indignissime
3204 1560 3521 1617 constrictos
3563 1562 3701 1623 fuisse

2139 1635 2518 1705 opinabantur.
2553 1640 2692 1707 Quid
2737 1644 2884 1700 enim
2934 1661 2965 1701 a
3005 1647 3286 1707 divinitate
3314 1651 3520 1727 longius
3554 1657 3700 1726 abest,

2139 1742 2300 1797 quam
2331 1732 2474 1800 quod
2498 1732 2821 1799 jaetitabant
2846 1756 2861 1794 :
2891 1757 2911 1790 ι
2941 1739 3219 1799 Parricidii
3246 1760 3429 1815 causa,
3465 1768 3485 1802 ι
3514 1749 3704 1806 Arnobii

430 1862 494 1901 ac
524 1858 755 1904 mortem
796 1848 994 1920 ubique
1022 1850 1268 1921 miraque
1298 1853 1629 1924 impudentia
1676 1856 2034 1926 praedicarent

2142 1820 2300 1875 verba
2329 1832 2458 1878 sunt
2486 1821 2703 1897 (Arnob.
2737 1827 2826 1883 lib.
2861 1846 2933 1898 tv,
2965 1848 3087 1905 pag.
3114 1834 3266 1908 N3),
3298 1857 3319 1891 ι
3356 1839 3581 1896 vinctum
3605 1855 3705 1897 esse

431 1954 497 1995 ac
525 1941 885 1998 venditareut.
911 1941 995 1999 Ab
1036 1944 1103 1999 iis
1133 1948 1357 2013 etenim,
1385 1949 1463 2002 ait
1493 1951 1787 2018 Arnobius,
1823 1968 2034 2008 memo-

430 2032 526 2087 riae
552 2034 823 2102 proditum
854 2036 1028 2091 fuerat
1072 2055 1086 2091 :
1135 2057 1155 2090 ι
1192 2039 1580 2097 Mercenariam
1621 2044 1755 2099 deos
1806 2046 2035 2100 servitu-

431 2134 539 2182 tem
562 2128 816 2195 servisse,
851 2140 908 2185 ιιι
936 2130 1220 2188 Herculem
1247 2134 1529 2203 Sardibus,
1559 2137 1761 2193 amoris
1789 2148 1846 2194 et
1876 2148 2035 2207 petu—

428 2217 610 2276 lantite
635 2237 797 2278 causa
819 2240 834 2288 ;
859 2234 920 2279 ut
947 2224 1179 2281 Admeto
1201 2227 1506 2298 Apollinem
1544 2231 1790 2297 Delium;
1827 2244 1885 2288 ut
1904 2233 2042 2288 Lao-

431 2313 675 2369 medonti
704 2315 900 2373 Troico
929 2317 1081 2374 Jovis
1124 2318 1385 2388 fratrem;
1437 2335 1494 2378 ut
1538 2324 1736 2390 eidem,
1775 2326 1870 2380 sed
1912 2343 2033 2383 cum

431 2418 625 2476 patrno
668 2408 954 2481 Pythium;
998 2423 1054 2466 ut
1080 2414 1383 2486 conjugalia
1423 2426 1633 2472 secreta
1683 2417 2037 2475 miscentibus

430 2498 722 2556 Minervam
754 2504 888 2558 lucis
919 2503 1244 2573 ministram,
1291 2518 1346 2563 et
1383 2508 1729 2566 lucernarum
1779 2514 2035 2568 modera-

432 2593 643 2651 tricem.
668 2614 688 2649 ι
712 2595 955 2670 (Arnob.,
986 2598 1076 2655 lib.
1107 2616 1185 2667 tv,
1215 2619 1335 2673 pag.
1359 2601 1512 2676 144.)
1534 2604 1606 2660 Αι
1632 2605 1748 2661 haec
1776 2607 1867 2664 ille
1886 2623 2038 2665 more

430 2688 591 2744 solito
633 2690 907 2765 decerpsit
950 2709 1023 2750 ex
1054 2694 1338 2754 Clemente
1373 2697 1745 2757 Alexandrino
1779 2702 2038 2773 (Clemens

429 2782 737 2853 Alexandr.,
770 2786 1036 2844 Admonit.
1075 2789 1145 2844 ad
1177 2801 1340 2862 gent.,
1390 2810 1510 2865 pag.
1554 2792 1673 2866 ‘22),
1713 2797 1802 2867 qui
1845 2796 2036 2853 eodem

430 2889 756 2946 argumento
782 2891 972 2936 contra
995 2882 1241 2938 ethnicos
1262 2884 1501 2950 dimicat,
1523 2902 1697 2957 eaque
1723 2890 1904 2944 omnia
1932 2907 2038 2947 non

430 2968 626 3023 clarius
655 2973 1105 3029 tantummodoet
1131 2977 1393 3045 apertius,
1425 2979 1520 3032 sed
1543 2979 1646 3033 alia
1674 2980 1838 3035 etiam
1860 2974 2036 3052 plura,

431 3076 553 3131 quae
590 3063 863 3120 Arnnhius
901 3068 1153 3122 Consulto
1193 3070 1570 3139 praetermisit,
1620 3070 1766 3128 hunc
1803 3085 1957 3145 urget
1984 3074 2037 3130 in

431 3152 649 3208 modum
677 3171 691 3207 :
723 3157 943 3220 Εἰκότως
965 3156 1070 3232 ἄρα
1107 3162 1153 3215 οἱ
1200 3161 1385 3218 τοιοίδε
1420 3164 1561 3236 ὑμῶν
1589 3167 1708 3227 θεοὶ,
1734 3164 1904 3222 δοῦλοι
1931 3189 2037 3222 πα-
2065 3203 2111 3267 C

431 3248 488 3267 η-
707 3250 716 3263 .
870 3252 938 3267 μ,
965 3255 974 3267 .
1083 3258 1093 3267 .
1206 3255 1217 3267 .
1349 3264 1369 3267 _
1487 3257 1515 3267 ..
1545 3261 1554 3267 .
1783 3260 1797 3267 -
1928 3262 1937 3267 .

429 3248 523 3300 θῶν
549 3250 826 3323 γεγονότες,
858 3252 983 3308 ἀλλά
1008 3258 1096 3308 καὶ
1124 3255 1253 3329 πρὸς
1304 3264 1404 3312 τῶν
1442 3257 1670 3313 Εἱλώτων
1716 3260 2038 3333 καλουμένων

429 3350 529 3397 τῶν
578 3351 725 3418 παρὰ
773 3344 1211 3422 Λακεδαιμονίοις·
1252 3348 1474 3408 δούλειον
1523 3354 1819 3414 ὑπεισῆλθε-δ
1889 3358 2038 3430 ζυγὸν

426 3428 669 3492 Ἀπόλλων
695 3436 924 3513 Ἀδμήτῳ
962 3443 1012 3496 ἐν
1056 3452 1256 3520 Φεραῖς,
1285 3443 1530 3521 Ἡρακλῆς
1568 3447 1619 3500 ἐν
1656 3445 1896 3518 Σάρδεσιν
1916 3428 2038 3520 ’ὀμ-

428 3531 575 3607 quin
606 3532 920 3607 Λαομέδοντι
965 3534 1020 3591 δὲ
1060 3538 1263 3597 ἐθήτευε
1317 3538 1589 3607 Ποσειδῶν,
1639 3546 1727 3597 καὶ
1745 3542 1990 3599 Ἀπόλλων
2018 3581 2035 3609 ,

430 3627 661 3705 καθάπερ
683 3629 901 3704 ἀχρεῖος
928 3632 1123 3692 οἰκέτης
1140 3672 1155 3697 ,
1193 3630 1321 3704 μηδέ
1359 3634 1645 3713 ἐλευθερίας
1674 3634 1919 3696 δήπουθεν
1945 3636 2035 3693 δυ-

427 3720 588 3779 νηθεὶς
619 3727 805 3792 τυχεῖν
831 3726 978 3799 παρὰ
1003 3728 1098 3780 τοῦ
1118 3727 1372 3803 προτέρου
1402 3724 1679 3783 δεσπότου·
1711 3730 1823 3784 τότε
1859 3734 1946 3785 καὶ
1970 3734 2038 3787 τά

417 3811 570 3902 illisu
603 3819 759 3888 τείχη
785 3817 1246 3892 ἀνῳκοδομησὰτην
1270 3831 1345 3896 τῷ
1370 3826 1549 3899 Φρυγί.
1578 3821 1808 3902 Ὅμηρος
1849 3825 1904 3882 δέ
1946 3833 2036 3888 τήν

425 3892 630 3967 Ἀθηνᾶν
660 3911 751 3964 οὐκ
782 3913 1105 3985 ἀἰσχύνεται
1134 3919 1468 3991 παραφαὶνειν
1493 3919 1648 3993 λέγων
1676 3928 1750 3995 τῷ
1767 3919 2032 3990 Ὀδυσσεῖ,

429 4005 659 4077 χρύσιον
686 4002 879 4075 λύχνον
917 4003 1151 4077 ἔχουσαν
1177 4009 1228 4062 ἐν
1258 4017 1468 4086 χερσῖν.
1487 4010 1623 4066 Sunt
1650 4028 1771 4083 ergo
1785 4015 1908 4086 jure
1929 4031 2037 4072 ves-

429 4094 497 4147 tri
516 4094 589 4148 dii
608 4092 757 4161 tales,
788 4097 877 4167 qui
904 4098 1034 4152 servi
1063 4098 1206 4169 [uere
1227 4102 1489 4170 vitiorum,
1512 4104 1637 4174 quin
1657 4106 2029 4174 etiam‘eorum,

426 4191 513 4261 qui
533 4188 729 4248 Eilotes
755 4204 1001 4250 vocantur
1029 4213 1060 4249 a
1087 4194 1511 4262 Lacedwmoniis,
1534 4199 1718 4271 iugum
1748 4203 1929 4257 servile
1947 4221 2035 4257 su-

427 4278 518 4335 biit
536 4282 721 4355 Apollo
744 4285 958 4342 Admeto
989 4286 1196 4355 Pheris,
1223 4288 1467 4345 Hercules
1482 4291 1736 4349 Sardibus
1757 4293 2030 4367 Omphale,

426 4367 766 4431 Laomedonti
784 4389 954 4434 autem
978 4383 1077 4454 fuit
1092 4383 1437 4438 mercenarius
1452 4382 1729 4457 Neptunus
1754 4399 1801 4443 et
1819 4388 2030 4457 Apollo,

423 4466 555 4522 sicut
579 4484 754 4525 servus
776 4471 992 4537 inutilis,
1023 4475 1113 4543 qui
1139 4491 1230 4530 nec
1251 4474 1531 4531 libertatem
1556 4482 1791 4549 consequi
1814 4483 1979 4551 potuit
2000 4499 2033 4537 α

2138 1911 2462 1982 Saturnum,
2515 1926 2573 1973 et
2623 1919 2768 1975 ablui
2817 1920 3010 1980 diebus
3056 1928 3209 1985 statis
3259 1950 3280 1983 ι
3331 1933 3563 2003 (quidam
3599 1932 3706 1989 editi

2136 2005 2368 2076 codices,
2414 2009 2539 2074 suis,
2567 2012 2691 2068 cod.
2721 2029 2834 2087 reg.
2884 2020 3060 2092 tantis)
3093 2039 3114 2073 ι
3151 2023 3484 2082 vinculorum
3511 2041 3702 2098 compev

2136 2096 2294 2153 dibus
2322 2111 2374 2156 et
2401 2102 2585 2169 levari,
2614 2125 2634 2158 ι
2668 2106 2808 2163 idem
2863 2112 3036 2168 codex
3071 2118 3271 2187 regius,
3304 2119 3509 2177 elevari.
3537 2096 3709 2177 Alludit

2141 2191 2383 2260 profecto
2424 2198 2695 2254 Arnobius
2720 2200 2787 2257 ad
2812 2218 2875 2258 ea
2902 2246 2917 2268 ,
2949 2220 3070 2277 quae
3094 2208 3402 2271 Macrobius
3426 2231 3490 2270 ex
3516 2215 3709 2286 Apollo-

2137 2283 2270 2340 doro
2300 2287 2499 2343 clarius
2542 2294 2788 2363 exponit.
2817 2295 2899 2352 Ex
2929 2313 2995 2354 eo
3021 2301 3286 2373 siquidem
3310 2305 3479 2363 refert
3506 2326 3525 2361 ι
3555 2283 3712 2364 Satur-

2137 2394 2267 2433 num
2295 2381 2499 2452 alligari
2531 2400 2630 2456 per
2666 2402 2868 2445 annum
2911 2392 3057 2448 lineo
3103 2397 3356 2461 vinculo.
3405 2409 3461 2457 et
3495 2402 3618 2457 solvi
3655 2401 3708 2457 ad

2136 2471 2280 2529 diem
2324 2476 2427 2532 sibi
2465 2478 2696 2550 festum,
2744 2484 2794 2540 id
2823 2494 2940 2553 est,
2970 2504 3160 2548 mense
3190 2492 3489 2552 decembri.
3533 2515 3551 2549 ι
3585 2494 3711 2571 (Μα-

2137 2568 2301 2635 crob.,
2346 2569 2433 2625 lib.
2476 2588 2494 2627 ι
2535 2574 2834 2647 Saturnal.,
2865 2597 2983 2653 cap.
3016 2585 3084 2649 8,
3131 2604 3252 2661 pag.
3289 2590 3445 2663 209.)
3494 2594 3560 2647 At
3595 2568 3713 2647 inde

2138 2660 2298 2718 facile
2321 2666 2595 2738 colligitur
2623 2670 2675 2726 in
2724 2670 2953 2731 Arnobii
2997 2686 3169 2745 textu,
3206 2660 3313 2738 nisi
3362 2660 3631 2756 legendum
3656 2684 3715 2741 sit

2139 2756 2313 2813 diebus
2341 2758 2484 2828 [estis
2509 2770 2728 2831 tantum,
2762 2767 2813 2822 id
2839 2768 2945 2824 alio
2974 2772 3160 2840 verbo,
3194 2774 3336 2833 idem
3381 2778 3713 2850 significante,

2141 2852 2417 2907 traditum.
2452 2853 2561 2911 Cur
2605 2871 2786 2915 autetn
2835 2861 3051 2933 Lipsius
3095 2869 3293 2940 corrigi
3344 2871 3591 2939 voluerit,
3629 2872 3716 2927 suis

2140 2944 2317 3001 diebus
2339 2958 2556 3015 tantum,
2591 2967 2697 3008 non
2744 2954 2877 3009 satis
2915 2956 3286 3030 intelligimus.
3322 2963 3402 3021 De
3435 2964 3716 3021 memoratis

2140 3039 2372 3097 subinde
2410 3044 2479 3099 ab
2505 3056 2727 3103 auctore
2767 3059 2956 3106 nostro
3002 3051 3191 3112 Martis
3222 3057 3489 3126 vinculis,
3517 3060 3647 3133 lege,
3680 3055 3718 3114 si

2143 3131 2311 3200 lubet,
2344 3136 2659 3207 Homerum,
2685 3149 2739 3196 et
2763 3157 2883 3213 qua:
2913 3159 2942 3197 a
2971 3146 3126 3201 nobis
3155 3147 3209 3203 in
3238 3151 3342 3207 hac
3368 3131 3718 3210 dissertatione

2142 3235 2196 3282 et
2238 3228 2366 3284 alibi
2406 3242 2662 3290 annotata
2706 3235 2927 3294 fuerunt
2969 3238 3174 3313 (Lips.,
3207 3242 3294 3298 lib.
3344 3247 3600 3318 ttt,epist.
3632 3244 3717 3311 15,

2142 3330 2264 3376 ιοηι.
2290 3339 2329 3390 ι,
2358 3341 2480 3397 pag.
2515 3328 2640 3394 18ος
2682 3328 2923 3400 ﬂamen,
2958 3331 3159 3411 Iliad.,
3181 3353 3235 3405 ν,
3280 3354 3411 3396 vers.
3455 3339 3591 3408 585,
3617 3356 3714 3411 sup.

2147 3430 2295 3486 cap.;
2320 3415 2540 3474 Dissert.
2566 3422 2620 3476 in
2652 3422 2875 3493 Minuc.,
2904 3444 3024 3498 cap.
3057 3429 3146 3497 15,
3176 3442 3277 3488 art.
3304 3432 3388 3509 2).

2211 3510 2267 3567 Si
2297 3511 2373 3567 dii
2421 3513 2472 3568 in
2516 3518 2835 3576 servitutem
2881 3523 3086 3581 redacti
3133 3537 3281 3595 sunt,
3333 3541 3389 3587 et
3420 3530 3638 3604 coniecti
3674 3529 3719 3585 in

2139 3605 2376 3670 vincula,
2396 3609 2524 3679 quid
2546 3611 2722 3668 adhuc
2749 3628 3054 3685 supererat,
3076 3620 3176 3676 nisi
3193 3631 3268 3688 ut,
3293 3624 3534 3697 acceptis
3552 3624 3720 3696 plagis,

2141 3700 2308 3755 saucii
2356 3703 2734 3777 vulneratique
2772 3696 3132 3770 dicerentur?
3160 3719 3231 3772 At
3264 3696 3439 3777 certe
3462 3720 3513 3777 id
3543 3717 3723 3776 ethnici

2139 3794 2383 3865 repetitis
2410 3795 2610 3869 ubique
2639 3802 2987 3861 sermonibus
3030 3806 3455 3882 divulgaverunt
3485 3830 3499 3870 :
3534 3834 3554 3867 ι
3587 3811 3719 3869 Non-

2138 3903 2229 3957 ne,
2267 3911 2286 3943 ι
2323 3891 2468 3948 enim
2493 3934 2507 3959 ,
2531 3903 2586 3949 et
2607 3896 2678 3951 ita
2700 3898 2919 3969 quidem
2965 3902 3213 3962 ethnicos
3240 3907 3442 3967 affatur
3477 3909 3722 3968 Arnobius

2139 3979 2381 4056 (Arnob.,
2411 3986 2501 4043 lib.
2535 4005 2608 4049 tv.
2654 4008 2774 4064 pag.
2824 3994 2977 4067 ut),
3015 4015 3036 4050 ι
3072 3998 3163 4055 ille
3201 4012 3387 4059 vester
3414 4014 3500 4061 est
3545 4003 3723 4069 Vates,

2137 4077 2227 4146 qui
2268 4077 2490 4136 Martem
2544 4081 2673 4139 fecit
2726 4096 2784 4141 et
2823 4086 3091 4147 Venerem
3139 4096 3455 4155 mortalium
3501 4096 3725 4155 manibus

2137 4171 2490 4229 vulneratos?
2517 4174 2635 4233 Non
2661 4193 2729 4234 ex
2760 4180 2912 4238 vobis
2938 4182 3227 4258 Panyassis
3255 4205 3399 4247 unus
3424 4202 3533 4260 est,
3561 4190 3644 4264 qui
3669 4188 3729 4245 ab

2136 4261 2368 4321 Hercule
2396 4267 2569 4324 Ditem
2603 4282 2810 4341 patrem
2858 4285 2912 4330 et
2952 4277 3191 4349 reginam
3236 4294 3512 4341 memorat
3538 4261 3727 4343 saucia-

2137 4364 2251 4411 tum
2289 4373 2411 4415 esse
2431 4360 2718 4419 Junouen?
2742 4364 2858 4423 Non
2887 4369 3183 4441 viraginem
3205 4375 3275 4431 ab
3296 4377 3511 4451 Ornyte
3526 4392 3725 4441 caesam.

2136 4461 2502 4523 cruentatam,
2563 4468 2854 4528 vexatam,
2907 4462 3221 4524 Polemonis
3270 4470 3447 4527 vestri
3511 4471 3728 4527 indicant

428 4562 589 4632 priori
620 4563 848 4620 domino.
883 4566 1029 4622 Tunc
1068 4571 1220 4623 etiam
1256 4586 1429 4625 muros
1463 4569 1636 4642 Troja:
1673 4546 1873 4645 Pltrqgi
1914 4590 2026 4629 res-
2056 4598 2110 4659 Ι)
2560 4551 2630 4654 al?
2659 4550 3048 4659 ῃίνρθθθθξῖίίέ
3077 4559 3264 4620 liberis
3294 4566 3475 4636 ipsum
3509 4564 3728 4659 80mins.

427 4661 719 4711 taurarunt.
743 4655 865 4714 Non
887 4660 1040 4731 pudet
1055 4671 1223 4718 autem
1246 4661 1524 4719 Homerum
1549 4666 1719 4721 dicere
1739 4666 2030 4725 Minervam

431 4743 605 4818 Ulyssi
632 4748 950 4819 prceluxisse,
979 4770 1188 4810 aureum
1222 4755 1467 4829 lychnum
1492 4767 1740 4814 tenentem
1769 4761 1822 4816 in
1858 4765 2029 4818 mani-

2136 4633 2421 4695 Herculem
2470 4644 2768 4702 cruciatum
2821 4651 3074 4708 retulisse
3123 4633 3480 4728 pronuntiat,
3524 4669 3577 4716 et
3609 4653 3726 4713 illati

2132 4728 2369 4785 vulneris
2390 4742 2444 4787 et
2470 4733 2711 4793 doloris?
2744 4758 2764 4792 ι
2800 4736 2870 4796 Ει
2901 4743 3017 4799 haec
3043 4760 3232 4803 rursus
3254 4748 3498 4809 delibata
3527 4762 3646 4809 sunt
3668 4766 3725 4807 ex

427 4809 541 4896 bu;
571 4809 654 4899 ΑΒ
673 4809 954 4902 Clememé
979 4858 1183 4912 autem,
2132 4824 2215 4880 his
2243 4824 2538 4886 Clementis
2559 4809 2909 4891 Alexandrini
2931 4839 3109 4896 verbis
3135 4839 3394 4913 (Clemens
3427 4844 3721 4908 Alerandr.,

426 4942 607 4993 tantur
650 4937 868 4995 Homeri
918 4942 1157 4999 carmina
1188 4942 1457 5015 (ﬂamen,
1506 4946 1720 5019 θάνοι,
1768 4950 1859 5008 lib.
1911 4970 2027 5025 XIX‘,

424 5046 555 5091 vers.
595 5033 665 5091 55
687 5044 735 5090 et
756 5034 920 5109 seqq.)
948 5055 962 5093 :

619 5192 630 5203 .
699 5187 713 5202 .
784 5190 795 5204 .
865 5190 879 5205 .
949 5193 963 5208 .
999 5168 1157 5223 Παροὶθι
1178 5165 1222 5211 δι
1242 5173 1388 5223 Παλλὰς
1411 5159 1532 5229 locis;

611 5230 775 5280 Χρύσιον
796 5231 925 5283 λυχνὸν
948 5231 1082 5285 ἵζουσι
1103 5236 1191 5287 φάος
1213 5239 1422 5289 περικαλλὲς
1446 5243 1571 5282 incisi.

1011 5304 1142 5356 Ante
1163 5312 1327 5356 autem
1354 5307 1512 5361 Pallas
1535 5311 1753 5364 Minerva

517 5361 731 5416 Auream
749 5364 996 5417 lucernam
1020 5374 1214 5425 tenens.
1236 5368 1406 5420 lumen
1428 5361 1772 5436 perpulchrum
1795 5377 2027 5436 faciebat.

733 5451 978 5515 (Romen,
1005 5450 1205 5517 Odyss,
1230 5452 1318 5506 lib.
1339 5469 1445 5519 xix,
1467 5468 1593 5509 vers.
1617 5460 1679 5511 55
1702 5468 1748 5513 et
1768 5466 1932 5531 seqq.)

2132 4919 2383 4975 admonit.
2420 4922 2508 4978 ad.
2554 4934 2718 4995 gent.,
2752 4944 2875 5001 pag.
2905 4929 3038 5002 Ωδμ
3067 4944 3341 5013 Τικμιριοῖ
3361 4935 3593 5017 ὀμηρος
3616 4934 3727 5013 μελε

2133 5014 2359 5089 ἀκριϐῶς
2382 5012 2675 5093 Ἀφροδίτην
2699 5020 2786 5075 ἐπὶ
2807 5028 2881 5097 τῷ
2900 5027 3164 5101 τραύματι
3187 5012 3523 5105 παρεισάγων
3550 5032 3632 5096 ὀξύ
3652 5031 3726 5083 καὶ

2130 5110 2267 5182 μέγα
2295 5110 2577 5181 ἰάχουσανο
2605 5112 2754 5168 αὑτὸν
2803 5135 2857 5170 τε
2911 5118 2999 5173 τὸν
3041 5119 3458 5194 πολεμικώτατον
3482 5120 3609 5201 ’Ἄρη
3635 5120 3725 5177 ὗπδ

2130 5207 2224 5255 τοῦ
2254 5202 2537 5277 Διομήδους
2563 5210 2698 5263 κατά
2724 5214 2816 5263 τοῦ
2844 5218 3081 5275 κενεῶνος
3111 5215 3427 5290 οὐτασμένον
3468 5214 3724 5292 διηγούμε-

2132 5313 2235 5353 νος.
2262 5294 2495 5367 Πολέμων
2517 5295 2572 5352 δὲ
2612 5303 2700 5355 καὶ
2724 5302 2808 5356 τὸν
2835 5301 3037 5363 Ἀθηνᾶν
3076 5306 3178 5361 ύπό
3207 5306 3453 5385 Ὀρνύτου
3492 5311 3725 5386 τρωθῆναι

2130 5387 2282 5462 λέγει,
2301 5393 2385 5445 ναὶ
2405 5396 2503 5464 μὴν
2528 5398 2615 5449 καὶ
2640 5401 2730 5455 τὴν
2747 5394 2980 5454 Ἀιδωνέα
3002 5400 3105 5456 ὑπὸ
3124 5400 3428 5479 Ἡρακλέους
3448 5405 3724 5471 τοξευθῆναι

2127 5474 2353 5563 Ὀμηρος
2374 5484 2525 5559 λέγει,
2540 5490 2627 5543 καὶ
2650 5489 2737 5544 τόν
2764 5486 2955 5547 Ἕλειον
2981 5495 3175 5567 Λύγεαν
3201 5498 3505 5559 Πανύασσις
3520 5499 3720 5573 ἱστορεῖ-

499 5548 573 5609 De
602 5550 701 5610 hac
732 5568 891 5627 porro
919 5560 1152 5615 absurda
1202 5562 1508 5619 et‘ridieula
1552 5563 1764 5622 illorum
1797 5571 2021 5627 deorum

2139 5573 2225 5635 ἤδη
2254 5574 2308 5631 δὲ
2346 5582 2433 5633 καὶ
2457 5584 2547 5640 τήν
2573 5578 2732 5658 Ἥραν
2768 5589 2857 5645 τὴν
2887 5588 3064 5660 ζυγὶαν
3091 5584 3292 5667 ias-opai
3311 5591 3416 5647 ύπό
3445 5598 3536 5647 τοῦ
3580 5590 3721 5647 αὐτοῦ

423 5646 701 5714 servitute,
730 5651 863 5706 satis
883 5668 911 5705 a
951 5652 1107 5710 nobis
1133 5653 1260 5710 alibi
1293 5654 1626 5726 disputatum
1658 5670 1744 5717 est
1782 5662 2025 5725 (Dissert.

423 5734 478 5789 in
507 5735 726 5809 Μίηιις.⁹
754 5759 870 5814 cap.
926 5745 1015 5813 15,
1056 5756 1158 5802 art.
1190 5747 1246 5814 5,
1288 5757 1335 5802 et
1364 5748 1618 5821 Apparat.
1666 5762 1787 5810 tom.
1835 5772 1872 5826 ι,
1904 5776 2024 5832 pag.

429 5828 617 5905 toan).

2131 5664 2433 5745 Ἡρακλέους
2463 5673 2488 5728 ὀ
2518 5675 2669 5736 αὐτὸς
2694 5672 2847 5738 οὗτος
2872 5681 3172 5744 Πανύασσις
3201 5664 3251 5739 έν
3271 5684 3417 5758 Πύλῳ
3448 5685 3716 5759 ἠμαθόεντι-

2134 5763 2379 5825 Σωσίϐιος
2404 5762 2460 5819 δὲ
2485 5769 2571 5821 καὶ
2616 5768 2699 5823 τὸν
2728 5766 2974 5845 Ἠρακλέα
3012 5776 3141 5851 πρὸς
3177 5783 3276 5831 τῶν
3301 5774 3719 5834 Ἱπποκοωντιδῶν

2137 5858 2270 5912 κατὰ
2314 5865 2407 5919 τῆς
2446 5859 2625 5936 χειρὸς
2661 5861 2967 5925 οὐτασθῆναι
3006 5865 3157 5942 λέγει.
3185 5866 3442 5926 Homerus
3474 5868 3720 5943 manifeste
