3904 6326
119 262 128 342 ἶ
188 309 294 366 555
1360 318 1367 379 ξ
1415 311 1483 369 lN
1520 309 1895 383 ABNOBIUM,
1936 313 2090 373 CAP.
2132 315 2270 372 xw.
3385 334 3491 391 est

190 429 311 483 satis
338 426 525 482 indicat
576 426 821 484 Venerem
864 434 1076 500 propter
1104 429 1294 485 vulnus
1328 440 1489 485 acuta
1517 441 1566 485 et
1601 448 1787 502 magna
1812 433 1867 493 Α
1890 431 2214 504 interfectum
2240 447 2392 487 suum
2421 431 2590 502 ﬁlium
2622 433 2938 505 epulandum
2971 438 3019 494 ei
3043 453 3365 513 apponeret,
3407 449 3492 503 cui

190 522 634 582 voceclamantem.
653 530 925 596 narratque
938 523 1379 580 bellicosissimam
1397 525 1616 581 Martem
1630 528 1787 599 fuisse
1890 522 2133 597 Nyctimo
2166 541 2369 579 nomen.
2406 524 2611 582 Videsis
2628 527 2901 594 Ovidium,
2932 530 3221 604 Hyginum,
3246 546 3302 592 et
3328 542 3361 591 Α
3376 539 3493 611 pol-

187 628 218 664 a
248 610 486 667 Diomede
531 612 586 667 in
627 623 799 668 ventre
847 614 1156 668 sauciatum.
1188 611 1405 671 Polemo
1449 625 1619 670 autem
1659 615 1783 672 dicit

185 704 333 758 etiam
374 703 659 761 Hinervam
704 706 865 775 fuisse
916 705 1235 762 vulneratam
1286 707 1349 762 ab
1381 705 1596 781 Ornyte.
1648 708 1784 776 Quin

184 798 331 853 etiam
360 796 631 855 Plutonem
647 799 808 873 fuisse
833 799 1149 856 vulneratum
1167 802 1230 855 ab
1258 799 1481 856 Hercule
1501 803 1654 874 refert
1677 800 1784 856 Ho-

182 907 365 957 uterus,
391 893 522 948 sicut
556 891 620 946 de
653 890 781 948 Eleo
812 891 987 965 Augea
1021 899 1180 968 refert
1219 891 1545 967 Pangassis;
1571 896 1656 969 qui
1684 895 1782 949 Ju-

180 1002 358 1042 uonem
382 1004 580 1059 quoque
603 988 926 1061 conjugalem
958 987 1121 1058 fuisse
1147 987 1469 1043 vulneratam
1508 987 1571 1042 ab
1608 987 1782 1044 eodem

179 1077 401 1135 Hercule
442 1080 498 1135 in
530 1078 668 1152 Pylo
712 1096 926 1136 arenosa
974 1084 1150 1150 refert.
1183 1080 1420 1137 Sosibius
1460 1090 1629 1135 autent
1657 1078 1782 1135 dicit

181 1174 330 1228 etiam
381 1172 656 1229 Herculem
683 1174 842 1245 fuisse
870 1173 924 1229 in
952 1191 1108 1229 manu
1141 1175 1424 1232 sauciatam
1470 1174 1533 1229 ab
1570 1171 1778 1245 Hippo-

177 1265 447 1341 cooiitidis.
481 1264 649 1322 Vides
686 1280 817 1322 sane
854 1265 1129 1337 quomodo
1167 1266 1439 1321 Arnobius
1482 1264 1778 1320 Clementis

174 1358 521 1418 Alexandrini
576 1358 837 1427 fontibus,
889 1369 949 1415 ut
995 1361 1295 1427 Ciceronis,
1340 1360 1408 1416 de
1447 1359 1682 1429 Epicuro
1723 1368 1779 1415 et

172 1449 476 1510 Democrito
522 1453 812 1522 loquentis,
846 1454 1026 1511 verbis
1067 1463 1303 1523 utamur,
1361 1453 1606 1512 hortulos
1648 1466 1777 1509 suos

173 1547 474 1621 irrigaverit
501 1546 719 1623 (Cicer.,'
753 1550 842 1605 lib.
874 1565 892 1605 ι
929 1550 993 1604 de
1038 1547 1232 1605 Natur.
1277 1550 1448 1617 deor.,
1490 1566 1611 1622 pag.
1642 1547 1773 1618 212,

177 1644 263 1699 lin.
292 1643 410 1717 l4).
442 1643 785 1701 Manifestum
816 1644 911 1701 tibi
945 1662 1163 1718 quoque
1197 1661 1319 1702 esse
1344 1645 1506 1703 debet
1527 1646 1597 1701 ab
1625 1655 1775 1701 utro-

170 1756 266 1812 que
293 1739 396 1797 huc
421 1741 894 1813 argumentatione
939 1741 1133 1814 bisque
1171 1741 1436 1813 exemplis
1474 1740 1772 1797 evidentis-

1888 619 2135 675 lodornm
2163 620 2229 675 de
2261 619 2365 676 hoc
2394 628 2450 677 et
2474 620 2598 692 aliis
2621 624 2889 694 exemplis
2922 624 3180 684 hactenus
3207 633 3491 689 recensitis

1887 710 2089 780 (Ovid.,
2122 711 2214 766 lib.
2246 728 2264 767 ι
2293 710 2592 781 Metamor.,
2626 714 2733 784 fab.
2768 715 2822 783 7,
2853 733 2978 789 pag.
3011 717 3079 773 l2
3107 729 3155 774 et
3181 720 3365 794 seqq.).

1955 805 2095 873 Quid
2129 805 2344 861 tandem
2374 806 2519 861 aliud
2548 817 2832 877 supererat
2861 811 2925 864 ad
2964 812 3293 882 probandam
3328 832 3481 873 tuor-

1887 899 2045 955 talem
2083 898 2233 955 Jovis
2272 900 2608 971 aliorumque
2651 901 2907 956 t'nlsornm
2943 903 3168 960 deorum
3214 920 3489 974 naturam,

1885 991 1985 1047 nisi
2014 991 2237 1048 cuilibet
2266 993 2571 1063 patefacere
2597 993 2799 1049 obitatn
2847 995 2914 1049 ab
2954 997 3032 1052 eis
3065 998 3301 1055 lnuuauo
3340 1018 3491 1060 more

1883 1095 2139 1150 mortem,
2164 1101 2227 1141 ac
2251 1100 2439 1142 eorum
2474 1086 2670 1141 deinde
2701 1088 3032 1157 sepulturam
3052 1133 3066 1156 ,
3119 1093 3263 1149 unde
3299 1095 3484 1152 nullus

1880 1178 1949 1234 ad
1974 1179 2135 1234 vitam
2160 1189 2445 1236 revocatus
2476 1179 2778 1252 est?Alqui
2804 1223 2819 1247 ,
2867 1201 2887 1235 ι
2920 1183 3072 1253 Apud
3093 1184 3323 1240 insulam
3347 1183 3487 1244 Cre-

1883 1281 2012 1340 tam,
2048 1294 2067 1327 »
2116 1274 2291 1346 inquit
2333 1275 2638 1343 Arnobius,
2701 1294 2720 1327 ι
2758 1278 3052 1346 sepultura:
3098 1296 3219 1337 esse
3265 1282 3489 1337 manda-

1880 1376 1993 1423 tum
2034 1367 2224 1424 Jovem
2272 1370 2425 1424 nobis
2463 1371 2667 1427 editum
2716 1370 2947 1427 traditur
2996 1374 3238 1439 (Arnob.,
3280 1374 3373 1430 lib.
3399 1392 3483 1444 tv,

1880 1478 2000 1533 pag.
2024 1460 2174 1534 M4).
2205 1482 2225 1515 ι
2270 1465 2314 1520 Α
2345 1480 2454 1537 quo
2484 1475 2664 1521 autem
2692 1464 2747 1521 id
2778 1466 3031 1523 traditum
3065 1471 3170 1540 sit,
3211 1471 3389 1531 disces
3418 1492 3488 1534 ex

1877 1553 2158 1613 Clemente
2181 1557 2573 1626 Alexandrino,
2605 1559 2760 1631 cujus
2783 1561 3009 1632 vestigia
3039 1562 3131 1620 ille
3155 1581 3340 1623 rursus
3369 1586 3488 1637 pro-

1875 1648 2140 1721 sequitur.
2190 1648 2326 1705 Nam
2377 1653 2494 1707 lucc
2538 1651 2650 1721 ipsa
2679 1664 2803 1706 Sunt
2847 1668 3022 1724 grteca
3069 1657 3312 1725 ejusdem
3359 1657 3485 1717 Cle-

1877 1743 2073 1798 mentis
2120 1743 2284 1798 verba
2310 1741 2564 1813 (Clemens
2593 1736 2909 1810 Alexandra,
2935 1746 3200 1803 Admonil.
3221 1752 3289 1804 ad
3318 1763 3483 1822 gent.,

169 1834 299 1890 sime
343 1834 548 1891 coulici
599 1834 721 1893 illos
766 1850 867 1893 nec
912 1835 1046 1892 deos
1089 1851 1233 1904 esse,
1262 1852 1363 1892 nec
1409 1836 1762 1903 immortales,

1883 1853 1991 1908 pag.
2019 1835 2150 1907 24?.)
2195 1854 2208 1890 :
2257 1842 2404 1897 Ζήτει
2451 1859 2547 1894 σου
2592 1839 2675 1894 τὸν
2714 1840 2805 1893 Δία
2825 1880 2840 1905 ,
2871 1844 2942 1911 μή
2971 1840 3055 1897 τὸν
3084 1842 3295 1919 οὐρανὸν
3316 1885 3333 1909 ,
3361 1845 3488 1903 ἀλλὰ

168 1940 391 2001 quorum
424 1929 653 1987 vulnera
683 1931 920 1988 ueosine
944 1931 1230 2005 sanguine,
1261 1941 1317 1989 et
1343 1930 1487 2004 quod
1515 1946 1582 1986 eo
1614 1931 1767 2001 pejus

167 2032 263 2091 est,
291 2023 449 2081 sanie
477 2034 533 2081 et
559 2025 909 2096 corruptione
936 2026 1026 2082 vix
1060 2041 1313 2096 umquam
1341 2040 1465 2082 esse
1492 2032 1765 2096 poterant,

168 2131 259 2173 nec
286 2115 408 2173 sine
452 2116 864 2175 medicamentis
907 2120 1107 2175 sanari.
1166 2119 1277 2175 Nos
1322 2130 1505 2175 autem
1554 2117 1623 2175 de
1672 2119 1768 2174 bo-

167 2222 339 2267 ruiuce
366 2211 597 2267 deorum
627 2211 943 2269 vulneribus
973 2211 1101 2268 alibi
1124 2211 1504 2278 disseruimus,
1536 2212 1605 2269 de
1629 2211 1767 2268 Mur-

168 2300 245 2371 tis,
289 2303 503 2360 scilicet
551 2313 607 2360 et
636 2302 864 2361 Veneris
895 2305 1064 2378 plagis
1115 2307 1168 2361 iu
1199 2308 1466 2378 superiori
1512 2306 1768 2364 disserta-

168 2396 300 2452 tione
322 2415 336 2450 :
356 2396 428 2453 de
457 2396 695 2457 Minerva
724 2415 851 2455 vero
887 2410 943 2455 ct
976 2399 1205 2458 Hercule
1226 2401 1484 2458 sauciatis
1511 2403 1563 2458 in
1592 2404 1767 2473 primo

167 2486 467 2560 Apparatus
497 2492 666 2548 nostri
698 2502 844 2549 tomo
900 2492 1141 2566 (Dissert.
1165 2513 1366 2566 rupem,
1394 2513 1511 2569 cap.
1545 2497 1635 2565 15,
1660 2506 1762 2553 art.

167 2580 224 2647 3,
251 2592 373 2639 toni.
404 2599 423 2639 ι
476 2585 762 2658 Apparat.,
795 2604 916 2660 pag.
962 2587 1069 2643 762
1098 2599 1145 2644 et
1176 2587 1328 2661 816).
1372 2588 1548 2647 Citata
1585 2601 1764 2647 autem

168 2671 380 2734 llomeri
423 2675 500 2733 de
544 2677 757 2735 Junone
807 2689 862 2735 et
911 2679 1141 2737 Plutone
1190 2682 1430 2738 carmina
1476 2683 1532 2739 in
1582 2683 1768 2752 quinta

165 2765 295 2826 illius
314 2770 492 2828 Iliade
512 2774 756 2831 invenies
783 2772 1049 2848 (ﬂamen,
1076 2773 1238 2831 Iliad.
1273 2792 1326 2842 v,
1354 2793 1484 2833 vers.
1514 2776 1668 2850 357).

228 2865 300 2920 Ex
336 2865 539 2922 eodem
581 2868 862 2925 Clemente
908 2868 1281 2927 Alexandrino
1332 2886 1395 2928 ea
1440 2871 1622 2927 adhuc.
1666 2887 1765 2928 ex-

174 2971 343 3032 cerpta
369 2973 507 3018 sunt
533 2979 653 3034 qua:
679 2965 950 3022 Arnobius
979 2966 1047 3023 de
1075 2966 1316 3025 Vulcano
1336 2967 1531 3024 claudo
1555 2975 1612 3023 et
1636 2967 1766 3024 {Esv

169 3055 364 3128 culapio
412 3056 663 3115 fulminis
721 3060 826 3117 ictu
874 3076 1135 3133 percusso
1169 3062 1372 3119 retulit.
1424 3063 1500 3120 De
1540 3074 1768 3134 utroque

175 3158 339 3206 autem
387 3151 527 3208 alibi
571 3163 761 3208 actum
813 3169 842 3208 a
894 3154 1053 3211 nobis
1104 3154 1204 3211 fuit
1242 3154 1461 3221 (Arnob.
1490 3198 1506 3221 ,
1553 3155 1644 3211 lib.
1686 3171 1758 3225 tv,

172 3260 279 3317 pag.
313 3246 455 3314 M5;
498 3254 622 3302 tom.
654 3263 673 3304 ι
703 3248 994 3320 Apparat.,
1026 3268 1148 3323 pag.
1184 3250 1321 3319 754,
1370 3260 1417 3306 et
1463 3250 1669 3308 dissert.
1713 3250 1768 3305 in

174 3337 375 3409 Minuc.,
410 3358 538 3412 cap.
574 3341 664 3411 15,
697 3352 799 3398 art.
829 3342 933 3399 Set
957 3343 1053 3418 5).

766 3492 1061 3564 AB‘I‘ICULUS
1100 3523 1161 3564 ιι.

177 3640 409 3702 Quomodo
432 3646 572 3696 idem
597 3646 835 3714 probetur
859 3646 1105 3710 exemplis
1137 3646 1277 3714 lovis
1293 3687 1307 3710 ,
1335 3651 1418 3714 qui
1455 3651 1653 3701 nescius
1683 3649 1774 3702 hu-

229 3708 843 3775 manascarnes'comedit,
868 3708 1024 3775 atque
1044 3723 1107 3775 ex
1134 3710 1267 3775 illius
1290 3708 1470 3774 morte,
1500 3719 1563 3775 et
1601 3713 1772 3775 sepul-

230 3775 347 3839 tura,
376 3773 584 3839 ti-atrttm
606 3771 891 3839 Castorlsgt
915 3771 1147 3839 Pollucis,
1166 3773 1362 3839 Saturni
1383 3809 1398 3832 ,
1420 3771 1477 3826 ac
1496 3773 1627 3839 Tyrii
1650 3771 1774 3826 Her-

230 3832 345 3883 culis
362 3832 632 3899 sepulcris,
657 3843 807 3899 atque
828 3834 1067 3886 Thebano
1084 3835 1305 3888 Hercule
1324 3839 1443 3902 igne
1465 3832 1771 3904 consumpto.

240 3977 532 4054 Corporeis
572 3981 889 4039 vulneribus
918 3982 1074 4056 pejor
1101 3984 1457 4055 proculdubio
1496 3988 1772 4044 censenda

183 4080 252 4127 est
289 4078 488 4133 mentis
515 4076 895 4146 imbecillitas,
925 4088 979 4135 et
1012 4080 1338 4150 ignorantia.
1371 4083 1534 4152 Atqui
1561 4084 1612 4138 in
1638 4083 1774 4142 Jove

184 4170 318 4222 tanta
369 4185 559 4225 rerum
600 4169 869 4241 ignoratio
896 4179 1156 4243 tantaque
1186 4170 1253 4228 ad
1295 4189 1418 4229 cum
1462 4174 1773 4233 circumve-

186 4255 421 4317 niendum
461 4261 566 4317 fuit
590 4260 860 4330 facilitas;
906 4272 962 4319 ut
985 4308 999 4333 ,
1033 4264 1488 4336 quemadmodum
1519 4268 1776 4326 observat

188 4346 464 4422 Arnobius,
494 4354 787 4411 «invitatus
813 4355 880 4412 ad
905 4357 992 4427 jus
1010 4373 1232 4424 mensat,
1257 4375 1354 4429 pro
1368 4360 1545 4416 suillis
1562 4342 1776 4419 visceri-

186 4440 278 4500 bus
295 4448 499 4516 proletn
521 4448 739 4505 nescius
762 4449 1100 4525 Lycaonyam
1134 4454 1517 4523 pransitaverit
1532 4455 1774 4527 (Arnob.,

194 4534 268 4592 lib.
287 4556 356 4606 tv,
376 4559 500 4616 pag.
524 4542 674 4616 145).
710 4563 729 4596 ι
758 4544 865 4601 Sed
891 4546 1006 4601 liasc
1024 4545 1115 4602 ille
1136 4562 1289 4604 more
1302 4563 1399 4602 suo
1412 4564 1477 4603 ex
1495 4546 1773 4608 Clemente

192 4627 541 4691 Alemndrino
567 4644 810 4708 accepta,
838 4636 1056 4695 brevius
1083 4640 1289 4695 retulit.
1318 4640 1374 4696 lu
1395 4640 1572 4713 hujus,
1599 4644 1771 4700 enim-

192 4734 306 4780 vero
325 4729 389 4785 ad
410 4738 605 4803 gentes
635 4720 1021 4790 Admonitinne
1042 4733 1232 4790 isthmc
1248 4736 1446 4793 litteris
1466 4739 1778 4810 consignata

1869 1934 1960 1989 τήν
2001 1938 2093 2005 γῆν
2143 1930 2587 2009 πολυπραγμόνει·
2617 1930 2800 2008 ὁκρής
2825 1952 2909 1987 σοι
2934 1929 3261 2008 διηγήσεται,
3288 1936 3415 2015 παρ’

1869 2027 1955 2080 καὶ
1981 2025 2250 2094 τέθαπται,
2282 2025 2611 2099 Καλλίμαχος
2636 2027 2687 2080 ἐν
2721 2025 2923 2097 ὕμνοιςο

2059 2222 2072 2237 .
2145 2227 2157 2238 .
2226 2223 2239 2235 .
2307 2224 2319 2236 .
2356 2202 2430 2240 Καὶ
2460 2202 2529 2254 γὰρ
2548 2202 2678 2255 τάφον,
2698 2198 2727 2240 ὦ
2750 2198 2835 2249 ἄνα,
2859 2206 2938 2242 cdo

2055 2267 2196 2312 Κρῆτες
2237 2265 2486 2313 “mira-no.

1868 2380 2002 2449 Quae
2027 2381 2251 2438 Latinus
2286 2382 2559 2454 interpres
2601 2384 2680 2440 sic
2720 2383 2999 2445 reddidit:
3046 2405 3065 2439 ι
3101 2386 3293 2455 Qutere
3320 2396 3474 2443 tuum

1866 2473 2055 2531 Jovem
2076 2517 2092 2542 ,
2148 2491 2217 2532 ne
2246 2476 2509 2531 scruteris
2536 2488 2733 2532 coetum
2755 2520 2769 2544 ,
2825 2476 2923 2533 sed
2960 2486 3185 2534 terram.
3224 2479 3485 2536 Narrabit

1870 2569 1965 2659 tibi
1999 2569 2280 2626 Cretensis
2335 2569 2476 2638 apud
2506 2586 2665 2642 quem
2699 2579 2786 2627 est
2816 2571 3084 2642 sepultus,
3115 2568 3483 2630 Callimachus

1868 2664 1922 2715 In
1950 2661 2165 2733 hymnis
2191 2680 2205 2717 :

2436 2839 2458 2868 α
2481 2822 2753 2874 Cretenses
2773 2834 2989 2886 namque
3006 2821 3287 2887 sepulcrum

1967 2884 2308 2937 Construxere
2332 2891 2487 2937 tuum.
2512 2901 2536 2930 υ

1944 3029 2054 3086 Sed
2087 3045 2115 3084 a
2148 3029 2304 3086 nobis
2332 3031 2442 3101 jam
2473 3031 2820 3087 observatum
2849 3041 2935 3087 est
2955 3049 3116 3105 quam
3146 3032 3340 3090 merito
3357 3032 3482 3103 jure

1869 3122 2141 3179 Arnobius
2177 3133 2384 3191 noster,
2408 3141 2473 3181 ac
2494 3141 2597 3196 qua
2636 3126 2864 3181 aliorum
2903 3126 3119 3182 testium
3161 3128 3484 3184 auctoritate

1795 3216 1842 3281 C
1874 3216 2005 3272 illud
2066 3216 2303 3273 ethnicis
2356 3218 2769 3289 exprobraverit
2819 3218 3079 3289 (Dissert.
3132 3221 3186 3275 in
3234 3220 3477 3291 Minue,

1874 3326 1994 3381 cap.
2030 3310 2117 3375 14,
2149 3320 2251 3365 art.
2283 3309 2364 3384 5).

1947 3402 2099 3459 Fecit
2133 3403 2311 3460 adhuc
2352 3404 2445 3460 ille
2483 3405 2777 3462 verborum
2808 3406 3051 3477 ejusdem
3090 3406 3388 3464 Clementis
3414 3409 3484 3467 de

1875 3497 1999 3552 aliis
2022 3496 2129 3553 diis
2158 3497 2543 3569 compendium
2573 3540 2587 3561 ,
2619 3499 2709 3555 ubi
2736 3502 2819 3555 vel
2853 3503 3113 3559 memoria
3138 3502 3320 3573 lapsus
3343 3545 3358 3568 ,
3391 3512 3486 3560 aut

1875 3600 2055 3648 textus
2078 3592 2197 3663 ejus
2235 3592 2563 3665 depravalus
2597 3595 2834 3651 videtur.
2878 3596 3005 3653 llazc
3042 3598 3186 3652 enim
3230 3597 3321 3653 ille
3345 3598 3482 3653 scri-

1873 3686 1953 3743 bit
1981 3685 2219 3758 (Arnob.,
2252 3687 2341 3742 lib.
2369 3703 2445 3747 tv.
2470 3706 2588 3760 pag.
2624 3688 2773 3763 1H).
2835 3710 2854 3741 ι
2889 3691 2945 3745 lu
2993 3692 3260 3762 Spartanis
3298 3702 3353 3747 et
3401 3692 3483 3747 ln-

1873 3779 2224 3836 cedtemouiis
2272 3781 2507 3849 ﬁnibus,
2547 3801 2566 3835 ι
2616 3784 2806 3854 supple
2863 3785 3161 3853 numquid,
3218 3806 3238 3838 ι
3276 3802 3376 3842 nos
3399 3786 3485 3841 di-

1873 3873 2045 3929 eituus
2068 3873 2336 3940 conditos,
2363 3873 2416 3929 in
2446 3874 2599 3929 cunis
2629 3875 2853 3931 coalitOs
2885 3876 3113 3942 fratres,
3147 3897 3167 3929 ι
3203 3875 3484 3933 Castorem

1874 3968 2083 4024 scilicet
2118 3983 2183 4024 ac
2221 3968 2545 4024 Pollucem?
2589 3987 2608 4020 ι
2638 3968 2834 4025 Noster
2891 3970 2979 4027 ille
3014 3982 3098 4028 est
3134 3981 3358 4037 auctor,
3391 3973 3486 4043 qui

1875 4063 2155 4121 Patrocles
2210 4064 2445 4120 'l'hurius
2494 4066 2821 4136 scriptorum
2866 4066 2918 4120 in
2970 4066 3137 4122 titulis
3182 4066 3483 4134 indicatur,

1875 4158 1968 4230 qui
2024 4158 2262 4215 tumulos
2301 4169 2601 4225 memorat,
2664 4160 3029 4230 reliquiasque
3056 4160 3336 4217 Saturnias
3382 4160 3485 4216 tel-

1875 4251 1994 4308 lure
2043 4252 2097 4307 iu
2164 4250 2342 4308 Sicula
2400 4251 2719 4307 contineri?
2782 4252 3115 4307 Clurroncus
3171 4256 3297 4324 (ius.
3366 4251 3485 4309 cod.

1874 4360 1983 4415 reg.
2031 4343 2418 4415 Hieronymus)
2468 4342 2793 4399 Plutarchus
2842 4352 3147 4398 nostrarum
3190 4359 3311 4400 esse
3366 4359 3490 4414 par.

1877 4439 2006 4493 tium
2046 4439 2453 4510 comprobatur,
2491 4437 2583 4509 qui
2636 4439 2689 4493 iu
2720 4436 2912 4493 Euris
2944 4437 3238 4494 verticibus
3288 4437 3492 4495 Hercu-

1879 4530 1983 4585 lem
2033 4542 2153 4602 post
2183 4530 2497 4587 morborum
2548 4530 2900 4586 comitialiqu
2945 4533 3128 4586 ruinas
3169 4531 3490 4588 dissolutum

1882 4622 1934 4679 in
1956 4623 2193 4680 cinerem
2240 4622 2511 4693 prodidit?
2540 4641 2560 4675 ι
2604 4621 2858 4678 Clemens
2904 4637 3035 4679 vero
3090 4622 3493 4680 Alexandrinus

1883 4716 2156 4788 (Clemens
2185 4715 2468 4771 Alexandr.
2497 4758 2512 4782 ,
2570 4715 2832 4770 Admonit.
2888 4715 2957 4770 ad
3010 4725 3170 4788 gent.,
3205 4734 3325 4786 pag.
3360 4713 3492 4786 18):

1878 4810 2153 4887 Φιλόχορος
2202 4807 2349 4865 δέη..
2421 4808 2603 4885 Κρόνον
2672 4811 2953 4865 ἐπικεῖσθαι
3017 4811 3069 4865 ἐν
3124 4809 3315 4884 Σικελίᾳ
3341 4850 3358 4875 ,
3407 4811 3496 4864 καὶ

195 4813 404 4890 legimus
417 4822 678 4896 (Clemens
693 4825 1295 4898 Alexandra-Adamn“.
1315 4830 1386 4885 ad
1406 4841 1567 4904 gent.,
1587 4850 1639 4904 p.
1659 4832 1775 4904 9.5):

198 4915 424 5004 Εξιτὼιϐε
461 4917 517 4975 δὲ
563 4923 651 4975 καί
678 4924 940 4996 τραπέζης
969 4924 1285 5000 ἀνθρωπίνης
1309 4929 1456 5004 παρά
1482 4935 1590 4992 τοῖς
1619 4932 1776 4985 Αἰθίο-

201 4996 292 5069 Ψιν·
316 5005 659 5096 νάπανθρῷπου
690 5012 746 5070 δὲ
773 5018 859 5071 καί
885 4996 1134 5090 ἀθέσμου,
1185 5019 1340 5083 αὐτὸς
1381 4996 1407 5075 ὲ
1459 5024 1603 5085 Ζεὺς.
1632 5026 1778 5096 παρά

203 5095 403 5151 Λυκάονι
442 5104 518 5172 τῷ
537 5094 744 5174 Ἀρκάδι
770 5107 1096 5182 ἑστιώμενος,
1149 5110 1469 5187 ἀνθρωπείων
1516 5118 1637 5186 γοῦν
1684 5094 1783 5169 ἐνε-
1885 5098 1992 5147 τοῖν
2017 5094 2346 5164 Διοσκούροιν
2412 5094 2547 5158 (η¹⁸ο
2600 5104 2709 5159 reg.
2759 5094 3044 5194 iaﬁtaﬂm".
3080 5094 3153 5143 τὼ
3203 5094 3507 5198 Δξοῗκοῠρῗ

204 5193 381 5256 multo
410 5196 639 5267 σαρκῶν.
686 5193 793 5266 οὐχ
823 5178 967 5250 ἑκὼν·
1002 5206 1169 5273 ἡγνοεῖ
1187 5178 1289 5276 γάρ
1331 5202 1358 5258 ὁ
1395 5178 1534 5267 ea)“.
1564 5207 1634 5269 ὡς
1678 5202 1783 5285 ἄρα
1885 5187 2050 5259 nspi)‘
2082 5182 2346 5260 Ἀνθρώπω
2384 5185 2487 5239 τινὲ
2516 5183 2685 5238 τούτω
2729 5185 2801 5237 τὼ
2838 5181 3128 5254 Διοσκούρω
3148 5178 3383 5252 γενέσθην
3410 5213 3426 5241 ,
3455 5178 3501 5229 εἴ

1893 5298 1969 5349 τῳ
1991 5275 2159 5337 ἱκανὸς
2196 5276 2566 5333 πιστώσασθαι
2609 5271 2839 5349 Ὀμηρος
2862 5272 2921 5327 τὸ
2949 5270 3238 5344 λελεγμένον
3267 5284 3281 5322 :

1880 4904 2097 4959 ἐνθαῦτα
2140 4903 2294 4974 αὐτὸν
2334 4903 2593 4976 τετὰφθαι.
2623 4901 2915 4977 Πατροκλῆς
2962 4922 3017 4957 τι
3057 4900 3084 4956 ὁ
3127 4902 3375 4976 Θούριος.
3409 4901 3499 4954 καὶ

1883 4997 2126 5071 Σοφοκλῆς
2172 4994 2199 5051 ὁ
2246 4997 2491 5072 νεώτερος
2536 4996 2587 5051 ἄν
2638 4999 2779 5072 τρισὶ
2838 4992 3150 5072 τραγωδίαις
3217 4993 3500 5068 ἱστόρσιτον

1885 5098 1992 5147 τοῖν
2017 5092 2346 5164 Διοσκούροιν
2412 5092 2547 5158 (ms.
2600 5104 2709 5159 reg.
2759 5088 3038 5162 ἱστόρειτον
3080 5089 3153 5143 τώ
3203 5085 3497 5157 Διοσκούρώ

208 5280 397 5335 Λυκάων
423 5281 450 5338 ὁ
475 5281 680 5360 Ἀρκὰς.
710 5284 1037 5367 διέστιὰτωρ
1082 5295 1266 5356 αὐτοῦ.
1302 5297 1387 5352 τὸν
1425 5295 1589 5354 παῖδα
1634 5322 1792 5357 κατα-

210 5370 383 5440 σφάξας
400 5376 484 5431 τὸν
510 5378 693 5443 αὐτοῦ,
721 5380 977 5455 Νύκτιμος
1005 5379 1164 5458 ὄνομα
1191 5389 1639 5468 αὐτοῦ,παραθείη
1665 5390 1791 5468 ὄψον

211 5465 274 5531 τῷ
294 5467 381 5520 Διί.
429 5464 551 5521 Fuit
580 5480 749 5524 autent
789 5471 1030 5530 humana:
1057 5494 1256 5549 quoque
1297 5464 1486 5538 mensa:
1530 5464 1789 5558 particeps

213 5555 335 5644 apud
360 5555 633 5631 zEthiopes
649 5604 664 5629 ,
708 5571 815 5616 tum
838 5564 1138 5624 inhumana:
1161 5580 1208 5624 et
1234 5575 1452 5644 nefaria:
1474 5618 1490 5640 ,
1521 5555 1638 5632 cum
1664 5555 1790 5633 con-

216 5641 326 5699 vivio
351 5664 381 5702 a
404 5648 637 5723 Lgcaone
673 5654 875 5712 Arcade
912 5661 1231 5731 exciperetur
1262 5641 1374 5737 ipse
1408 5666 1648 5739 Jupiter;
1685 5673 1787 5726 Itu-

223 5739 360 5819 "fanis
392 5744 577 5817 quippe
610 5748 852 5804 carnibus
892 5761 1038 5806 satur
1072 5754 1282 5812 inuitus.
1338 5757 1609 5816 Nesciebat
1651 5763 1788 5819 enim

224 5816 352 5891 dm.
375 5836 504 5896 quod
524 5835 730 5911 Lycaon
758 5840 942 5906 Arcas,
974 5843 1063 5912 qui
1082 5848 1314 5904 convivio
1339 5852 1622 5923 excipiebat
1643 5816 1780 5926 eum,

823 5935 1101 6001 Parnoc.
1150 5940 1209 5999 V

2084 5450 2097 5461 .
2166 5448 2178 5460 .
2247 5443 2261 5458 ο
2334 5447 2346 5459 .
2382 5422 2475 5468 τοὺς
2498 5416 2534 5459 δ’
2555 5416 2628 5469 ἤδη
2656 5420 2804 5470 ιάτιχιν
2827 5414 2997 5470 φυσίζοος
3022 5410 3112 5460 αἶα,

2082 5476 2130 5525 έν
2151 5480 2394 5535 Λακεδαίμονι
2414 5479 2513 5532 αὖθι,
2535 5483 2618 5536 φίλῃ
2641 5483 2692 5521 lvi.
2713 5478 2884 5532 πατριδιῃ
2907 5480 3004 5529 ταὶῃ.

2721 5551 2889 5615 (Ηοηι.
2917 5546 3054 5598 Iliad.
3075 5546 3146 5610 iit,
3174 5559 3220 5596 v.
3241 5542 3380 5608 245.)

1894 5664 2238 5723 Philochorus
2268 5674 2437 5720 autem
2481 5663 2741 5717 dicit......
2788 5656 3076 5714 Saturnum
3100 5655 3253 5710 situm
3298 5667 3407 5707 esse
3450 5652 3508 5706 in

1892 5760 2098 5828 Sicilia,
2136 5769 2183 5815 et
2213 5758 2452 5815 eumillic
2466 5756 2627 5827 fuisse
2644 5751 2919 5824 sepultum.
2951 5745 3215 5802 Patrocles
3242 5744 3475 5800 Titurius
3495 5784 3512 5809 ,

1890 5866 1935 5912 et
1957 5856 2130 5925 iunior
2153 5852 2433 5924 Sophocles
2460 5849 2687 5905 scribunt
2727 5845 2791 5903 de
2815 5844 3025 5901 Castore
3051 5851 3097 5897 ct
3157 5838 3376 5896 Polluce
3429 5851 3516 5893 cos

2943 5935 3018 6003 18
