3904 6326
460 249 570 308 555

461 360 689 418 homines
736 362 895 432 [uisse
926 358 1077 437 morti
1124 359 1344 437 [alisque
1380 359 1647 416 obnoxios.
1698 359 1848 428 Quod
1895 367 1938 416 si
1964 362 2048 415 cui

461 458 618 526 possit
664 454 819 525 ﬁdem
854 458 1022 531 [acere
1066 453 1324 511 Homerus
1361 453 1604 508 audiatur
1640 454 1775 527 quod
1812 455 2059 525 scriptum

459 559 532 604 est
558 566 577 605 .'

612 640 714 705 Bos
737 645 1014 705 autemjam
1036 642 1391 705 tenebatiarma
1413 641 1562 703 tellus

612 702 666 753 In
692 702 1046 755 Lacedaemone
1073 705 1173 755 illic
1193 704 1375 756 dilecta
1397 707 1446 755 in
1474 702 1625 768 patria
1648 712 1801 756 terra.

458 808 594 864 Tum
619 809 818 867 deinde
846 821 1030 867 narrat
1047 828 1204 881 quem
1239 812 1598 885 Hieronymus
1622 794 1979 884 philosophus
1999 819 2055 866 et

456 902 800 959 Dicaearchus
835 904 1073 960 dixerint
1105 904 1271 960 fuisse
1298 906 1544 983 corporis
1567 905 1784 976 orisque
1805 904 2051 962 Herculis

447 995 713 1079 habitum,
736 1012 801 1051 ac
825 998 1169 1073 continenter
1194 997 1377 1066 adjicit
1402 996 1609 1071 (Clem,
1658 998 1811 1079 ibid.)
1845 1017 1856 1051 :
1888 995 2051 1060 Οὗτος

449 1066 534 1144 δῦν
564 1089 590 1145 ὁ
615 1088 882 1167 Ἡρακλῆς.
910 1090 1003 1147 δύο
1029 1094 1156 1168 πρὸς
1180 1102 1287 1154 τοῖς
1316 1098 1629 1152 πεντήκοντα
1659 1090 1746 1152 ἔτη
1789 1092 2051 1167 βεϐιωκώς

444 1182 761 1261 κατέστρεψε
809 1185 893 1239 τὸν
949 1172 1079 1258 βίος),
1124 1183 1208 1240 διὰ
1235 1195 1326 1247 τῆς
1354 1187 1404 1240 ἐν
1434 1183 1558 1260 Οἴτῃ
1586 1176 1759 1262 πυρᾶς
1808 1185 2049 1245 κεκηδευ-

442 1278 612 1349 μένος.
680 1274 781 1331 Hic
823 1294 942 1350 ergo
987 1276 1234 1332 Hercules
1271 1295 1384 1333 cum
1424 1279 1552 1333 duos
1597 1290 1644 1333 et
1676 1281 2048 1352 quinquaginta

441 1389 605 1427 annos
627 1373 858 1439 vixisset,
890 1394 917 1428 e
940 1376 1043 1428 vita
1075 1376 1285 1430 excessit
1315 1393 1404 1446 per
1424 1393 1555 1439 eam,
1581 1392 1694 1447 qua:
1715 1377 1813 1448 fuit
1838 1377 1891 1431 in
1918 1375 2047 1430 Oeta

440 1480 623 1535 pyram
641 1466 799 1535 justis
827 1466 906 1520 illi
932 1467 1081 1537 [actis
1111 1468 1333 1538 exequiis
1386 1468 1490 1524 Sed
1521 1479 1686 1524 testes
1709 1485 1836 1524 suos
1867 1469 1939 1525 ibi
1966 1471 2045 1527 ci-

442 1561 605 1617 tando
633 1561 946 1634 discrepare
968 1567 1036 1621 ab
1060 1566 1303 1623 Arnobio
1332 1580 1520 1624 nostro
1545 1587 1651 1625 non
1679 1587 1867 1642 parum
1890 1568 2042 1623 vide-

1720 239 2177 333 ntssua'rt'rtp
2214 239 2501 303 ramis

2150 360 2235 414 τὸν
2256 361 2408 443 «urbe
2435 363 2570 435 σφᾶς
2587 357 2854 440 Ἡρακλέα.
2878 356 2931 417 ὃν
2948 354 3035 419 καὶ
3054 357 3255 440 Τύριοι,
3280 360 3509 425 σέϐεσθαι
3525 364 3707 446 ὕστερον

2162 449 2215 506 δὲ
2244 451 2338 512 ἤδη
2367 453 2638 515 τελοῦντας
2668 455 2719 514 ἐς
2739 450 2999 516 Ἕλληνας.
3045 459 3256 528 νομίσαι
3283 460 3366 512 καὶ
3392 456 3601 536 Ἡρακλεῖ
3635 473 3708 519 τοῦ

2158 537 2529 620 Ἀμφιτρύωνος
2565 547 2729 619 νέμειν
2749 547 2924 625 τιμάς.
2960 544 3189 625 Narrant
3212 558 3388 605 autem
3414 550 3529 605 dum
3554 553 3711 623 Tyrio-

2162 651 2279 713 rum
2312 621 3101 711 secundzeprosperzequeres
3127 652 3340 707 essent,
3372 642 3617 725 coloniam
3641 649 3710 703 cui

2160 725 2445 787 Herculem
2469 727 2690 800 Tyrium
2722 728 3097 800 prtefecerant,
3130 732 3347 787 missam
3375 733 3441 788 ab
3465 735 3559 789 illis
3576 736 3712 795 luisse

2158 819 2210 895 in
2243 819 2575 895 Hispaniam,
2611 821 2701 877 ubi
2733 822 2948 876 tandem
2978 824 3093 897 ipse
3122 804 3381 881 Hercules
3402 838 3619 883 mortuus
3645 846 3713 886 se-

2157 912 2445 995 pultusque
2473 912 2592 968 fuit.
2626 896 2823 970 Scribit
2846 931 2978 997 vero
3004 910 3136 999 blcla
3163 919 3219 972 in
3243 916 3496 999 Gaditana
3524 921 3709 976 insula:

2161 1027 2178 1060 ι
2215 992 2497 1091 Templum
2549 1009 2787 1082 Aigyptii
2845 992 3128 1079 Herculis,
3182 992 3575 1091 conditoribus,
3613 1015 3714 1089 reli-

2153 1082 2352 1179 gione,
2405 1082 2713 1169 vetustate,
2753 1090 2945 1173 opibus
2979 1084 3224 1172 illustre,
3256 1105 3403 1177 Tyrii
3431 1082 3708 1163 condidere.

2152 1195 2259 1261 Cur
2287 1206 2533 1250 sanctum
2566 1196 2674 1263 sit,
2708 1210 2837 1252 ossa
2866 1197 2981 1266 ejus
3013 1197 3085 1267 ibi
3117 1199 3222 1253 sita
3245 1241 3262 1269 ,
3290 1184 3527 1257 efﬁciunt.
3558 1199 3711 1277 (Mela,

2151 1285 2241 1340 lib.
2266 1301 2344 1353 ιιι,
2376 1303 2490 1354 cap.
2520 1287 2601 1358 6).
2630 1306 2648 1337 ι
2705 1287 2810 1342 Sed
2858 1289 2929 1344 ibi
2979 1289 3112 1345 Mela
3159 1291 3228 1346 ab
3254 1291 3478 1348 Arriano
3500 1334 3515 1360 ,
3549 1304 3598 1347 et
3618 1293 3714 1347 aliis

2152 1378 2354 1435 idcirco
2384 1370 2679 1453 castigatur
2700 1420 2714 1446 ,
2742 1380 2885 1452 quod
2916 1380 3205 1469 Herculem
3232 1383 3537 1457 Egyptium
3565 1394 3613 1441 et
3633 1383 3716 1458 Ty-

2148 1474 2286 1528 rium
2314 1515 2329 1540 ,
2379 1490 2516 1544 quos
2559 1473 2752 1551 Cicero
2793 1474 2992 1547 aliique
3020 1477 3393 1548 distinguunt,
3426 1487 3715 1550 praepostere

2148 1554 2452 1645 confuderit
2476 1564 2735 1636 (Arriam,
2768 1568 2857 1630 lib,
2885 1584 2920 1622 ιι
2949 1566 3012 1622 de
3032 1564 3238 1640 Emped.
3262 1567 3437 1636 Atrax,
3461 1587 3571 1642 pag.
3592 1568 3715 1640 125).

354 1698 357 1701 λ
439 1648 548 1709 iur.
592 1655 882 1712 Saturnum
912 1660 1055 1715 enim
1106 1662 1157 1715 in
1188 1662 1370 1716 Sicilia
1411 1664 1699 1733 sepultura:
1728 1654 2031 1719 mandatum

2154 1658 2225 1739 De
2251 1658 2414 1730 Tyrio
2445 1669 2625 1714 autem
2650 1703 2665 1727 ,
2705 1661 2797 1731 qui
2839 1660 2892 1715 in
2943 1661 3197 1734 Hispania
3250 1664 3556 1730 colebatur,
3599 1680 3716 1735 pra:-

436 1748 601 1804 l‘uissc
630 1752 823 1820 probat
867 1751 1131 1829 Patroclis
1156 1754 1374 1829 'l‘hurii,
1416 1757 1669 1829 Clemens
1700 1774 1828 1814 vero
1858 1759 2039 1814 Philo-
2069 1761 2117 1827 B
2143 1766 2226 1818 ter
2251 1751 2361 1821 jam
2411 1752 2662 1809 lalldalOS
2714 1754 3042 1809 Pausaniam
3084 1765 3139 1811 et
3179 1756 3466 1812 Arriuuum
3491 1800 3504 1824 ,
3547 1757 3719 1829 poteris

435 1841 587 1895 chOri
640 1822 970 1900 leslimouio.
1021 1822 1294 1903 Arnobius
1337 1828 1597 1927 praeterea
1642 1852 1863 1917 nullius,
1910 1852 2036 1907 Cle-
2139 1844 2202 1915 ρ.
2232 1845 2473 1902 Curtium
2506 1863 2570 1904 ac
2603 1848 2851 1904 Vossiuin
2879 1852 3168 1907 consulere
3198 1852 3430 1925 (Arrian.
3454 1895 3469 1917 ,
3492 1853 3583 1906 loc.
3611 1852 3719 1915 cit.;

432 1949 589 1989 mens
614 1944 792 1990 autem
823 1938 984 1993 trium
1015 1939 1279 1998 Patroclis
1307 1943 1530 2011 Thurii,
1559 1946 1796 2017 junioris
1822 1932 2036 2017 Soplio-
2142 1942 2205 2006 ρο
2238 1937 2409 2007 (λιτὶ-ν
2441 1940 2530 1995 ιίὺ·
2561 1957 2669 2007 VII;
2704 1940 2873 2010 νοεδα,
2903 1943 2993 2031 (ib.
3025 1962 3037 1999 ι
3071 1944 3135 2017 de
3158 1943 3304 2031 Orig.
3332 1954 3383 1999 ει
3415 1942 3568 2031 ξ’τοθο
3590 1944 3719 2015 “OL,

431 2026 571 2093 clis,
619 2036 675 2083 et
719 2028 938 2086 Homeri
992 2038 1321 2091 auctoritate
1361 2012 1600 2094 ostendit
1648 2032 1930 2095 Castorem
1974 2057 2031 2097 ac

2154 2049 2256 2104 :ap.
2285 2033 2379 2099 54,
2409 2050 2531 2107 pag.
2558 2035 2657 2090 151
2685 2044 2733 2107 et
2756 2012 2943 2108 seqqi.

432 2122 707 2179 Pollucem
747 2126 1015 2181 obnoxios
1069 2131 1228 2185 morti
1271 2131 1439 2187 tuisse
1480 2133 1750 2203 homines,
1790 2144 1845 2191 et
1868 2136 2039 2192 Lace-
2209 2125 2503 2209 Thebanus
2532 2143 2695 2200 porro
2721 2129 3001 2195 Hercules,
3030 2132 3129 2186 etsi
3152 2131 3301 2187 Jovis
3331 2143 3389 2188 el
3417 2133 3718 2198 Alcumenae.

429 2214 677 2271 daemone
718 2220 979 2288 sepultos.
1032 2223 1272 2293 Denique
1320 2225 1574 2285 Clemens
1612 2229 1834 2283 formam
1888 2229 2031 2286 habi«

2154 2224 2198 2271 ιι
2225 2233 2253 2271 a
2286 2217 2444 2275 nobis
2470 2231 2625 2274 antea
2654 2219 3000 2277 observatum
3029 2232 3113 2277 est
3155 2222 3403 2295 (Dissert.
3442 2222 3495 2278 in
3522 2223 3718 2289 Minuta,

432 2316 653 2380 tumque
692 2309 940 2368 Herculis
968 2355 984 2380 ,
1038 2324 1199 2386 atque
1246 2319 1320 2372 uti
1350 2319 1584 2384 videtur,
1616 2322 1806 2376 mortis
1828 2336 2031 2392 genus,

2154 2328 2262 2380 cap.
2290 2313 2379 2375 l5,
2402 2322 2503 2367 art.
2529 2313 2607 2381 '5),
2629 2314 2894 2369 adulterio
2913 2325 3090 2383 natus,
3115 2316 3521 2390 Amphitryonis
3545 2328 3716 2380 tamen,

427 2403 880 2471 Quemadmodum
911 2406 1274 2481 Hieronymus
1302 2411 1658 2482 phil050phus
1678 2454 1692 2477 ,
1719 2421 1772 2469 et
1803 2414 2037 2470 Dicmar-
2141 2400 2422 2471 Thebani,
2472 2413 2530 2459 et
2558 2406 2799 2474 ejusdem
2833 2404 3149 2463 Alcumenae
3179 2408 3386 2477 mariti,
3421 2410 3553 2464 illius
3583 2408 3722 2462 habe-

426 2496 563 2555 chus
584 2499 842 2564 retulere,
876 2501 1146 2557 Arnobius
1178 2518 1307 2557 vero
1332 2546 1348 2571 ,
1380 2506 1520 2560 sicut
1543 2504 1882 2571 ειιωνοηειιε,
1921 2509 2037 2564 sive
2137 2498 2327 2564 b-lllll‘,
2370 2504 2533 2569 atque
2561 2498 2765 2554 idcirco
2794 2502 3101 2570 appellatur
3130 2500 3443 2557 Thebanus.
3486 2501 3588 2585 Cur
3616 2515 3721 2555 vero

426 2589 501 2641 uti
554 2589 606 2643 in
640 2591 828 2647 codice
855 2594 1007 2664 regio
1047 2595 1307 2666 εατίριυιη
1374 2598 1630 2663 diximus,
1691 2600 2036 2673 Hieronymus
2137 2605 2201 2644 ac
2228 2590 2497 2661 quomodo
2525 2590 2597 2645 in‘
2619 2590 2790 2647 Oeteo
2820 2606 3005 2649 monte
3032 2597 3187 2649 vivus
3217 2596 3532 2653 combustus
3564 2591 3720 2677 luerit,

424 2678 762 2740 Plutarchus.
2137 2683 2265 2738 alibi
2298 2680 2460 2739 etiam
2491 2685 2904 2754 explicavimus.
2955 2683 3027 2741 At
3048 2688 3176 2743 inde
3201 2689 3546 2758 explanatum
3573 2684 3722 2740 adhuc

494 2773 699 2834 Verum
730 2796 839 2836 non
868 2791 1015 2837 tanta
1050 2785 1201 2840 inter
1220 2785 1357 2841 duos
1383 2796 1601 2843 nostros
1629 2788 1927 2863 scriptores
1948 2798 2031 2845 est

2158 2776 2390 2842 iubebis,
2419 2774 2563 2848 quod
2595 2793 2782 2832 rursus
2809 2790 2998 2834 auctor
3028 2792 3212 2835 noster
3236 2768 3400 2851 paulo
3436 2790 3552 2852 post
3575 2777 3719 2831 dixit:

422 2872 725 2940 dissensio,
775 2877 821 2930 si
851 2880 1125 2935 Arnobius
1153 2881 1357 2935 nullum
1389 2883 1683 2952 sepultura:
1712 2882 1952 2939 Castoris
1980 2893 2031 2939 et

2154 2888 2163 2920 ι
2201 2856 2391 2941 moles
2431 2862 2623 2961 ‘Jovis,
2698 2870 2986 2942 Sophoclis
3028 2872 3080 2926 in
3108 2871 3449 2940 Trachiniis,
3493 2868 3723 2927 Hercules

422 2963 664 3027 Ροιιηοίε
696 2975 917 3034 testem,
962 2970 1150 3041 plures
1178 2988 1310 3028 vero
1346 2973 1604 3032 Clemens
1643 2986 1805 3047 atque
1841 2978 1893 3033 in
1926 2979 2033 3047 ντί,
2140 2962 2377 3053 pestiferi
2426 2963 2676 3034 tegminis
2734 2962 3141 3053 circumretitus
3189 2966 3486 3037 indagine,
3529 2966 3723 3021 misera-

421 3058 526 3113 mis
553 3059 846 3117 Homerum
888 3064 1152 3120 citaverit.
1207 3065 1312 3121 Sed
1355 3067 1552 3122 mirum
1599 3069 1831 3125 fortasse
1872 3070 2031 3126 alicui

2154 3048 2493 3111 Siles'cdere
2550 3056 2823 3112 inducitur
2890 3050 3170 3126 ejulatus,
3234 3059 3496 3116 violentia
3547 3054 3725 3113 doloris

419 3152 691 3225 videbitur
717 3172 815 3212 cur
852 3159 1055 3214 nullam
1096 3162 1427 3218 mentionem
1470 3162 1661 3218 iecerit
1692 3164 1851 3234 hujus
1889 3181 2031 3237 grae-

2154 3146 2309 3218 'rangi
2334 3189 2350 3215 ,
2394 3159 2556 3219 atque
2592 3150 2645 3205 in
2687 3150 2930 3205 ultimam
2962 3152 3139 3207 tabem
3169 3151 3537 3208 difﬂuentium
3568 3151 3722 3205 visce-

421 3261 608 3301 corum
654 3259 935 3318 poetarum
977 3253 1237 3321 principis
1266 3295 1281 3318 ,
1325 3256 1414 3323 qui
1474 3271 1578 3310 non
1610 3257 1788 3311 solum
1833 3273 1864 3312 a
1904 3257 2030 3314 Cle-

420 3348 628 3403 mente,
653 3340 749 3396 sed
778 3342 941 3397 etiam
965 3358 995 3397 a
1022 3342 1288 3401 Cicerone
1315 3346 1563 3404 laudatur
1587 3348 1674 3405 his
1697 3350 2033 3422 totidemque

420 3433 638 3489 verbis:
676 3453 694 3487 ι
725 3435 892 3505 Quos,
922 3455 941 3488 ι
972 3435 1252 3493 Castorem
1280 3448 1336 3495 et
1360 3440 1657 3507 Pollucem,
1690 3462 1709 3495 (
1739 3442 2028 3510 Homerus,

418 3531 511 3601 qui
534 3544 725 3586 recens
753 3532 823 3589 ab
868 3530 1083 3586 illorum
1115 3543 1275 3588 {etate
1303 3533 1424 3595 fuit,
1468 3536 1713 3605 sepultus
1739 3552 1863 3593 esse
1903 3538 2034 3597 dicit

418 3627 812 3687 Lacedzemone
842 3626 972 3699 (Cie.
993 3669 1009 3693 ,
1044 3627 1135 3683 lib.
1162 3643 1220 3682 ιιι
1242 3628 1304 3682 de
1329 3628 1521 3684 Natur.
1544 3630 1690 3687 deor.
1714 3674 1729 3697 ,
1750 3649 1872 3703 pag.
1901 3633 2031 3714 241,

421 3722 516 3777 lin.
548 3722 662 3795 50).
690 3741 709 3774 ι
747 3720 960 3792 εινρὶυε
984 3723 1129 3778 enim
1161 3725 1439 3780 Arnobius
1483 3725 1673 3789 horum
1707 3729 2032 3799 scriptorum

419 3816 650 3886 vestigia
680 3816 898 3887 premit.

499 3909 699 3965 Verum
748 3910 800 3964 in
843 3911 945 3965 hoc
975 3912 1149 3981 magis
1188 3927 1217 3966 a
1249 3912 1529 3968 Clemente
1564 3913 1849 3980 dissentit,
1889 3915 2033 3984 quod

417 4002 636 4077 Saturni
680 4002 1012 4072 sepulturam
1066 4004 1365 4068 Patroclis,
1421 4003 1677 4061 Clemens
1722 3990 2032 4066 Philochori

421 4098 736 4154 testimonio
780 4097 1089 4154 conﬁrmat.
1172 4099 1424 4167 Diversos
1473 4102 1754 4157 enimvero
1777 4104 1943 4161 vades
1987 4106 2033 4161 si

419 4190 549 4247 dare
576 4191 902 4259 noluerunt,
946 4191 1089 4257 vide,
1122 4209 1330 4261 quaeso,
1381 4203 1558 4263 utrum
1598 4193 1872 4253 Arnobius
1912 4214 2030 4255 me-

419 4284 591 4339 moria
621 4284 804 4354 lapsus
832 4286 924 4349 sit,
956 4295 1049 4340 aut
1072 4301 1228 4340 error
1258 4286 1308 4340 in
1344 4287 1549 4342 librarii
1581 4288 1925 4346 oscitantiam
1951 4293 2033 4353 vel

420 4366 758 4432 inscientiam
809 4377 961 4448 rejici
1015 4378 1230 4435 debeat.
1285 4381 1352 4433 At
1391 4390 1540 4436 certe
1587 4381 1704 4438 haec
1748 4386 2033 4445 oscitantia

421 4468 594 4540 magis
638 4478 787 4539 patet.
831 4471 884 4524 in
912 4471 1200 4543 descriptis
1239 4474 1548 4529 nominibus
1586 4473 1897 4532 Chwroneus
1946 4480 2031 4535 vel

2135 3257 2252 3295 rum
2286 3243 2649 3298 maceratione
2676 3247 2920 3300 consumi
2948 3265 2966 3298 ι
3001 3245 3242 3322 (ᾼνηοὺη
3279 3236 3369 3303 lib.
3391 3264 3468 3315 ιν,
3494 3265 3608 3318 pag.
3634 3242 3718 3299 l5!

2132 3344 2181 3387 et
2207 3331 2394 3406 ταφῳ).
2441 3334 2598 3391 Prius
2642 3352 2774 3392 vero
2801 3337 3025 3403 Cicero,
3087 3350 3142 3395 et
3186 3343 3389 3397 clarius
3434 3361 3447 3397 :
3501 3360 3520 3394 ι
3556 3339 3724 3395 Videa-

2134 3442 2256 3481 mus
2280 3469 2294 3492 ,
2331 3446 2351 3479 ›
2406 3428 2622 3498 inquit,
2673 3449 2691 3481 ι
2724 3430 3008 3487 Herculem
3033 3434 3206 3505 ipsum
3234 3476 3251 3502 ,
3301 3438 3395 3508 qui
3428 3448 3538 3491 tum
3563 3433 3725 3489 dolore

2133 3519 2505 3591 frangebatur,
2535 3537 2657 3577 cum
2688 3524 3147 3580 immortalitatem
3182 3528 3293 3598 ipsa
3330 3537 3508 3584 morte
3538 3540 3724 3597 quare-

2134 3614 2243 3669 bat.
2296 3615 2443 3683 Quas
2493 3618 2579 3672 hic
2615 3632 2780 3674 voces
2825 3619 2968 3687 apud
2996 3617 3325 3690 Sophoclem
3361 3617 3725 3677 in'Traehiniis

2136 3707 2285 3764 edit?
2325 3709 2423 3765 Cui
2447 3704 2569 3766 cum
2626 3713 2873 3782 chanira
2899 3700 3199 3785 sanguine
3224 3711 3485 3771 Centauri
3526 3715 3720 3768 tinctam

2138 3802 2373 3858 tunicam
2403 3806 2705 3872 induisset,
2750 3806 3162 3878 inhazsissetque
3191 3824 3253 3862 ea
3290 3810 3589 3865 visceribus
3611 3850 3625 3873 ,
3661 3805 3725 3860 ait

2135 3894 2232 3951 ille
2261 3898 2338 3951 :0
2362 3898 2554 3964 multa,
2579 3908 2682 3953 etc.
2714 3916 2733 3949 ι
2768 3897 2982 3972 (Cicer.,
3012 3901 3102 3955 lib.
3137 3918 3174 3956 ιι
3200 3901 3445 3972 Tuscul.,
3472 3919 3586 3975 pag.
3617 3897 3721 3963 158,

2136 3988 2227 4045 lin.
2272 3990 2387 4065 42).
2437 3992 2767 4065 Transcripti
2806 4011 2936 4052 vero
2976 3997 3264 4068 Sephoclis
3314 4016 3508 4056 versus
3547 3994 3598 4054 in
3639 4011 3722 4061 ea,

2135 4100 2292 4154 quam
2323 4087 2443 4153 ille,
2476 4090 2606 4143 citat
2634 4089 2894 4160 tragoedia
2946 4108 3006 4145 re
3054 4094 3168 4164 ipsa
3221 4095 3572 4151 inveniuntur
3606 4090 3720 4166 (So-

2137 4180 2333 4248 phocl.,
2354 4168 2407 4233 in
2428 4174 2702 4250 Truc/tim,
2727 4200 2856 4240 vers.
2892 4186 3028 4241 1057
3057 4198 3103 4240 et
3126 4190 3311 4263 seqq.).

2207 4272 2380 4338 Quam
2394 4275 2626 4328 validum
2657 4292 2819 4346 porro
2841 4280 2909 4333 sit
2931 4281 3071 4335 istud
3094 4281 3321 4338 Arnohii
3343 4293 3721 4356 argumentum,

2137 4366 2221 4421 vel
2251 4383 2316 4421 ex
2361 4368 2477 4438 ipso
2524 4369 2787 4428 Cicerone
2816 4375 3075 4446 colliges,
3118 4379 3207 4447 qui
3242 4356 3381 4435 bum
3429 4379 3646 4436 dixisset
3667 4374 3725 4429 ab

2138 4460 2476 4518 Evehemero
2507 4477 2560 4520 et
2589 4478 2791 4522 mortes
2816 4479 2871 4524 et
2895 4456 3202 4541 sepulturas
3231 4456 3593 4545 demonstrari
3613 4472 3723 4526 deo-

422 4561 771 4633 Hieronymus
796 4562 1127 4620 Plutharcus.
1160 4566 1218 4623 Si
1245 4567 1387 4622 enim
1420 4568 1692 4626 Arnobius
1713 4570 1810 4633 ibi,
1840 4588 2027 4640 quem.
2136 4570 2280 4617 rum,
2315 4555 2439 4611 hinc
2468 4560 2743 4615 concludit
2783 4562 2851 4617 ab
2878 4552 2975 4617 illo
3011 4573 3175 4620 totam
3216 4570 3434 4637 penitus
3482 4568 3591 4624 tolli
3619 4563 3723 4621 reli-

422 4655 711 4720 admodum
760 4657 889 4714 alibi
946 4659 1282 4717 Clementem
1347 4661 1630 4731 sequitur,
1680 4665 2025 4721 scribendum

423 4755 543 4802 erat
571 4746 927 4820 Hieronymus
949 4752 1305 4822 philosophus,
1336 4756 1424 4824 qui
1456 4754 1742 4812 Herculem
1768 4758 1822 4813 in
1848 4769 2031 4816 monte

425 4837 556 4899 Oeta
585 4824 644 4895 se
674 4840 853 4896 vivum
883 4843 1249 4901 combussisse
1278 4846 1535 4916 prodidit.
1886 4840 1891 4845 ’

495 4935 763 4991 Caeterum
816 4936 887 4993 de
941 4939 1098 5008 hujus
1165 4950 1222 4997 et
1288 4944 1517 5000 alterius
1559 4944 1811 5005 Herculis
1856 4958 2034 5007 morte

424 5014 612 5085 auctor
641 5038 825 5085 noster
849 5016 1031 5099 primo.
1045 5048 1144 5088 suo
1173 5037 1224 5088 in
1256 5035 1392 5091 libro
1414 5037 1659 5093 dixerat:
1699 5058 1717 5092 ι
1742 5039 2031 5101 Thebanus

426 5130 519 5176 aut
549 5120 742 5193 Tyrius
771 5121 1029 5179 Hercules
1048 5167 1063 5189 ,
1111 5125 1199 5181 hic
1248 5127 1300 5182 in
1342 5128 1536 5189 ﬁnibus
1562 5133 1805 5201 sepultus
1832 5135 2026 5219 HiSpa-

427 5216 551 5279 nizn,
576 5216 807 5271 ﬂaminis
828 5217 965 5273 alter
982 5222 1553 5280 concrematusOeteis
1576 5246 1595 5280 ι
1621 5224 1862 5299 (Arnob.,
1881 5216 1965 5286 lib.
1988 5249 2023 5297 ι,

428 5326 546 5382 pag.
589 5310 702 5382 20).
764 5311 919 5366 Prior
960 5321 1139 5369 autem
1195 5316 1282 5370 ille
1322 5316 1579 5374 Hercules
1622 5320 1751 5385 init,
1806 5323 1874 5380 de
1919 5341 2027 5396 quo

429 5401 721 5456 Pausanias
761 5405 876 5459 IIII‘C
917 5404 1111 5460 litteris
1141 5408 1476 5478 ennsignavit
1517 5409 1813 5483 (Pansam,
1853 5416 2019 5484 lib.v,

432 5512 551 5566 pag.
588 5495 713 5569 175)
747 5516 760 5553 :
806 5498 869 5552 Et
896 5498 1057 5554 Thasi
1082 5501 1282 5569 quidem
1315 5504 1485 5556 audivi
1510 5504 1725 5576 Tyrium
1749 5526 1856 5564 esse
1883 5510 2020 5565 llero

430 5590 589 5642 culem
611 5631 625 5654 ,
653 5608 798 5659 quem
829 5591 1010 5647 Thasii
1039 5595 1103 5648 ab
1130 5595 1276 5648 initio
1296 5607 1459 5650 essent
1491 5601 1713 5653 venerati
1737 5619 1750 5655 :
1780 5604 1870 5657 sed
1890 5606 2026 5658 enim

410 5697 549 5743 cum
584 5700 637 5737 se
668 5687 746 5739 illi
776 5685 965 5742 Grmcis
994 5689 1349 5757 adiunxissent
1370 5732 1384 5755 ,
1415 5701 1605 5759 caaptos
1628 5694 1692 5748 ab
1725 5695 1787 5749 iis
1813 5696 2028 5768 Amphi-

435 5774 631 5846 tryonis
658 5777 807 5831 etiam
833 5779 941 5848 ﬁlio
968 5781 1183 5835 honores
1214 5784 1409 5838 haberi.
1456 5782 1690 5843 ’Ἤκουσα
1713 5786 1767 5845 δὲ
1794 5792 1845 5846 ἐν
1871 5793 2030 5869 Θάσῳ

2129 4648 2341 4719 gionem
2369 4692 2384 4715 ,
2434 4652 2531 4735 sed
2575 4669 2681 4707 non
2713 4654 2873 4709 aliam
2906 4648 3193 4726 proiecto,
3230 4644 3355 4717 nisi
3402 4661 3722 4735 ethnicorum

2129 4738 2343 4814 (Cicer.,
2374 4743 2426 4797 in
2450 4744 2544 4813 ﬁn.
2575 4744 2668 4802 lib.
2693 4763 2709 4802 ι
2739 4748 2802 4800 de
2833 4746 3027 4804 Natur.
3052 4751 3220 4818 deor.,
3256 4770 3383 4827 pag.
3410 4753 3562 4825 212).

2744 4844 2974 4921 CAPUT
3013 4847 3131 4903 xv.

2140 4932 2407 5000 Quomodo
2441 4935 2697 4990 Arnobius
2743 4937 3034 5008 probaverit
3070 4941 3242 4995 omnia
3268 4958 3390 5011 quae
3426 4943 3490 4998 de
3528 4940 3618 4993 diis
3653 4945 3720 4985 ἠε

2148 5012 2155 5019 ’
2207 5012 2404 5079 morata
2453 5037 2590 5095 sunt,
2653 5030 2789 5083 male
2818 5032 2869 5083 in
2917 5042 3092 5102 poetas
3126 5032 3188 5086 ab
3216 5036 3431 5087 ethnicis
3459 5027 3629 5100 rejici,
3666 5037 3720 5077 ac

2205 5118 2325 5173 deos
2355 5118 2490 5173 ludis
2516 5160 2530 5183 ,
2577 5121 2629 5173 in
2668 5138 2841 5176 eorum
2884 5123 3126 5178 honorem
3154 5121 3404 5176 institutis
3426 5164 3441 5188 ,
3470 5115 3718 5193 infamari,

2204 5218 2250 5266 et
2278 5212 2527 5269 attributa
2549 5202 2765 5287 spoliari
2794 5214 3078 5269 divinitate.

2526 5306 2529 5309 λ
2641 5303 2957 5363 sericatus
2994 5324 3206 5364 PRIMUS.

2128 5396 2414 5449 Ostenditur
2438 5412 2499 5449 ea
2520 5402 2700 5461 omnia,
2729 5394 2841 5464 qua:
2864 5399 2928 5464 de
2950 5400 3045 5450 diis
3066 5401 3193 5450 dicta
3218 5407 3348 5464 sunt,
3374 5403 3506 5452 male
3544 5394 3721 5450 relundl

2192 5465 2239 5528 in
2263 5470 2455 5528 poetas,
2481 5471 2630 5525 atque
2657 5462 2880 5513 ethnicos
2901 5462 3137 5528 debuisse
3168 5464 3218 5512 in
3248 5463 3390 5524 illos,
3420 5463 3720 5528 quemadmo-

2187 5525 2303 5589 dum
2327 5526 2564 5577 adversus
2578 5540 2787 5589 regnum
2808 5527 3077 5589 potentiam
3091 5525 3473 5584 murmurantes,
3488 5536 3541 5577 et
3553 5526 3721 5575 calam-

2191 5588 2434 5657 niatorcs,
2472 5588 2767 5657 Sententia":
2814 5588 3004 5657 t'erre,_
3046 5604 3101 5638 ac
3141 5603 3250 5657 cum
3287 5591 3372 5657 eis
3428 5589 3719 5657 proscribere

2192 5649 2686 5762 histiioneskmimos,
2714 5665 2772 5701 ac
2794 5649 3134 5713 pantomimos,
3159 5653 3242 5702 ubi
3270 5652 3337 5704 de
3360 5649 3635 5716 quindecim
3653 5649 3721 5696 vi-

2194 5726 2263 5762 rts
2326 5726 2474 5762 aurea
2498 5725 2557 5762 is.

2194 5712 2263 5762 ris
2286 5712 2557 5763 Laurentis.

2208 5795 2365 5853 Tanti
2403 5796 2659 5868 ponderis
2702 5808 3050 5870 argumenta,
3094 5815 3125 5856 a
3166 5802 3323 5860 nobis
3350 5801 3620 5875 exposita.
3659 5800 3705 5847 ul
