3904 6326
183 280 273 348 557

1335 277 1403 335 ΙΝ
1440 272 1813 345 ΑΒΝΟΒΠΙΜ,
1854 271 2008 337 CAP.
2048 271 2165 329 XV.

3343 275 3452 333 558

189 401 355 461 comici
383 398 674 457 inﬁrmare
698 439 715 467 ,
742 400 849 455 'aut
888 404 1038 457 certe
1063 397 1288 454 eludere
1335 413 1551 471 quoquo
1593 397 1755 453 modo
1782 392 1835 463 Α
1861 388 2040 451 fuistis
2068 387 2301 457 injuriis.
2335 405 2354 443 ι
2392 385 2646 471 (Αντιορη
2681 386 2771 443 lib.
2801 382 2876 451 iv,
2912 402 3033 460 pag.
3070 386 3223 460 151.)
3250 386 3306 444 Si
3333 389 3455 459 quis

202 503 389 564 possent
411 535 427 557 ,
473 492 868 563 respondebant
897 509 960 548 ea
993 493 1170 547 omnia
1194 493 1419 548 deorum
1452 493 1757 562 turpissima

203 586 316 643 facta
334 628 347 649 ,
397 594 590 641 mortes
622 595 678 641 et
700 585 1003 655 sepulturas
1032 584 1283 657 ﬁgmenta
1309 598 1432 641 esse
1456 595 1720 653 poetarum
1740 628 1755 651 ,

200 679 258 739 ab
295 679 349 733 iis
393 695 492 733 non
521 692 666 737 sanae
701 678 898 736 mentis
948 677 1253 734 hominibus
1292 677 1360 733 ad
1386 678 1666 734 libidinem
1693 693 1759 734 ac

199 771 493 840 voluptatem
523 764 843 841 composita,
882 773 1078 842 quibus
1104 771 1414 838 imperitum
1445 771 1634 840 vulgus
1657 771 1757 835 de-

197 872 441 933 ceperunt.
488 863 682 937 Verum
726 864 811 918 cui
860 863 1123 920 credibile
1154 865 1279 930 fiet,
1330 863 1405 919 ait
1451 864 1753 929 Arnobius,

197 968 358 1028 poetas
396 959 678 1015 vetustatis
720 958 1100 1023 remotissimae
1128 973 1194 1014 eo
1222 958 1569 1028 impudentiae
1594 958 1760 1013 deve-

196 1051 337 1116 nisse,
360 1061 416 1105 ut
436 1051 660 1108 infames
686 1060 846 1123 atque
866 1053 1308 1110 obsctenissimas
1330 1052 1399 1108 de
1427 1052 1531 1111 diis
1554 1052 1761 1108 fabulas

191 1158 317 1199 czeco
350 1142 526 1201 furore
568 1145 1078 1216 disseminaverint,
1134 1147 1446 1217 nullamque
1471 1147 1763 1201 metuerint

190 1245 269 1290 aut
311 1237 466 1292 adiis
507 1238 681 1307 ipsis,
736 1248 831 1294 aut
885 1239 1194 1301 hominibus
1249 1255 1464 1310 poenam
1512 1239 1758 1309 (Arnob.,

188 1327 262 1382 lib.
292 1344 363 1395 ιγ,
391 1347 515 1401 pag.
550 1331 654 1391 M8
681 1340 730 1386 et
754 1330 947 1405 seqq.).

254 1421 446 1495 Deinde
474 1438 603 1487 vero
629 1464 645 1489 ,
694 1433 815 1487 esto
838 1465 854 1490 ,
906 1434 1094 1483 contra
1121 1425 1211 1499 jus
1236 1439 1396 1481 omne
1417 1433 1473 1481 et
1499 1424 1602 1489 fas,
1645 1423 1763 1479 haec

185 1515 451 1587 commenti
481 1508 614 1584 sint,
644 1532 741 1581 cur
767 1532 901 1588 ergo
928 1518 1007 1591 illi
1028 1519 1205 1589 legum
1233 1520 1524 1575 severitate
1551 1518 1763 1575 debitas

187 1616 314 1662 tanto
340 1608 533 1677 sceleri
566 1624 755 1680 ρωιιειε
784 1626 891 1667 non
918 1610 1228 1671 dederunt?
1273 1610 1468 1669 Nonne
1503 1610 1762 1682 gravissi-

183 1716 310 1775 mum
335 1702 540 1757 crimen
570 1714 653 1769 est
679 1702 874 1767 famam
905 1705 1132 1777 alicujus
1157 1746 1173 1769 ,
1218 1706 1391 1767 multo
1420 1705 1591 1774 magis
1630 1704 1721 1761 Dei
1743 1746 1757 1769 ι

1860 480 1989 534 vclit
2034 478 2085 533 id
2114 478 2213 537 sibi
2260 478 2487 547 alicujus
2530 466 3134 550 au‘ctoritatejprobari,
3178 483 3458 537 is'audiat

1860 573 2181 635 Ciceronem
2211 590 2226 626 :
2265 591 2283 624 ‹
2321 573 2612 631 Duodecim
2642 575 2872 641 tabulis,
2907 595 2924 627 ι
2961 576 3035 631 ait
3074 587 3276 644 orator,
3311 597 3329 629 ι
3361 577 3459 633 de-

1862 666 2070 727 clarant
2110 665 2267 721 condi
2306 665 2420 735 jam
2455 675 2569 724 tum
2608 667 2824 725 solitum
2872 682 2990 725 esse
3018 683 3235 723 carnem
3273 669 3461 739 :quod

1861 774 1931 816 ne
1947 758 2138 821 liceret
2154 758 2269 815 fieri
2290 758 2357 841 ad
2379 758 2603 815 alterius
2623 759 2893 830 injuriam,
2919 760 3067 830 leges
3089 772 3407 819 sanxerunt.
3431 784 3452 818 ι

1866 852 2090 926 (αἱματη,
2139 854 2228 919 lib.
2272 870 2325 909 ιν
2374 853 2617 923 Tuscul.,
2673 870 2793 926 pag.
2848 855 3096 921 165,1in.
3125 855 3245 927 93.)
3277 859 3463 929 Augu-

1862 948 2033 1005 stinus
2060 962 2191 1003 vero
2240 956 2466 1010 testatur
2511 962 2572 1005 se
2622 962 2688 1007 ex
2719 963 2863 1009 nunc
2890 940 3176 1019 deperdito
3213 950 3462 1020 ejusdem

1861 1036 2138 1095 Ciceronis
2178 1049 2372 1110 quarto
2411 1039 2479 1095 de
2529 1040 2825 1111 Republica
2870 1040 3013 1097 libro
3055 1041 3170 1103 haec
3194 1042 3263 1099 de
3293 1045 3463 1099 verbo

1862 1134 1931 1188 ad
1961 1134 2185 1190 verbum
2218 1134 2594 1207 descripsisse.
2625 1152 2645 1186 ‹
2679 1133 2892 1189 Nostrae
2939 1133 3224 1192 duodecim
3266 1137 3464 1193 tabulae

1863 1244 1985 1291 cum
2040 1244 2336 1299 perpaucas
2387 1244 2475 1285 res
2520 1230 2698 1299 capite
2744 1230 3087 1295 sanxissent,
3130 1233 3181 1285 in
3214 1233 3464 1290 hishanc

1863 1337 2077 1392 quoque
2100 1322 2445 1380 sanciendam
2466 1331 2821 1393 putaverunt;
2846 1324 2889 1379 si
2906 1325 3027 1394 quis
3044 1326 3461 1391 occentavisset,

1863 1420 1985 1474 sive
2035 1434 2253 1475 carnem
2307 1418 2672 1486 condidisset,
2730 1419 2874 1489 quod
2930 1417 3207 1475 infamiam
3260 1420 3466 1477 faceret

1864 1513 2194 1583 ﬂagitiumve
2219 1514 2398 1571 alteri.
2427 1515 2713 1571 Praeclare.
2742 1514 2968 1572 Judiciis
2994 1517 3138 1572 enim
3180 1518 3468 1589 magistra-

1865 1616 2048 1674 tuum,
2076 1608 2561 1679 disceptationibus
2606 1608 2863 1679 legitimis
2891 1610 3225 1679 propositam
3256 1610 3423 1664 vitam
3446 1650 3467 1675 ,

1866 1716 1974 1756 non
2005 1711 2285 1771 poetarum
2315 1704 2545 1773 ingeniis
2582 1702 2783 1760 habere
2835 1703 3130 1771 debemus,
3180 1721 3283 1761 nec
3333 1722 3468 1777 pro-

184 1792 398 1866 ledere?
450 1794 643 1861 Nonne
682 1796 858 1866 majus
903 1806 989 1861 est
1029 1797 1335 1861 convicium
1360 1838 1378 1864 ,
1432 1796 1481 1851 si
1525 1796 1758 1867 aliquem
1789 1788 1837 1851 Β
1863 1795 2021 1852 brum
2054 1797 2274 1863 audire;
2311 1798 2414 1853 nisi
2442 1814 2504 1853 ea
2549 1798 2671 1867 lege
2714 1808 2773 1853 ut
2820 1799 3152 1869 respondere
3182 1799 3378 1867 liceat,
3414 1808 3471 1856 et

181 1883 282 1941 falsi
309 1885 553 1957 criminis
581 1902 796 1958 arguas,
826 1904 995 1977 quam
1012 1890 1058 1944 si
1088 1906 1211 1955 eum
1238 1890 1289 1949 ei
1315 1889 1594 1959 objectes?
1623 1888 1762 1957 Quid
1859 1888 2064 1957 judicio
2091 1890 2383 1946 defendere
2414 1909 2435 1943 ι
2485 1888 2728 1964 (August.
2753 1932 2769 1959 ,
2799 1891 2889 1945 lib.
2924 1907 2962 1947 ιι
2989 1892 3053 1947 de
3076 1892 3225 1947 Civil.
3245 1934 3260 1960 ,
3284 1894 3467 1963 cap.9,

184 1993 322 2045 vero,
362 1980 513 2053 quod
545 1980 759 2051 Ethnici
790 1982 880 2052 qui
923 1999 952 2041 a
980 1982 1157 2049 doctis
1186 1993 1293 2038 tam
1335 1985 1508 2052 turpia
1537 1982 1764 2041 deorum

183 2072 390 2149 facinora
422 2074 688 2145 venditari
718 2075 936 2145 impune
962 2074 1304 2153 patiebantur
1326 2117 1341 2141 ,
1371 2090 1478 2141 non
1507 2075 1760 2141 minoris,

181 2179 319 2245 quam
346 2166 447 2241 illi,
486 2166 567 2241 rei
594 2165 814 2241 fuerunt
837 2166 1100 2231 sceleris?
1308 2156 1315 2163 ’

239 2256 358 2329 Quae
384 2266 596 2333 autem.
630 2268 684 2335 si
710 2266 907 2337 omnis
940 2260 1167 2334 deorum
1192 2258 1415 2329 flagitia.
1448 2259 1765 2338 sacrilegia.

182 2348 409 2427 vincula,
462 2350 724 2430 vulnera,
774 2360 829 2427 et
876 2351 1132 2425 interitus
1188 2350 1493 2419 cecinerim
1536 2366 1602 2413 ex
1654 2352 1767 2419 jam

180 2438 354 2520 ﬁlictis.
404 2451 467 2519 βξ
519 2443 777 2520 deinceps.
825 2443 1070 2517 dicendis
1119 2443 1279 2515 facile
1327 2443 1666 2514 intelligitur.
1697 2445 1770 2507 At

178 2533 292 2611 illud
314 2535 594 2613 Arnobius
624 2538 675 2591 in
707 2536 896 2611 primis
913 2535 1017 2603 hoc
1041 2536 1092 2590 in
1122 2536 1242 2607 loco
1264 2546 1450 2621 urget,
1478 2535 1622 2606 quod
1645 2534 1765 2593 «Ιονὶ

178 2629 502 2702 adscriptum
548 2629 686 2686 fuit:
718 2647 736 2703 ς
764 2628 886 2699 lpse
915 2629 1005 2686 ille
1029 2629 1264 2701 Jupiter,
1288 2630 1474 2701 cujus,
1512 2648 1530 2682 ι
1558 2630 1763 2699 inquit,

184 2741 200 2798 ᾳ
231 2739 320 2778 vos
348 2704 555 2778 nomen
585 2721 740 2795 effari
771 2738 881 2777 non
908 2723 1028 2797 sine
1072 2732 1222 2779 metu
1250 2721 1484 2789 decuit,
1515 2730 1571 2776 et
1602 2721 1768 2777 totius

177 2820 403 2889 corporis
419 2816 810 2896 concussione,
833 2815 1042 2896 amasio
1066 2816 1334 2889 (aliiasius
1360 2832 1457 2881 ms.
1484 2831 1594 2887 reg.
1622 2814 1766 2886 eod.)

178 2888 677 2991 βὲνιυεψὶξὶρέεὲν
728 2888 1057 2991 asseribus!
1086 2908 1333 2983 conﬁteri
1378 2907 1568 2977 culpas
1602 2921 1764 2971 suas.

176 3011 224 3081 et
248 3005 383 3085 velut
405 3006 675 3072 demens,
708 3021 773 3079 ac
800 3006 1018 3079 nescius
1035 3047 1050 3071 ,
1081 3019 1215 3076 quas
1240 3004 1504 3075 amiculas
1528 3004 1765 3075 coniugi,

178 3114 295 3173 quas
329 3101 493 3175 usuri
537 3100 910 3178 anteposuerit
940 3100 1194 3171 pellices,
1227 3098 1524 3169 oblini-atus
1552 3099 1769 3157 invere-

1867 1997 1987 2051 pag.
2019 1979 2151 2055 38).
2183 1982 2339 2049 Quod
2390 1983 2608 2053 quidem
2648 1983 2981 2052 Augustinus
3027 1984 3250 2041 Senecae
3294 1985 3471 2040 adhuc

1866 2076 2179 2132 testimonio
2231 2076 2462 2131 firmavit
2492 2075 2706 2150 (Idm,
2732 2076 2861 2132 ibid.
2884 2119 2899 2144 ,
2931 2095 3047 2149 cap.
3084 2078 3171 2143 12,
3202 2096 3320 2152 pag.
3349 2080 3469 2152 40).

1868 2167 2108 2239 Denique
2138 2168 2332 2225 cecinit
2377 2169 2630 2225 Horatius
2661 2188 2676 2225 :

2802 2265 2931 2325 Quin
2956 2269 3107 2318 etiam
3129 2266 3211 2318 lex

1960 2323 2211 2438 [1323:3qu
2235 2325 2351 2389 lata,
2377 2326 2503 2405 malo
2526 2340 2635 2391 quae
2659 2323 3052 2395 nollet'carmiue
3082 2343 3376 2394 quemquam

2067 2402 2134 2436 Cl'l
2176 2402 2209 2438 ι.

2237 2452 2436 2512 (Horat.
2461 2448 2545 2503 tib.
2571 2467 2623 2516 ιι,
2651 2452 2792 2518 epist.
2818 2454 2866 2514 1,
2888 2465 3013 2505 vers.
3037 2454 3130 2505 152
3151 2460 3197 2508 et
3220 2454 3377 2522 seqq.)

1868 2556 2045 2627 Atque
2073 2556 2164 2612 ille
2209 2558 2367 2627 paulo
2412 2568 2539 2613 ante
2584 2558 2905 2627 tabularum,
2941 2574 2969 2612 a
3001 2559 3289 2617 duodecim
3339 2562 3473 2619 viris

1870 2650 2230 2713 sancitarum,
2291 2650 2617 2704 mentionem
2689 2649 2910 2705 fecerat.
2958 2651 3139 2719 Hunc,
3187 2652 3232 2707 si
3280 2653 3474 2720 lubet,

1869 2740 2130 2806 consule,
2163 2751 2218 2795 et
2243 2739 2561 2797 Gothofredi
2603 2742 2657 2796 in
2708 2741 2851 2796 titul.
2896 2742 2963 2799 de
3006 2742 3229 2799 famosis
3278 2746 3475 2801 lihellis

1869 2833 2252 2888 annotationes
2298 2832 2485 2907 (Tom.
2543 2850 2603 2888 ιιι
2640 2834 2755 2889 cod.
2812 2834 3047 2902 Theod.,
3099 2853 3218 2909 pag.
3263 2837 3394 2903 257,
3426 2848 3475 2893 et

1870 2924 2049 2997 seqq.)
2079 2925 2289 2994 Quanta
2336 2926 2500 2997 igitur
2541 2926 2827 2999 iniquitate
2866 2937 2924 2982 et
2956 2930 3214 3000 injustitia
3267 2931 3477 2987 ethnici

1872 3026 1984 3071 tam
2025 3017 2233 3072 severis
2263 3018 2471 3087 legibus
2502 3018 2782 3073 hominum
2813 3020 3040 3090 injurias
3070 3031 3231 3092 atque
3260 3024 3476 3077 calum-

1871 3109 1989 3164 nias
2040 3109 2426 3175 vindicabant,
2476 3122 2532 3165 et
2582 3112 2851 3181 patienter
2902 3113 3242 3182 tolerabant,
3306 3116 3476 3172 immo

178 3191 351 3265 cundia
408 3192 698 3273 publicare
737 3212 757 3265 ρ
798 3193 1052 3268 (Arnob,
1095 3193 1186 3263 lib.
1231 3207 1311 3258 tv,
1360 3209 1483 3263 pag.
1514 3189 1663 3264 150).
1701 3192 1771 3247 At
1798 3180 1843 3243 (ἶ
1874 3218 2005 3259 vero
2026 3203 2254 3258 summis
2275 3203 2525 3259 laudibus
2545 3180 2912 3269 estollebant,
2950 3214 3160 3277 poetas,
3208 3180 3236 3260 a
3278 3208 3478 3278 quibus

178 3282 239 3361 ibi
265 3284 328 3363 ad
359 3287 464 3340 hos
499 3283 640 3361 haud
671 3286 834 3363 dubie
855 3286 1047 3357 alludit
1070 3285 1294 3357 Homeri
1320 3300 1508 3355 versus
1531 3325 1548 3351 ,
1576 3284 1770 3355 quibus

177 3372 364 3457 iupiter
390 3392 453 3457 se
486 3375 711 3456 Ixionis}
743 3379 959 3453 uxoris,
1003 3379 1116 3449 sive
1143 3377 1290 3449 Diae,
1333 3389 1388 3447 et
1429 3376 1673 3447 Danaes,
1706 3391 1771 3433 ac

179 3467 426 3527 Pliaanicis
485 3470 636 3535 ﬁlize,
696 3470 971 3547 Semeles,
1028 3470 1667 3544 Alomcnes,,Cecreris,
1716 3479 1773 3529 et

178 3572 378 3650 Latonia
422 3588 618 3651 arnore
659 3585 719 3627 se
765 3579 982 3651 captum
1030 3566 1195 3639 fuisse
1240 3567 1442 3639 lunoni
1491 3567 1767 3633 declarat,

178 3680 224 3742 et
271 3668 569 3745 confitetur
618 3665 879 3740 (ῌοιιιεν.
906 3662 1149 3733 ,1liad.,
1192 3679 1308 3747 xxv,
1356 3678 1485 3721 vers.
1528 3660 1672 3729 5M,
1718 3667 1774 3717 et

176 3768 363 3839 seqq).

243 3857 370 3931 Tam
402 3855 634 3929 effrenis
660 3868 791 3927 ergo
819 3851 982 3923 hujus
1013 3851 1356 3922 aliorumque
1393 3859 1676 3920 poetarum
1706 3848 1770 3903 li-

179 3951 374 4027 (tentia,
425 3952 611 4025 pergit
639 3946 912 4019 Arnobius
943 3944 1167 4016 (ᾼτηοὸ.
1193 3985 1208 4009 ,
1239 3943 1327 4009 lib.
1358 3958 1435 4009 tv,
1466 3958 1585 4013 pag.
1620 3939 1773 4013 150),

179 4041 407 4121 legibus,
440 4059 513 4122 ac
553 4041 854 4115 plebiscitis
898 4054 1008 4093 non
1052 4038 1251 4107 minori
1299 4039 1591 4105 severitate
1620 4050 1776 4092 coer-

181 4138 283 4203 ceri
309 4138 377 4211 ab
405 4137 661 4215 Ethnicis
687 4134 906 4197 debuit,
946 4148 1109 4205 quam
1154 4146 1379 4196 eorum,
1432 4131 1523 4201 qui
1576 4130 1644 4191 de
1688 4145 1777 4185 re—

180 4230 322 4305 gibus
366 4236 878 4309 murmuraverant,
928 4234 1092 4297 atque
1135 4224 1341 4281 idcirco
1373 4222 1671 4293 majestatis
1698 4223 1777 4281 rei

183 4324 495 4407 agebantur.
531 4321 741 4402 Quibus
767 4334 899 4403 sane
930 4318 1112 4395 verbis
1138 4317 1230 4373 ille
1256 4316 1477 4387 respicit
1505 4314 1574 4386 ad
1601 4315 1777 4385 legem

182 4404 704 4499 iuliami'majestatis
725 4454 740 4480 ,
773 4428 933 4493 quam
965 4409 1307 4467 Theodosius
1334 4408 1558 4491 Magnus
1582 4417 1778 4481 postea

186 4508 459 4583 mitigavit.
485 4507 701 4563 Videsis
729 4509 781 4561 in
815 4504 1172 4587 Justinianaeo
1201 4513 1256 4583 et
1275 4502 1658 4585 Theodosiauo
1687 4516 1779 4556 co-

1870 3297 2089 3367 ipsimet
2132 3296 2206 3353 dii
2236 3297 2535 3354 innumeris
2562 3298 2821 3356 conviciis
2859 3309 2915 3356 et
2940 3300 3287 3357 contumeliis
3313 3317 3477 3358 vexa-

1872 3390 2104 3447 bantur?

1946 3480 2133 3553 Neque
2164 3492 2341 3539 tamen
2372 3484 2502 3540 solis
2529 3486 2739 3555 poetis,
2773 3484 2868 3541 sed
2894 3486 3055 3541 etiam
3090 3486 3477 3556 pantomimis,

1874 3575 2092 3640 mimis,
2126 3576 2513 3643 histrionibus,
2560 3580 2856 3641 comoedis.
2889 3594 2953 3634 ac
2999 3581 3259 3652 tragoedis
3282 3582 3480 3646 eadem

1874 3671 2089 3728 licentia
2141 3672 2264 3727 data
2315 3680 2432 3727 erat
2480 3673 2722 3743 (Arnob.,
2770 3673 2861 3728 lib.
2900 3689 2978 3737 1v,
3008 3692 3127 3745 pag.
3164 3674 3312 3746 151).
3342 3673 3480 3730 Nam

1876 3765 1930 3820 hi
1966 3780 2155 3821 omnes
2182 3766 2234 3821 in
2266 3765 2492 3821 theatris
2531 3765 2718 3821 eadem
2774 3767 2887 3837 ipsa
2936 3767 3166 3838 deorum
3217 3767 3478 3835 Veneris,

1874 3858 2140 3931 Cybeles,
2198 3858 2471 3925 Herculis,
2529 3870 2584 3913 et
2630 3859 2858 3915 aliorum
2908 3859 3144 3931 ﬂagitia,
3195 3860 3482 3931 turpiaque

1876 3962 1931 4011 et
1958 3950 2198 4007 crudelia
2243 3950 2483 4009 facinora
2534 3951 2740 4021 majore
2783 3952 2960 4007 adhuc
3002 3953 3336 4022 impudentia
3378 3969 3480 4010 nec

1877 4045 2087 4100 minore
2131 4043 2450 4113 impunitate
2511 4045 2993 4114 reprtesentabant.
3058 4045 3301 4101 Gentiles
3350 4061 3481 4101 vero

1877 4153 1985 4193 non
2031 4136 2226 4192 molles
2255 4144 2462 4191 tantum
2493 4145 2543 4190 et
2576 4135 2902 4202 effetuinati,
2930 4136 3026 4192 sed
3052 4137 3248 4204 etiam,
3305 4139 3482 4192 omnis

1878 4230 2141 4300 populus,
2210 4239 2526 4292 senatores,
2592 4228 2935 4285 sacerdotum
2979 4238 3034 4284 et
3060 4229 3483 4299 magistratuum

1879 4324 2101 4394 collegia
2127 4366 2144 4390 ,
2179 4322 2469 4379 Pontifices
2509 4322 2765 4389 maximi,
2788 4320 3054 4379 Curiones
3075 4364 3089 4389 ,
3124 4322 3333 4389 Diales,
3358 4322 3485 4378 Fla-

1879 4415 2083 4481 mines,
2143 4416 2422 4485 Augures,
2489 4426 2542 4471 et
2586 4414 2904 4482 Quindecim
2950 4415 3050 4469 viri
3096 4414 3324 4471 laureati
3384 4415 3485 4470 hos

1884 4524 2078 4581 magno
2146 4506 2405 4576 applausu
2470 4521 2771 4577 magnaque
2835 4505 3118 4575 voluptate
3168 4506 3490 4575 audiebant.

185 4566 467 4689 (Lice‘leges
488 4602 557 4659 de
581 4576 881 4677 maledicus
924 4568 1342 4679 principem,
1372 4572 1429 4675 et
1455 4572 1576 4667 quae
1607 4595 1661 4649 in
1686 4608 1779 4649 eas
1802 4566 1857 4629 Ῑ)
1884 4566 2202 4667 Quindecim
2259 4608 2437 4654 autem
2492 4598 2567 4654 illi
2626 4598 2724 4651 viri
2780 4597 3168 4669 Sibyllinorum
3224 4598 3487 4655 librorum

186 4670 546 4775 eotliofi'edus
584 4670 968 4769 animadvertit
994 4670 1143 4763 (Call.
1175 4670 1341 4769 Jwt‘tsl”
1372 4670 1463 4743 lib.
1493 4703 1534 4750 ι,
1567 4690 1645 4740 lit.
1672 4688 1703 4749 7
1727 4695 1783 4742 et

186 4788 233 4861 8;
261 4768 586 4871 celeritati],
767 4768 1045 4863 Τιιεοάὸε.⁷
1095 4802 1216 4871 pag.
1260 4784 1351 4862 4:2,
1388 4794 1437 4847 et
1476 4799 1614 4856 seqq.
1640 4786 1681 4855 ).
1711 4782 1781 4839 Iis

190 4894 357 4941 autem
398 4885 535 4961 illud
576 4884 954 4961 confirmaturi,
985 4879 1128 4950 quod
1183 4877 1460 4961 subjungit
1509 4877 1783 4949 Arnobius

192 4960 431 5053 decretas
458 4956 659 5055 ineunt
678 4956 889 5048 pinnas,
908 4975 997 5054 qui
1027 4975 1077 5051 in
1096 4956 1343 5051 ordinem
1374 4971 1784 5043 magistratuum

194 5078 501 5149 senatorum
528 5069 757 5157 redigit,
799 5079 893 5125 aut
923 5070 1070 5127 illum
1120 5067 1371 5145 convicio
1420 5068 1782 5141 persequitur.

196 5161 400 5229 Quanto
429 5178 565 5234 ergo
603 5162 846 5243 severius
889 5162 941 5216 in
972 5161 1171 5239 divina:
1204 5160 1504 5239 maiestatis
1533 5174 1656 5214 reos
1685 5171 1788 5213 sae-

197 5252 446 5327 viendum
469 5238 626 5337 erat?
651 5253 761 5333 pur
792 5238 923 5329 ergo
945 5253 1121 5335 poetis
1144 5238 1356 5333 veniam
1384 5252 1584 5325 dabant
1610 5260 1664 5307 et
1691 5252 1790 5321 im-
1836 5270 1842 5276 '

198 5349 528 5433 punimtcm?
558 5420 569 5427 ι

268 5441 373 5521 Sed
402 5457 694 5523 pergamus
719 5443 765 5497 si
796 5442 978 5517 placet
1007 5459 1023 5497 :
1061 5460 1081 5493 ι
1109 5440 1338 5523 βιιινίιιθιι
1368 5440 1567 5517 malum
1600 5459 1619 5491 ι
1646 5438 1798 5495 addit

205 5520 383 5615 auctor
416 5520 621 5602 noster,
651 5555 670 5588 ι
702 5536 1080 5599 conscribere,
1106 5520 1217 5613 quo
1237 5535 1377 5591 fama
1398 5535 1619 5590 alterius
1645 5534 1796 5605 coin-

209 5627 475 5713 quinetur,
503 5639 556 5684 et
586 5628 694 5713 vita
713 5670 729 5694 ,
757 5627 1209 5713 decemviralibus
1251 5627 1404 5707 scitis
1431 5626 1666 5707 evadere
1696 5640 1796 5680 no-

215 5708 381 5793 histis
407 5708 662 5805 impune:
688 5738 749 5805 ac
776 5738 845 5805 ne
874 5730 1083 5805 vestras
1124 5708 1283 5777 aures
1320 5720 1566 5805 convicio
1605 5719 1802 5790 aliquis

223 5792 568 5897 petulantiore
598 5792 874 5915 pulsaret,
898 5802 967 5873 de
981 5794 1264 5901 atrocibus
1300 5792 1562 5891 fortnulas
1604 5814 1805 5901 consti-

1885 4703 2040 4747 erant
2066 4691 2354 4759 custodes,
2380 4706 2517 4762 quos
2542 4689 2763 4745 Servius
2782 4733 2798 4757 ,
2832 4690 3064 4760 primum
3092 4689 3229 4746 duos
3247 4733 3262 4754 ,
3292 4690 3491 4748 deinde

1886 4787 2072 4842 decem
2094 4826 2109 4852 ,
2151 4795 2338 4855 postea
2367 4783 2679 4854 quindecim
2710 4781 2881 4837 fuisse
2907 4784 3180 4837 observat.
3213 4782 3374 4838 Plura
3419 4785 3490 4841 de

1888 4880 1974 4935 his
2020 4879 2067 4933 si
2113 4879 2253 4933 scire
2297 4893 2535 4941 avenas,
2583 4875 2805 4929 consule
2835 4875 3185 4939 Ciceronem,
3217 4875 3491 4931 Valerium

1888 4973 2180 5028 Maximum
2200 5012 2214 5036 ,
2248 4973 2312 5025 A.
2339 4970 2574 5027 Gellium
2594 5012 2609 5037 ,
2646 4968 2876 5024 Plinium
2901 5009 2916 5034 ,
2949 4969 3264 5025 Suetonium
3290 5011 3305 5033 ,
3340 4970 3493 5025 Τίνδ-

1890 5068 2127 5138 quellum
2150 5107 2165 5131 ,
2197 5075 2253 5120 et
2281 5050 2618 5120 Lactantium
2652 5080 2680 5116 a
2712 5062 2865 5117 nobis
2889 5062 3013 5115 alibi
3036 5063 3253 5117 citatum
3279 5063 3492 5136 (Serv.,

1890 5144 1944 5216 in
1972 5161 2058 5229 lib.
2092 5176 2143 5214 vr
2175 5156 2416 5225 zEneid.,
2448 5174 2576 5211 vers.
2629 5156 2727 5224 '75;
2772 5154 2961 5220 Cicer.,
3019 5154 3107 5209 lib.
3139 5170 3157 5208 ι
3198 5153 3261 5209 de
3290 5152 3496 5209 Natura

1897 5254 2064 5315 deor.,
2099 5268 2219 5322 pag.
2252 5251 2388 5317 225;
2430 5250 2542 5304 Val.
2573 5248 2746 5313 diem,
2776 5247 2863 5301 lib.
2908 5262 2948 5312 ι,
2997 5264 3113 5317 cap.
3152 5247 3202 5313 l;
3233 5248 3296 5300 Α.
3323 5247 3455 5303 Gell.
3478 5289 3498 5317 ,

1898 5344 1986 5403 ιξι),
2016 5361 2035 5398 ι
2054 5343 2211 5413 Noct.
2235 5343 2419 5408 Attia,
2444 5360 2561 5411 cap.
2587 5342 2670 5407 l9,
2695 5358 2816 5415 pug.
2841 5340 2943 5404 86;
2993 5338 3158 5405 Plin.,
3195 5338 3280 5393 lib.
3326 5358 3502 5398 xxvm

1903 5437 2042 5492 Hist.
2094 5446 2291 5502 unum,
2324 5451 2441 5503 cap.
2467 5435 2524 5500 2,
2557 5450 2678 5503 pag.
2734 5431 2861 5496 557;
2916 5429 3090 5501 Tiraq.
3138 5431 3192 5484 in
3234 5432 3380 5488 Alex.
3438 5435 3504 5489 ab

1901 5532 2071 5597 Alea,
2106 5531 2192 5586 lib.
2244 5545 2299 5585 ιιι
2355 5527 2484 5583 Gen.
2508 5529 2662 5593 dier.,
2709 5541 2828 5594 cap.
2848 5522 2936 5590 16,
2989 5540 3108 5599 pag.
3148 5524 3290 5591 269;
3323 5536 3444 5581 tam.
3486 5543 3506 5582 ι

1905 5626 2178 5699 Apparat.,
2211 5642 2331 5697 pag.
2359 5620 2515 5697 254).

1962 5700 2208 5777 ‘Tantum
2240 5733 2402 5791 porro
2423 5717 2598 5780 abest,
2621 5722 2679 5770 ut
2702 5712 2904 5787 ethnici
2932 5711 3150 5789 mimos,
3178 5714 3475 5775 histriones
3493 5759 3513 5787 ,

1910 5816 2154 5885 aliosque
2210 5810 2455 5887 ejusdem
2514 5808 2704 5885 farina:
2771 5806 3068 5874 homines,
3131 5816 3237 5864 tam
3292 5810 3516 5875 infamia
