3904 6326
3723 239 3744 268 /

474 296 580 355 559
1725 287 2176 353 DISSERTATIO
2215 287 2490 350 I’R/EVIA
3630 296 3712 353 560

473 397 1458 480 deorumfactareprazsentantes.pro
1474 406 1668 464 merito
1684 409 2068 481 castigaverint
2096 414 2146 474 Α
2171 426 2290 482 pag.
2321 408 2427 462 εδδ
2455 410 2494 478 ),
2547 417 2732 461 sacros
2770 416 2924 472 esse,
2969 403 3188 475 illisque
3241 412 3496 476 tamquam
3547 408 3714 466 solem-

473 509 602 579 quin
622 505 919 577 potiusillis
937 503 1327 569 concesserint,
1344 510 1560 557 utrecte
1578 504 1857 558 aitauctor
1873 513 2079 585 noster,
2184 501 2342 555 nibus
2373 500 2689 569 religionum
2715 497 2910 553 officiis
2932 537 2947 560 ,
2980 497 3263 562 honorari,
3307 500 3527 568 placari,
3564 516 3718 572 aepo-

482 622 500 653 ‹
525 601 662 656 dona
687 609 742 656 et
765 614 1007 663 munera,
1031 598 1102 653 ab
1125 596 1318 652 ofﬁciis
1345 597 1511 650 otium
1538 596 1764 666 publicis
1783 637 1798 659 ,
1831 597 2082 650 immuni-
2182 596 2283 649 sita
2339 595 2612 649 simultate
2631 635 2647 660 ,
2717 593 3050 649 reconciliari
3119 593 3488 662 opinabantur.
3537 593 3718 653 Litteris

474 704 642 751 tatem
663 735 679 757 .
706 693 1041 748 vacationem
1060 706 1184 746 cum
1205 690 1423 745 coronis
1452 707 1470 740 ι
1505 688 1657 761 (Arn.
1685 689 1772 742 lib.
1794 705 1867 753 tv,
1889 707 1941 758 ρ.
1964 687 2077 759 52).
2182 699 2362 744 autem
2394 689 2606 755 Livius,
2654 703 2717 743 ac
2747 689 2942 744 deinde
2977 688 3217 742 Valerius
3261 687 3538 754 Maximus,
3564 699 3614 744 et
3635 693 3719 744 Au-

472 787 606 842 Nam
655 786 1032 842 Theodoretns
1077 793 1264 853 aperte
1309 782 1444 837 dixit
1475 799 1487 834 :
1517 780 1818 858 Τραγῳδίας
1863 783 1955 852 μὲν
1993 785 2081 835 καὶ
2181 783 2430 852 gnstinus
2481 781 2805 837 mandarunt
2855 781 2919 836 T.
2973 781 3213 851 Sulpicio
3261 781 3459 848 Petico,
3503 790 3552 835 et
3576 782 3624 836 C.
3653 781 3720 836 Li-

473 880 744 955 κωμῳδίας
773 882 1051 956 ὑποκριταὶ
1076 877 1292 950 ἔχουσιν
1314 881 1383 938 εἰς
1415 874 1729 950 δβλέποντες
1758 882 1848 935 τὴν
1891 879 2049 948 τέχνη

2183 875 2326 930 cinio
2376 876 2598 931 Stolone
2643 873 3008 940 Consulibus,
3067 888 3189 930 cum
3250 875 3410 946 pestis
3454 876 3720 944 gravissima

475 980 702 1047 μετίωσι,
719 978 877 1045 καὶτῇ
897 980 996 1028 τῶν
1015 973 1271 1044 στεφάνων
1292 968 1456 1025 ἐλπίδι
1480 978 1578 1024 τῶν
1598 970 1758 1024 πόνων
1782 971 2049 1041 ἀνέχονται

2183 968 2513 1024 lectisternio
2539 969 2724 1024 sedata
2755 985 2860 1024 non
2890 968 3097 1035 fuisset,
3119 969 3184 1024 ad
3215 969 3516 1041 placandam
3539 970 3723 1025 deorum

478 1069 868 1142 Tragoediam":
889 1078 936 1123 et
959 1068 1326 1122 comoediarum
1351 1065 1494 1118 mimi
1517 1065 1704 1118 habent
1727 1065 1780 1117 id
1799 1065 1948 1134 cujus
1965 1081 2077 1117 res-
2185 1063 2316 1118 iram
2371 1065 2644 1119 institutos
2694 1063 2860 1119 fuisse
2883 1064 3039 1119 ludos
3084 1065 3329 1120 scenicos
3357 1065 3376 1135 (
3393 1062 3523 1130 Liv.,
3552 1064 3629 1119 lib.
3648 1081 3721 1129 vn,

476 1176 627 1237 pectit
649 1175 806 1220 artem
821 1174 1074 1227 exercent,
1093 1173 1138 1218 et
1152 1177 1455 1217 coronarunt
1478 1177 1567 1232 spe
1589 1159 1813 1214 laborem
1827 1159 2082 1212 sustinent
2182 1158 2336 1218 init;
2379 1157 2499 1212 Val.
2528 1157 2698 1225 Mam,
2731 1159 2820 1213 lib.
2873 1175 2931 1227 ιι,
2961 1176 3079 1230 cap.
3109 1159 3166 1224 4,
3201 1158 3229 1232 §
3260 1161 3325 1226 4;
3362 1153 3588 1231 August,
3619 1160 3688 1213 lib.
3713 1177 3725 1214 ι

475 1259 800 1333 (ΤΙιεοάον.,
835 1267 947 1313 orat
983 1257 1039 1324 9,
1064 1257 1127 1312 de
1150 1255 1391 1319 Provid.,
1409 1271 1530 1325 pag.
1554 1252 1660 1308 429
1679 1261 1726 1306 et
1746 1251 1873 1322 454)
1898 1249 2049 1306 .Addi

2183 1253 2248 1306 dc
2274 1251 2450 1318 Civit.,
2479 1268 2596 1322 cap.
2630 1252 2718 1318 52,
2773 1270 2894 1325 pag.
2923 1252 3050 1324 29).
3104 1251 3239 1306 Tum
3270 1252 3464 1307 dehinc
3493 1254 3554 1307 iis
3581 1254 3724 1307 inser-

476 1369 608 1410 vero
630 1351 1012 1423 tragtndiarum
1040 1350 1240 1415 mimis,
1263 1348 1718 1420 quemadmodum
1737 1345 2080 1401 exercituum
2185 1352 2266 1396 tas
2312 1351 2498 1414 turpes
2548 1343 2780 1408 fabulas,
2814 1355 2869 1400 et
2920 1344 3220 1414 impudicos
3253 1345 3561 1400 histrionum
3587 1356 3725 1400 actus.

479 1447 744 1512 ducibus,
778 1445 1029 1509 athletis,
1080 1442 1352 1514 pugilibus
1373 1484 1389 1509 ,
1437 1451 1491 1496 et
1512 1439 1712 1510 aurigis
1740 1448 1981 1503 statuas,
2013 1451 2081 1492 eo
2185 1434 2359 1501 Audi,
2385 1451 2592 1507 quteso,
2643 1437 2928 1508 Augustini
2956 1436 3098 1507 (Lib.
3132 1453 3167 1492 ιι
3227 1437 3290 1492 de
3333 1436 3500 1500 Civit.,
3529 1455 3630 1508 cap.
3660 1439 3728 1506 Π,

481 1558 587 1614 quo
618 1541 891 1605 vicerant,
924 1538 1108 1592 habitu
1139 1536 1386 1593 decretas
1433 1534 1596 1590 fuisse
1625 1544 1680 1589 et
1705 1533 2022 1588 collocatas.
2185 1544 2305 1598 pag.
2342 1529 2434 1593 75;
2457 1529 2547 1583 lib.
2567 1544 2641 1597 tv,
2668 1546 2786 1601 cap.
2807 1530 2898 1595 26,
2925 1549 3044 1602 pag.
3078 1530 3200 1595 l06,
3225 1540 3274 1584 et
3300 1531 3390 1585 lib.
3413 1532 3728 1602 vm,cap.15,

555 1637 782 1690 Tantam
816 1631 978 1704 igitur
1020 1631 1359 1700 iniquitatem
1403 1628 1526 1698 jure
1571 1625 1766 1682 merito
1809 1623 2080 1678 Arnobius
2185 1639 2304 1696 pag.
2334 1622 2657 1697 201),verba
2686 1645 2698 1680 :
2736 1645 2755 1678 ί
2787 1627 2921 1682 Ludi
2949 1627 3182 1694 scenici,
3212 1628 3512 1696 spectacula
3541 1627 3731 1696 turpitu‘

482 1729 834 1786 condemnat.
869 1725 1001 1782 Cum
1031 1723 1363 1777 Tertulliano
1390 1719 1657 1792 siquidem
1703 1728 1758 1774 et
1783 1717 2080 1786 Augustino
2184 1717 2465 1785 dinum,et
2487 1719 2700 1776 licentia
2735 1720 3173 1785 vanitatum,non
3202 1721 3478 1776 hominum
3496 1720 3642 1785 vitiis,
3661 1721 3734 1775 sed

483 1819 886 1877 evidentissime
953 1815 1192 1873 ostendit
1245 1829 1537 1884 numquam
1590 1812 1860 1877 atrocius,
1917 1826 2078 1880 quam
2110 1810 2158 1870 Β
2184 1813 2411 1870 deorum
2436 1825 2740 1870 vestrorum
2779 1815 2946 1885 jussis
2978 1815 3162 1870 Roma:
3189 1816 3420 1870 instituti
3451 1825 3586 1870 sunt.
3612 1814 3735 1869 Tole-

483 1916 634 1970 hisce
659 1912 942 1969 comoediis
969 1921 1025 1965 et
1051 1909 1325 1980 tragtediis
1359 1922 1516 1978 pOSse
1547 1906 1784 1960 divinam
1823 1906 2080 1974 majesla-
2184 1908 2408 1964 rabilins
2428 1909 2640 1964 divinos
2663 1913 2898 1965 honores
2922 1909 3208 1965 delerretis
3237 1908 3314 1963 illi
3349 1908 3736 1979 Scipioni,quam

483 2019 591 2064 tem
649 2007 878 2071 oll'endi,
930 2004 1048 2060 laedi
1115 2012 1169 2058 et
1197 2003 1386 2056 violari
1428 2000 1804 2072 (Tertullian.,
1833 1997 2079 2068 Apolog.,
2184 2000 2318 2056 deos
2366 2003 2632 2072 ejusmodi
2677 2004 2952 2059 coleretis.
2985 2023 3003 2055 ι
3055 2003 3422 2070 Quamobrem
3470 2013 3636 2073 postea
3668 2000 3736 2054 ille

483 2120 600 2170 cap.
633 2101 726 2165 55;
759 2101 978 2170 August.
1002 2141 1016 2163 ,
1061 2098 1150 2151 lib.
1185 2113 1223 2150 tt
1255 2097 1317 2149 de
1354 2093 1508 2148 Civit.
1532 2136 1547 2159 ,
1571 2110 1688 2164 cap.
1720 2093 1776 2159 8,
1809 2101 1856 2146 ct
1888 2090 2076 2161 seqq).
2186 2093 2329 2148 haud
2369 2095 2684 2152 dubitanter
2712 2098 3025 2167 pronuntiat
3062 2097 3146 2152 his
3197 2097 3341 2152 ludis
3394 2097 3638 2167 majorem
3673 2093 3737 2147 in-

482 2195 844 2265 Quaniobrem
875 2201 1023 2248 recte
1050 2192 1273 2246 omnino
1310 2198 1366 2244 et
1411 2204 1528 2244 eam
1577 2188 1628 2242 in
1676 2202 1790 2241 rem
1835 2185 2082 2256 apposite
2184 2200 2398 2242 vectum
2428 2188 2595 2245 fuisse
2633 2205 2863 2257 morum,
2908 2208 3068 2262 quam
3114 2206 3406 2260 corporum
3436 2200 3654 2261 pestem;
3681 2199 3740 2240 ta-

483 2288 700 2356 scripsit
729 2287 1042 2342 Lactantius
1073 2304 1087 2339 :
1121 2303 1139 2335 ι
1176 2283 1310 2338 Num
1347 2282 1528 2351 pejus,
1559 2297 1716 2352 quam
1748 2279 1906 2335 iidem
1943 2281 2078 2350 ipsi,
2185 2283 2341 2338 metsi
2365 2281 2524 2354 hujus
2553 2285 2809 2340 sanandae
2835 2301 2997 2342 causa
3029 2287 3304 2342 constituti
3336 2286 3647 2341 dicerentur.

481 2380 572 2452 qui
592 2424 607 2448 ,
637 2397 756 2436 cum
788 2379 922 2436 deos
953 2379 1133 2434 colere
1168 2392 1230 2432 se
1276 2376 1495 2442 dicant,
1531 2384 1708 2429 tamen
1739 2388 1832 2427 eos
1866 2372 2081 2444 publice
2255 2374 2411 2430 Prius
2429 2389 2606 2432 autem
2624 2377 2934 2434 Lactantius
2959 2397 2971 2432 :
2997 2397 3016 2432 ι
3041 2378 3736 2442 Ludorumcelebrationes,i

483 2475 819 2544 turpiterque
849 2471 1132 2537 derident,
1180 2471 1248 2525 de
1294 2469 1491 2540 quibus
1537 2469 1698 2524 etiam
1733 2469 1926 2523 mimos
1955 2483 2077 2522 cum
2182 2466 2385 2537 inquit,
2422 2487 2441 2520 ι
2471 2469 2694 2525 deorum
2749 2473 2882 2526 [asia
2933 2482 3096 2537 sum;
3148 2472 3418 2544 siquidem
3463 2472 3530 2526 ob
3572 2470 3741 2525 natales

481 2569 592 2623 risu
621 2576 675 2621 et
704 2566 980 2638 voluptate
1025 2565 1331 2636 patiuntur?
1360 2563 1544 2629 Qualis
1578 2563 1692 2616 haec
1735 2561 1961 2632 religio,
1989 2569 2083 2616 aut
2183 2573 2392 2625 eorum,
2425 2561 2508 2616 vel
2539 2563 2860 2633 templorum
2899 2580 3165 2618 novorum
3221 2565 3600 2619 aediﬁcationes
3644 2569 3744 2616 sunt

479 2669 680 2732 quanta
713 2659 970 2726 maiestas
999 2658 1236 2728 putanda
1267 2665 1353 2711 est
1372 2697 1386 2720 ,
1417 2672 1540 2726 qua:
1568 2654 1826 2710 adorator
1857 2655 1908 2709 in
1939 2666 2078 2710 tem-
2180 2655 2480 2708 Constituti.
2537 2655 2605 2711 Et
2637 2657 2885 2726 primitus
2912 2659 3131 2729 quidem
3158 2661 3477 2716 venationes
3497 2700 3512 2724 ,
3538 2673 3645 2729 qua:
3670 2671 3744 2710 vo-

481 2755 617 2824 plis,
648 2753 887 2808 illuditur
917 2753 970 2807 in
1005 2751 1264 2807 theatris?
1294 2751 1360 2805 Et
1401 2751 1493 2821 qui
1544 2750 1658 2805 haec
1708 2749 1933 2804 fecerint
1972 2765 2079 2804 non
2182 2757 2376 2801 cantur
2407 2763 2652 2814 munera,
2683 2750 2919 2806 Saturno
2948 2753 3224 2810 attributae
3273 2764 3402 2808 sunt
3432 2771 3444 2806 :
3475 2751 3579 2806 ludi
3599 2759 3740 2804 autem

477 2863 670 2916 poenas
705 2847 892 2900 violati
925 2845 1162 2900 numinis
1190 2843 1460 2914 pendunt,
1493 2843 1586 2899 sed
1620 2843 1865 2898 honorati
1890 2844 2076 2911 etiam,
2181 2839 2383 2894 scenici
2413 2840 2633 2909 Libero,
2667 2843 2943 2900 circenses
2979 2844 3252 2917 Neptuno.
3286 2845 3547 2901 Paulatim
3572 2859 3682 2899 vero
3704 2850 3745 2898 et

475 2938 788 3008 laudatique
837 2937 1177 2994 discedunt»
1236 2936 1519 3007 (Lactant.,
1566 2934 1656 2988 lib.
1712 2951 1766 2990 ιιι
1821 2934 2076 2999 lmtitut.,
2179 2933 2393 2987 caeteris
2422 2933 2524 2989 diis
2552 2934 2693 2990 idem
2727 2937 2901 2992 honos
2929 2940 3092 2994 tribui
3122 2941 3312 3010 cmpit,
3343 2940 3634 3012 singulique
3657 2933 3744 2991 ludi

477 3051 596 3103 cap.
643 3033 734 3095 20,
778 3033 1070 3104 pag.526).
1101 3031 1211 3087 Nec
1241 3032 1421 3086 minus
1448 3030 1647 3085 acriter
1689 3029 1802 3099 iam
1834 3030 2080 3085 laudatus
2178 3028 2492 3082 numinibus
2539 3044 2731 3085 eorum
2774 3033 3075 3088 consecrati
3131 3044 3279 3101 sunt,
3340 3035 3481 3091 sicut
3506 3031 3744 3090 Sisinnius

477 3127 813 3198 Augustinus
861 3109 1237 3188 ethnicorum.
1287 3126 1375 3196 qui
1432 3127 1605 3195 turpia
1665 3123 1888 3180 deorum
1942 3127 2077 3180 {acla
2116 3206 2151 3216 κ
2178 3115 2374 3188 Capito
2403 3119 2638 3176 inlibris
2665 3122 3112 3216 SPBCMCUIOFUI?
3156 3126 3343 3182 docet.
3368 3126 3425 3183 Si
3468 3126 3581 3196 quis
3615 3123 3742 3194 igitur

475 3237 507 3274 ει
564 3219 742 3290 poelis
787 3219 911 3274 ﬁcia
970 3235 1096 3275 esse
1157 3218 1504 3290 garriebant,
1558 3219 1916 3273 insulsitatem
1984 3235 2070 3273 ca-
2108 3206 2153 3268 Ο
2183 3213 2504 3280 spectaculis
2532 3215 2797 3281 interest,
2840 3219 2906 3273 ad
2937 3235 3057 3288 qum
3079 3206 3363 3291 i‘CligiOttiS
3388 3219 3554 3292 gratia
3579 3228 3744 3272 conve-

475 3314 640 3385 stigat
661 3322 716 3368 et
742 3314 1038 3368 insectatur
1068 3331 1080 3366 :
1115 3332 1134 3365 ι
1169 3312 1305 3380 Quid
1335 3322 1495 3377 sunt,
1534 3330 1553 3363 ι
1591 3312 1794 3381 inquit,
1835 3331 1851 3363 ‹
1887 3311 1953 3366 ad
1979 3311 2081 3368 hoc
2183 3308 2348 3373 nitur,
2377 3309 2626 3366 discessit
2657 3328 2688 3366 a
2721 3313 2813 3367 Dei
2839 3315 3008 3380 cultu,
3042 3324 3098 3369 et
3130 3315 3196 3368 ad
3229 3315 3364 3370 deos
3417 3330 3476 3368 se
3522 3309 3742 3370 contulit.

474 3411 680 3466 malum
730 3409 980 3465 Mercurii
1029 3410 1206 3476 furta,
1239 3408 1469 3463 Veneris
1518 3408 1767 3470 lascivia,
1802 3417 1987 3478 stupra
2015 3423 2079 3462 ac
2179 3416 2410 3470 quorum
2435 3405 2641 3460 natales
2657 3405 2865 3461 ellcSla
2883 3407 3222 3462 celebraVilb
3264 3407 3552 3478 (ιαείαηιι
3581 3405 3659 3459 λάθα
3702 3414 3743 3453 "l

472 3504 837 3575 turpitudines
866 3516 1187 3559 cancrorum
1215 3545 1230 3569 ,
1260 3517 1382 3573 qua:
1413 3501 1778 3572 proferremns
1803 3501 1870 3557 de
1902 3501 2074 3570 libris,
2179 3493 2244 3547 de
2270 3509 2386 3549 υενο
2417 3495 2593 3564 Call".
2621 3515 2738 3568 οαΡ-
2771 3499 2866 3564 20»
2899 3517 3021 3572 νας·
3046 3498 3198 3572 621).
3519 3529 3546 3550 ι

473 3597 578 3652 nisi
607 3595 849 3664 quotidie
883 3604 1237 3651 cantarentur
1262 3605 1317 3650 et
1343 3594 1672 3650 saltarentur
1717 3595 1769 3649 in
1814 3593 2077 3650 theatris?
2249 3587 2612 3647 Tcrlllllianus
2633 3608 2763 3648 vero
2793 3594 2908 3648 haec
2937 3594 3274 3666 longelnsius
3301 3597 3512 3669 integro
3527 3596 3589 3652 de
3605 3594 3742 3665 Spw

473 3691 579 3748 Sed
609 3692 722 3748 harc
749 3691 877 3762 quid
911 3699 1035 3746 sunt
1062 3690 1130 3746 ad
1160 3700 1367 3745 tantum
1399 3689 1599 3745 malum
1622 3731 1638 3757 ,
1667 3690 1821 3760 cujus
1866 3691 2074 3761 magni-
2175 3684 2370 3739 taculis
2429 3685 2567 3741 libro
2629 3690 2977 3758 prosequitur
3037 3688 3306 3757 (Tertull.,
3355 3693 3450 3746 lib.
3490 3692 3551 3746 dc
3575 3690 3742 3759 Speci»

468 3785 604 3839 tudo
634 3799 842 3856 magna:
878 3784 1032 3839 Matri
1084 3781 1456 3839 tantummodo
1503 3785 1884 3854 competebat;
1938 3801 2074 3854 prae-
2176 3795 2299 3850 pag.
2331 3780 2422 3844 89,
2450 3790 2498 3834 et
2527 3782 2715 3854 seqq.).
2742 3783 2801 3836 In
2829 3798 2896 3838 eo
2924 3784 3069 3839 enim
3102 3785 3419 3855 planissime
3447 3787 3742 3843 demonstrat

469 3877 656 3932 sertim
684 3876 827 3948 quod
880 3876 970 3931 illa
1017 3877 1270 3932 dicuntur
1321 3892 1350 3930 a
1402 3878 1575 3947 poetis
1631 3892 1755 3933 esse
1803 3876 2068 3945 conficta,
2173 3869 2297 3927 illos
2327 3888 2518 3928 omnes
2545 3876 2822 3930 solemnes
2867 3876 3151 3947 gentilium
3198 3876 3360 3934 ludos
3403 3879 3605 3949 origine
3631 3888 3740 3936 sua,

468 3971 612 4043 quod
643 3973 752 4026 sint
779 3971 886 4026 diis
913 3982 1062 4042 grata
1091 3981 1147 4028 et
1175 3974 1429 4043 accepta?
1461 3971 1528 4029 Ut
1562 3987 1694 4042 ergo
1720 3982 2065 4040 canerentur,
2172 3965 2364 4032 titulis,
2398 3976 2456 4022 et
2479 3979 2741 4038 apparatu
2769 3969 2843 4024 ita
2881 3969 2949 4025 ad
3000 3970 3365 4028 idololatriam
3399 3975 3672 4045 pertinere,
3698 3973 3742 4020 ul

468 4074 525 4122 et
549 4064 942 4129 scriberentur,
975 4063 1202 4119 audacia
1236 4063 1344 4129 sit,
1394 4063 1480 4118 vel
1529 4064 1826 4134 petulantia
1881 4077 2070 4136 poeta-
2169 4058 2303 4112 nulli
2331 4058 2630 4117 christiano
2659 4062 2727 4116 iis
2748 4063 2962 4128 adesse,
2989 4064 3226 4137 illosque
3252 4079 3505 4139 spectare
3527 4075 3739 4137 umquam

464 4174 584 4214 rum
616 4175 630 4212 ε
659 4168 718 4213 ιιι
747 4174 878 4215 vero
916 4158 1115 4214 divinis
1165 4158 1326 4214 rebus
1365 4168 1422 4215 el
1471 4139 1802 4224 houoribus,
1859 4159 2064 4214 eisdem
2167 4149 2398 4207 licuerit.
2433 4156 2795 4222 Quamobrem
2832 4158 3103 4214 Arnobius
3127 4161 3266 4215 dixit
3292 4177 3392 4217 eos
3417 4163 3486 4216 ab
3508 4157 3738 4216 ethnicis,

463 4252 886 4323 imperantibus,
940 4261 994 4307 et
1046 4252 1496 4323 extorquentibus
1547 4252 1858 4307 numinibus
1897 4252 2064 4307 adde-
2168 4249 2474 4317 religionum
2521 4251 2653 4304 inter
2696 4252 2873 4320 ofﬁcia
2920 4253 3190 4324 deputari,
3239 4257 3438 4327 quibus
3481 4256 3604 4312 deos
3637 4259 3739 4305 suos

462 4353 672 4412 rentur,
704 4345 834 4416 quid
873 4357 957 4402 est
1005 4347 1108 4402 nisi
1164 4347 1370 4402 crimen
1417 4345 1678 4413 deorum,
1728 4346 1893 4400 immo
1935 4361 2064 4401 vero
2168 4340 2420 4397 honorari
2465 4345 2864 4402 arbitrabantur
2919 4345 3168 4420 (Arnob.,
3221 4351 3312 4406 lib.
3345 4367 3440 4420 vtt,
3472 4367 3585 4421 pag.
3612 4342 3737 4412 238)-

462 4439 734 4494 conl'essio
777 4439 1204 4506 daemoniorum,
1254 4452 1308 4497 et
1356 4441 1603 4508 deceptio
1635 4442 2002 4496 miserorum?
2037 4461 2056 4494 ›
2164 4437 2269 4492 Sed
2296 4443 2587 4510 quomodo,
2614 4461 2711 4499 oro
2735 4455 2804 4512 te,
2832 4446 2906 4501 dii
2938 4446 3079 4501 ludis
3106 4448 3362 4502 honorari
3393 4454 3644 4517 poterant,
3667 4433 3739 4508 qui

459 4533 703 4604 (August.
733 4574 748 4597 ,
801 4534 865 4586 de
910 4532 1060 4588 Civit.
1105 4535 1192 4588 lib.
1226 4550 1321 4597 vn,
1354 4551 1469 4603 cap.
1503 4535 1594 4600 ‘26,
1651 4552 1771 4605 pag.
1824 4535 1962 4600 182;
2015 4544 2062 4588 et
2088 4596 2132 4609 ﬁ
2165 4534 2468 4602 turpissima
2496 4539 2791 4609 agebantur
2817 4541 3209 4597 obscoenitate?

456 4596 549 4679 lib.
572 4596 656 4691 iv,
685 4643 802 4695 cap.
830 4627 915 4686 l0.
952 4645 1073 4700 pag.
1108 4628 1223 4699 96.)
1251 4629 1388 4696 Quin
1423 4628 1584 4684 etiam
1616 4596 1730 4683 hinc
1759 4628 1984 4683 deorum
2007 4637 2062 4683 et
2088 4596 2138 4656 Ῑ)
2237 4627 2380 4683 Duos
2420 4596 2599 4686 autem
2645 4641 2852 4689 tantum
2899 4644 3088 4690 auctor
3118 4646 3304 4692 noster
3333 4634 3640 4692 nominatim
3661 4642 3736 4699 ap-

455 4718 686 4773 crimina
736 4729 921 4776 essent
971 4720 1342 4788 incredibilia,
1391 4722 1492 4776 nisi
1524 4723 1577 4776 in
1602 4721 1825 4777 theatris
1846 4765 1862 4786 ,
1891 4721 1943 4775 in
1973 4737 2062 4778 eo-
2160 4719 2363 4790 pellat,
2395 4722 2638 4781 Florales
2667 4738 2722 4783 et
2749 4727 3083 4800 Megalenses
3103 4769 3118 4793 ,
3162 4729 3284 4800 quia
3317 4731 3556 4802 singulos
3584 4736 3737 4782 recen°

451 4827 575 4868 rum
604 4812 868 4869 honorem
897 4814 1156 4870 institutis
1178 4857 1192 4882 ,
1229 4816 1591 4872 libentissime
1621 4826 2018 4886 spectarentur.
2159 4827 2282 4869 sere
2327 4815 2537 4886 longius
2590 4818 2780 4876 fuisset
2801 4861 2817 4886 ,
2864 4832 3027 4892 atque
3055 4822 3245 4876 horum
3273 4822 3525 4892 exetnplo
3546 4815 3661 4891 quid
3683 4812 3736 4867 d8

1479 4942 1485 4948 .
2158 4905 2278 4962 aliis
2301 4907 2649 4977 indicandum
2675 4955 2690 4979 ,
2724 4928 2918 4970 omnes
2947 4914 3103 4971 facile
3132 4915 3525 4986 intelligebant.

1071 4970 1366 5010 Αιιτιουωε
1407 4971 1463 5010 ll.

447 5065 559 5125 Quo
577 5071 718 5132 pacto
738 5065 1146 5132 Arnobiusfalsos
1165 5082 1278 5118 esse
1305 5069 1560 5130 gentilium
1585 5068 1708 5120 deos
1731 5069 2052 5132 demonstret,

511 5142 573 5177 ex
617 5128 743 5194 ludis
779 5127 1083 5194 solemnibus
1119 5131 1168 5179 in
1198 5127 1379 5194 eorum
1423 5132 1658 5181 honorem
1705 5133 1957 5194 exhibitis,
1997 5127 2054 5185 ac

509 5193 782 5259 praesertim
807 5191 1094 5259 Floralibus,
1117 5192 1576 5259 acMegalensibus.
1593 5195 1717 5245 etde
1735 5191 2054 5259 quorumdam

506 5253 888 5319 instauratione;
913 5254 976 5319 de
1001 5253 1561 5319 commdiisftragtediis
1582 5296 1595 5318 ,
1625 5267 1677 5309 et
1715 5253 1959 5311 Atellanis
1982 5262 2053 5307 l'a-

508 5315 656 5384 bulis.
683 5331 792 5380 qua:
810 5319 862 5384 _in
887 5317 1063 5368 iisdem
1084 5316 1210 5384 ludis
1227 5315 1533 5384 agebantur;
1560 5315 1624 5370 de
1650 5323 1951 5384 stupidnrum
1971 5335 2053 5372 ca-

503 5380 687 5490 pilligtis
725 5382 867 5440 rasis,
907 5387 1058 5444 atque
1097 5380 1412 5446 salepilarum
1448 5380 1629 5445 sonitu,
1670 5380 2052 5436 et'fasciuorum

503 5454 561 5489 ru
631 5456 705 5490 re.

503 5454 705 5492 I‘UDOl'e.

515 5566 662 5623 Ficta
690 5569 756 5624 ab
786 5569 1018 5627 ethnicis
1047 5573 1272 5628 deorum
1301 5589 1519 5630 suorum
1545 5585 1732 5630 natura
1757 5619 1770 5641 ,
1794 5577 2047 5647 maiestas

436 5663 694 5724 mentita,
725 5673 780 5718 et
808 5668 1220 5736 superstitiosus
1269 5669 1486 5723 illorum
1537 5670 1710 5725 cultus
1755 5671 2050 5726 evidentis-

437 5752 574 5806 sitne
604 5753 780 5811 adhuc
810 5755 1320 5816 demonstrabantur
1347 5761 1573 5832 publicis
1611 5763 1675 5818 iis
1705 5763 1844 5820 ludis
1865 5805 1880 5830 ,
1911 5779 2047 5832 quos

436 5845 596 5915 iidem
656 5848 878 5919 ethnici,
940 5852 1107 5924 inquit
1154 5857 1425 5912 Arnobius
1491 5855 1885 5927 (Aruob.,lib.
1950 5873 2037 5928 γη,

2235 4999 2478 5059 Florales
2508 5020 2658 5068 vero.
2691 5009 2805 5061 sive
2835 5005 3067 5062 Floralia
3089 5049 3105 5073 ,
3154 5003 3604 5079 quemadmodum
3645 4994 3725 5050 ob-

2161 5099 2394 5150 servavit
2425 5097 2724 5155 Macrobius
2747 5141 2762 5163 ,
2798 5100 2906 5155 ludi
2935 5111 2991 5156 et
3018 5101 3150 5157 festa
3197 5111 3353 5156 erant
3375 5141 3390 5166 ,
3422 5113 3539 5170 qua:
3567 5101 3732 5151 nomen

2161 5201 2215 5245 et
2242 5193 2502 5262 originem
2523 5194 2792 5249 duxerunt
2839 5211 2868 5249 a
2894 5194 3097 5250 famosa
3120 5196 3431 5260 meretrice,
3455 5206 3570 5263 qua:
3593 5187 3731 5258 prius.

2159 5281 2297 5338 sicut
2322 5284 2446 5339 alibi
2479 5288 2878 5351 annotavitnus,
2903 5289 3114 5345 Chloris
3136 5297 3467 5358 nuncupata,
3496 5288 3588 5338 hos
3607 5276 3732 5333 ludus

2156 5393 2223 5434 ex
2271 5382 2530 5450 pecunia,
2584 5383 2726 5454 turpi
2770 5385 3016 5455 corporis
3065 5392 3272 5455 qua-stu
3322 5391 3527 5446 coacta,
3557 5367 3730 5431 institui

2153 5477 2323 5532 voluit
2349 5477 2367 5550 (
2393 5476 2655 5545 Macrob.,
2687 5477 2774 5534 lib.
2817 5495 2833 5534 ι
2886 5479 3158 5536 Saturnal.
3179 5521 3194 5546 ,
3225 5495 3344 5548 cap.
3369 5481 3438 5541 4;
3472 5475 3668 5528 Diuerl.
3689 5463 3732 5514 in

2154 5571 2378 5640 Minue,
2409 5591 2526 5644 cap.
2563 5575 2649 5638 18,
2679 5584 2782 5627 art.
2811 5573 2901 5645 3).
2933 5575 3041 5630 Sed
3071 5587 3126 5629 ut
3150 5575 3363 5629 infantis
3383 5572 3519 5627 adeo
3542 5557 3731 5633 originis

2151 5669 2410 5723 memoria
2457 5668 2737 5724 obliterari
2767 5668 2976 5723 facilius
3019 5679 3224 5738 posset,
3251 5683 3397 5732 eam,
3430 5669 3624 5719 mutato
3649 5666 3722 5709 ην·

2149 5760 2315 5825 mine,
2334 5761 2575 5827 Floram,
2605 5761 3040 5832 appellaverunt,
3069 5760 3450 5829 finxeruntque
3477 5768 3588 5811 eam
3611 5755 3724 5813 μηδ’

2148 5858 2324 5915 sidere
2351 5858 2596 5916 ﬂoribus.
2632 5858 3018 5916 Verumtamen
3066 5858 3282 5914 missam
3331 5855 3538 5922 penitus
3565 5838 3725 5898 nolue-
