3904 6326
183 327 269 384 561
1369 326 1434 382 IN
1472 275 1823 382 AllNOBlUM
1851 367 1864 392 ,
1904 324 2056 380 CAP.
2100 327 2230 381 XV:

3353 319 3460 379 563

183 459 295 510 runt
323 458 422 504 tam
462 457 668 519 gratam
710 448 813 504 sibi
855 445 1133 520 ﬂagitiosae
1174 446 1409 503 auctoris
1457 445 1749 500 lasciviam.
1783 446 1835 507 Α
1861 443 2014 500 ludos
2040 459 2134 500 eos
2156 459 2383 516 quorum
2416 444 2605 514 religio
2635 451 2779 498 tanta
2804 450 2905 507 est,
2941 451 2999 498 ut
3026 457 3096 498 ex
3123 441 3327 497 ultimis
3351 451 3462 496 ter-

184 543 335 600 Nobis
358 543 401 597 si
427 541 585 596 ﬁdem
619 541 920 596 habendam
951 540 1189 604 dubites,
1220 541 1366 595 illam
1397 538 1590 594 Ovidio
1614 536 1758 592 haud

180 637 328 692 dubie
360 651 461 690 non
490 634 802 705 deuegabis,
837 634 991 702 cujus
1020 633 1137 688 haec
1161 643 1287 688 sunt
1308 632 1376 687 de
1410 631 1601 687 horum
1629 629 1759 686 Flo-

179 731 354 789 talium
386 729 720 785 institutione
745 728 986 783 carmina
1018 745 1032 781 ε

287 844 573 897 Convenere
599 845 787 902 Patres,
817 851 870 894 et
891 845 929 894 si
957 845 1089 893 bene
1112 843 1290 893 ﬂoreat
1315 856 1488 900 annus,

347 909 633 958 Numinibus
656 909 838 958 nostris
859 920 1017 957 annua
1038 906 1162 956 festa
1184 914 1382 955 vovent.

257 971 524 1020 Annuimus
548 973 672 1019 votis
690 1009 704 1029 ,
728 970 896 1021 consul
922 984 1031 1018 cum
1053 968 1253 1019 consule
1279 967 1420 1017 ludos

351 1033 629 1082 POSlllllllllO
651 1033 824 1083 Laenas
847 1033 1133 1092 persolvere
1155 1032 1288 1080 mihi.

255 1103 487 1158 Quaerere
511 1097 722 1145 conabar
745 1108 899 1158 quare
927 1095 1120 1144 lascivia
1146 1095 1295 1158 major
1319 1093 1328 1112 ³

340 1157 428 1209 His
449 1158 577 1208 foret
601 1162 646 1208 in
673 1156 815 1216 luitis,
843 1158 1148 1220 liberiorque
1164 1156 1320 1218 iocus.

252 1221 350 1272 Sed
375 1223 488 1270 ntihi
513 1224 770 1281 succurrit,
796 1233 973 1270 nomen
1001 1235 1096 1270 non
1119 1234 1230 1270 essi:
1254 1231 1505 1278 severum,

341 1283 566 1348 Aptaque
585 1283 779 1334 delicns
797 1296 1002 1333 munera
1031 1285 1164 1333 ferre
1186 1283 1350 1332 deam.

918 1365 1107 1432 (Ovid.,
1132 1364 1219 1416 lib.
1247 1382 1276 1416 v
1300 1367 1515 1425 Fastor.,
1541 1364 1663 1426 §3.)

168 1477 232 1533 lbi
262 1493 388 1535 vero
434 1478 526 1534 ille
574 1479 720 1533 varia
772 1479 824 1533 in
874 1479 1023 1534 hisce
1073 1477 1213 1532 ludis
1258 1476 1492 1531 admissa
1527 1476 1760 1531 lascivia:

167 1587 350 1642 genera
394 1572 692 1637 describit,
722 1587 842 1642 quae
886 1573 930 1626 si
955 1580 1127 1633 vacat,
1160 1571 1338 1639 legere
1369 1569 1590 1639 poteris.
1618 1567 1760 1624 Con-

168 1666 304 1720 sules
356 1680 523 1735 porro
549 1665 618 1719 ab
649 1679 716 1720 eo
746 1675 1000 1720 notantur
1025 1665 1371 1718 Postlmmius
1399 1663 1652 1729 Albinus,
1706 1670 1761 1717 et

166 1756 674 1827 ll.PopiliusLtena,
708 1757 951 1829 aquibus
983 1757 1034 1812 hi
1059 1757 1170 1812 ludi
1203 1757 1431 1827 primum
1454 1755 1582 1811 editi
1609 1765 1756 1810 sunt.

1862 541 1939 597 ris
1965 540 2251 604 accersita,
2295 539 2348 593 in
2399 538 2500 592 hac
2529 537 2661 592 urbe
2689 535 3028 601 consederit;
3071 535 3161 606 qui
3192 533 3282 588 uni
3325 531 3458 600 ludi,

1860 651 1931 690 ne
1960 633 2126 689 verbo
2152 631 2366 703 quidem
2389 630 2728 700 appellantur
2754 629 2941 694 latino,
2972 637 3032 682 ut
3056 625 3318 682 vocabulo
3343 627 3460 696 ipso

1861 737 1918 783 et
1954 726 2194 796 appetita
2222 724 2413 794 religio
2436 733 2681 788 externa,
2711 735 2760 778 et
2788 721 2971 776 Matris
3013 735 3219 791 magna:
3242 717 3460 774 nomine

1858 829 2111 886 suscepta
2138 817 2445 872 declaretur
2478 834 2491 869 :
2527 816 2624 870 hos
2654 814 2810 870 ludos
2838 814 2980 870 servi
3019 814 3285 877 fecerunt,
3316 811 3458 867 servi

1861 921 2272 982 spectaverunt;
2299 920 2408 964 tota
2435 909 2694 979 denique.
2721 908 2826 963 hoc
2851 907 3024 969 aedile.
3051 921 3326 963 servorum
3356 904 3461 959 Me-

1859 1006 2059 1076 galesia
2098 1003 2315 1058 fuerunt
2349 1022 2367 1055 ι
2407 999 2568 1074 (Liv.,
2599 1003 2690 1056 lib.
2748 1017 2896 1066 xm,
2928 1017 3043 1070 cap.
3077 1001 3144 1066 7;
3177 999 3282 1054 Cic.
3319 1007 3453 1054 orat.

1860 1101 1950 1166 30,
1976 1101 2040 1154 de
2064 1101 2276 1168 harusp.
2313 1098 2493 1165 Resp,
2527 1113 2648 1167 pag.
2676 1095 2800 1158 632,
2835 1095 2928 1149 lin.
2961 1094 3032 1150 56
3060 1103 3105 1148 et
3134 1089 3320 1163 seqq.).

1932 1194 2139 1263 Quanta
2167 1204 2345 1247 autem
2378 1191 2660 1260 religione,
2713 1189 2798 1243 vel
2838 1188 3013 1257 potius
3047 1183 3453 1256 superstitione,

1863 1289 1916 1344 bi
1944 1287 2143 1356 aliique
2173 1285 2446 1341 solemnes
2475 1283 2584 1338 ltidi
2606 1283 2673 1336 ab
2702 1281 2935 1337 ethnicis
2962 1271 3174 1344 ﬁerent,
3215 1292 3322 1331 non
3367 1289 3458 1330 so-

1861 1382 1972 1437 lum
1992 1397 2057 1436 ex
2082 1380 2164 1434 his
2191 1379 2350 1450 liquet
2369 1377 2648 1433 Ciceronis
2665 1374 2862 1439 verbis,
2885 1373 2979 1428 sed
3004 1389 3068 1426 eo
3090 1370 3453 1443 potissimum,

1862 1472 2070 1544 quodsi
2109 1485 2216 1542 quo
2250 1470 2333 1526 vel
2358 1468 2582 1524 minimo
2613 1467 2809 1522 delicto
2857 1463 3040 1535 polluti
3080 1461 3452 1524 crederentur,

1863 1578 2048 1640 postea
2078 1566 2267 1637 majori
2296 1581 2422 1621 cura
2453 1574 2508 1620 et
2546 1561 2909 1618 Sollicitudine
2953 1556 3238 1613 instaurari
3288 1553 3453 1609 debe-

1861 1665 2010 1721 bant.
2034 1663 2374 1732 Quapropter
2406 1657 2671 1713 Arnobius
2705 1656 2818 1710 lncc
2839 1653 2907 1710 ad
2927 1655 3188 1723 ipsosmet
3211 1646 3455 1704 ethnicos

1861 1757 2027 1812 verba
2058 1755 2214 1811 fecit:
2239 1773 2255 1805 ι
2288 1753 2344 1807 1η
2367 1749 2678 1806 cerimoniis
2699 1748 2915 1811 vestris,
2943 1745 3212 1813 rebuSque
3237 1740 3451 1803 divinis,

170 1850 220 1905 Si
249 1863 504 1920 praeterea
530 1868 741 1923 quaeras
765 1869 882 1920 cur,
917 1853 1068 1923 cujus
1095 1853 1270 1922 jussu,
1300 1868 1406 1922 quo
1436 1851 1595 1907 Urbis
1621 1866 1754 1906 con-
1783 1837 1832 1897 Β
1863 1850 2254 1924 posuilionibus
2301 1845 2493 1900 vestris
2547 1842 2699 1898 locus
2741 1849 2843 1905 est,
2892 1848 2947 1894 et
2994 1836 3217 1907 piaculis
3259 1834 3455 1890 dicitur

168 1944 279 1999 diue
308 1960 454 2000 anno
504 1946 765 2014 instituti,
814 1961 877 2001 ac
924 1962 1030 2016 quo
1072 1947 1198 2001 anni
1223 1945 1310 2000 die
1339 1954 1646 2014 agerentur,
1676 1943 1759 1998 his

165 2039 324 2094 disces
354 2039 517 2094 Plinii
550 2040 730 2094 verbis
756 2057 770 2095 :
807 2058 826 2090 ι
865 2039 1094 2094 Floralia
1119 2048 1311 2108 quarto
1337 2037 1596 2093 kalendas
1616 2036 1760 2108 ejus-

165 2136 307 2203 dem,
344 2157 364 2189 ι
397 2137 564 2202 maii,
602 2156 622 2188 ι
657 2135 1045 2201 instituerunt,
1089 2133 1249 2191 Urbis
1279 2149 1442 2188 'anno
1471 2132 1659 2196 DXlV,
1688 2147 1757 2186 ex

166 2231 380 2286 oraculis
406 2229 655 2302 Sibyllae,
686 2240 743 2284 ut
765 2230 944 2283 omnia
973 2229 1109 2283 bene
1131 2227 1585 2283 deﬂorescerent.-
1602 2226 1756 2281 Hunc

169 2321 316 2378 Varro
343 2322 709 2388 determinat;
754 2321 873 2377 sole
901 2320 1066 2376 Tauri
1109 2331 1317 2391 partem
1363 2330 1612 2389 quartam
1656 2317 1754 2373 de-

163 2416 335 2471 cimam
367 2416 673 2472 obtinente.
708 2416 848 2486 Ergo
876 2417 919 2470 si
978 2416 1029 2469 in
1073 2415 1174 2468 hoc
1223 2411 1568 2484 quatriduum
1624 2412 1758 2466 inci-

163 2506 287 2564 derit
321 2509 677 2576 plenilunium
699 2549 716 2575 ,
750 2508 958 2578 fruges,
987 2519 1040 2562 et
1066 2507 1282 2574 omnia,
1311 2523 1430 2577 quae
1461 2504 1754 2572 ﬂorebunt,

162 2602 267 2658 l'a-di
304 2620 534 2660 necesse
562 2604 662 2659 erit
732 2623 751 2656 ι
785 2602 990 2674 (Plin.,
1026 2603 1113 2657 lib.
1161 2618 1288 2656 xvm
1353 2599 1489 2654 Hist.
1540 2610 1753 2664 natur.,

162 2713 261 2767 cap.
295 2698 380 2762 l9,
408 2714 540 2769 pag.
575 2696 724 2768 527).
760 2696 814 2750 In
867 2695 1017 2750 fasns
1067 2705 1246 2750 autem
1282 2692 1611 2748 kalendariis
1653 2706 1753 2746 no-

161 2798 326 2847 tanntr
349 2809 429 2857 vt,
468 2790 771 2860 kal.jtmii,
824 2799 880 2845 et
921 2791 974 2844 in
1021 2787 1337 2844 kalendario
1386 2787 1609 2842 Rustico
1654 2785 1756 2840 sub

163 2885 269 2938 maii
311 2886 522 2939 mensis
562 2882 747 2940 ﬁnem.
792 2883 952 2938 Plura
998 2883 1064 2937 de
1093 2882 1236 2937 ludis
1268 2881 1373 2936 illis
1401 2879 1630 2935 maxima
1660 2880 1756 2935 ob-

161 2978 429 3033 scoenitate
464 2987 520 3032 et
572 2976 789 3030 lascivia
847 2975 1133 3030 celebratis
1181 2973 1228 3029 si
1265 2974 1574 3038 desideres,
1603 2971 1756 3028 adire

161 3071 346 3140 poteris
379 3069 713 3137 Varronem,
746 3067 1066 3124 Ciceronem
1093 3111 1108 3128 .
1164 3068 1506 3136 Suetonium,
1540 3067 1754 3122 Martia-

163 3163 253 3218 lein
275 3206 288 3228 ,
321 3163 606 3219 Valerium
635 3163 923 3218 Maximum
947 3205 962 3223 .
1009 3171 1167 3232 atque
1214 3162 1268 3216 in
1300 3163 1488 3232 primis
1521 3160 1749 3216 Lactan-

1861 1952 2134 2000 contracta
2149 1956 2273 1998 esse
2291 1938 2624 1998 commissio,
2644 1936 2687 1989 si
2710 1949 2806 2006 per
2821 1931 3198 2002 imprudentiae
3220 1930 3450 1999 lapsum.

1861 2048 1952 2091 aut
1983 2037 2033 2090 in
2068 2034 2234 2090 verbo
2261 2032 2546 2103 quispiam,
2597 2036 2691 2082 aut
2733 2025 3015 2098 sympuvio
3069 2020 3352 2084 deerrarit,
3408 2018 3453 2072 si

1860 2144 2020 2184 cursu
2045 2128 2098 2182 in
2120 2125 2452 2180 solemnibus
2481 2120 2642 2186 ludis,
2668 2117 3057 2186 curriculisque
3085 2112 3279 2169 divinis
3303 2125 3453 2166 com-

1860 2224 2108 2282 missum,
2139 2233 2326 2274 omnes
2357 2216 2536 2272 statim
2565 2214 2617 2268 in
2649 2212 2940 2282 religiones
2977 2208 3221 2263 clamatis
3247 2219 3449 2268 sacras,

1859 2316 1904 2370 si
1934 2312 2138 2370 Ludius
2191 2314 2311 2384 (ius.
2344 2306 2566 2382 Lydius)
2593 2306 2850 2370 constitit,
2878 2312 2971 2358 aut
2993 2303 3206 2357 tibicem
3229 2308 3452 2370 repente

1858 2408 2152 2482 conticuit;
2200 2415 2293 2460 aut
2339 2405 2382 2460 si
2432 2402 2688 2472 patrimus
2732 2399 2844 2465 ille,
2879 2396 2971 2469 qui
3000 2395 3265 2450 vocitatur
3294 2406 3449 2463 puer,

1857 2485 2043 2558 omisit
2089 2516 2183 2570 per
2227 2495 2582 2570 ignorantiam
2631 2494 2828 2558 lorum,
2881 2499 2973 2544 aut
3022 2498 3220 2543 terram
3268 2494 3453 2539 tenere

1858 2611 1964 2651 non
1997 2595 2168 2663 potuit
2228 2612 2246 2643 ι
2283 2587 2524 2658 (Arnob,
2571 2588 2639 2642 lib
2688 2602 2763 2650 tv,
2797 2602 2918 2656 pag.
2960 2581 3111 2648 119).
3147 2578 3297 2636 Unde
3323 2590 3454 2632 vero

1860 2690 1978 2744 haec
2003 2688 2092 2743 ille
2117 2685 2408 2754 acceperit,
2452 2683 2496 2736 si
2551 2681 2670 2751 quis
2711 2695 2777 2734 ex
2826 2675 2980 2731 nobis
3027 2673 3349 2736 sciscitetur,
3395 2668 3453 2724 in

1859 2793 2109 2853 promptu
2138 2776 2422 2847 responsio
2449 2784 2553 2840 est,
2583 2773 2710 2828 illud
2737 2772 3028 2827 delibatum
3065 2783 3131 2823 ex
3155 2768 3265 2838 jam
3289 2765 3450 2820 citata

1857 2843 2136 2932 Ciceronis
2165 2843 2428 2927 oratione.
2453 2868 2529 2924 lbi
2559 2867 2757 2922 etenim
2779 2883 2791 2896 ·
2815 2883 2834 2915 ι
2869 2863 2924 2918 Si
2953 2860 3178 2926 Ludius,
3207 2878 3226 2910 ι
3257 2843 3479 2927 inquit,‘

1864 2990 1884 3024 ‹
1912 2969 2174 3035 constitit,
2227 2976 2320 3021 aut
2361 2965 2576 3019 tibicem
2626 2967 2850 3030 repente
2878 2956 3154 3020 conticuit,
3201 2961 3292 3006 aut
3322 2964 3454 3020 puer

1858 3066 1950 3122 ille
1977 3065 2237 3136 patrimus
2264 3069 2318 3115 et
2347 3058 2650 3118 matrimns,
2683 3055 2728 3110 si
2779 3063 2974 3108 terram
3003 3067 3109 3104 non
3140 3046 3330 3111 tenuit,
3359 3051 3455 3098 aut

1859 3173 2092 3225 tensam,
2124 3166 2216 3211 aut
2243 3157 2416 3210 lorum
2441 3151 2640 3216 amisit,
2671 3157 2763 3203 aut
2787 3149 2829 3202 si
2858 3145 3032 3200 aedilis
3064 3142 3251 3202 verbo,
3283 3149 3376 3192 aut
3405 3137 3454 3192 si

161 3255 278 3311 tium
304 3300 317 3321 ,
345 3258 440 3326 qui
473 3256 675 3312 erroris
699 3265 875 3310 tamen
906 3255 1188 3324 cujusdam
1216 3270 1245 3308 a
1268 3253 1378 3309 Vos
1407 3253 1748 3322 io‘arguitur,
1783 3225 1828 3287 Ο
1859 3265 1992 3310 nutu
2031 3249 2324 3312 aberravit,
2349 3246 2458 3300 ludi
2482 3252 2605 3299 sttut
2633 3257 2739 3296 non
2781 3241 2882 3294 rite
2904 3235 3049 3301 lacti,
3077 3249 3248 3304 eaque
3274 3237 3453 3286 errata

160 3350 241 3404 sed
288 3364 474 3406 utrum
517 3351 666 3420 jure,
721 3350 805 3404 vel
855 3350 1046 3419 injuria
1080 3364 1178 3402 suo
1208 3349 1328 3402 loco
1383 3347 1754 3418 expendemus

162 3441 177 3511 (
207 3440 378 3498 Varro.
403 3485 418 3506 ,
481 3443 569 3496 lib.
618 3459 670 3497 tv
716 3443 779 3496 de
823 3440 974 3513 Ling.
1011 3441 1186 3507 latim,
1236 3457 1356 3510 pag.
1390 3441 1477 3501 18,
1504 3440 1592 3494 lib.
1625 3438 1746 3493 Rer.

161 3546 273 3590 rust.
302 3553 416 3606 cap.
462 3538 515 3599 l;
541 3533 648 3591 Cic.
675 3577 690 3599 ,
715 3545 850 3590 orat.
897 3536 932 3590 4
969 3536 1021 3587 in
1061 3533 1204 3589 Verr.
1228 3575 1244 3600 ,
1294 3551 1413 3604 pag.
1443 3533 1566 3594 194;
1601 3532 1748 3587 Suet.

161 3627 205 3680 in
241 3625 339 3684 Vit.
362 3627 521 3683 Galb.
545 3669 561 3693 ,
590 3627 644 3693 6,
678 3627 706 3699 §
735 3628 788 3693 6;
822 3625 935 3680 Val.
967 3625 1136 3690 Maca,
1167 3625 1253 3680 lib.
1285 3641 1341 3691 ll,
1366 3642 1480 3695 cap.
1509 3623 1595 3691 10,
1630 3622 1658 3694 §
1687 3623 1759 3684 8:"

167 3721 378 3777 Martial.
402 3765 416 3789 ,
485 3723 572 3776 lib.
617 3739 655 3785 ι,
702 3724 862 3794 epigr.
895 3722 930 3775 5
955 3732 999 3775 et
1029 3722 1132 3787 56;
1197 3721 1412 3791 August.
1441 3760 1457 3786 ,
1511 3719 1598 3773 lib.
1627 3734 1663 3773 ll
1695 3719 1759 3772 de

165 3813 293 3868 Civil.
325 3832 444 3885 cap.
475 3816 568 3876 27,
601 3832 721 3886 pag.
752 3814 864 3883 57).

227 3908 559 3978 Megalenses
613 3925 741 3961 vero
794 3907 905 3962 ludi
960 3908 1010 3960 in
1061 3905 1242 3961 Matris
1268 3905 1428 3961 deum
1460 3905 1753 3970 honorem,

168 4008 404 4074 inSpectis
436 4005 596 4060 libris
634 4004 933 4078 Sibyllinis,
965 4005 1167 4060 decreti
1207 4005 1442 4059 fuerant.
1473 4004 1550 4058 Eo
1577 4014 1754 4059 autem

169 4101 368 4155 nomine
393 4101 696 4170 appellatos
728 4098 1036 4168 perhibent,
1065 4098 1187 4168 quia
1217 4098 1540 4164 Pessinunte
1567 4140 1582 4164 ,
1615 4097 1756 4152 unde

173 4191 260 4247 dea
307 4195 412 4256 illa,
466 4195 583 4248 sive
630 4193 747 4263 ejus
798 4191 1004 4264 efﬁgies
1037 4192 1262 4246 Romam
1309 4201 1582 4261 asportata
1640 4200 1758 4255 est,

173 4301 492 4347 exstructum
542 4290 641 4345 fuit.
667 4289 1078 4346 celeberrimum
1106 4288 1250 4343 illius
1281 4289 1561 4358 templum,
1590 4286 1755 4357 quod,

175 4382 397 4441 Varrone
439 4393 761 4451 attestante,
794 4383 1114 4454 Megalesion
1145 4381 1568 4451 nuncupabatur.
1599 4399 1618 4431 ι
1647 4379 1756 4435 Me-

173 4478 385 4546 galesia,
430 4500 448 4531 ι
488 4478 662 4548 inquit
689 4477 778 4531 ille
802 4518 816 4541 ,
856 4495 874 4526 ι
910 4477 1052 4530 dicta
1083 4492 1115 4530 a
1139 4474 1365 4541 Grzecis,
1397 4473 1541 4544 quod
1587 4489 1655 4528 ex
1693 4471 1758 4527 li-

176 4569 272 4625 bris
305 4571 573 4644 sibyllinis
627 4569 886 4625 accersita
933 4570 1000 4624 ab
1048 4569 1258 4634 Attalo,
1315 4583 1443 4638 rege
1472 4567 1752 4637 Pergami,

177 4675 324 4732 prOpe
368 4678 582 4718 murum
629 4661 989 4732 Megalesion,
1035 4660 1121 4716 ubi
1171 4660 1431 4730 templum
1459 4657 1576 4728 ejus
1605 4658 1753 4725 deat,

179 4757 300 4811 unde
324 4757 550 4812 advecta
589 4755 818 4809 Romam
847 4775 867 4807 ι
894 4751 1108 4825 (Varr.,
1132 4751 1221 4807 lib.
1252 4768 1283 4806 v
1305 4752 1369 4806 de
1397 4750 1550 4822 Ling.
1579 4749 1751 4818 latin.,

177 4865 279 4920 pag.
311 4855 424 4924 19).
459 4855 528 4908 At
556 4864 868 4922 persuasum
897 4849 1134 4920 Scaliger
1163 4848 1324 4903 habet
1353 4856 1608 4916 corrupta
1636 4860 1758 4902 esse

179 4959 231 4999 ea
259 4949 410 5003 verba
445 4947 705 5003 Varronis
725 4986 740 5008 ,
772 4962 932 5016 prope
961 4961 1196 5010 murum,
1226 4952 1281 4998 et
1318 4941 1600 5012 legendum
1629 4940 1754 4996 Pes-

179 5041 386 5108 sinunte,
417 5043 501 5097 vel
526 5045 628 5100 ἀπὸ
653 5045 844 5121 μητρὸς
870 5043 1084 5116 μεγάλης
1103 5082 1118 5109 ,
1144 5053 1468 5111 quamquam
1497 5040 1566 5109 {In
1613 5036 1758 5106 prio-

179 5147 278 5189 rem
307 5138 586 5193 lectionem
619 5139 788 5209 magis
832 5137 1072 5192 inclinet.

244 5227 310 5282 De
335 5229 416 5284 his
445 5246 606 5301 porro
637 5230 796 5296 ludis,
825 5244 1054 5300 quorum
1086 5228 1287 5294 Livius,
1318 5227 1520 5298 aliique
1545 5226 1744 5296 saepius

184 5322 483 5392 meminere,
510 5325 588 5378 sic
619 5324 794 5378 oravit
820 5323 1010 5378 Cicero
1043 5341 1054 5377 :
1095 5341 1113 5375 ι
1150 5321 1287 5389 Quid
1315 5336 1415 5392 ego
1457 5320 1526 5375 de
1550 5319 1654 5374 illis
1677 5319 1758 5372 lu-

186 5409 255 5464 dis
276 5413 478 5484 loquar.
511 5431 648 5486 quos
678 5415 730 5469 in
763 5415 967 5469 Palatio
999 5415 1166 5470 nostri
1213 5411 1444 5482 majores
1472 5421 1598 5466 ante
1620 5420 1758 5464 tem-

189 5503 342 5572 plum,
373 5507 423 5561 in
454 5509 569 5577 ipso
595 5508 778 5562 Matris
801 5521 1008 5577 magnai
1025 5514 1338 5575 conspectu,
1369 5501 1761 5573 Magalensibus

189 5593 308 5664 ﬁeri,
359 5600 728 5671 celebrarique
775 5599 1094 5655 voluerunt?
1139 5597 1242 5665 Qui
1271 5604 1399 5649 sunt
1430 5608 1579 5648 more
1609 5592 1762 5646 iusti-

192 5692 402 5762 tutisque
451 5698 685 5750 maxime
728 5697 882 5762 casti,
925 5694 1215 5758 solemnes,
1260 5690 1489 5761 religiosi
1524 5708 1536 5745 :
1569 5689 1766 5759 quibus

1856 3347 2162 3416 expiantur,
2187 3351 2243 3398 et
2275 3349 2482 3396 mentes
2508 3336 2731 3392 deorum
2761 3328 3165 3391 immortalium,
3205 3324 3451 3378 ludorum

1855 3437 2246 3496 instauratione
2272 3434 2548 3504 placantur
2573 3448 2591 3481 ι
2626 3427 2842 3498 (Cicer.,
2871 3433 3005 3478 orat.
3039 3423 3129 3487 30,
3150 3420 3212 3473 de
3257 3417 3452 3488 Arusp.

1857 3533 2040 3604 Resp.,
2074 3548 2194 3601 pag.
2227 3527 2352 3592 432,
2385 3526 2475 3580 lin.
2501 3523 2618 3594 96).
2652 3521 2757 3576 Nos
2778 3533 2953 3574 autem
2985 3516 3201 3587 quidam
3229 3527 3454 3566 monue-

1857 3636 1984 3683 runt
2006 3627 2060 3680 in
2085 3629 2185 3679 hoc
2205 3620 2484 3678 Ciceronis
2516 3626 2663 3672 textu
2692 3632 2787 3684 pro
2812 3614 2894 3667 his
2924 3610 3123 3676 verbis,
3148 3617 3235 3661 aut
3255 3607 3300 3661 si
3326 3613 3454 3659 nutu

1859 3720 2136 3782 aberravit,
2170 3718 2222 3771 in
2251 3711 2576 3786 quibusdam
2592 3707 2872 3765 codicibus
2897 3706 3180 3774 scriptum,
3209 3708 3295 3754 aut
3317 3713 3454 3769 sym-

1860 3815 1981 3886 pulo
2003 3810 2272 3866 aberravit.
2316 3805 2590 3862 Arnobius
2621 3813 2797 3856 tamen
2843 3797 3036 3869 legisse
3078 3794 3310 3859 videtur,
3365 3801 3454 3844 aut

1858 3884 2127 3981 sympuvio
2150 3901 2398 3958 deerravit
2422 3916 2442 3953 :
2464 3897 2558 3954 sed
2579 3897 2768 3953 eodem
2794 3891 3117 3963 signiﬁcatu.
3139 3884 3452 3959 Sympulum

1859 4002 2125 4072 siquidem
2156 4009 2210 4052 et
2231 3994 2573 4070 sympuviutn
2605 3988 2908 4062 signiﬁcant
2959 3983 3173 4040 ﬁctilem
3202 3983 3450 4047 calicem,

1859 4113 1967 4168 quo
1994 4095 2175 4148 vinum
2205 4093 2257 4144 in
2297 4087 2576 4145 sacriﬁciis
2631 4085 2781 4140 libari
2835 4080 3060 4136 solebat.
3120 4073 3451 4144 Quibusdam

1863 4164 1996 4244 vero
2022 4185 2240 4241 dubittrn
2271 4181 2494 4236 forsitan
2539 4177 2752 4232 videtur
2793 4184 2969 4228 utrum
2999 4171 3051 4225 in
3085 4171 3201 4239 ipso
3229 4164 3455 4222 Arnobii

1862 4290 2010 4335 textu
2038 4291 2233 4332 nomen
2263 4268 3008 4345 postulionibusatlulteratum
3035 4277 3139 4318 non
3160 4261 3250 4324 sit,
3267 4274 3332 4314 ac
3349 4258 3455 4329 legi

1860 4363 2526 4441 debeatpostulationibus.
2554 4360 2686 4415 Nam
2710 4357 2900 4413 Cicero
2930 4355 3086 4426 paulo
3129 4362 3255 4407 ante
3292 4351 3454 4406 citata

1861 4482 1890 4522 a
1916 4465 2072 4521 nobis
2101 4463 2219 4534 ejus
2249 4460 2410 4515 verba
2440 4458 2688 4512 dixerat:
2726 4473 2744 4506 ι
2786 4450 3182 4508 Postulationes
3207 4447 3455 4502 decretas

1861 4574 1982 4616 esse
1998 4557 2138 4619 Jovi,
2153 4554 2406 4619 Saturno,
2423 4550 2695 4620 Neptuno,
2711 4545 2936 4611 Telluri,
2955 4543 3056 4598 diis
3073 4540 3406 4607 caelestibus,
3429 4557 3450 4592 ι

1861 4666 2022 4726 atque
2047 4652 2208 4706 etiam
2238 4659 2425 4720 postea
2455 4664 2468 4701 :
2505 4664 2523 4695 ι
2555 4643 2756 4699 Telluri
2804 4638 3092 4711 postulatio
3143 4635 3390 4692 debetur.
3431 4654 3452 4686 ι

1863 4747 2058 4823 (Idem,
2087 4745 2237 4809 ibid.,
2267 4743 2361 4796 lin.
2393 4741 2448 4803 8;
2471 4748 2519 4793 et
2539 4754 2660 4809 pag.
2693 4735 2820 4801 454,
2844 4733 2936 4789 lin.
2970 4731 3058 4796 1ος
3089 4728 3324 4794 ﬂumen,
3365 4726 3458 4781 lib.

1862 4821 1912 4900 tv
1936 4845 1998 4897 de
2019 4841 2048 4895 ,Ι
2058 4857 2147 4895 ure
2177 4839 2390 4908 pontiﬁ,
2415 4851 2529 4904 cap.
2568 4830 2684 4904 15.)
2707 4828 2969 4886 Gutherio
2993 4836 3168 4880 tamen
3197 4821 3460 4894 probatur

1861 4934 1952 4989 illa
1983 4929 2204 4988 Arnobii
2234 4930 2395 4984 lectio
2426 4921 2818 4998 postulionibus,
2848 4931 3008 4988 atque
3036 4928 3092 4971 ut
3111 4929 3328 4971 omnem
3357 4912 3460 4968 tol-

1862 5027 1978 5082 lere
2007 5024 2316 5094 scrupulum
2367 5029 2548 5092 queat,
2602 5013 2882 5072 contendit
2936 5011 3325 5083 postulutiones,
3356 5005 3460 5061 diis

1864 5120 2077 5192 superis
2102 5118 2286 5183 factas,
2326 5125 2382 5170 et
2412 5113 2594 5169 inferis
2615 5110 2952 5183 postuliones,
2988 5107 3181 5176 quibus
3210 5100 3464 5174 petebant

1865 5215 2144 5270 hominem
2173 5212 2256 5267 his
2276 5208 2552 5265 devoveri.
2584 5205 2782 5262 Verum
2819 5202 2921 5259 etsi
2951 5216 3037 5256 res
3066 5199 3138 5254 ita
3166 5205 3332 5257 esset,
3351 5207 3462 5264 quo

1864 5315 2184 5382 argumento
2211 5305 2528 5362 conlicietur
2584 5302 2896 5365 Arnobium,
2932 5298 3001 5352 ibi
3031 5296 3101 5352 de
3140 5293 3246 5349 diis
3276 5291 3464 5347 inferis

1865 5405 2068 5476 potius,
2097 5416 2260 5472 quam
2278 5399 2492 5470 superis
2510 5396 2702 5452 fecisse
2721 5406 3052 5449 sermonem.
3079 5388 3135 5444 Si
3154 5385 3280 5458 quid
3299 5385 3464 5440 enim-

1866 5514 1996 5555 vero
2023 5513 2091 5552 ex
2116 5493 2398 5556 Cicerone,
2420 5489 2575 5546 sicuti
2598 5488 2853 5552 diximus,
2873 5481 3148 5546 delibavit,
3178 5479 3245 5534 de
3271 5476 3462 5533 iisdem

1869 5590 2254 5666 proculdubio,
2287 5598 2445 5658 atque
2468 5584 2578 5648 ille,
2604 5582 2706 5637 diis
2730 5579 2940 5650 superis
2981 5577 3236 5646 loquitur.
3281 5571 3466 5627 Adda-

1874 5701 2014 5752 mus,
2045 5685 2090 5739 si
2123 5683 2278 5749 velis,
2312 5680 2443 5734 nihil
2481 5676 2749 5746 imperito,
2811 5682 2902 5726 aut
2945 5669 3212 5724 festinanti
3244 5666 3465 5745 librario

196 5778 316 5840 ludis
343 5790 564 5857 primum
599 5799 724 5846 ante
753 5790 932 5862 populi
965 5803 1280 5846 consessum
1301 5829 1316 5854 ,
1350 5784 1559 5841 senatui
1590 5783 1768 5838 locum
1871 5778 2104 5842 facilius,
2145 5789 2303 5847 quam
2351 5770 2638 5828 scribendo
2681 5781 2875 5822 nomen
2927 5761 3316 5834 postuliouibus,
3368 5743 3467 5813 has

199 5869 253 5926 P.
283 5875 543 5937 Africanus
573 5885 764 5938 iterum
797 5883 986 5937 consul
1026 5883 1116 5938 ille
1149 5881 1320 5951 major
1345 5879 1656 5935 dedit.......
1691 5876 1765 5933 lta

1875 5875 2011 5930 duas
2055 5872 2281 5934 litteras,
2313 5875 2385 5936 at,
2418 5863 2691 5918 omittere.
2733 5856 2900 5916 Nobis
2937 5853 3151 5929 quidem
3201 5867 3309 5909 non
3339 5851 3469 5908 latet
