  <div class='ocr_page' id='page_1' title='image "/cluster/home/n/w/nwhite01/storage/ocr_20150623/5/hvd.32044015466758/285.png"; bbox 0 0 3904 6326; ppageno 0'>
   <div class='ocr_carea' id='block_1_1' title="bbox 474 266 582 322">
    <p class='ocr_par' dir='ltr' id='par_1_1' title="bbox 474 266 582 322">
     <span class='ocr_line' id='line_1_1' title="bbox 474 266 582 322; baseline -0.019 0"><span class='ocrx_word' id='word_1_1' title='bbox 474 266 582 322; x_wconf 79' lang='grc'><strong>563</strong></span> 
     </span>
    </p>
   </div>
   <div class='ocr_carea' id='block_1_2' title="bbox 478 481 2069 565">
    <p class='ocr_par' dir='ltr' id='par_1_2' title="bbox 478 481 2069 565">
     <span class='ocr_line' id='line_1_2' title="bbox 478 481 2069 565; baseline 0.012 -29"><span class='ocrx_word' id='word_1_2' title='bbox 478 481 573 537; x_wconf 85' lang='lat' dir='ltr'><strong>ubi</strong></span> <span class='ocrx_word' id='word_1_3' title='bbox 598 482 853 552; x_wconf 75' lang='lat' dir='ltr'><strong>scripsit:</strong></span> <span class='ocrx_word' id='word_1_4' title='bbox 891 501 910 537; x_wconf 76' lang='grc' dir='ltr'>ι</span> <span class='ocrx_word' id='word_1_5' title='bbox 938 484 1107 540; x_wconf 86' lang='lat' dir='ltr'><strong>Deum</strong></span> <span class='ocrx_word' id='word_1_6' title='bbox 1124 486 1357 544; x_wconf 79' lang='lat' dir='ltr'><strong>Manium</strong></span> <span class='ocrx_word' id='word_1_7' title='bbox 1385 493 1748 560; x_wconf 89' lang='lat' dir='ltr'><strong>postulionem</strong></span> <span class='ocrx_word' id='word_1_8' title='bbox 1778 499 2069 565; x_wconf 88' lang='lat' dir='ltr'><strong>postulare,</strong></span> 
     </span>
    </p>
   </div>
   <div class='ocr_carea' id='block_1_3' title="bbox 473 574 2069 659">
    <p class='ocr_par' dir='ltr' id='par_1_3' title="bbox 473 574 2069 659">
     <span class='ocr_line' id='line_1_3' title="bbox 473 574 2069 659; baseline 0.011 -30"><span class='ocrx_word' id='word_1_9' title='bbox 473 574 529 630; x_wconf 88' lang='lat' dir='ltr'><strong>id</strong></span> <span class='ocrx_word' id='word_1_10' title='bbox 560 586 663 637; x_wconf 75' lang='lat' dir='ltr'><strong>est;</strong></span> <span class='ocrx_word' id='word_1_11' title='bbox 705 577 880 632; x_wconf 81' lang='lat' dir='ltr'><strong>civem</strong></span> <span class='ocrx_word' id='word_1_12' title='bbox 912 576 1267 637; x_wconf 78' lang='lat' dir='ltr'><strong>fortissimum</strong></span> <span class='ocrx_word' id='word_1_13' title='bbox 1298 584 1489 639; x_wconf 92' lang='lat' dir='ltr'><strong>eodem</strong></span> <span class='ocrx_word' id='word_1_14' title='bbox 1518 587 1658 641; x_wconf 92' lang='lat' dir='ltr'><strong>mitti</strong></span> <span class='ocrx_word' id='word_1_15' title='bbox 1685 606 1705 640; x_wconf 76' lang='grc' dir='ltr'><strong><em>ι</em></strong></span> <span class='ocrx_word' id='word_1_16' title='bbox 1734 588 1946 659; x_wconf 86' lang='lat' dir='ltr'><strong>(Varr.,</strong></span> <span class='ocrx_word' id='word_1_17' title='bbox 1978 592 2069 647; x_wconf 87' lang='lat' dir='ltr'><strong>lib.</strong></span> 
     </span>
    </p>
   </div>
   <div class='ocr_carea' id='block_1_4' title="bbox 471 667 2071 749">
    <p class='ocr_par' dir='ltr' id='par_1_4' title="bbox 471 667 2071 749">
     <span class='ocr_line' id='line_1_4' title="bbox 471 667 2071 749; baseline 0.013 -29"><span class='ocrx_word' id='word_1_18' title='bbox 471 683 528 722; x_wconf 79' lang='grc' dir='ltr'><strong>ιν</strong></span> <span class='ocrx_word' id='word_1_19' title='bbox 554 668 617 722; x_wconf 86' lang='lat' dir='ltr'><strong>de</strong></span> <span class='ocrx_word' id='word_1_20' title='bbox 638 667 791 741; x_wconf 87' lang='lat' dir='ltr'><strong>Ling.</strong></span> <span class='ocrx_word' id='word_1_21' title='bbox 825 672 1000 737; x_wconf 83' lang='lat' dir='ltr'><strong>lalin.,</strong></span> <span class='ocrx_word' id='word_1_22' title='bbox 1031 688 1152 745; x_wconf 83' lang='lat' dir='ltr'><strong>pag.</strong></span> <span class='ocrx_word' id='word_1_23' title='bbox 1183 675 1298 748; x_wconf 74' lang='lat'><strong>35).</strong></span> <span class='ocrx_word' id='word_1_24' title='bbox 1327 678 1433 734; x_wconf 84' lang='lat' dir='ltr'><strong>Sed</strong></span> <span class='ocrx_word' id='word_1_25' title='bbox 1462 680 1703 749; x_wconf 82' lang='lat' dir='ltr'><strong>Scaliger</strong></span> <span class='ocrx_word' id='word_1_26' title='bbox 1747 682 1821 737; x_wconf 88' lang='lat' dir='ltr'><strong>ibi</strong></span> <span class='ocrx_word' id='word_1_27' title='bbox 1842 683 2071 740; x_wconf 84' lang='lat' dir='ltr'><strong>delenda</strong></span> 
     </span>
    </p>
   </div>
   <div class='ocr_carea' id='block_1_5' title="bbox 470 761 2069 840">
    <p class='ocr_par' dir='ltr' id='par_1_5' title="bbox 470 761 2069 840">
     <span class='ocr_line' id='line_1_5' title="bbox 470 761 2069 840; baseline 0.011 -26"><span class='ocrx_word' id='word_1_28' title='bbox 470 770 660 815; x_wconf 90' lang='lat' dir='ltr'><strong>censet</strong></span> <span class='ocrx_word' id='word_1_29' title='bbox 691 761 805 817; x_wconf 62' lang='lat' dir='ltr'><strong>hate</strong></span> <span class='ocrx_word' id='word_1_30' title='bbox 830 765 1018 831; x_wconf 82' lang='lat' dir='ltr'><strong>verba,</strong></span> <span class='ocrx_word' id='word_1_31' title='bbox 1053 767 1108 819; x_wconf 89' lang='lat' dir='ltr'><strong>id</strong></span> <span class='ocrx_word' id='word_1_32' title='bbox 1138 777 1230 834; x_wconf 74' lang='lat' dir='ltr'><strong>est,</strong></span> <span class='ocrx_word' id='word_1_33' title='bbox 1258 778 1310 824; x_wconf 92' lang='lat' dir='ltr'><strong>et</strong></span> <span class='ocrx_word' id='word_1_34' title='bbox 1337 772 1642 840; x_wconf 74' lang='lat' dir='ltr'><strong>postulionis</strong></span> <span class='ocrx_word' id='word_1_35' title='bbox 1686 775 1902 831; x_wconf 86' lang='lat' dir='ltr'><strong>nomine</strong></span> <span class='ocrx_word' id='word_1_36' title='bbox 1929 776 2069 831; x_wconf 86' lang='lat' dir='ltr'><strong>idem</strong></span> 
     </span>
    </p>
   </div>
   <div class='ocr_carea' id='block_1_6' title="bbox 468 856 1265 929">
    <p class='ocr_par' dir='ltr' id='par_1_6' title="bbox 468 856 1265 929">
     <span class='ocr_line' id='line_1_6' title="bbox 468 856 1265 929; baseline 0.013 -23"><span class='ocrx_word' id='word_1_37' title='bbox 468 866 535 907; x_wconf 89' lang='lat' dir='ltr'><strong>ac</strong></span> <span class='ocrx_word' id='word_1_38' title='bbox 561 856 924 922; x_wconf 70' lang='lat' dir='ltr'><strong>postulationis</strong></span> <span class='ocrx_word' id='word_1_39' title='bbox 951 858 1265 929; x_wconf 83' lang='lat' dir='ltr'><strong>signiﬁcari.</strong></span> 
     </span>
    </p>
   </div>
   <div class='ocr_carea' id='block_1_7' title="bbox 543 945 2072 1030">
    <p class='ocr_par' dir='ltr' id='par_1_7' title="bbox 543 945 2072 1030">
     <span class='ocr_line' id='line_1_7' title="bbox 543 945 2072 1030; baseline 0.012 -31"><span class='ocrx_word' id='word_1_40' title='bbox 543 945 812 1017; x_wconf 83' lang='lat' dir='ltr'><strong>Quidquid</strong></span> <span class='ocrx_word' id='word_1_41' title='bbox 836 963 995 1018; x_wconf 89' lang='lat' dir='ltr'><strong>porro</strong></span> <span class='ocrx_word' id='word_1_42' title='bbox 1028 955 1478 1021; x_wconf 83' lang='lat' dir='ltr'><strong>pronuntiaveris,</strong></span> <span class='ocrx_word' id='word_1_43' title='bbox 1518 958 1792 1014; x_wconf 84' lang='lat' dir='ltr'><strong>Arnobius</strong></span> <span class='ocrx_word' id='word_1_44' title='bbox 1833 976 1899 1015; x_wconf 81' lang='lat' dir='ltr'><strong>ex</strong></span> <span class='ocrx_word' id='word_1_45' title='bbox 1929 960 2072 1030; x_wconf 84' lang='lat' dir='ltr'><strong>ejus-</strong></span> 
     </span>
    </p>
   </div>
   <div class='ocr_carea' id='block_1_8' title="bbox 470 1035 2066 1121">
    <p class='ocr_par' dir='ltr' id='par_1_8' title="bbox 470 1035 2066 1121">
     <span class='ocr_line' id='line_1_8' title="bbox 470 1035 2066 1121; baseline 0.011 -30"><span class='ocrx_word' id='word_1_46' title='bbox 470 1036 594 1092; x_wconf 91' lang='lat' dir='ltr'><strong>dem</strong></span> <span class='ocrx_word' id='word_1_47' title='bbox 625 1037 907 1097; x_wconf 86' lang='lat' dir='ltr'><strong>Ciceronis</strong></span> <span class='ocrx_word' id='word_1_48' title='bbox 938 1044 1117 1100; x_wconf 82' lang='lat' dir='ltr'><strong>verbis</strong></span> <span class='ocrx_word' id='word_1_49' title='bbox 1157 1062 1219 1100; x_wconf 88' lang='lat' dir='ltr'><strong>ea</strong></span> <span class='ocrx_word' id='word_1_50' title='bbox 1268 1047 1444 1104; x_wconf 89' lang='lat' dir='ltr'><strong>adhuc</strong></span> <span class='ocrx_word' id='word_1_51' title='bbox 1492 1035 1789 1120; x_wconf 84' lang='lat' dir='ltr'><strong>sumpsisse</strong></span> <span class='ocrx_word' id='word_1_52' title='bbox 1836 1054 2066 1121; x_wconf 91' lang='lat' dir='ltr'><strong>videtur,</strong></span> 
     </span>
    </p>
   </div>
   <div class='ocr_carea' id='block_1_9' title="bbox 474 1129 2068 1218">
    <p class='ocr_par' dir='ltr' id='par_1_9' title="bbox 474 1129 2068 1218">
     <span class='ocr_line' id='line_1_9' title="bbox 474 1129 2068 1218; baseline 0.014 -36"><span class='ocrx_word' id='word_1_53' title='bbox 474 1144 597 1199; x_wconf 68' lang='lat' dir='ltr'><strong>qua:</strong></span> <span class='ocrx_word' id='word_1_54' title='bbox 626 1129 696 1187; x_wconf 91' lang='lat' dir='ltr'><strong>de</strong></span> <span class='ocrx_word' id='word_1_55' title='bbox 721 1131 950 1189; x_wconf 89' lang='lat' dir='ltr'><strong>aliorum</strong></span> <span class='ocrx_word' id='word_1_56' title='bbox 994 1135 1267 1204; x_wconf 90' lang='lat' dir='ltr'><strong>ludorum,</strong></span> <span class='ocrx_word' id='word_1_57' title='bbox 1301 1153 1518 1209; x_wconf 91' lang='lat' dir='ltr'><strong>propter</strong></span> <span class='ocrx_word' id='word_1_58' title='bbox 1544 1158 1780 1209; x_wconf 85' lang='lat' dir='ltr'><strong>servum,</strong></span> <span class='ocrx_word' id='word_1_59' title='bbox 1826 1148 1992 1218; x_wconf 79' lang='lat' dir='ltr'><strong>virgis</strong></span> <span class='ocrx_word' id='word_1_60' title='bbox 2017 1150 2068 1204; x_wconf 92' lang='lat' dir='ltr'><strong>in</strong></span> 
     </span>
    </p>
   </div>
   <div class='ocr_carea' id='block_1_10' title="bbox 468 1220 2069 1308">
    <p class='ocr_par' dir='ltr' id='par_1_10' title="bbox 468 1220 2069 1308">
     <span class='ocr_line' id='line_1_10' title="bbox 468 1220 2069 1308; baseline 0.014 -33"><span class='ocrx_word' id='word_1_61' title='bbox 468 1220 618 1277; x_wconf 89' lang='lat' dir='ltr'><strong>circo</strong></span> <span class='ocrx_word' id='word_1_62' title='bbox 665 1240 866 1281; x_wconf 64' lang='lat' dir='ltr'><strong>caesum</strong></span> <span class='ocrx_word' id='word_1_63' title='bbox 900 1238 957 1282; x_wconf 90' lang='lat' dir='ltr'><strong>et</strong></span> <span class='ocrx_word' id='word_1_64' title='bbox 984 1240 1252 1296; x_wconf 75' lang='lat' dir='ltr'><strong>necatum,</strong></span> <span class='ocrx_word' id='word_1_65' title='bbox 1286 1234 1677 1293; x_wconf 88' lang='lat' dir='ltr'><strong>instauratione</strong></span> <span class='ocrx_word' id='word_1_66' title='bbox 1706 1248 1890 1308; x_wconf 90' lang='lat' dir='ltr'><strong>postea</strong></span> <span class='ocrx_word' id='word_1_67' title='bbox 1918 1252 2069 1298; x_wconf 90' lang='lat' dir='ltr'><strong>retu-</strong></span> 
     </span>
    </p>
   </div>
   <div class='ocr_carea' id='block_1_11' title="bbox 469 1312 2068 1398">
    <p class='ocr_par' dir='ltr' id='par_1_11' title="bbox 469 1312 2068 1398">
     <span class='ocr_line' id='line_1_11' title="bbox 469 1312 2068 1398; baseline 0.015 -31"><span class='ocrx_word' id='word_1_68' title='bbox 469 1312 533 1368; x_wconf 92' lang='lat' dir='ltr'><strong>lit</strong></span> <span class='ocrx_word' id='word_1_69' title='bbox 559 1312 799 1387; x_wconf 84' lang='lat' dir='ltr'><strong>(Arnob.,</strong></span> <span class='ocrx_word' id='word_1_70' title='bbox 828 1319 916 1374; x_wconf 85' lang='lat' dir='ltr'><strong>lib.</strong></span> <span class='ocrx_word' id='word_1_71' title='bbox 948 1337 1040 1388; x_wconf 89' lang='lat' dir='ltr'><strong>vn,</strong></span> <span class='ocrx_word' id='word_1_72' title='bbox 1076 1340 1195 1395; x_wconf 87' lang='lat' dir='ltr'><strong><em>pag.</em></strong></span> <span class='ocrx_word' id='word_1_73' title='bbox 1224 1325 1376 1398; x_wconf 66' lang='lat'><strong>254).</strong></span> <span class='ocrx_word' id='word_1_74' title='bbox 1413 1327 1521 1384; x_wconf 87' lang='lat' dir='ltr'><strong>Sed</strong></span> <span class='ocrx_word' id='word_1_75' title='bbox 1553 1329 1670 1387; x_wconf 62' lang='lat' dir='ltr'><strong>haec</strong></span> <span class='ocrx_word' id='word_1_76' title='bbox 1698 1331 1836 1388; x_wconf 89' lang='lat' dir='ltr'><strong>infra</strong></span> <span class='ocrx_word' id='word_1_77' title='bbox 1857 1350 1887 1388; x_wconf 89' lang='lat' dir='ltr'><strong>a</strong></span> <span class='ocrx_word' id='word_1_78' title='bbox 1910 1336 2068 1391; x_wconf 91' lang='lat' dir='ltr'><strong>nobis</strong></span> 
     </span>
    </p>
   </div>
   <div class='ocr_carea' id='block_1_12' title="bbox 468 1407 1355 1475">
    <p class='ocr_par' dir='ltr' id='par_1_12' title="bbox 468 1407 1355 1475">
     <span class='ocr_line' id='line_1_12' title="bbox 468 1407 1355 1475; baseline 0.015 -17"><span class='ocrx_word' id='word_1_79' title='bbox 468 1407 666 1475; x_wconf 89' lang='lat' dir='ltr'><strong>aptiori</strong></span> <span class='ocrx_word' id='word_1_80' title='bbox 695 1409 818 1464; x_wconf 92' lang='lat' dir='ltr'><strong>loco</strong></span> <span class='ocrx_word' id='word_1_81' title='bbox 846 1415 1179 1470; x_wconf 90' lang='lat' dir='ltr'><strong>enucleanda</strong></span> <span class='ocrx_word' id='word_1_82' title='bbox 1211 1429 1355 1472; x_wconf 89' lang='lat' dir='ltr'><strong>sunt.</strong></span> 
     </span>
    </p>
   </div>
   <div class='ocr_carea' id='block_1_13' title="bbox 544 1496 2068 1589">
    <p class='ocr_par' dir='ltr' id='par_1_13' title="bbox 544 1496 2068 1589">
     <span class='ocr_line' id='line_1_13' title="bbox 544 1496 2068 1589; baseline 0.015 -37"><span class='ocrx_word' id='word_1_83' title='bbox 544 1496 813 1556; x_wconf 74' lang='lat' dir='ltr'><strong>Czeterum</strong></span> <span class='ocrx_word' id='word_1_84' title='bbox 856 1518 963 1572; x_wconf 93' lang='lat' dir='ltr'><strong>quo</strong></span> <span class='ocrx_word' id='word_1_85' title='bbox 998 1506 1191 1576; x_wconf 84' lang='lat' dir='ltr'><strong>majori</strong></span> <span class='ocrx_word' id='word_1_86' title='bbox 1223 1510 1369 1564; x_wconf 92' lang='lat' dir='ltr'><strong>cultu</strong></span> <span class='ocrx_word' id='word_1_87' title='bbox 1398 1522 1453 1567; x_wconf 88' lang='lat' dir='ltr'><strong>et</strong></span> <span class='ocrx_word' id='word_1_88' title='bbox 1479 1513 1740 1584; x_wconf 78' lang='lat' dir='ltr'><strong>religione</strong></span> <span class='ocrx_word' id='word_1_89' title='bbox 1763 1516 1841 1583; x_wconf 95' lang='lat' dir='ltr'><strong>hi,</strong></span> <span class='ocrx_word' id='word_1_90' title='bbox 1870 1517 2068 1589; x_wconf 85' lang='lat' dir='ltr'><strong>aliique</strong></span> 
     </span>
    </p>
   </div>
   <div class='ocr_carea' id='block_1_14' title="bbox 470 1593 2068 1677">
    <p class='ocr_par' dir='ltr' id='par_1_14' title="bbox 470 1593 2068 1677">
     <span class='ocr_line' id='line_1_14' title="bbox 470 1593 2068 1677; baseline 0.016 -32"><span class='ocrx_word' id='word_1_91' title='bbox 470 1593 682 1662; x_wconf 80' lang='lat' dir='ltr'><strong>praefati</strong></span> <span class='ocrx_word' id='word_1_92' title='bbox 713 1597 983 1654; x_wconf 89' lang='lat' dir='ltr'><strong>solemnes</strong></span> <span class='ocrx_word' id='word_1_93' title='bbox 1016 1600 1145 1663; x_wconf 88' lang='lat' dir='ltr'><strong>ludi,</strong></span> <span class='ocrx_word' id='word_1_94' title='bbox 1175 1603 1244 1658; x_wconf 89' lang='lat' dir='ltr'><strong>ab</strong></span> <span class='ocrx_word' id='word_1_95' title='bbox 1274 1604 1502 1662; x_wconf 88' lang='lat' dir='ltr'><strong>ethnicis</strong></span> <span class='ocrx_word' id='word_1_96' title='bbox 1543 1609 1974 1677; x_wconf 89' lang='lat' dir='ltr'><strong>celebrabantur,</strong></span> <span class='ocrx_word' id='word_1_97' title='bbox 2003 1628 2068 1669; x_wconf 89' lang='lat' dir='ltr'><strong>eo</strong></span> 
     </span>
    </p>
   </div>
   <div class='ocr_carea' id='block_1_15' title="bbox 469 1686 2067 1768">
    <p class='ocr_par' dir='ltr' id='par_1_15' title="bbox 469 1686 2067 1768">
     <span class='ocr_line' id='line_1_15' title="bbox 469 1686 2067 1768; baseline 0.014 -29"><span class='ocrx_word' id='word_1_98' title='bbox 469 1686 775 1743; x_wconf 82' lang='lat' dir='ltr'><strong>evidentius</strong></span> <span class='ocrx_word' id='word_1_99' title='bbox 800 1691 927 1746; x_wconf 89' lang='lat' dir='ltr'><strong>inde</strong></span> <span class='ocrx_word' id='word_1_100' title='bbox 953 1695 1261 1750; x_wconf 89' lang='lat' dir='ltr'><strong>ostenditur</strong></span> <span class='ocrx_word' id='word_1_101' title='bbox 1288 1697 1440 1765; x_wconf 85' lang='lat' dir='ltr'><strong>deos,</strong></span> <span class='ocrx_word' id='word_1_102' title='bbox 1467 1702 1556 1768; x_wconf 88' lang='lat' dir='ltr'><strong>qui</strong></span> <span class='ocrx_word' id='word_1_103' title='bbox 1587 1702 1640 1756; x_wconf 92' lang='lat' dir='ltr'><strong>in</strong></span> <span class='ocrx_word' id='word_1_104' title='bbox 1683 1703 1787 1758; x_wconf 91' lang='lat' dir='ltr'><strong>illis</strong></span> <span class='ocrx_word' id='word_1_105' title='bbox 1810 1706 2067 1761; x_wconf 87' lang='lat' dir='ltr'><strong>coleban-</strong></span> 
     </span>
    </p>
   </div>
   <div class='ocr_carea' id='block_1_16' title="bbox 468 1780 2067 1868">
    <p class='ocr_par' dir='ltr' id='par_1_16' title="bbox 468 1780 2067 1868">
     <span class='ocr_line' id='line_1_16' title="bbox 468 1780 2067 1868; baseline 0.014 -35"><span class='ocrx_word' id='word_1_106' title='bbox 468 1790 578 1847; x_wconf 88' lang='lat' dir='ltr'><strong>tur,</strong></span> <span class='ocrx_word' id='word_1_107' title='bbox 608 1780 773 1837; x_wconf 85' lang='lat' dir='ltr'><strong>falsos</strong></span> <span class='ocrx_word' id='word_1_108' title='bbox 793 1798 915 1839; x_wconf 90' lang='lat' dir='ltr'><strong>esse</strong></span> <span class='ocrx_word' id='word_1_109' title='bbox 940 1795 996 1841; x_wconf 92' lang='lat' dir='ltr'><strong>et</strong></span> <span class='ocrx_word' id='word_1_110' title='bbox 1023 1792 1443 1853; x_wconf 84' lang='lat' dir='ltr'><strong>commentitios.</strong></span> <span class='ocrx_word' id='word_1_111' title='bbox 1461 1808 1525 1849; x_wconf 88' lang='lat' dir='ltr'><strong>ac</strong></span> <span class='ocrx_word' id='word_1_112' title='bbox 1544 1794 1891 1865; x_wconf 82' lang='lat' dir='ltr'><strong>depravatum</strong></span> <span class='ocrx_word' id='word_1_113' title='bbox 1914 1815 2067 1868; x_wconf 88' lang='lat' dir='ltr'><strong>pror-</strong></span> 
     </span>
    </p>
   </div>
   <div class='ocr_carea' id='block_1_17' title="bbox 467 1878 2065 1963">
    <p class='ocr_par' dir='ltr' id='par_1_17' title="bbox 467 1878 2065 1963">
     <span class='ocr_line' id='line_1_17' title="bbox 467 1878 2065 1963; baseline 0.014 -37"><span class='ocrx_word' id='word_1_114' title='bbox 467 1888 563 1927; x_wconf 86' lang='lat' dir='ltr'><strong>sus</strong></span> <span class='ocrx_word' id='word_1_115' title='bbox 583 1882 637 1928; x_wconf 89' lang='lat' dir='ltr'><strong>et</strong></span> <span class='ocrx_word' id='word_1_116' title='bbox 656 1886 964 1945; x_wconf 85' lang='lat' dir='ltr'><strong>corruptam</strong></span> <span class='ocrx_word' id='word_1_117' title='bbox 988 1878 1155 1935; x_wconf 90' lang='lat' dir='ltr'><strong>fuisse</strong></span> <span class='ocrx_word' id='word_1_118' title='bbox 1184 1884 1498 1940; x_wconf 90' lang='lat' dir='ltr'><strong>eorutndem</strong></span> <span class='ocrx_word' id='word_1_119' title='bbox 1540 1887 1820 1955; x_wconf 76' lang='lat' dir='ltr'><strong>gentilium</strong></span> <span class='ocrx_word' id='word_1_120' title='bbox 1849 1891 2065 1963; x_wconf 85' lang='lat' dir='ltr'><strong>religio-</strong></span> 
     </span>
    </p>
   </div>
   <div class='ocr_carea' id='block_1_18' title="bbox 464 1968 2065 2052">
    <p class='ocr_par' dir='ltr' id='par_1_18' title="bbox 464 1968 2065 2052">
     <span class='ocr_line' id='line_1_18' title="bbox 464 1968 2065 2052; baseline 0.013 -30"><span class='ocrx_word' id='word_1_121' title='bbox 464 1983 614 2025; x_wconf 90' lang='lat' dir='ltr'><strong>nem.</strong></span> <span class='ocrx_word' id='word_1_122' title='bbox 638 1968 772 2024; x_wconf 83' lang='lat' dir='ltr'><strong>Nam</strong></span> <span class='ocrx_word' id='word_1_123' title='bbox 821 1972 874 2025; x_wconf 90' lang='lat' dir='ltr'><strong>in</strong></span> <span class='ocrx_word' id='word_1_124' title='bbox 926 1971 1077 2028; x_wconf 88' lang='lat' dir='ltr'><strong>hisce</strong></span> <span class='ocrx_word' id='word_1_125' title='bbox 1125 1975 1265 2030; x_wconf 90' lang='lat' dir='ltr'><strong>ludis</strong></span> <span class='ocrx_word' id='word_1_126' title='bbox 1307 1991 1501 2046; x_wconf 84' lang='lat' dir='ltr'><strong>praeter</strong></span> <span class='ocrx_word' id='word_1_127' title='bbox 1530 1982 1631 2035; x_wconf 89' lang='lat' dir='ltr'><strong>alia</strong></span> <span class='ocrx_word' id='word_1_128' title='bbox 1679 1984 1931 2052; x_wconf 89' lang='lat' dir='ltr'><strong>plurima,</strong></span> <span class='ocrx_word' id='word_1_129' title='bbox 1962 1987 2065 2043; x_wconf 88' lang='lat' dir='ltr'><strong>diis</strong></span> 
     </span>
    </p>
   </div>
   <div class='ocr_carea' id='block_1_19' title="bbox 464 2059 2065 2143">
    <p class='ocr_par' dir='ltr' id='par_1_19' title="bbox 464 2059 2065 2143">
     <span class='ocr_line' id='line_1_19' title="bbox 464 2059 2065 2143; baseline 0.013 -31"><span class='ocrx_word' id='word_1_130' title='bbox 464 2059 627 2128; x_wconf 90' lang='lat' dir='ltr'><strong>plane</strong></span> <span class='ocrx_word' id='word_1_131' title='bbox 652 2061 890 2131; x_wconf 84' lang='lat' dir='ltr'><strong>indigna,</strong></span> <span class='ocrx_word' id='word_1_132' title='bbox 921 2064 1222 2131; x_wconf 84' lang='lat' dir='ltr'><strong>agebantur</strong></span> <span class='ocrx_word' id='word_1_133' title='bbox 1248 2071 1528 2139; x_wconf 62' lang='lat' dir='ltr'><strong>tragoedia:</strong></span> <span class='ocrx_word' id='word_1_134' title='bbox 1568 2073 1837 2143; x_wconf 87' lang='lat' dir='ltr'><strong>crudeles,</strong></span> <span class='ocrx_word' id='word_1_135' title='bbox 1868 2085 1925 2131; x_wconf 93' lang='lat' dir='ltr'><strong>et</strong></span> <span class='ocrx_word' id='word_1_136' title='bbox 1955 2087 2065 2132; x_wconf 91' lang='lat' dir='ltr'><strong>tur-</strong></span> 
     </span>
    </p>
   </div>
   <div class='ocr_carea' id='block_1_20' title="bbox 462 2155 2065 2230">
    <p class='ocr_par' dir='ltr' id='par_1_20' title="bbox 462 2155 2065 2230">
     <span class='ocr_line' id='line_1_20' title="bbox 462 2155 2065 2230; baseline 0.012 -23"><span class='ocrx_word' id='word_1_137' title='bbox 462 2168 564 2222; x_wconf 87' lang='lat' dir='ltr'><strong>pes</strong></span> <span class='ocrx_word' id='word_1_138' title='bbox 586 2155 888 2223; x_wconf 67' lang='lat' dir='ltr'><strong>comoediae,</strong></span> <span class='ocrx_word' id='word_1_139' title='bbox 917 2157 986 2213; x_wconf 90' lang='lat' dir='ltr'><strong>de</strong></span> <span class='ocrx_word' id='word_1_140' title='bbox 1009 2160 1205 2228; x_wconf 85' lang='lat' dir='ltr'><strong>quibus</strong></span> <span class='ocrx_word' id='word_1_141' title='bbox 1237 2162 1395 2230; x_wconf 86' lang='lat' dir='ltr'><strong>paulo</strong></span> <span class='ocrx_word' id='word_1_142' title='bbox 1431 2174 1555 2220; x_wconf 88' lang='lat' dir='ltr'><strong>ante</strong></span> <span class='ocrx_word' id='word_1_143' title='bbox 1583 2166 1956 2228; x_wconf 81' lang='lat' dir='ltr'><strong>disseruimus.</strong></span> <span class='ocrx_word' id='word_1_144' title='bbox 1981 2176 2065 2230; x_wconf 87' lang='lat' dir='ltr'><strong>Ah</strong></span> 
     </span>
    </p>
   </div>
   <div class='ocr_carea' id='block_1_21' title="bbox 465 2245 2064 2336">
    <p class='ocr_par' dir='ltr' id='par_1_21' title="bbox 465 2245 2064 2336">
     <span class='ocr_line' id='line_1_21' title="bbox 465 2245 2064 2336; baseline 0.015 -39"><span class='ocrx_word' id='word_1_145' title='bbox 465 2245 711 2301; x_wconf 77' lang='lat' dir='ltr'><strong>Arnobio</strong></span> <span class='ocrx_word' id='word_1_146' title='bbox 737 2258 918 2302; x_wconf 89' lang='lat' dir='ltr'><strong>autetn</strong></span> <span class='ocrx_word' id='word_1_147' title='bbox 942 2261 1131 2306; x_wconf 90' lang='lat' dir='ltr'><strong>nostro</strong></span> <span class='ocrx_word' id='word_1_148' title='bbox 1161 2257 1477 2311; x_wconf 84' lang='lat' dir='ltr'><strong>nominatim</strong></span> <span class='ocrx_word' id='word_1_149' title='bbox 1526 2259 1831 2319; x_wconf 90' lang='lat' dir='ltr'><strong>indicantur</strong></span> <span class='ocrx_word' id='word_1_150' title='bbox 1855 2264 2064 2336; x_wconf 87' lang='lat' dir='ltr'><strong>Sophu-</strong></span> 
     </span>
    </p>
   </div>
   <div class='ocr_carea' id='block_1_22' title="bbox 464 2338 2063 2421">
    <p class='ocr_par' dir='ltr' id='par_1_22' title="bbox 464 2338 2063 2421">
     <span class='ocr_line' id='line_1_22' title="bbox 464 2338 2063 2421; baseline 0.015 -30"><span class='ocrx_word' id='word_1_151' title='bbox 464 2338 568 2393; x_wconf 91' lang='lat' dir='ltr'><strong>clis</strong></span> <span class='ocrx_word' id='word_1_152' title='bbox 617 2339 943 2409; x_wconf 61' lang='lat' dir='ltr'><strong>Trachinia,</strong></span> <span class='ocrx_word' id='word_1_153' title='bbox 994 2345 1256 2404; x_wconf 88' lang='lat' dir='ltr'><strong>Hercules</strong></span> <span class='ocrx_word' id='word_1_154' title='bbox 1296 2351 1591 2421; x_wconf 86' lang='lat' dir='ltr'><strong>Euripidis,</strong></span> <span class='ocrx_word' id='word_1_155' title='bbox 1637 2366 1693 2410; x_wconf 88' lang='lat' dir='ltr'><strong>et</strong></span> <span class='ocrx_word' id='word_1_156' title='bbox 1730 2357 1904 2413; x_wconf 88' lang='lat' dir='ltr'><strong>Plauti</strong></span> <span class='ocrx_word' id='word_1_157' title='bbox 1933 2362 2063 2415; x_wconf 84' lang='lat' dir='ltr'><strong>Am-</strong></span> 
     </span>
    </p>
   </div>
   <div class='ocr_carea' id='block_1_23' title="bbox 462 2429 2064 2520">
    <p class='ocr_par' dir='ltr' id='par_1_23' title="bbox 462 2429 2064 2520">
     <span class='ocr_line' id='line_1_23' title="bbox 462 2429 2064 2520; baseline 0.017 -37"><span class='ocrx_word' id='word_1_158' title='bbox 462 2429 684 2503; x_wconf 87' lang='lat' dir='ltr'><strong>phitryo</strong></span> <span class='ocrx_word' id='word_1_159' title='bbox 716 2432 905 2505; x_wconf 86' lang='lat' dir='ltr'><strong>(lbid.,</strong></span> <span class='ocrx_word' id='word_1_160' title='bbox 958 2455 1082 2509; x_wconf 85' lang='lat' dir='ltr'><strong>pag.</strong></span> <span class='ocrx_word' id='word_1_161' title='bbox 1132 2439 1238 2496; x_wconf 73' lang='lat'><strong>258</strong></span> <span class='ocrx_word' id='word_1_162' title='bbox 1268 2452 1314 2497; x_wconf 83' lang='lat' dir='ltr'><strong>et</strong></span> <span class='ocrx_word' id='word_1_163' title='bbox 1339 2444 1541 2517; x_wconf 76' lang='lat' dir='ltr'><strong>seqq.);</strong></span> <span class='ocrx_word' id='word_1_164' title='bbox 1585 2464 1703 2517; x_wconf 72' lang='lat' dir='ltr'><strong>qum</strong></span> <span class='ocrx_word' id='word_1_165' title='bbox 1727 2450 1942 2520; x_wconf 89' lang='lat' dir='ltr'><strong>quidem</strong></span> <span class='ocrx_word' id='word_1_166' title='bbox 1971 2469 2064 2509; x_wconf 90' lang='lat' dir='ltr'><strong>co-</strong></span> 
     </span>
    </p>
   </div>
   <div class='ocr_carea' id='block_1_24' title="bbox 463 2524 2064 2605">
    <p class='ocr_par' dir='ltr' id='par_1_24' title="bbox 463 2524 2064 2605">
     <span class='ocr_line' id='line_1_24' title="bbox 463 2524 2064 2605; baseline 0.015 -28"><span class='ocrx_word' id='word_1_167' title='bbox 463 2524 699 2591; x_wconf 69' lang='lat' dir='ltr'><strong>moedias,</strong></span> <span class='ocrx_word' id='word_1_168' title='bbox 724 2526 866 2583; x_wconf 85' lang='lat' dir='ltr'><strong>haud</strong></span> <span class='ocrx_word' id='word_1_169' title='bbox 888 2532 1057 2586; x_wconf 90' lang='lat' dir='ltr'><strong>semel</strong></span> <span class='ocrx_word' id='word_1_170' title='bbox 1083 2534 1224 2605; x_wconf 85' lang='lat' dir='ltr'><strong>typis</strong></span> <span class='ocrx_word' id='word_1_171' title='bbox 1253 2535 1433 2604; x_wconf 71' lang='lat' dir='ltr'><strong>editte,</strong></span> <span class='ocrx_word' id='word_1_172' title='bbox 1463 2538 1518 2592; x_wconf 92' lang='lat' dir='ltr'><strong>in</strong></span> <span class='ocrx_word' id='word_1_173' title='bbox 1545 2542 1787 2596; x_wconf 91' lang='lat' dir='ltr'><strong>omnium</strong></span> <span class='ocrx_word' id='word_1_174' title='bbox 1817 2546 2064 2601; x_wconf 87' lang='lat' dir='ltr'><strong>manibus</strong></span> 
     </span>
    </p>
   </div>
   <div class='ocr_carea' id='block_1_25' title="bbox 462 2618 2060 2698">
    <p class='ocr_par' dir='ltr' id='par_1_25' title="bbox 462 2618 2060 2698">
     <span class='ocr_line' id='line_1_25' title="bbox 462 2618 2060 2698; baseline 0.015 -30"><span class='ocrx_word' id='word_1_175' title='bbox 462 2627 769 2673; x_wconf 82' lang='lat' dir='ltr'><strong>versantur.</strong></span> <span class='ocrx_word' id='word_1_176' title='bbox 802 2618 918 2675; x_wconf 83' lang='lat' dir='ltr'><strong>Huc</strong></span> <span class='ocrx_word' id='word_1_177' title='bbox 952 2624 1180 2687; x_wconf 88' lang='lat' dir='ltr'><strong>accedit,</strong></span> <span class='ocrx_word' id='word_1_178' title='bbox 1211 2627 1352 2695; x_wconf 84' lang='lat' dir='ltr'><strong>quod</strong></span> <span class='ocrx_word' id='word_1_179' title='bbox 1383 2640 1614 2698; x_wconf 88' lang='lat' dir='ltr'><strong>quatuor</strong></span> <span class='ocrx_word' id='word_1_180' title='bbox 1644 2634 1924 2690; x_wconf 72' lang='lat' dir='ltr'><strong>comtediae</strong></span> <span class='ocrx_word' id='word_1_181' title='bbox 1956 2636 2060 2692; x_wconf 88' lang='lat' dir='ltr'><strong>Te-</strong></span> 
     </span>
    </p>
   </div>
   <div class='ocr_carea' id='block_1_26' title="bbox 461 2710 2061 2799">
    <p class='ocr_par' dir='ltr' id='par_1_26' title="bbox 461 2710 2061 2799">
     <span class='ocr_line' id='line_1_26' title="bbox 461 2710 2061 2799; baseline 0.014 -34"><span class='ocrx_word' id='word_1_182' title='bbox 461 2710 624 2783; x_wconf 80' lang='lat' dir='ltr'><strong>rentii</strong></span> <span class='ocrx_word' id='word_1_183' title='bbox 650 2722 906 2769; x_wconf 85' lang='lat' dir='ltr'><strong>notentur</strong></span> <span class='ocrx_word' id='word_1_184' title='bbox 931 2726 1067 2770; x_wconf 70' lang='lat' dir='ltr'><strong>actae</strong></span> <span class='ocrx_word' id='word_1_185' title='bbox 1097 2716 1181 2772; x_wconf 92' lang='lat' dir='ltr'><strong>his</strong></span> <span class='ocrx_word' id='word_1_186' title='bbox 1208 2719 1361 2789; x_wconf 89' lang='lat' dir='ltr'><strong>ipsis,</strong></span> <span class='ocrx_word' id='word_1_187' title='bbox 1389 2738 1527 2792; x_wconf 90' lang='lat' dir='ltr'><strong>quos</strong></span> <span class='ocrx_word' id='word_1_188' title='bbox 1554 2726 1930 2799; x_wconf 85' lang='lat' dir='ltr'><strong>explicuimus,</strong></span> <span class='ocrx_word' id='word_1_189' title='bbox 1955 2730 2061 2788; x_wconf 84' lang='lat' dir='ltr'><strong>Me-</strong></span> 
     </span>
    </p>
   </div>
   <div class='ocr_carea' id='block_1_27' title="bbox 462 2804 2062 2890">
    <p class='ocr_par' dir='ltr' id='par_1_27' title="bbox 462 2804 2062 2890">
     <span class='ocr_line' id='line_1_27' title="bbox 462 2804 2062 2890; baseline 0.018 -37"><span class='ocrx_word' id='word_1_190' title='bbox 462 2804 774 2871; x_wconf 76' lang='lat' dir='ltr'><strong>galensibus</strong></span> <span class='ocrx_word' id='word_1_191' title='bbox 814 2806 976 2862; x_wconf 90' lang='lat' dir='ltr'><strong>ludis.</strong></span> <span class='ocrx_word' id='word_1_192' title='bbox 1010 2809 1144 2877; x_wconf 85' lang='lat' dir='ltr'><strong>Quis</strong></span> <span class='ocrx_word' id='word_1_193' title='bbox 1174 2822 1353 2868; x_wconf 84' lang='lat' dir='ltr'><strong>autern</strong></span> <span class='ocrx_word' id='word_1_194' title='bbox 1402 2818 1573 2872; x_wconf 90' lang='lat' dir='ltr'><strong>nescit</strong></span> <span class='ocrx_word' id='word_1_195' title='bbox 1619 2830 1877 2890; x_wconf 89' lang='lat' dir='ltr'><strong>quantum</strong></span> <span class='ocrx_word' id='word_1_196' title='bbox 1906 2824 1956 2878; x_wconf 92' lang='lat' dir='ltr'><strong>iu</strong></span> <span class='ocrx_word' id='word_1_197' title='bbox 1985 2826 2062 2881; x_wconf 87' lang='lat' dir='ltr'><strong>eis</strong></span> 
     </span>
    </p>
   </div>
   <div class='ocr_carea' id='block_1_28' title="bbox 460 2897 2060 2982">
    <p class='ocr_par' dir='ltr' id='par_1_28' title="bbox 460 2897 2060 2982">
     <span class='ocr_line' id='line_1_28' title="bbox 460 2897 2060 2982; baseline 0.014 -31"><span class='ocrx_word' id='word_1_198' title='bbox 460 2897 590 2953; x_wconf 80' lang='lat' dir='ltr'><strong>laesa</strong></span> <span class='ocrx_word' id='word_1_199' title='bbox 613 2900 877 2971; x_wconf 88' lang='lat' dir='ltr'><strong>irrisaque</strong></span> <span class='ocrx_word' id='word_1_200' title='bbox 900 2902 1081 2970; x_wconf 85' lang='lat' dir='ltr'><strong>fuerit,</strong></span> <span class='ocrx_word' id='word_1_201' title='bbox 1114 2906 1160 2960; x_wconf 91' lang='lat' dir='ltr'><strong>si</strong></span> <span class='ocrx_word' id='word_1_202' title='bbox 1198 2908 1286 2976; x_wconf 94' lang='lat' dir='ltr'><strong>qui</strong></span> <span class='ocrx_word' id='word_1_203' title='bbox 1319 2925 1438 2967; x_wconf 91' lang='lat' dir='ltr'><strong>esse</strong></span> <span class='ocrx_word' id='word_1_204' title='bbox 1488 2914 1810 2982; x_wconf 84' lang='lat' dir='ltr'><strong>potuissent,</strong></span> <span class='ocrx_word' id='word_1_205' title='bbox 1838 2916 2060 2974; x_wconf 87' lang='lat' dir='ltr'><strong>deorum</strong></span> 
     </span>
    </p>
   </div>
   <div class='ocr_carea' id='block_1_29' title="bbox 460 2991 755 3059">
    <p class='ocr_par' dir='ltr' id='par_1_29' title="bbox 460 2991 755 3059">
     <span class='ocr_line' id='line_1_29' title="bbox 460 2991 755 3059; baseline 0.01 -16"><span class='ocrx_word' id='word_1_206' title='bbox 460 2991 755 3059; x_wconf 84' lang='lat' dir='ltr'><strong>majestas?</strong></span> 
     </span>
    </p>
   </div>
   <div class='ocr_carea' id='block_1_30' title="bbox 535 3081 2061 3160">
    <p class='ocr_par' dir='ltr' id='par_1_30' title="bbox 535 3081 2061 3160">
     <span class='ocr_line' id='line_1_30' title="bbox 535 3081 2061 3160; baseline 0.016 -25"><span class='ocrx_word' id='word_1_207' title='bbox 535 3081 699 3137; x_wconf 84' lang='lat' dir='ltr'><strong>Addit</strong></span> <span class='ocrx_word' id='word_1_208' title='bbox 728 3094 987 3152; x_wconf 81' lang='lat' dir='ltr'><strong>praeterea</strong></span> <span class='ocrx_word' id='word_1_209' title='bbox 1010 3100 1196 3146; x_wconf 86' lang='lat' dir='ltr'><strong>auctor</strong></span> <span class='ocrx_word' id='word_1_210' title='bbox 1241 3104 1426 3149; x_wconf 85' lang='lat' dir='ltr'><strong>noster</strong></span> <span class='ocrx_word' id='word_1_211' title='bbox 1472 3107 1622 3154; x_wconf 86' lang='lat' dir='ltr'><strong>actas</strong></span> <span class='ocrx_word' id='word_1_212' title='bbox 1675 3100 1850 3156; x_wconf 84' lang='lat' dir='ltr'><strong>adhuc</strong></span> <span class='ocrx_word' id='word_1_213' title='bbox 1895 3103 2061 3160; x_wconf 85' lang='lat' dir='ltr'><strong>fuisse</strong></span> 
     </span>
    </p>
   </div>
   <div class='ocr_carea' id='block_1_31' title="bbox 460 3172 2131 3252">
    <p class='ocr_par' dir='ltr' id='par_1_31' title="bbox 460 3172 2131 3252">
     <span class='ocr_line' id='line_1_31' title="bbox 460 3172 2131 3252; baseline 0.014 -28"><span class='ocrx_word' id='word_1_214' title='bbox 460 3172 692 3241; x_wconf 88' lang='lat' dir='ltr'><strong>publicis</strong></span> <span class='ocrx_word' id='word_1_215' title='bbox 734 3177 786 3230; x_wconf 92' lang='lat' dir='ltr'><strong>in</strong></span> <span class='ocrx_word' id='word_1_216' title='bbox 844 3177 985 3233; x_wconf 87' lang='lat' dir='ltr'><strong>ludis</strong></span> <span class='ocrx_word' id='word_1_217' title='bbox 1026 3183 1321 3251; x_wconf 76' lang='lat' dir='ltr'><strong>Atellanus,</strong></span> <span class='ocrx_word' id='word_1_218' title='bbox 1369 3190 1661 3246; x_wconf 66' lang='lat' dir='ltr'><strong>comoedias</strong></span> <span class='ocrx_word' id='word_1_219' title='bbox 1713 3209 1807 3248; x_wconf 82' lang='lat' dir='ltr'><strong>seu</strong></span> <span class='ocrx_word' id='word_1_220' title='bbox 1853 3196 2058 3252; x_wconf 86' lang='lat' dir='ltr'><strong>fabulas</strong></span> <span class='ocrx_word' id='word_1_221' title='bbox 2088 3185 2131 3248; x_wconf 84' lang='lat' dir='ltr'>C</span> 
     </span>
    </p>
   </div>
   <div class='ocr_carea' id='block_1_32' title="bbox 461 3264 2058 3359">
    <p class='ocr_par' dir='ltr' id='par_1_32' title="bbox 461 3264 2058 3359">
     <span class='ocr_line' id='line_1_32' title="bbox 461 3264 2058 3359; baseline 0.017 -43"><span class='ocrx_word' id='word_1_222' title='bbox 461 3264 656 3333; x_wconf 84' lang='lat' dir='ltr'><strong>(lbid.,</strong></span> <span class='ocrx_word' id='word_1_223' title='bbox 688 3284 808 3338; x_wconf 78' lang='lat' dir='ltr'><strong>pag.</strong></span> <span class='ocrx_word' id='word_1_224' title='bbox 849 3270 1004 3343; x_wconf 70' lang='grc'><strong>259).</strong></span> <span class='ocrx_word' id='word_1_225' title='bbox 1039 3274 1187 3330; x_wconf 88' lang='lat' dir='ltr'><strong>Scire</strong></span> <span class='ocrx_word' id='word_1_226' title='bbox 1216 3288 1392 3333; x_wconf 87' lang='lat' dir='ltr'><strong>autem</strong></span> <span class='ocrx_word' id='word_1_227' title='bbox 1422 3283 1466 3334; x_wconf 89' lang='lat' dir='ltr'><strong>si</strong></span> <span class='ocrx_word' id='word_1_228' title='bbox 1506 3283 1659 3349; x_wconf 81' lang='lat' dir='ltr'><strong>velis,</strong></span> <span class='ocrx_word' id='word_1_229' title='bbox 1698 3301 1834 3359; x_wconf 69' lang='lat' dir='ltr'><strong>quin,</strong></span> <span class='ocrx_word' id='word_1_230' title='bbox 1879 3298 1936 3341; x_wconf 91' lang='lat' dir='ltr'><strong>et</strong></span> <span class='ocrx_word' id='word_1_231' title='bbox 1963 3304 2058 3345; x_wconf 91' lang='lat' dir='ltr'><strong>cur</strong></span> 
     </span>
    </p>
   </div>
   <div class='ocr_carea' id='block_1_33' title="bbox 461 3357 2055 3444">
    <p class='ocr_par' dir='ltr' id='par_1_33' title="bbox 461 3357 2055 3444">
     <span class='ocr_line' id='line_1_33' title="bbox 461 3357 2055 3444; baseline 0.016 -34"><span class='ocrx_word' id='word_1_232' title='bbox 461 3357 541 3411; x_wconf 90' lang='lat' dir='ltr'><strong>sic</strong></span> <span class='ocrx_word' id='word_1_233' title='bbox 573 3364 966 3433; x_wconf 72' lang='lat' dir='ltr'><strong>cognominatae</strong></span> <span class='ocrx_word' id='word_1_234' title='bbox 997 3366 1125 3431; x_wconf 86' lang='lat' dir='ltr'><strong>sint,</strong></span> <span class='ocrx_word' id='word_1_235' title='bbox 1157 3369 1314 3425; x_wconf 78' lang='lat' dir='ltr'><strong>facile</strong></span> <span class='ocrx_word' id='word_1_236' title='bbox 1346 3373 1612 3444; x_wconf 77' lang='lat' dir='ltr'><strong>intelliges</strong></span> <span class='ocrx_word' id='word_1_237' title='bbox 1649 3392 1711 3430; x_wconf 79' lang='lat' dir='ltr'><strong>ex</strong></span> <span class='ocrx_word' id='word_1_238' title='bbox 1745 3357 1893 3432; x_wconf 85' lang='lat' dir='ltr'><strong>hisce</strong></span> <span class='ocrx_word' id='word_1_239' title='bbox 1921 3380 2055 3436; x_wconf 86' lang='lat' dir='ltr'><strong>Livii</strong></span> 
     </span>
    </p>
   </div>
   <div class='ocr_carea' id='block_1_34' title="bbox 460 3451 2052 3541">
    <p class='ocr_par' dir='ltr' id='par_1_34' title="bbox 460 3451 2052 3541">
     <span class='ocr_line' id='line_1_34' title="bbox 460 3451 2052 3541; baseline 0.013 -36"><span class='ocrx_word' id='word_1_240' title='bbox 460 3451 641 3507; x_wconf 87' lang='lat' dir='ltr'><strong>verbis</strong></span> <span class='ocrx_word' id='word_1_241' title='bbox 672 3472 684 3506; x_wconf 94' lang='lat'><strong>:</strong></span> <span class='ocrx_word' id='word_1_242' title='bbox 722 3473 739 3504; x_wconf 77' lang='grc' dir='ltr'>ι</span> <span class='ocrx_word' id='word_1_243' title='bbox 778 3456 927 3521; x_wconf 84' lang='lat' dir='ltr'><strong>Quod</strong></span> <span class='ocrx_word' id='word_1_244' title='bbox 955 3475 1127 3528; x_wconf 86' lang='lat' dir='ltr'><strong>genus</strong></span> <span class='ocrx_word' id='word_1_245' title='bbox 1158 3462 1400 3519; x_wconf 87' lang='lat' dir='ltr'><strong>ludorum</strong></span> <span class='ocrx_word' id='word_1_246' title='bbox 1449 3466 1515 3519; x_wconf 87' lang='lat' dir='ltr'><strong>ab</strong></span> <span class='ocrx_word' id='word_1_247' title='bbox 1561 3466 1712 3523; x_wconf 83' lang='lat' dir='ltr'><strong>Oscis</strong></span> <span class='ocrx_word' id='word_1_248' title='bbox 1751 3483 2052 3541; x_wconf 88' lang='lat' dir='ltr'><strong>acceptum,</strong></span> 
     </span>
    </p>
   </div>
   <div class='ocr_carea' id='block_1_35' title="bbox 459 3545 2050 3633">
    <p class='ocr_par' dir='ltr' id='par_1_35' title="bbox 459 3545 2050 3633">
     <span class='ocr_line' id='line_1_35' title="bbox 459 3545 2050 3633; baseline 0.013 -35"><span class='ocrx_word' id='word_1_249' title='bbox 459 3545 637 3600; x_wconf 91' lang='lat' dir='ltr'><strong>tenuit</strong></span> <span class='ocrx_word' id='word_1_250' title='bbox 658 3546 935 3616; x_wconf 81' lang='lat' dir='ltr'><strong>juventus,</strong></span> <span class='ocrx_word' id='word_1_251' title='bbox 967 3567 1069 3606; x_wconf 91' lang='lat' dir='ltr'><strong>nec</strong></span> <span class='ocrx_word' id='word_1_252' title='bbox 1090 3553 1159 3609; x_wconf 91' lang='lat' dir='ltr'><strong>ab</strong></span> <span class='ocrx_word' id='word_1_253' title='bbox 1191 3555 1544 3613; x_wconf 81' lang='lat' dir='ltr'><strong>histrionibus</strong></span> <span class='ocrx_word' id='word_1_254' title='bbox 1574 3563 1733 3628; x_wconf 87' lang='lat' dir='ltr'><strong>pollui</strong></span> <span class='ocrx_word' id='word_1_255' title='bbox 1768 3580 1922 3633; x_wconf 80' lang='lat' dir='ltr'><strong>passa</strong></span> <span class='ocrx_word' id='word_1_256' title='bbox 1950 3578 2050 3621; x_wconf 90' lang='lat' dir='ltr'><strong>est.</strong></span> 
     </span>
    </p>
   </div>
   <div class='ocr_carea' id='block_1_36' title="bbox 459 3638 2054 3719">
    <p class='ocr_par' dir='ltr' id='par_1_36' title="bbox 459 3638 2054 3719">
     <span class='ocr_line' id='line_1_36' title="bbox 459 3638 2054 3719; baseline 0.014 -28"><span class='ocrx_word' id='word_1_257' title='bbox 459 3638 537 3692; x_wconf 66' lang='lat' dir='ltr'><strong>lio</strong></span> <span class='ocrx_word' id='word_1_258' title='bbox 579 3639 876 3695; x_wconf 85' lang='lat' dir='ltr'><strong>institutum</strong></span> <span class='ocrx_word' id='word_1_259' title='bbox 932 3655 1130 3713; x_wconf 75' lang='lat' dir='ltr'><strong>manet,</strong></span> <span class='ocrx_word' id='word_1_260' title='bbox 1176 3657 1233 3700; x_wconf 90' lang='lat' dir='ltr'><strong>ut</strong></span> <span class='ocrx_word' id='word_1_261' title='bbox 1273 3657 1484 3704; x_wconf 84' lang='lat' dir='ltr'><strong>actores</strong></span> <span class='ocrx_word' id='word_1_262' title='bbox 1531 3654 1924 3719; x_wconf 73' lang='lat' dir='ltr'><strong>Atellanarum,</strong></span> <span class='ocrx_word' id='word_1_263' title='bbox 1956 3674 2054 3712; x_wconf 89' lang='lat' dir='ltr'><strong>nec</strong></span> 
     </span>
    </p>
   </div>
   <div class='ocr_carea' id='block_1_37' title="bbox 458 3732 2051 3820">
    <p class='ocr_par' dir='ltr' id='par_1_37' title="bbox 458 3732 2051 3820">
     <span class='ocr_line' id='line_1_37' title="bbox 458 3732 2051 3820; baseline 0.014 -35"><span class='ocrx_word' id='word_1_264' title='bbox 458 3732 599 3786; x_wconf 90' lang='lat' dir='ltr'><strong>tribu</strong></span> <span class='ocrx_word' id='word_1_265' title='bbox 629 3746 972 3804; x_wconf 84' lang='lat' dir='ltr'><strong>moveantur,</strong></span> <span class='ocrx_word' id='word_1_266' title='bbox 1000 3751 1054 3793; x_wconf 90' lang='lat' dir='ltr'><strong>et</strong></span> <span class='ocrx_word' id='word_1_267' title='bbox 1080 3741 1345 3809; x_wconf 87' lang='lat' dir='ltr'><strong>stipendia</strong></span> <span class='ocrx_word' id='word_1_268' title='bbox 1390 3755 1660 3817; x_wconf 87' lang='lat' dir='ltr'><strong>tamquam</strong></span> <span class='ocrx_word' id='word_1_269' title='bbox 1686 3762 1938 3820; x_wconf 72' lang='lat' dir='ltr'><strong>expertes</strong></span> <span class='ocrx_word' id='word_1_270' title='bbox 1967 3753 2051 3807; x_wconf 86' lang='lat' dir='ltr'><strong>lti-</strong></span> 
     </span>
    </p>
   </div>
   <div class='ocr_carea' id='block_1_38' title="bbox 455 3823 2051 3913">
    <p class='ocr_par' dir='ltr' id='par_1_38' title="bbox 455 3823 2051 3913">
     <span class='ocr_line' id='line_1_38' title="bbox 455 3823 2051 3913; baseline 0.014 -36"><span class='ocrx_word' id='word_1_271' title='bbox 455 3823 624 3879; x_wconf 61' lang='lat' dir='ltr'><strong>dicraz</strong></span> <span class='ocrx_word' id='word_1_272' title='bbox 680 3827 815 3880; x_wconf 91' lang='lat' dir='ltr'><strong>artis</strong></span> <span class='ocrx_word' id='word_1_273' title='bbox 859 3827 1058 3885; x_wconf 87' lang='lat' dir='ltr'><strong>faciant</strong></span> <span class='ocrx_word' id='word_1_274' title='bbox 1091 3852 1109 3884; x_wconf 77' lang='grc' dir='ltr'><strong><em>ι</em></strong></span> <span class='ocrx_word' id='word_1_275' title='bbox 1147 3831 1313 3902; x_wconf 82' lang='lat' dir='ltr'><strong>(Liv.,</strong></span> <span class='ocrx_word' id='word_1_276' title='bbox 1366 3837 1454 3890; x_wconf 86' lang='lat' dir='ltr'><strong>lib.</strong></span> <span class='ocrx_word' id='word_1_277' title='bbox 1493 3854 1586 3907; x_wconf 84' lang='lat' dir='ltr'><strong>vit,</strong></span> <span class='ocrx_word' id='word_1_278' title='bbox 1615 3856 1731 3913; x_wconf 83' lang='lat' dir='ltr'><strong>cap.</strong></span> <span class='ocrx_word' id='word_1_279' title='bbox 1767 3844 1846 3913; x_wconf 77' lang='lat'><strong>‘2).</strong></span> <span class='ocrx_word' id='word_1_280' title='bbox 1879 3845 2051 3900; x_wconf 81' lang='lat' dir='ltr'><strong>Atella</strong></span> 
     </span>
    </p>
   </div>
   <div class='ocr_carea' id='block_1_39' title="bbox 453 3915 2051 3999">
    <p class='ocr_par' dir='ltr' id='par_1_39' title="bbox 453 3915 2051 3999">
     <span class='ocr_line' id='line_1_39' title="bbox 453 3915 2051 3999; baseline 0.015 -28"><span class='ocrx_word' id='word_1_281' title='bbox 453 3931 585 3972; x_wconf 86' lang='lat' dir='ltr'><strong>vero</strong></span> <span class='ocrx_word' id='word_1_282' title='bbox 630 3915 942 3989; x_wconf 74' lang='lat' dir='ltr'><strong>Campania:</strong></span> <span class='ocrx_word' id='word_1_283' title='bbox 988 3925 1245 3993; x_wconf 90' lang='lat' dir='ltr'><strong>oppidum</strong></span> <span class='ocrx_word' id='word_1_284' title='bbox 1296 3945 1438 3985; x_wconf 91' lang='lat' dir='ltr'><strong>nunc</strong></span> <span class='ocrx_word' id='word_1_285' title='bbox 1480 3932 1721 3999; x_wconf 84' lang='lat' dir='ltr'><strong>Aversa;</strong></span> <span class='ocrx_word' id='word_1_286' title='bbox 1769 3936 1891 3991; x_wconf 89' lang='lat' dir='ltr'><strong>Osci</strong></span> <span class='ocrx_word' id='word_1_287' title='bbox 1922 3954 2051 3995; x_wconf 86' lang='lat' dir='ltr'><strong>vero</strong></span> 
     </span>
    </p>
   </div>
   <div class='ocr_carea' id='block_1_40' title="bbox 452 4011 2049 4102">
    <p class='ocr_par' dir='ltr' id='par_1_40' title="bbox 452 4011 2049 4102">
     <span class='ocr_line' id='line_1_40' title="bbox 452 4011 2049 4102; baseline 0.015 -37"><span class='ocrx_word' id='word_1_288' title='bbox 452 4019 613 4066; x_wconf 89' lang='lat' dir='ltr'><strong>erant</strong></span> <span class='ocrx_word' id='word_1_289' title='bbox 632 4011 944 4083; x_wconf 61' lang='lat' dir='ltr'><strong>Campaniae</strong></span> <span class='ocrx_word' id='word_1_290' title='bbox 965 4020 1173 4088; x_wconf 91' lang='lat' dir='ltr'><strong>p0puli,</strong></span> <span class='ocrx_word' id='word_1_291' title='bbox 1196 4023 1286 4091; x_wconf 91' lang='lat' dir='ltr'><strong>qui</strong></span> <span class='ocrx_word' id='word_1_292' title='bbox 1318 4025 1579 4095; x_wconf 85' lang='lat' dir='ltr'><strong>turpibus,</strong></span> <span class='ocrx_word' id='word_1_293' title='bbox 1616 4031 2049 4102; x_wconf 85' lang='lat' dir='ltr'><strong>quandoquidem</strong></span> 
     </span>
    </p>
   </div>
   <div class='ocr_carea' id='block_1_41' title="bbox 452 4106 2049 4187">
    <p class='ocr_par' dir='ltr' id='par_1_41' title="bbox 452 4106 2049 4187">
     <span class='ocr_line' id='line_1_41' title="bbox 452 4106 2049 4187; baseline 0.017 -30"><span class='ocrx_word' id='word_1_294' title='bbox 452 4106 632 4163; x_wconf 90' lang='lat' dir='ltr'><strong>verbis</strong></span> <span class='ocrx_word' id='word_1_295' title='bbox 658 4122 802 4178; x_wconf 66' lang='lat' dir='ltr'><strong>saape</strong></span> <span class='ocrx_word' id='word_1_296' title='bbox 825 4113 1023 4180; x_wconf 83' lang='lat' dir='ltr'><strong>saepius</strong></span> <span class='ocrx_word' id='word_1_297' title='bbox 1044 4113 1427 4187; x_wconf 89' lang='lat' dir='ltr'><strong>abutebantur,</strong></span> <span class='ocrx_word' id='word_1_298' title='bbox 1464 4120 1609 4187; x_wconf 91' lang='lat' dir='ltr'><strong>inde,</strong></span> <span class='ocrx_word' id='word_1_299' title='bbox 1633 4140 1830 4180; x_wconf 88' lang='lat' dir='ltr'><strong>nomen</strong></span> <span class='ocrx_word' id='word_1_300' title='bbox 1860 4127 2049 4183; x_wconf 71' lang='lat' dir='ltr'><strong>obscae-</strong></span> 
     </span>
    </p>
   </div>
   <div class='ocr_carea' id='block_1_42' title="bbox 450 4202 2046 4287">
    <p class='ocr_par' dir='ltr' id='par_1_42' title="bbox 450 4202 2046 4287">
     <span class='ocr_line' id='line_1_42' title="bbox 450 4202 2046 4287; baseline 0.018 -36"><span class='ocrx_word' id='word_1_301' title='bbox 450 4214 596 4264; x_wconf 87' lang='lat' dir='ltr'><strong>num,</strong></span> <span class='ocrx_word' id='word_1_302' title='bbox 623 4202 691 4257; x_wconf 89' lang='lat' dir='ltr'><strong>ad</strong></span> <span class='ocrx_word' id='word_1_303' title='bbox 714 4220 829 4259; x_wconf 89' lang='lat' dir='ltr'><strong>rem</strong></span> <span class='ocrx_word' id='word_1_304' title='bbox 874 4206 1109 4276; x_wconf 89' lang='lat' dir='ltr'><strong>aliquam</strong></span> <span class='ocrx_word' id='word_1_305' title='bbox 1137 4217 1350 4278; x_wconf 88' lang='lat' dir='ltr'><strong>turpem</strong></span> <span class='ocrx_word' id='word_1_306' title='bbox 1379 4214 1808 4287; x_wconf 87' lang='lat' dir='ltr'><strong>signiﬁcandam,</strong></span> <span class='ocrx_word' id='word_1_307' title='bbox 1834 4214 2046 4279; x_wconf 86' lang='lat' dir='ltr'><strong>deriva—</strong></span> 
     </span>
    </p>
   </div>
   <div class='ocr_carea' id='block_1_43' title="bbox 450 4296 2043 4383">
    <p class='ocr_par' dir='ltr' id='par_1_43' title="bbox 450 4296 2043 4383">
     <span class='ocr_line' id='line_1_43' title="bbox 450 4296 2043 4383; baseline 0.016 -38"><span class='ocrx_word' id='word_1_308' title='bbox 450 4300 564 4347; x_wconf 88' lang='lat' dir='ltr'><strong>tum</strong></span> <span class='ocrx_word' id='word_1_309' title='bbox 607 4303 711 4349; x_wconf 83' lang='lat' dir='ltr'><strong>est.</strong></span> <span class='ocrx_word' id='word_1_310' title='bbox 742 4296 945 4352; x_wconf 86' lang='lat' dir='ltr'><strong>Eorum</strong></span> <span class='ocrx_word' id='word_1_311' title='bbox 976 4299 1153 4370; x_wconf 85' lang='lat' dir='ltr'><strong>itaque</strong></span> <span class='ocrx_word' id='word_1_312' title='bbox 1190 4305 1473 4360; x_wconf 72' lang='lat' dir='ltr'><strong>comm-dite</strong></span> <span class='ocrx_word' id='word_1_313' title='bbox 1517 4308 1743 4365; x_wconf 79' lang='lat' dir='ltr'><strong>Romam</strong></span> <span class='ocrx_word' id='word_1_314' title='bbox 1774 4313 2043 4383; x_wconf 82' lang='lat' dir='ltr'><strong>adductae,</strong></span> 
     </span>
    </p>
   </div>
   <div class='ocr_carea' id='block_1_44' title="bbox 450 4388 2046 4469">
    <p class='ocr_par' dir='ltr' id='par_1_44' title="bbox 450 4388 2046 4469">
     <span class='ocr_line' id='line_1_44' title="bbox 450 4388 2046 4469; baseline 0.016 -31"><span class='ocrx_word' id='word_1_315' title='bbox 450 4388 708 4454; x_wconf 85' lang='lat' dir='ltr'><strong>quoniam</strong></span> <span class='ocrx_word' id='word_1_316' title='bbox 742 4391 1011 4459; x_wconf 86' lang='lat' dir='ltr'><strong>turpiores</strong></span> <span class='ocrx_word' id='word_1_317' title='bbox 1039 4405 1213 4462; x_wconf 88' lang='lat' dir='ltr'><strong>erant,</strong></span> <span class='ocrx_word' id='word_1_318' title='bbox 1242 4396 1507 4464; x_wconf 81' lang='lat' dir='ltr'><strong>Romana,</strong></span> <span class='ocrx_word' id='word_1_319' title='bbox 1550 4403 1660 4469; x_wconf 85' lang='lat' dir='ltr'><strong>vel,</strong></span> <span class='ocrx_word' id='word_1_320' title='bbox 1696 4414 1753 4458; x_wconf 93' lang='lat' dir='ltr'><strong>ut</strong></span> <span class='ocrx_word' id='word_1_321' title='bbox 1781 4407 1857 4460; x_wconf 89' lang='lat' dir='ltr'><strong>ait</strong></span> <span class='ocrx_word' id='word_1_322' title='bbox 1886 4407 2046 4463; x_wconf 86' lang='lat' dir='ltr'><strong>Vale-</strong></span> 
     </span>
    </p>
   </div>
   <div class='ocr_carea' id='block_1_45' title="bbox 452 4479 2046 4566">
    <p class='ocr_par' dir='ltr' id='par_1_45' title="bbox 452 4479 2046 4566">
     <span class='ocr_line' id='line_1_45' title="bbox 452 4479 2046 4566; baseline 0.016 -35"><span class='ocrx_word' id='word_1_323' title='bbox 452 4479 562 4533; x_wconf 86' lang='lat' dir='ltr'><strong>rius</strong></span> <span class='ocrx_word' id='word_1_324' title='bbox 617 4480 907 4549; x_wconf 78' lang='lat' dir='ltr'><strong>Maximus,</strong></span> <span class='ocrx_word' id='word_1_325' title='bbox 971 4487 1147 4543; x_wconf 79' lang='lat' dir='ltr'><strong>italico</strong></span> <span class='ocrx_word' id='word_1_326' title='bbox 1204 4494 1496 4549; x_wconf 82' lang='lat' dir='ltr'><strong>severitate</strong></span> <span class='ocrx_word' id='word_1_327' title='bbox 1554 4504 1867 4566; x_wconf 86' lang='lat' dir='ltr'><strong>temperatae</strong></span> <span class='ocrx_word' id='word_1_328' title='bbox 1921 4512 2046 4558; x_wconf 91' lang='lat' dir='ltr'><strong>sunt</strong></span> 
     </span>
    </p>
   </div>
   <div class='ocr_carea' id='block_1_46' title="bbox 450 4570 2124 4655">
    <p class='ocr_par' dir='ltr' id='par_1_46' title="bbox 450 4570 2124 4655">
     <span class='ocr_line' id='line_1_46' title="bbox 450 4570 2124 4655; baseline 0.016 -31"><span class='ocrx_word' id='word_1_329' title='bbox 450 4570 599 4643; x_wconf 86' lang='lat' dir='ltr'><strong>(Val.</strong></span> <span class='ocrx_word' id='word_1_330' title='bbox 626 4572 798 4642; x_wconf 53' lang='lat' dir='ltr'><strong>Man,</strong></span> <span class='ocrx_word' id='word_1_331' title='bbox 835 4576 926 4631; x_wconf 86' lang='lat' dir='ltr'><strong>lib.</strong></span> <span class='ocrx_word' id='word_1_332' title='bbox 955 4594 1012 4643; x_wconf 85' lang='grc' dir='ltr'><strong>ιι,</strong></span> <span class='ocrx_word' id='word_1_333' title='bbox 1038 4597 1156 4650; x_wconf 86' lang='lat' dir='ltr'><strong>cap.</strong></span> <span class='ocrx_word' id='word_1_334' title='bbox 1186 4584 1240 4646; x_wconf 75' lang='grc'><strong>4,</strong></span> <span class='ocrx_word' id='word_1_335' title='bbox 1278 4584 1305 4655; x_wconf 66' lang='grc' dir='ltr'><strong>ς</strong></span> <span class='ocrx_word' id='word_1_336' title='bbox 1337 4586 1415 4654; x_wconf 73' lang='grc'><strong>4).</strong></span> <span class='ocrx_word' id='word_1_337' title='bbox 1468 4586 1708 4644; x_wconf 90' lang='lat' dir='ltr'><strong>Donatus</strong></span> <span class='ocrx_word' id='word_1_338' title='bbox 1753 4607 1882 4645; x_wconf 90' lang='lat' dir='ltr'><strong>vero</strong></span> <span class='ocrx_word' id='word_1_339' title='bbox 1925 4594 2043 4650; x_wconf 89' lang='lat' dir='ltr'><strong>illa-</strong></span> <span class='ocrx_word' id='word_1_340' title='bbox 2071 4572 2124 4633; x_wconf 78' lang='lat' dir='ltr'><strong>D</strong></span> 
     </span>
    </p>
   </div>
   <div class='ocr_carea' id='block_1_47' title="bbox 446 4665 2037 4743">
    <p class='ocr_par' dir='ltr' id='par_1_47' title="bbox 446 4665 2037 4743">
     <span class='ocr_line' id='line_1_47' title="bbox 446 4665 2037 4743; baseline 0.014 -24"><span class='ocrx_word' id='word_1_341' title='bbox 446 4679 566 4719; x_wconf 89' lang='lat' dir='ltr'><strong>rum</strong></span> <span class='ocrx_word' id='word_1_342' title='bbox 582 4665 988 4737; x_wconf 79' lang='lat' dir='ltr'><strong>obscceuitates,</strong></span> <span class='ocrx_word' id='word_1_343' title='bbox 1009 4672 1090 4726; x_wconf 91' lang='lat' dir='ltr'><strong>his</strong></span> <span class='ocrx_word' id='word_1_344' title='bbox 1107 4676 1288 4730; x_wconf 89' lang='lat' dir='ltr'><strong>verbis</strong></span> <span class='ocrx_word' id='word_1_345' title='bbox 1310 4692 1571 4733; x_wconf 83' lang='lat' dir='ltr'><strong>excusare</strong></span> <span class='ocrx_word' id='word_1_346' title='bbox 1598 4679 1794 4737; x_wconf 90' lang='lat' dir='ltr'><strong>frustra</strong></span> <span class='ocrx_word' id='word_1_347' title='bbox 1819 4684 2004 4740; x_wconf 84' lang='lat' dir='ltr'><strong>nititur</strong></span> <span class='ocrx_word' id='word_1_348' title='bbox 2024 4707 2037 4743; x_wconf 89' lang='lat'><strong>:</strong></span> 
     </span>
    </p>
   </div>
   <div class='ocr_carea' id='block_1_48' title="bbox 452 4758 2039 4846">
    <p class='ocr_par' dir='ltr' id='par_1_48' title="bbox 452 4758 2039 4846">
     <span class='ocr_line' id='line_1_48' title="bbox 452 4758 2039 4846; baseline 0.02 -39"><span class='ocrx_word' id='word_1_349' title='bbox 452 4775 470 4807; x_wconf 85' lang='grc'><strong><em>‹</em></strong></span> <span class='ocrx_word' id='word_1_350' title='bbox 508 4758 773 4814; x_wconf 64' lang='lat' dir='ltr'><strong>Atellana:</strong></span> <span class='ocrx_word' id='word_1_351' title='bbox 822 4762 1026 4820; x_wconf 89' lang='lat' dir='ltr'><strong>salibus</strong></span> <span class='ocrx_word' id='word_1_352' title='bbox 1074 4774 1129 4822; x_wconf 92' lang='lat' dir='ltr'><strong>et</strong></span> <span class='ocrx_word' id='word_1_353' title='bbox 1174 4767 1315 4837; x_wconf 85' lang='lat' dir='ltr'><strong>jocis</strong></span> <span class='ocrx_word' id='word_1_354' title='bbox 1368 4774 1703 4843; x_wconf 76' lang='lat' dir='ltr'><strong>compositae,</strong></span> <span class='ocrx_word' id='word_1_355' title='bbox 1748 4793 1867 4846; x_wconf 75' lang='lat' dir='ltr'><strong>qua:</strong></span> <span class='ocrx_word' id='word_1_356' title='bbox 1901 4780 1952 4833; x_wconf 90' lang='lat' dir='ltr'><strong>in</strong></span> <span class='ocrx_word' id='word_1_357' title='bbox 1979 4774 2039 4838; x_wconf 86' lang='lat' dir='ltr'><strong>se</strong></span> 
     </span>
    </p>
   </div>
   <div class='ocr_carea' id='block_1_49' title="bbox 443 4850 2036 4934">
    <p class='ocr_par' dir='ltr' id='par_1_49' title="bbox 443 4850 2036 4934">
     <span class='ocr_line' id='line_1_49' title="bbox 443 4850 2036 4934; baseline 0.016 -31"><span class='ocrx_word' id='word_1_358' title='bbox 443 4862 553 4905; x_wconf 89' lang='lat' dir='ltr'><strong>non</strong></span> <span class='ocrx_word' id='word_1_359' title='bbox 582 4850 805 4918; x_wconf 88' lang='lat' dir='ltr'><strong>habent,</strong></span> <span class='ocrx_word' id='word_1_360' title='bbox 835 4855 939 4910; x_wconf 85' lang='lat' dir='ltr'><strong>nisi</strong></span> <span class='ocrx_word' id='word_1_361' title='bbox 968 4870 1249 4915; x_wconf 86' lang='lat' dir='ltr'><strong>venustam</strong></span> <span class='ocrx_word' id='word_1_362' title='bbox 1267 4863 1609 4934; x_wconf 86' lang='lat' dir='ltr'><strong>elegantiam.</strong></span> <span class='ocrx_word' id='word_1_363' title='bbox 1649 4887 1667 4919; x_wconf 75' lang='grc' dir='ltr'><strong><em>ι</em></strong></span> <span class='ocrx_word' id='word_1_364' title='bbox 1700 4867 1833 4924; x_wconf 79' lang='lat' dir='ltr'><strong>Nam</strong></span> <span class='ocrx_word' id='word_1_365' title='bbox 1857 4872 2036 4928; x_wconf 81' lang='lat' dir='ltr'><strong>Arno-</strong></span> 
     </span>
    </p>
   </div>
   <div class='ocr_carea' id='block_1_50' title="bbox 443 4943 2039 5027">
    <p class='ocr_par' dir='ltr' id='par_1_50' title="bbox 443 4943 2039 5027">
     <span class='ocr_line' id='line_1_50' title="bbox 443 4943 2039 5027; baseline 0.018 -32"><span class='ocrx_word' id='word_1_366' title='bbox 443 4943 565 4998; x_wconf 85' lang='lat' dir='ltr'><strong>bius</strong></span> <span class='ocrx_word' id='word_1_367' title='bbox 588 4946 781 5001; x_wconf 90' lang='lat' dir='ltr'><strong>merito</strong></span> <span class='ocrx_word' id='word_1_368' title='bbox 806 4949 1086 5004; x_wconf 88' lang='lat' dir='ltr'><strong>contendit</strong></span> <span class='ocrx_word' id='word_1_369' title='bbox 1111 4952 1460 5017; x_wconf 81' lang='lat' dir='ltr'><strong>bas&#39;fabulas</strong></span> <span class='ocrx_word' id='word_1_370' title='bbox 1503 4968 1558 5013; x_wconf 89' lang='lat' dir='ltr'><strong>et</strong></span> <span class='ocrx_word' id='word_1_371' title='bbox 1596 4962 1891 5019; x_wconf 69' lang='lat' dir='ltr'><strong>coma-dias</strong></span> <span class='ocrx_word' id='word_1_372' title='bbox 1918 4966 2039 5027; x_wconf 89' lang='lat' dir='ltr'><strong>aliis</strong></span> 
     </span>
    </p>
   </div>
   <div class='ocr_carea' id='block_1_51' title="bbox 440 5037 2037 5125">
    <p class='ocr_par' dir='ltr' id='par_1_51' title="bbox 440 5037 2037 5125">
     <span class='ocr_line' id='line_1_51' title="bbox 440 5037 2037 5125; baseline 0.016 -36"><span class='ocrx_word' id='word_1_373' title='bbox 440 5049 542 5089; x_wconf 92' lang='lat' dir='ltr'><strong>nec</strong></span> <span class='ocrx_word' id='word_1_374' title='bbox 563 5037 824 5093; x_wconf 91' lang='lat' dir='ltr'><strong>castiores</strong></span> <span class='ocrx_word' id='word_1_375' title='bbox 854 5054 999 5106; x_wconf 88' lang='lat' dir='ltr'><strong>esse,</strong></span> <span class='ocrx_word' id='word_1_376' title='bbox 1043 5058 1144 5099; x_wconf 92' lang='lat' dir='ltr'><strong>nec</strong></span> <span class='ocrx_word' id='word_1_377' title='bbox 1177 5044 1537 5125; x_wconf 74' lang='lat' dir='ltr'><strong>honestiores,</strong></span> <span class='ocrx_word' id='word_1_378' title='bbox 1570 5068 1744 5123; x_wconf 88' lang='lat' dir='ltr'><strong>neque</strong></span> <span class='ocrx_word' id='word_1_379' title='bbox 1770 5055 1904 5112; x_wconf 91' lang='lat' dir='ltr'><strong>deos</strong></span> <span class='ocrx_word' id='word_1_380' title='bbox 1936 5060 2037 5115; x_wconf 83' lang='lat' dir='ltr'><strong>titi-</strong></span> 
     </span>
    </p>
   </div>
   <div class='ocr_carea' id='block_1_52' title="bbox 438 5129 1609 5205">
    <p class='ocr_par' dir='ltr' id='par_1_52' title="bbox 438 5129 1609 5205">
     <span class='ocr_line' id='line_1_52' title="bbox 438 5129 1609 5205; baseline 0.015 -24"><span class='ocrx_word' id='word_1_381' title='bbox 438 5144 541 5183; x_wconf 90' lang='lat' dir='ltr'><strong>nus</strong></span> <span class='ocrx_word' id='word_1_382' title='bbox 562 5129 781 5200; x_wconf 90' lang='lat' dir='ltr'><strong>indigne</strong></span> <span class='ocrx_word' id='word_1_383' title='bbox 810 5132 863 5185; x_wconf 92' lang='lat' dir='ltr'><strong>in</strong></span> <span class='ocrx_word' id='word_1_384' title='bbox 892 5133 1018 5198; x_wconf 82' lang='lat' dir='ltr'><strong>illis,</strong></span> <span class='ocrx_word' id='word_1_385' title='bbox 1046 5152 1205 5205; x_wconf 91' lang='lat' dir='ltr'><strong>quam</strong></span> <span class='ocrx_word' id='word_1_386' title='bbox 1229 5138 1347 5197; x_wconf 90' lang='lat' dir='ltr'><strong>aliis</strong></span> <span class='ocrx_word' id='word_1_387' title='bbox 1376 5144 1609 5199; x_wconf 89' lang='lat' dir='ltr'><strong>tractari.</strong></span> 
     </span>
    </p>
   </div>
   <div class='ocr_carea' id='block_1_53' title="bbox 515 5222 2026 5314">
    <p class='ocr_par' dir='ltr' id='par_1_53' title="bbox 515 5222 2026 5314">
     <span class='ocr_line' id='line_1_53' title="bbox 515 5222 2026 5314; baseline 0.018 -40"><span class='ocrx_word' id='word_1_388' title='bbox 515 5222 859 5292; x_wconf 85' lang='lat' dir='ltr'><strong>QuaprOpter</strong></span> <span class='ocrx_word' id='word_1_389' title='bbox 890 5224 1138 5301; x_wconf 86' lang='lat' dir='ltr'><strong>ethnicos</strong></span> <span class='ocrx_word' id='word_1_390' title='bbox 1182 5230 1380 5285; x_wconf 85' lang='lat' dir='ltr'><strong>acriter</strong></span> <span class='ocrx_word' id='word_1_391' title='bbox 1408 5235 1648 5309; x_wconf 88' lang='lat' dir='ltr'><strong>corripit,</strong></span> <span class='ocrx_word' id='word_1_392' title='bbox 1697 5241 1785 5310; x_wconf 89' lang='lat' dir='ltr'><strong>qui</strong></span> <span class='ocrx_word' id='word_1_393' title='bbox 1833 5257 2026 5314; x_wconf 61' lang='lat' dir='ltr'><strong>perpev</strong></span> 
     </span>
    </p>
   </div>
   <div class='ocr_carea' id='block_1_54' title="bbox 436 5316 2032 5395">
    <p class='ocr_par' dir='ltr' id='par_1_54' title="bbox 436 5316 2032 5395">
     <span class='ocr_line' id='line_1_54' title="bbox 436 5316 2032 5395; baseline 0.015 -26"><span class='ocrx_word' id='word_1_394' title='bbox 436 5330 553 5370; x_wconf 89' lang='lat' dir='ltr'><strong>ram</strong></span> <span class='ocrx_word' id='word_1_395' title='bbox 575 5316 969 5374; x_wconf 81' lang='lat' dir='ltr'><strong>existimabant</strong></span> <span class='ocrx_word' id='word_1_396' title='bbox 998 5319 1081 5374; x_wconf 90' lang='lat' dir='ltr'><strong>his</strong></span> <span class='ocrx_word' id='word_1_397' title='bbox 1100 5322 1432 5381; x_wconf 88' lang='lat' dir='ltr'><strong>solemnibus</strong></span> <span class='ocrx_word' id='word_1_398' title='bbox 1465 5328 1624 5395; x_wconf 91' lang='lat' dir='ltr'><strong>ludis,</strong></span> <span class='ocrx_word' id='word_1_399' title='bbox 1653 5347 1716 5386; x_wconf 89' lang='lat' dir='ltr'><strong>ac</strong></span> <span class='ocrx_word' id='word_1_400' title='bbox 1751 5328 2032 5393; x_wconf 80' lang='lat' dir='ltr'><strong>comoediis</strong></span> 
     </span>
    </p>
   </div>
   <div class='ocr_carea' id='block_1_55' title="bbox 435 5409 2028 5485">
    <p class='ocr_par' dir='ltr' id='par_1_55' title="bbox 435 5409 2028 5485">
     <span class='ocr_line' id='line_1_55' title="bbox 435 5409 2028 5485; baseline 0.013 -22"><span class='ocrx_word' id='word_1_401' title='bbox 435 5409 569 5464; x_wconf 88' lang='lat' dir='ltr'><strong>deos</strong></span> <span class='ocrx_word' id='word_1_402' title='bbox 612 5410 810 5477; x_wconf 64' lang='lat' dir='ltr'><strong>laetari,</strong></span> <span class='ocrx_word' id='word_1_403' title='bbox 843 5412 1119 5482; x_wconf 85' lang='lat' dir='ltr'><strong>honorari,</strong></span> <span class='ocrx_word' id='word_1_404' title='bbox 1162 5417 1389 5485; x_wconf 85' lang='lat' dir='ltr'><strong>placari,</strong></span> <span class='ocrx_word' id='word_1_405' title='bbox 1431 5419 1564 5476; x_wconf 89' lang='lat' dir='ltr'><strong>iram</strong></span> <span class='ocrx_word' id='word_1_406' title='bbox 1606 5433 1661 5477; x_wconf 91' lang='lat' dir='ltr'><strong>et</strong></span> <span class='ocrx_word' id='word_1_407' title='bbox 1703 5426 2028 5485; x_wconf 88' lang='lat' dir='ltr'><strong>simultatem</strong></span> 
     </span>
    </p>
   </div>
   <div class='ocr_carea' id='block_1_56' title="bbox 434 5503 2029 5587">
    <p class='ocr_par' dir='ltr' id='par_1_56' title="bbox 434 5503 2029 5587">
     <span class='ocr_line' id='line_1_56' title="bbox 434 5503 2029 5587; baseline 0.011 -29"><span class='ocrx_word' id='word_1_408' title='bbox 434 5503 731 5573; x_wconf 85' lang='lat' dir='ltr'><strong>deponere,</strong></span> <span class='ocrx_word' id='word_1_409' title='bbox 762 5517 817 5560; x_wconf 89' lang='lat' dir='ltr'><strong>et</strong></span> <span class='ocrx_word' id='word_1_410' title='bbox 847 5506 1175 5576; x_wconf 78' lang='lat' dir='ltr'><strong>hominibus,</strong></span> <span class='ocrx_word' id='word_1_411' title='bbox 1224 5526 1253 5564; x_wconf 89' lang='lat' dir='ltr'><strong>a</strong></span> <span class='ocrx_word' id='word_1_412' title='bbox 1294 5512 1487 5587; x_wconf 86' lang='lat' dir='ltr'><strong>quibus</strong></span> <span class='ocrx_word' id='word_1_413' title='bbox 1516 5514 1705 5572; x_wconf 73' lang='lat' dir='ltr'><strong>oﬁensi</strong></span> <span class='ocrx_word' id='word_1_414' title='bbox 1735 5531 1909 5586; x_wconf 87' lang='lat' dir='ltr'><strong>erant,</strong></span> <span class='ocrx_word' id='word_1_415' title='bbox 1944 5536 2029 5577; x_wconf 86' lang='lat' dir='ltr'><strong>re-</strong></span> 
     </span>
    </p>
   </div>
   <div class='ocr_carea' id='block_1_57' title="bbox 433 5597 2027 5683">
    <p class='ocr_par' dir='ltr' id='par_1_57' title="bbox 433 5597 2027 5683">
     <span class='ocr_line' id='line_1_57' title="bbox 433 5597 2027 5683; baseline 0.013 -33"><span class='ocrx_word' id='word_1_416' title='bbox 433 5597 733 5653; x_wconf 88' lang='lat' dir='ltr'><strong>conciliari.</strong></span> <span class='ocrx_word' id='word_1_417' title='bbox 766 5598 882 5667; x_wconf 86' lang='lat' dir='ltr'><strong>Qua</strong></span> <span class='ocrx_word' id='word_1_418' title='bbox 905 5604 1049 5658; x_wconf 90' lang='lat' dir='ltr'><strong>enim</strong></span> <span class='ocrx_word' id='word_1_419' title='bbox 1082 5604 1154 5657; x_wconf 88' lang='lat' dir='ltr'><strong>dii</strong></span> <span class='ocrx_word' id='word_1_420' title='bbox 1177 5604 1362 5660; x_wconf 70' lang='lat' dir='ltr'><strong>ltetitia</strong></span> <span class='ocrx_word' id='word_1_421' title='bbox 1384 5607 1673 5677; x_wconf 57' lang='lat' dir='ltr'><strong>perfundi,</strong></span> <span class='ocrx_word' id='word_1_422' title='bbox 1691 5611 1920 5683; x_wconf 88' lang='lat' dir='ltr'><strong>aliisque</strong></span> <span class='ocrx_word' id='word_1_423' title='bbox 1940 5614 2027 5683; x_wconf 88' lang='lat' dir='ltr'><strong>ju-</strong></span> 
     </span>
    </p>
   </div>
   <div class='ocr_carea' id='block_1_58' title="bbox 433 5689 2025 5779">
    <p class='ocr_par' dir='ltr' id='par_1_58' title="bbox 433 5689 2025 5779">
     <span class='ocr_line' id='line_1_58' title="bbox 433 5689 2025 5779; baseline 0.016 -38"><span class='ocrx_word' id='word_1_424' title='bbox 433 5689 623 5745; x_wconf 90' lang='lat' dir='ltr'><strong>cundis</strong></span> <span class='ocrx_word' id='word_1_425' title='bbox 648 5693 880 5749; x_wconf 88' lang='lat' dir='ltr'><strong>motibus</strong></span> <span class='ocrx_word' id='word_1_426' title='bbox 900 5696 1042 5751; x_wconf 86' lang='lat' dir='ltr'><strong>afllci</strong></span> <span class='ocrx_word' id='word_1_427' title='bbox 1086 5709 1335 5768; x_wconf 88' lang='lat' dir='ltr'><strong>possunt,</strong></span> <span class='ocrx_word' id='word_1_428' title='bbox 1370 5700 1499 5756; x_wconf 81' lang='lat' dir='ltr'><strong>visis</strong></span> <span class='ocrx_word' id='word_1_429' title='bbox 1526 5714 1603 5758; x_wconf 90' lang='lat' dir='ltr'><strong>tot</strong></span> <span class='ocrx_word' id='word_1_430' title='bbox 1631 5705 1899 5779; x_wconf 87' lang='lat' dir='ltr'><strong>tantisque</strong></span> <span class='ocrx_word' id='word_1_431' title='bbox 1933 5725 2025 5765; x_wconf 88' lang='lat' dir='ltr'><strong>co-</strong></span> 
     </span>
    </p>
   </div>
   <div class='ocr_carea' id='block_1_59' title="bbox 432 5784 2019 5876">
    <p class='ocr_par' dir='ltr' id='par_1_59' title="bbox 432 5784 2019 5876">
     <span class='ocr_line' id='line_1_59' title="bbox 432 5784 2019 5876; baseline 0.014 -38"><span class='ocrx_word' id='word_1_432' title='bbox 432 5784 773 5857; x_wconf 68' lang='lat' dir='ltr'><strong>mmdiarum,</strong></span> <span class='ocrx_word' id='word_1_433' title='bbox 807 5789 883 5847; x_wconf 87' lang='lat' dir='ltr'><strong>uti</strong></span> <span class='ocrx_word' id='word_1_434' title='bbox 919 5790 1033 5861; x_wconf 81' lang='lat' dir='ltr'><strong>jam</strong></span> <span class='ocrx_word' id='word_1_435' title='bbox 1074 5794 1306 5865; x_wconf 71' lang='lat' dir='ltr'><strong>dictum,</strong></span> <span class='ocrx_word' id='word_1_436' title='bbox 1333 5806 1389 5853; x_wconf 87' lang='lat' dir='ltr'><strong>et</strong></span> <span class='ocrx_word' id='word_1_437' title='bbox 1415 5796 1589 5857; x_wconf 87' lang='lat' dir='ltr'><strong>adhuc</strong></span> <span class='ocrx_word' id='word_1_438' title='bbox 1625 5798 1761 5858; x_wconf 86' lang='lat' dir='ltr'><strong>infra</strong></span> <span class='ocrx_word' id='word_1_439' title='bbox 1791 5803 2019 5876; x_wconf 89' lang='lat' dir='ltr'><strong>dicetur,</strong></span> 
     </span>
    </p>
   </div>
   <div class='ocr_carea' id='block_1_60' title="bbox 1750 281 2511 353">
    <p class='ocr_par' dir='ltr' id='par_1_60' title="bbox 1750 281 2511 353">
     <span class='ocr_line' id='line_1_60' title="bbox 1750 281 2511 353; baseline 0.021 -16"><span class='ocrx_word' id='word_1_440' title='bbox 1750 281 2203 343; x_wconf 83' lang='lat' dir='ltr'><strong>DISSERTATIO</strong></span> <span class='ocrx_word' id='word_1_441' title='bbox 2230 287 2511 353; x_wconf 68' lang='lat' dir='ltr'><strong>PIUEVM</strong></span> 
     </span>
    </p>
   </div>
   <div class='ocr_carea' id='block_1_61' title="bbox 477 384 2154 472">
    <p class='ocr_par' dir='ltr' id='par_1_61' title="bbox 477 384 2154 472">
     <span class='ocr_line' id='line_1_61' title="bbox 477 384 2154 472; baseline 0.013 -32"><span class='ocrx_word' id='word_1_442' title='bbox 477 384 779 445; x_wconf 82' lang='lat' dir='ltr'><strong>Varronem</strong></span> <span class='ocrx_word' id='word_1_443' title='bbox 808 391 1027 446; x_wconf 90' lang='lat' dir='ltr'><strong>nomine</strong></span> <span class='ocrx_word' id='word_1_444' title='bbox 1052 395 1375 463; x_wconf 65' lang='lat' dir='ltr'><strong>postnlionis,</strong></span> <span class='ocrx_word' id='word_1_445' title='bbox 1412 398 1490 452; x_wconf 90' lang='lat' dir='ltr'><strong>sic</strong></span> <span class='ocrx_word' id='word_1_446' title='bbox 1516 399 1715 455; x_wconf 87' lang='lat' dir='ltr'><strong>alicubi</strong></span> <span class='ocrx_word' id='word_1_447' title='bbox 1740 416 1896 458; x_wconf 90' lang='lat' dir='ltr'><strong>usum</strong></span> <span class='ocrx_word' id='word_1_448' title='bbox 1923 418 2068 472; x_wconf 88' lang='lat' dir='ltr'><strong>esse,</strong></span> <span class='ocrx_word' id='word_1_449' title='bbox 2099 407 2154 471; x_wconf 74' lang='grc' dir='ltr'><strong>Α</strong></span> 
     </span>
    </p>
   </div>
   <div class='ocr_carea' id='block_1_62' title="bbox 2179 409 3710 503">
    <p class='ocr_par' dir='ltr' id='par_1_62' title="bbox 2179 409 3710 503">
     <span class='ocr_line' id='line_1_62' title="bbox 2179 409 3710 503; baseline 0.024 -39"><span class='ocrx_word' id='word_1_450' title='bbox 2179 409 2644 485; x_wconf 62' lang='lat' dir='ltr'><strong>obscaenitatibus,</strong></span> <span class='ocrx_word' id='word_1_451' title='bbox 2664 411 2867 479; x_wconf 81' lang='lat' dir='ltr'><strong>ludicra</strong></span> <span class='ocrx_word' id='word_1_452' title='bbox 2890 435 2945 482; x_wconf 87' lang='lat' dir='ltr'><strong>et</strong></span> <span class='ocrx_word' id='word_1_453' title='bbox 2962 414 3146 485; x_wconf 72' lang='lat' dir='ltr'><strong>inliimi</strong></span> <span class='ocrx_word' id='word_1_454' title='bbox 3167 434 3504 503; x_wconf 83' lang='lat' dir='ltr'><strong>personarum</strong></span> <span class='ocrx_word' id='word_1_455' title='bbox 3530 436 3710 500; x_wconf 78' lang='lat' dir='ltr'><strong>&#39;siia&#39;r&#39;um</strong></span> 
     </span>
    </p>
   </div>
   <div class='ocr_carea' id='block_1_63' title="bbox 2174 502 3713 598">
    <p class='ocr_par' dir='ltr' id='par_1_63' title="bbox 2174 502 3713 598">
     <span class='ocr_line' id='line_1_63' title="bbox 2174 502 3713 598; baseline 0.024 -41"><span class='ocrx_word' id='word_1_456' title='bbox 2174 502 2677 582; x_wconf 77' lang='lat' dir='ltr'><strong>repraesentatione,</strong></span> <span class='ocrx_word' id='word_1_457' title='bbox 2710 527 2871 586; x_wconf 88' lang='lat' dir='ltr'><strong>atque</strong></span> <span class='ocrx_word' id='word_1_458' title='bbox 2911 512 3148 593; x_wconf 77' lang='lat' dir='ltr'><strong>insuper,</strong></span> <span class='ocrx_word' id='word_1_459' title='bbox 3191 512 3614 598; x_wconf 79' lang='lat' dir='ltr'><strong>quemadmodum</strong></span> <span class='ocrx_word' id='word_1_460' title='bbox 3652 539 3713 595; x_wconf 86' lang='lat' dir='ltr'><strong>lo-</strong></span> 
     </span>
    </p>
   </div>
   <div class='ocr_carea' id='block_1_64' title="bbox 2173 595 3715 690">
    <p class='ocr_par' dir='ltr' id='par_1_64' title="bbox 2173 595 3715 690">
     <span class='ocr_line' id='line_1_64' title="bbox 2173 595 3715 690; baseline 0.025 -42"><span class='ocrx_word' id='word_1_461' title='bbox 2173 595 2361 667; x_wconf 92' lang='lat' dir='ltr'><strong>quitur</strong></span> <span class='ocrx_word' id='word_1_462' title='bbox 2390 601 2682 672; x_wconf 85' lang='lat' dir='ltr'><strong>Arnobius,</strong></span> <span class='ocrx_word' id='word_1_463' title='bbox 2717 627 2736 662; x_wconf 84' lang='grc'><strong>‹</strong></span> <span class='ocrx_word' id='word_1_464' title='bbox 2772 604 3107 683; x_wconf 88' lang='lat' dir='ltr'><strong>stupidorum</strong></span> <span class='ocrx_word' id='word_1_465' title='bbox 3156 595 3416 690; x_wconf 79' lang='lat' dir='ltr'><strong>capitibus</strong></span> <span class='ocrx_word' id='word_1_466' title='bbox 3438 624 3578 689; x_wconf 84' lang='lat' dir='ltr'><strong>rasis.</strong></span> <span class='ocrx_word' id='word_1_467' title='bbox 3604 628 3715 686; x_wconf 72' lang='lat' dir='ltr'><strong>sila-</strong></span> 
     </span>
    </p>
   </div>
   <div class='ocr_carea' id='block_1_65' title="bbox 2175 690 3713 783">
    <p class='ocr_par' dir='ltr' id='par_1_65' title="bbox 2175 690 3713 783">
     <span class='ocr_line' id='line_1_65' title="bbox 2175 690 3713 783; baseline 0.023 -41"><span class='ocrx_word' id='word_1_468' title='bbox 2175 690 2403 756; x_wconf 80' lang='lat' dir='ltr'><strong>pilarum</strong></span> <span class='ocrx_word' id='word_1_469' title='bbox 2436 698 2636 765; x_wconf 89' lang='lat' dir='ltr'><strong>sonitu,</strong></span> <span class='ocrx_word' id='word_1_470' title='bbox 2682 712 2737 756; x_wconf 89' lang='lat' dir='ltr'><strong>et</strong></span> <span class='ocrx_word' id='word_1_471' title='bbox 2790 702 3116 764; x_wconf 87' lang='lat' dir='ltr'><strong>fascinorum</strong></span> <span class='ocrx_word' id='word_1_472' title='bbox 3164 712 3450 783; x_wconf 84' lang='lat' dir='ltr'><strong>ingentium</strong></span> <span class='ocrx_word' id='word_1_473' title='bbox 3489 720 3659 776; x_wconf 79' lang='lat' dir='ltr'><strong>rubore</strong></span> <span class='ocrx_word' id='word_1_474' title='bbox 3698 743 3713 776; x_wconf 76' lang='grc' dir='ltr'><strong>ι</strong></span> 
     </span>
    </p>
   </div>
   <div class='ocr_carea' id='block_1_66' title="bbox 2176 782 3718 872">
    <p class='ocr_par' dir='ltr' id='par_1_66' title="bbox 2176 782 3718 872">
     <span class='ocr_line' id='line_1_66' title="bbox 2176 782 3718 872; baseline 0.025 -39"><span class='ocrx_word' id='word_1_475' title='bbox 2176 782 2416 854; x_wconf 81' lang='lat' dir='ltr'><strong>(Arnob.,</strong></span> <span class='ocrx_word' id='word_1_476' title='bbox 2446 790 2535 846; x_wconf 80' lang='lat' dir='ltr'><strong>lib.</strong></span> <span class='ocrx_word' id='word_1_477' title='bbox 2578 808 2673 859; x_wconf 78' lang='lat' dir='ltr'><strong>Vit,</strong></span> <span class='ocrx_word' id='word_1_478' title='bbox 2702 813 2822 868; x_wconf 80' lang='lat' dir='ltr'><strong>pag.</strong></span> <span class='ocrx_word' id='word_1_479' title='bbox 2854 797 3023 871; x_wconf 69' lang='lat'><strong>259)?</strong></span> <span class='ocrx_word' id='word_1_480' title='bbox 3044 802 3101 858; x_wconf 86' lang='lat' dir='ltr'><strong>lit</strong></span> <span class='ocrx_word' id='word_1_481' title='bbox 3133 782 3282 863; x_wconf 81' lang='lat' dir='ltr'><strong>hisce</strong></span> <span class='ocrx_word' id='word_1_482' title='bbox 3307 810 3506 867; x_wconf 89' lang='lat' dir='ltr'><strong>scilicet</strong></span> <span class='ocrx_word' id='word_1_483' title='bbox 3530 817 3718 872; x_wconf 85' lang='lat' dir='ltr'><strong>scenicis</strong></span> 
     </span>
    </p>
   </div>
   <div class='ocr_carea' id='block_1_67' title="bbox 2175 877 3720 985">
    <p class='ocr_par' dir='ltr' id='par_1_67' title="bbox 2175 877 3720 985">
     <span class='ocr_line' id='line_1_67' title="bbox 2175 877 3720 985; baseline 0.021 -54"><span class='ocrx_word' id='word_1_484' title='bbox 2175 877 2314 935; x_wconf 89' lang='lat' dir='ltr'><strong>ludis</strong></span> <span class='ocrx_word' id='word_1_485' title='bbox 2342 883 2558 952; x_wconf 90' lang='lat' dir='ltr'><strong>quidam</strong></span> <span class='ocrx_word' id='word_1_486' title='bbox 2600 888 2748 943; x_wconf 90' lang='lat' dir='ltr'><strong>mimi</strong></span> <span class='ocrx_word' id='word_1_487' title='bbox 2782 888 2837 947; x_wconf 84' lang='lat' dir='ltr'><strong>et</strong></span> <span class='ocrx_word' id='word_1_488' title='bbox 2878 892 3191 965; x_wconf 84' lang='lat' dir='ltr'><strong>histriones,</strong></span> <span class='ocrx_word' id='word_1_489' title='bbox 3225 892 3473 961; x_wconf 81' lang='lat' dir='ltr'><strong>ridiculas</strong></span> <span class='ocrx_word' id='word_1_490' title='bbox 3520 892 3720 985; x_wconf 75' lang='lat' dir='ltr'><strong>stupido-</strong></span> 
     </span>
    </p>
   </div>
   <div class='ocr_carea' id='block_1_68' title="bbox 2174 972 3720 1070">
    <p class='ocr_par' dir='ltr' id='par_1_68' title="bbox 2174 972 3720 1070">
     <span class='ocr_line' id='line_1_68' title="bbox 2174 972 3720 1070; baseline 0.023 -47"><span class='ocrx_word' id='word_1_491' title='bbox 2174 987 2292 1025; x_wconf 92' lang='lat' dir='ltr'><strong>rum</strong></span> <span class='ocrx_word' id='word_1_492' title='bbox 2314 972 2614 1046; x_wconf 86' lang='lat' dir='ltr'><strong>hominum,</strong></span> <span class='ocrx_word' id='word_1_493' title='bbox 2645 984 2781 1040; x_wconf 83' lang='lat' dir='ltr'><strong>rasis</strong></span> <span class='ocrx_word' id='word_1_494' title='bbox 2812 989 3101 1060; x_wconf 90' lang='lat' dir='ltr'><strong>capitibus,</strong></span> <span class='ocrx_word' id='word_1_495' title='bbox 3136 1010 3398 1064; x_wconf 88' lang='lat' dir='ltr'><strong>personas</strong></span> <span class='ocrx_word' id='word_1_496' title='bbox 3426 972 3649 1070; x_wconf 78' lang='lat' dir='ltr'><strong>agebant,</strong></span> <span class='ocrx_word' id='word_1_497' title='bbox 3672 1021 3720 1060; x_wconf 83' lang='lat' dir='ltr'><strong>ac</strong></span> 
     </span>
    </p>
   </div>
   <div class='ocr_carea' id='block_1_69' title="bbox 2173 1066 3718 1158">
    <p class='ocr_par' dir='ltr' id='par_1_69' title="bbox 2173 1066 3718 1158">
     <span class='ocr_line' id='line_1_69' title="bbox 2173 1066 3718 1158; baseline 0.023 -41"><span class='ocrx_word' id='word_1_498' title='bbox 2173 1066 2522 1134; x_wconf 88' lang='lat' dir='ltr'><strong>salapitarum</strong></span> <span class='ocrx_word' id='word_1_499' title='bbox 2556 1076 2755 1155; x_wconf 86' lang='lat' dir='ltr'><strong>sonitu,</strong></span> <span class='ocrx_word' id='word_1_500' title='bbox 2794 1079 2843 1133; x_wconf 93' lang='lat' dir='ltr'><strong>id</strong></span> <span class='ocrx_word' id='word_1_501' title='bbox 2886 1091 2988 1146; x_wconf 88' lang='lat' dir='ltr'><strong>est,</strong></span> <span class='ocrx_word' id='word_1_502' title='bbox 3030 1084 3305 1153; x_wconf 78' lang='lat' dir='ltr'><strong>alaparum</strong></span> <span class='ocrx_word' id='word_1_503' title='bbox 3336 1066 3537 1158; x_wconf 88' lang='lat' dir='ltr'><strong>ictibus,</strong></span> <span class='ocrx_word' id='word_1_504' title='bbox 3562 1109 3718 1151; x_wconf 81' lang='lat' dir='ltr'><strong>Sanum</strong></span> 
     </span>
    </p>
   </div>
   <div class='ocr_carea' id='block_1_70' title="bbox 2175 1157 3720 1255">
    <p class='ocr_par' dir='ltr' id='par_1_70' title="bbox 2175 1157 3720 1255">
     <span class='ocr_line' id='line_1_70' title="bbox 2175 1157 3720 1255; baseline 0.023 -44"><span class='ocrx_word' id='word_1_505' title='bbox 2175 1157 2496 1229; x_wconf 88' lang='lat' dir='ltr'><strong>edentibus,</strong></span> <span class='ocrx_word' id='word_1_506' title='bbox 2548 1165 2715 1223; x_wconf 87' lang='lat' dir='ltr'><strong>ofﬁcii</strong></span> <span class='ocrx_word' id='word_1_507' title='bbox 2772 1173 2854 1228; x_wconf 85' lang='lat' dir='ltr'><strong>sui</strong></span> <span class='ocrx_word' id='word_1_508' title='bbox 2913 1170 3362 1238; x_wconf 86' lang='lat' dir='ltr'><strong>admonebantur.</strong></span> <span class='ocrx_word' id='word_1_509' title='bbox 3405 1164 3720 1255; x_wconf 82' lang='lat' dir='ltr'><strong>Quamobrem</strong></span> 
     </span>
    </p>
   </div>
   <div class='ocr_carea' id='block_1_71' title="bbox 2175 1249 3719 1342">
    <p class='ocr_par' dir='ltr' id='par_1_71' title="bbox 2175 1249 3719 1342">
     <span class='ocr_line' id='line_1_71' title="bbox 2175 1249 3719 1342; baseline 0.021 -38"><span class='ocrx_word' id='word_1_510' title='bbox 2175 1249 2539 1341; x_wconf 85' lang='lat' dir='ltr'><strong>Tertullianns</strong></span> <span class='ocrx_word' id='word_1_511' title='bbox 2566 1258 2705 1341; x_wconf 88' lang='lat' dir='ltr'><strong>hanc</strong></span> <span class='ocrx_word' id='word_1_512' title='bbox 2737 1265 2980 1322; x_wconf 88' lang='lat' dir='ltr'><strong>insanam</strong></span> <span class='ocrx_word' id='word_1_513' title='bbox 3030 1268 3602 1342; x_wconf 81' lang='lat' dir='ltr'><strong>impudentissimorum</strong></span> <span class='ocrx_word' id='word_1_514' title='bbox 3641 1282 3719 1336; x_wconf 90' lang='lat' dir='ltr'><strong>bo-</strong></span> 
     </span>
    </p>
   </div>
   <div class='ocr_carea' id='block_1_72' title="bbox 2174 1334 3721 1439">
    <p class='ocr_par' dir='ltr' id='par_1_72' title="bbox 2174 1334 3721 1439">
     <span class='ocr_line' id='line_1_72' title="bbox 2174 1334 3721 1439; baseline 0.021 -41"><span class='ocrx_word' id='word_1_515' title='bbox 2174 1334 2378 1403; x_wconf 87' lang='lat' dir='ltr'><strong>minum</strong></span> <span class='ocrx_word' id='word_1_516' title='bbox 2410 1336 2763 1410; x_wconf 82' lang='lat' dir='ltr'><strong>temeritaiem</strong></span> <span class='ocrx_word' id='word_1_517' title='bbox 2796 1360 2872 1414; x_wconf 92' lang='lat' dir='ltr'><strong>sic</strong></span> <span class='ocrx_word' id='word_1_518' title='bbox 2898 1358 3104 1427; x_wconf 82' lang='lat' dir='ltr'><strong>irridet,</strong></span> <span class='ocrx_word' id='word_1_519' title='bbox 3128 1376 3182 1421; x_wconf 93' lang='lat' dir='ltr'><strong>et</strong></span> <span class='ocrx_word' id='word_1_520' title='bbox 3210 1371 3479 1439; x_wconf 83' lang='lat' dir='ltr'><strong>exagitat:</strong></span> <span class='ocrx_word' id='word_1_521' title='bbox 3514 1391 3532 1424; x_wconf 86' lang='grc'><strong>‹</strong></span> <span class='ocrx_word' id='word_1_522' title='bbox 3564 1374 3721 1429; x_wconf 86' lang='lat' dir='ltr'><strong>Place-</strong></span> 
     </span>
    </p>
   </div>
   <div class='ocr_carea' id='block_1_73' title="bbox 2171 1438 3720 1538">
    <p class='ocr_par' dir='ltr' id='par_1_73' title="bbox 2171 1438 3720 1538">
     <span class='ocr_line' id='line_1_73' title="bbox 2171 1438 3720 1538; baseline 0.018 -42"><span class='ocrx_word' id='word_1_523' title='bbox 2171 1438 2248 1496; x_wconf 87' lang='lat' dir='ltr'><strong>bit</strong></span> <span class='ocrx_word' id='word_1_524' title='bbox 2290 1444 2378 1512; x_wconf 88' lang='lat' dir='ltr'><strong>qui</strong></span> <span class='ocrx_word' id='word_1_525' title='bbox 2427 1446 2604 1502; x_wconf 87' lang='lat' dir='ltr'><strong>vultus</strong></span> <span class='ocrx_word' id='word_1_526' title='bbox 2648 1464 2776 1505; x_wconf 87' lang='lat' dir='ltr'><strong>suos</strong></span> <span class='ocrx_word' id='word_1_527' title='bbox 2823 1448 3083 1512; x_wconf 80' lang='lat' dir='ltr'><strong>novacula</strong></span> <span class='ocrx_word' id='word_1_528' title='bbox 3119 1450 3327 1516; x_wconf 82' lang='lat' dir='ltr'><strong>mutat?</strong></span> <span class='ocrx_word' id='word_1_529' title='bbox 3379 1462 3595 1522; x_wconf 86' lang='lat' dir='ltr'><strong>lnﬁdelis</strong></span> <span class='ocrx_word' id='word_1_530' title='bbox 3623 1484 3720 1538; x_wconf 79' lang='lat' dir='ltr'><strong>erga</strong></span> 
     </span>
    </p>
   </div>
   <div class='ocr_carea' id='block_1_74' title="bbox 2173 1531 3721 1623">
    <p class='ocr_par' dir='ltr' id='par_1_74' title="bbox 2173 1531 3721 1623">
     <span class='ocr_line' id='line_1_74' title="bbox 2173 1531 3721 1623; baseline 0.019 -36"><span class='ocrx_word' id='word_1_531' title='bbox 2173 1531 2364 1589; x_wconf 84' lang='lat' dir='ltr'><strong>faciem</strong></span> <span class='ocrx_word' id='word_1_532' title='bbox 2395 1551 2568 1603; x_wconf 90' lang='lat' dir='ltr'><strong>suam,</strong></span> <span class='ocrx_word' id='word_1_533' title='bbox 2600 1552 2760 1611; x_wconf 90' lang='lat' dir='ltr'><strong>quam</strong></span> <span class='ocrx_word' id='word_1_534' title='bbox 2786 1561 2893 1601; x_wconf 93' lang='lat' dir='ltr'><strong>non</strong></span> <span class='ocrx_word' id='word_1_535' title='bbox 2920 1538 3486 1623; x_wconf 57' lang='lat' dir='ltr'><strong>contentus&#39;Saturno,</strong></span> <span class='ocrx_word' id='word_1_536' title='bbox 3518 1571 3567 1615; x_wconf 89' lang='lat' dir='ltr'><strong>et</strong></span> <span class='ocrx_word' id='word_1_537' title='bbox 3601 1560 3721 1623; x_wconf 84' lang='lat' dir='ltr'><strong>Isidi.</strong></span> 
     </span>
    </p>
   </div>
   <div class='ocr_carea' id='block_1_75' title="bbox 2171 1626 3721 1716">
    <p class='ocr_par' dir='ltr' id='par_1_75' title="bbox 2171 1626 3721 1716">
     <span class='ocr_line' id='line_1_75' title="bbox 2171 1626 3721 1716; baseline 0.018 -37"><span class='ocrx_word' id='word_1_538' title='bbox 2171 1632 2227 1680; x_wconf 90' lang='lat' dir='ltr'><strong>et</strong></span> <span class='ocrx_word' id='word_1_539' title='bbox 2241 1626 2439 1684; x_wconf 89' lang='lat' dir='ltr'><strong>Libero</strong></span> <span class='ocrx_word' id='word_1_540' title='bbox 2463 1634 2762 1700; x_wconf 82' lang='lat' dir='ltr'><strong>proximam</strong></span> <span class='ocrx_word' id='word_1_541' title='bbox 2792 1639 2991 1706; x_wconf 85' lang='lat' dir='ltr'><strong>facere,</strong></span> <span class='ocrx_word' id='word_1_542' title='bbox 3041 1645 3262 1716; x_wconf 86' lang='lat' dir='ltr'><strong>insuper</strong></span> <span class='ocrx_word' id='word_1_543' title='bbox 3286 1652 3607 1706; x_wconf 88' lang='lat' dir='ltr'><strong>contumeliis</strong></span> <span class='ocrx_word' id='word_1_544' title='bbox 3635 1655 3721 1706; x_wconf 80' lang='lat' dir='ltr'><strong>ala-</strong></span> 
     </span>
    </p>
   </div>
   <div class='ocr_carea' id='block_1_76' title="bbox 2173 1720 3721 1811">
    <p class='ocr_par' dir='ltr' id='par_1_76' title="bbox 2173 1720 3721 1811">
     <span class='ocr_line' id='line_1_76' title="bbox 2173 1720 3721 1811; baseline 0.019 -40"><span class='ocrx_word' id='word_1_545' title='bbox 2173 1732 2360 1787; x_wconf 88' lang='lat' dir='ltr'><strong>parum</strong></span> <span class='ocrx_word' id='word_1_546' title='bbox 2383 1722 2463 1778; x_wconf 87' lang='lat' dir='ltr'><strong>sic</strong></span> <span class='ocrx_word' id='word_1_547' title='bbox 2491 1724 2697 1795; x_wconf 87' lang='lat' dir='ltr'><strong>objicit,</strong></span> <span class='ocrx_word' id='word_1_548' title='bbox 2728 1735 2878 1797; x_wconf 86' lang='lat' dir='ltr'><strong>quasi</strong></span> <span class='ocrx_word' id='word_1_549' title='bbox 2928 1737 2997 1790; x_wconf 90' lang='lat' dir='ltr'><strong>de</strong></span> <span class='ocrx_word' id='word_1_550' title='bbox 3042 1720 3315 1811; x_wconf 82' lang='lat' dir='ltr'><strong>praecepto</strong></span> <span class='ocrx_word' id='word_1_551' title='bbox 3357 1728 3553 1799; x_wconf 77' lang='lat' dir='ltr'><strong>Domitii</strong></span> <span class='ocrx_word' id='word_1_552' title='bbox 3584 1732 3721 1800; x_wconf 77' lang='lat' dir='ltr'><strong>ludat.</strong></span> 
     </span>
    </p>
   </div>
   <div class='ocr_carea' id='block_1_77' title="bbox 2097 1796 3723 1907">
    <p class='ocr_par' dir='ltr' id='par_1_77' title="bbox 2097 1796 3723 1907">
     <span class='ocr_line' id='line_1_77' title="bbox 2097 1796 3723 1907; baseline 0.018 -46"><span class='ocrx_word' id='word_1_553' title='bbox 2097 1796 2145 1859; x_wconf 85' lang='grc' dir='ltr'><strong><em>Β</em></strong></span> <span class='ocrx_word' id='word_1_554' title='bbox 2173 1809 2342 1867; x_wconf 88' lang='lat' dir='ltr'><strong>Docet</strong></span> <span class='ocrx_word' id='word_1_555' title='bbox 2366 1815 2575 1873; x_wconf 90' lang='lat' dir='ltr'><strong>scilicet</strong></span> <span class='ocrx_word' id='word_1_556' title='bbox 2599 1830 2654 1874; x_wconf 86' lang='lat' dir='ltr'><strong>et</strong></span> <span class='ocrx_word' id='word_1_557' title='bbox 2680 1796 2929 1880; x_wconf 82' lang='lat' dir='ltr'><strong>diabolus</strong></span> <span class='ocrx_word' id='word_1_558' title='bbox 2956 1796 3340 1888; x_wconf 69' lang='lat' dir='ltr'><strong>verberandam</strong></span> <span class='ocrx_word' id='word_1_559' title='bbox 3368 1838 3620 1892; x_wconf 81' lang='lat' dir='ltr'><strong>maxillam</strong></span> <span class='ocrx_word' id='word_1_560' title='bbox 3647 1855 3723 1907; x_wconf 82' lang='lat' dir='ltr'><strong>pa-</strong></span> 
     </span>
    </p>
   </div>
   <div class='ocr_carea' id='block_1_78' title="bbox 2170 1902 3724 1999">
    <p class='ocr_par' dir='ltr' id='par_1_78' title="bbox 2170 1902 3724 1999">
     <span class='ocr_line' id='line_1_78' title="bbox 2170 1902 3724 1999; baseline 0.019 -43"><span class='ocrx_word' id='word_1_561' title='bbox 2170 1902 2367 1961; x_wconf 88' lang='lat' dir='ltr'><strong>tienter</strong></span> <span class='ocrx_word' id='word_1_562' title='bbox 2394 1907 2626 1966; x_wconf 83' lang='lat' dir='ltr'><strong>oﬂ&#39;erre?</strong></span> <span class='ocrx_word' id='word_1_563' title='bbox 2663 1932 2682 1965; x_wconf 74' lang='grc' dir='ltr'>ι</span> <span class='ocrx_word' id='word_1_564' title='bbox 2715 1914 2983 1988; x_wconf 82' lang='lat' dir='ltr'><strong>(Tertull.,</strong></span> <span class='ocrx_word' id='word_1_565' title='bbox 3008 1922 3096 1976; x_wconf 83' lang='lat' dir='ltr'><strong>lib.</strong></span> <span class='ocrx_word' id='word_1_566' title='bbox 3116 1925 3180 1979; x_wconf 85' lang='lat' dir='ltr'><strong>de</strong></span> <span class='ocrx_word' id='word_1_567' title='bbox 3202 1925 3464 1995; x_wconf 59' lang='lat' dir='ltr'><strong>Speciem,</strong></span> <span class='ocrx_word' id='word_1_568' title='bbox 3494 1947 3598 1997; x_wconf 80' lang='lat' dir='ltr'><strong>cap.</strong></span> <span class='ocrx_word' id='word_1_569' title='bbox 3627 1902 3724 1999; x_wconf 44' lang='lat' dir='ltr'><strong>Q8.)</strong></span> 
     </span>
    </p>
   </div>
   <div class='ocr_carea' id='block_1_79' title="bbox 2168 1996 3725 2092">
    <p class='ocr_par' dir='ltr' id='par_1_79' title="bbox 2168 1996 3725 2092">
     <span class='ocr_line' id='line_1_79' title="bbox 2168 1996 3725 2092; baseline 0.016 -42"><span class='ocrx_word' id='word_1_570' title='bbox 2168 1996 2344 2053; x_wconf 81' lang='lat' dir='ltr'><strong>Julius</strong></span> <span class='ocrx_word' id='word_1_571' title='bbox 2369 2015 2498 2057; x_wconf 89' lang='lat' dir='ltr'><strong>vero</strong></span> <span class='ocrx_word' id='word_1_572' title='bbox 2520 2002 2856 2076; x_wconf 66' lang='lat' dir='ltr'><strong>Chpitolinus</strong></span> <span class='ocrx_word' id='word_1_573' title='bbox 2884 2007 3068 2067; x_wconf 75' lang='lat' dir='ltr'><strong>narrat</strong></span> <span class='ocrx_word' id='word_1_574' title='bbox 3090 2020 3365 2087; x_wconf 92' lang='lat' dir='ltr'><strong>quomodo</strong></span> <span class='ocrx_word' id='word_1_575' title='bbox 3391 1996 3620 2090; x_wconf 77' lang='lat' dir='ltr'><strong>stupidus</strong></span> <span class='ocrx_word' id='word_1_576' title='bbox 3637 2021 3725 2092; x_wconf 89' lang='lat' dir='ltr'><strong>qui-</strong></span> 
     </span>
    </p>
   </div>
   <div class='ocr_carea' id='block_1_80' title="bbox 2167 2092 3719 2186">
    <p class='ocr_par' dir='ltr' id='par_1_80' title="bbox 2167 2092 3719 2186">
     <span class='ocr_line' id='line_1_80' title="bbox 2167 2092 3719 2186; baseline 0.014 -39"><span class='ocrx_word' id='word_1_577' title='bbox 2167 2092 2289 2148; x_wconf 90' lang='lat' dir='ltr'><strong>dam</strong></span> <span class='ocrx_word' id='word_1_578' title='bbox 2314 2095 2366 2149; x_wconf 88' lang='lat' dir='ltr'><strong>ih</strong></span> <span class='ocrx_word' id='word_1_579' title='bbox 2389 2113 2547 2153; x_wconf 82' lang='lat' dir='ltr'><strong>scena</strong></span> <span class='ocrx_word' id='word_1_580' title='bbox 2575 2102 2877 2159; x_wconf 89' lang='lat' dir='ltr'><strong>adulterum</strong></span> <span class='ocrx_word' id='word_1_581' title='bbox 2904 2110 3085 2164; x_wconf 82' lang='lat' dir='ltr'><strong>uxoris</strong></span> <span class='ocrx_word' id='word_1_582' title='bbox 3118 2114 3369 2167; x_wconf 81' lang='lat' dir='ltr'><strong>Antonini</strong></span> <span class='ocrx_word' id='word_1_583' title='bbox 3411 2108 3719 2186; x_wconf 82' lang='lat' dir='ltr'><strong>Philosophi,</strong></span> 
     </span>
    </p>
   </div>
   <div class='ocr_carea' id='block_1_81' title="bbox 2168 2195 3724 2279">
    <p class='ocr_par' dir='ltr' id='par_1_81' title="bbox 2168 2195 3724 2279">
     <span class='ocr_line' id='line_1_81' title="bbox 2168 2195 3724 2279; baseline 0.013 -39"><span class='ocrx_word' id='word_1_584' title='bbox 2168 2201 2235 2240; x_wconf 91' lang='lat' dir='ltr'><strong>eo</strong></span> <span class='ocrx_word' id='word_1_585' title='bbox 2262 2200 2544 2256; x_wconf 61' lang='lat' dir='ltr'><strong>praesente,</strong></span> <span class='ocrx_word' id='word_1_586' title='bbox 2576 2195 2791 2252; x_wconf 89' lang='lat' dir='ltr'><strong>nomine</strong></span> <span class='ocrx_word' id='word_1_587' title='bbox 2811 2212 2911 2254; x_wconf 91' lang='lat' dir='ltr'><strong>suo</strong></span> <span class='ocrx_word' id='word_1_588' title='bbox 2934 2198 3283 2271; x_wconf 80' lang='lat' dir='ltr'><strong>appellaverit</strong></span> <span class='ocrx_word' id='word_1_589' title='bbox 3318 2206 3630 2279; x_wconf 82' lang='lat' dir='ltr'><strong>(Capitolin.,</strong></span> <span class='ocrx_word' id='word_1_590' title='bbox 3651 2210 3724 2262; x_wconf 75' lang='lat' dir='ltr'><strong>sub</strong></span> 
     </span>
    </p>
   </div>
   <div class='ocr_carea' id='block_1_82' title="bbox 2168 2282 3726 2371">
    <p class='ocr_par' dir='ltr' id='par_1_82' title="bbox 2168 2282 3726 2371">
     <span class='ocr_line' id='line_1_82' title="bbox 2168 2282 3726 2371; baseline 0.013 -37"><span class='ocrx_word' id='word_1_591' title='bbox 2168 2282 2263 2346; x_wconf 74' lang='lat' dir='ltr'><strong>ﬁn.</strong></span> <span class='ocrx_word' id='word_1_592' title='bbox 2320 2282 2423 2337; x_wconf 82' lang='lat' dir='ltr'><strong>Vit.</strong></span> <span class='ocrx_word' id='word_1_593' title='bbox 2478 2288 2667 2343; x_wconf 81' lang='lat' dir='ltr'><strong>Anton.</strong></span> <span class='ocrx_word' id='word_1_594' title='bbox 2717 2292 3058 2366; x_wconf 77' lang='lat' dir='ltr'><strong>pltilosoplt.).</strong></span> <span class='ocrx_word' id='word_1_595' title='bbox 3115 2296 3184 2353; x_wconf 85' lang='lat' dir='ltr'><strong>At</strong></span> <span class='ocrx_word' id='word_1_596' title='bbox 3223 2294 3359 2354; x_wconf 89' lang='lat' dir='ltr'><strong>nihil</strong></span> <span class='ocrx_word' id='word_1_597' title='bbox 3406 2294 3726 2371; x_wconf 82' lang='lat' dir='ltr'><strong>impudentius</strong></span> 
     </span>
    </p>
   </div>
   <div class='ocr_carea' id='block_1_83' title="bbox 2169 2374 3725 2465">
    <p class='ocr_par' dir='ltr' id='par_1_83' title="bbox 2169 2374 3725 2465">
     <span class='ocr_line' id='line_1_83' title="bbox 2169 2374 3725 2465; baseline 0.012 -38"><span class='ocrx_word' id='word_1_598' title='bbox 2169 2374 2395 2442; x_wconf 79' lang='lat' dir='ltr'><strong>fascina,</strong></span> <span class='ocrx_word' id='word_1_599' title='bbox 2412 2376 2566 2449; x_wconf 81' lang='lat' dir='ltr'><strong>cujus</strong></span> <span class='ocrx_word' id='word_1_600' title='bbox 2582 2382 2726 2438; x_wconf 89' lang='lat' dir='ltr'><strong>nulla</strong></span> <span class='ocrx_word' id='word_1_601' title='bbox 2757 2400 3034 2456; x_wconf 89' lang='lat' dir='ltr'><strong>umquam,</strong></span> <span class='ocrx_word' id='word_1_602' title='bbox 3054 2389 3154 2445; x_wconf 89' lang='lat' dir='ltr'><strong>nisi</strong></span> <span class='ocrx_word' id='word_1_603' title='bbox 3182 2392 3250 2448; x_wconf 83' lang='lat' dir='ltr'><strong>ab</strong></span> <span class='ocrx_word' id='word_1_604' title='bbox 3276 2387 3725 2465; x_wconf 83' lang='lat' dir='ltr'><strong>aliquibus,quem-</strong></span> 
     </span>
    </p>
   </div>
   <div class='ocr_carea' id='block_1_84' title="bbox 2166 2466 3725 2548">
    <p class='ocr_par' dir='ltr' id='par_1_84' title="bbox 2166 2466 3725 2548">
     <span class='ocr_line' id='line_1_84' title="bbox 2166 2466 3725 2548; baseline 0.012 -28"><span class='ocrx_word' id='word_1_605' title='bbox 2166 2466 2457 2524; x_wconf 87' lang='lat' dir='ltr'><strong>admodum</strong></span> <span class='ocrx_word' id='word_1_606' title='bbox 2488 2472 2809 2544; x_wconf 78' lang='lat' dir='ltr'><strong>Augustino,</strong></span> <span class='ocrx_word' id='word_1_607' title='bbox 2840 2488 2896 2533; x_wconf 89' lang='lat' dir='ltr'><strong>et</strong></span> <span class='ocrx_word' id='word_1_608' title='bbox 2941 2490 3164 2537; x_wconf 87' lang='lat' dir='ltr'><strong>auctore</strong></span> <span class='ocrx_word' id='word_1_609' title='bbox 3191 2496 3401 2548; x_wconf 90' lang='lat' dir='ltr'><strong>nostro,</strong></span> <span class='ocrx_word' id='word_1_610' title='bbox 3435 2484 3725 2540; x_wconf 82' lang='lat' dir='ltr'><strong>christiano-</strong></span> 
     </span>
    </p>
   </div>
   <div class='ocr_carea' id='block_1_85' title="bbox 2166 2571 3720 2640">
    <p class='ocr_par' dir='ltr' id='par_1_85' title="bbox 2166 2571 3720 2640">
     <span class='ocr_line' id='line_1_85' title="bbox 2166 2571 3720 2640; baseline 0.012 -26"><span class='ocrx_word' id='word_1_611' title='bbox 2166 2576 2286 2615; x_wconf 91' lang='lat' dir='ltr'><strong>rum</strong></span> <span class='ocrx_word' id='word_1_612' title='bbox 2316 2578 2533 2620; x_wconf 89' lang='lat' dir='ltr'><strong>causam</strong></span> <span class='ocrx_word' id='word_1_613' title='bbox 2562 2578 2749 2623; x_wconf 89' lang='lat' dir='ltr'><strong>contra</strong></span> <span class='ocrx_word' id='word_1_614' title='bbox 2775 2571 3040 2640; x_wconf 67' lang='lat' dir='ltr'><strong>ethnicm,</strong></span> <span class='ocrx_word' id='word_1_615' title='bbox 3066 2572 3134 2630; x_wconf 80' lang='lat' dir='ltr'><strong>&#39;tle</strong></span> <span class='ocrx_word' id='word_1_616' title='bbox 3161 2574 3346 2633; x_wconf 84' lang='lat' dir='ltr'><strong>infami</strong></span> <span class='ocrx_word' id='word_1_617' title='bbox 3389 2580 3598 2634; x_wconf 85' lang='lat' dir='ltr'><strong>deorum</strong></span> <span class='ocrx_word' id='word_1_618' title='bbox 3620 2593 3720 2632; x_wconf 87' lang='lat' dir='ltr'><strong>suo-</strong></span> 
     </span>
    </p>
   </div>
   <div class='ocr_carea' id='block_1_86' title="bbox 2165 2656 3726 2739">
    <p class='ocr_par' dir='ltr' id='par_1_86' title="bbox 2165 2656 3726 2739">
     <span class='ocr_line' id='line_1_86' title="bbox 2165 2656 3726 2739; baseline 0.012 -33"><span class='ocrx_word' id='word_1_619' title='bbox 2165 2669 2283 2707; x_wconf 90' lang='lat' dir='ltr'><strong>rum</strong></span> <span class='ocrx_word' id='word_1_620' title='bbox 2333 2656 2663 2728; x_wconf 86' lang='lat' dir='ltr'><strong>impudicitia</strong></span> <span class='ocrx_word' id='word_1_621' title='bbox 2706 2664 3022 2732; x_wconf 77' lang='lat' dir='ltr'><strong>gloriantes,</strong></span> <span class='ocrx_word' id='word_1_622' title='bbox 3074 2666 3357 2739; x_wconf 83' lang='lat' dir='ltr'><strong>agentibus</strong></span> <span class='ocrx_word' id='word_1_623' title='bbox 3403 2668 3597 2728; x_wconf 84' lang='lat' dir='ltr'><strong>mentio</strong></span> <span class='ocrx_word' id='word_1_624' title='bbox 3634 2671 3726 2727; x_wconf 87' lang='lat' dir='ltr'><strong>ﬁeri</strong></span> 
     </span>
    </p>
   </div>
   <div class='ocr_carea' id='block_1_87' title="bbox 2164 2745 3679 2837">
    <p class='ocr_par' dir='ltr' id='par_1_87' title="bbox 2164 2745 3679 2837">
     <span class='ocr_line' id='line_1_87' title="bbox 2164 2745 3679 2837; baseline 0.011 -36"><span class='ocrx_word' id='word_1_625' title='bbox 2164 2745 2353 2803; x_wconf 84' lang='lat' dir='ltr'><strong>debuit</strong></span> <span class='ocrx_word' id='word_1_626' title='bbox 2379 2752 2642 2823; x_wconf 83' lang='lat' dir='ltr'><strong>(Augusl.,</strong></span> <span class='ocrx_word' id='word_1_627' title='bbox 2672 2755 2761 2810; x_wconf 77' lang='lat' dir='ltr'><strong>lib.</strong></span> <span class='ocrx_word' id='word_1_628' title='bbox 2797 2772 2852 2811; x_wconf 67' lang='grc' dir='ltr'><strong>γι</strong></span> <span class='ocrx_word' id='word_1_629' title='bbox 2878 2758 2942 2812; x_wconf 77' lang='lat' dir='ltr'><strong>&#39;de</strong></span> <span class='ocrx_word' id='word_1_630' title='bbox 2967 2758 3140 2825; x_wconf 52' lang='lat' dir='ltr'><strong>Civili,</strong></span> <span class='ocrx_word' id='word_1_631' title='bbox 3166 2779 3283 2833; x_wconf 82' lang='lat' dir='ltr'><strong>cap.</strong></span> <span class='ocrx_word' id='word_1_632' title='bbox 3316 2765 3371 2830; x_wconf 90' lang='lat'><strong>9,</strong></span> <span class='ocrx_word' id='word_1_633' title='bbox 3403 2783 3517 2837; x_wconf 85' lang='lat' dir='ltr'><strong>pag.</strong></span> <span class='ocrx_word' id='word_1_634' title='bbox 3544 2763 3679 2835; x_wconf 80' lang='grc'><strong>157).</strong></span> 
     </span>
    </p>
   </div>
   <div class='ocr_carea' id='block_1_88' title="bbox 2238 2844 3727 2918">
    <p class='ocr_par' dir='ltr' id='par_1_88' title="bbox 2238 2844 3727 2918">
     <span class='ocr_line' id='line_1_88' title="bbox 2238 2844 3727 2918; baseline 0.011 -20"><span class='ocrx_word' id='word_1_635' title='bbox 2238 2844 2371 2911; x_wconf 92' lang='lat' dir='ltr'><strong>Quis</strong></span> <span class='ocrx_word' id='word_1_636' title='bbox 2411 2857 2589 2903; x_wconf 89' lang='lat' dir='ltr'><strong>autem</strong></span> <span class='ocrx_word' id='word_1_637' title='bbox 2621 2866 2727 2904; x_wconf 89' lang='lat' dir='ltr'><strong>non</strong></span> <span class='ocrx_word' id='word_1_638' title='bbox 2782 2851 3014 2910; x_wconf 90' lang='lat' dir='ltr'><strong>fateatur</strong></span> <span class='ocrx_word' id='word_1_639' title='bbox 3065 2851 3192 2912; x_wconf 83' lang='lat' dir='ltr'><strong>hinc</strong></span> <span class='ocrx_word' id='word_1_640' title='bbox 3231 2860 3303 2915; x_wconf 84' lang='lat' dir='ltr'><strong>ab</strong></span> <span class='ocrx_word' id='word_1_641' title='bbox 3330 2862 3563 2918; x_wconf 81' lang='lat' dir='ltr'><strong>Aruobio</strong></span> <span class='ocrx_word' id='word_1_642' title='bbox 3607 2868 3727 2915; x_wconf 87' lang='lat' dir='ltr'><strong>recte</strong></span> 
     </span>
    </p>
   </div>
   <div class='ocr_carea' id='block_1_89' title="bbox 2164 2937 3725 3024">
    <p class='ocr_par' dir='ltr' id='par_1_89' title="bbox 2164 2937 3725 3024">
     <span class='ocr_line' id='line_1_89' title="bbox 2164 2937 3725 3024; baseline 0.01 -35"><span class='ocrx_word' id='word_1_643' title='bbox 2164 2937 2417 2992; x_wconf 88' lang='lat' dir='ltr'><strong>concludi</strong></span> <span class='ocrx_word' id='word_1_644' title='bbox 2480 2945 2743 3011; x_wconf 86' lang='lat' dir='ltr'><strong>stupenda</strong></span> <span class='ocrx_word' id='word_1_645' title='bbox 2797 2960 3019 3015; x_wconf 88' lang='lat' dir='ltr'><strong>prorsus</strong></span> <span class='ocrx_word' id='word_1_646' title='bbox 3070 2952 3313 3006; x_wconf 66' lang='lat' dir='ltr'><strong>caecitate</strong></span> <span class='ocrx_word' id='word_1_647' title='bbox 3363 2967 3543 3024; x_wconf 84' lang='lat' dir='ltr'><strong>captos</strong></span> <span class='ocrx_word' id='word_1_648' title='bbox 3588 2953 3725 3008; x_wconf 87' lang='lat' dir='ltr'><strong>luisse</strong></span> 
     </span>
    </p>
   </div>
   <div class='ocr_carea' id='block_1_90' title="bbox 2163 3029 3722 3116">
    <p class='ocr_par' dir='ltr' id='par_1_90' title="bbox 2163 3029 3722 3116">
     <span class='ocr_line' id='line_1_90' title="bbox 2163 3029 3722 3116; baseline 0.012 -35"><span class='ocrx_word' id='word_1_649' title='bbox 2163 3029 2392 3096; x_wconf 79' lang='lat' dir='ltr'><strong>gentiles</strong></span> <span class='ocrx_word' id='word_1_650' title='bbox 2422 3032 2662 3103; x_wconf 74' lang='lat' dir='ltr'><strong>(Arnob,</strong></span> <span class='ocrx_word' id='word_1_651' title='bbox 2698 3034 2786 3089; x_wconf 88' lang='lat' dir='ltr'><strong>lib.</strong></span> <span class='ocrx_word' id='word_1_652' title='bbox 2823 3053 2877 3104; x_wconf 80' lang='grc' dir='ltr'><strong>ν,</strong></span> <span class='ocrx_word' id='word_1_653' title='bbox 2912 3056 3032 3110; x_wconf 80' lang='lat' dir='ltr'><strong>pag.</strong></span> <span class='ocrx_word' id='word_1_654' title='bbox 3068 3040 3171 3096; x_wconf 80' lang='grc'><strong>176</strong></span> <span class='ocrx_word' id='word_1_655' title='bbox 3201 3055 3247 3097; x_wconf 82' lang='lat' dir='ltr'><strong>et</strong></span> <span class='ocrx_word' id='word_1_656' title='bbox 3276 3044 3427 3116; x_wconf 72' lang='grc'><strong>184).</strong></span> <span class='ocrx_word' id='word_1_657' title='bbox 3451 3047 3535 3116; x_wconf 88' lang='lat' dir='ltr'><strong>qui</strong></span> <span class='ocrx_word' id='word_1_658' title='bbox 3563 3043 3722 3101; x_wconf 82' lang='lat' dir='ltr'><strong>crede-</strong></span> 
     </span>
    </p>
   </div>
   <div class='ocr_carea' id='block_1_91' title="bbox 2164 3116 3725 3208">
    <p class='ocr_par' dir='ltr' id='par_1_91' title="bbox 2164 3116 3725 3208">
     <span class='ocr_line' id='line_1_91' title="bbox 2164 3116 3725 3208; baseline 0.012 -38"><span class='ocrx_word' id='word_1_659' title='bbox 2164 3116 2295 3172; x_wconf 87' lang='lat' dir='ltr'><strong>bant</strong></span> <span class='ocrx_word' id='word_1_660' title='bbox 2319 3120 2451 3175; x_wconf 85' lang='lat' dir='ltr'><strong>deos</strong></span> <span class='ocrx_word' id='word_1_661' title='bbox 2480 3134 2586 3177; x_wconf 88' lang='lat' dir='ltr'><strong>tam</strong></span> <span class='ocrx_word' id='word_1_662' title='bbox 2617 3126 2902 3185; x_wconf 87' lang='lat' dir='ltr'><strong>infamibus</strong></span> <span class='ocrx_word' id='word_1_663' title='bbox 2930 3130 3069 3185; x_wconf 77' lang='lat' dir='ltr'><strong>ludis</strong></span> <span class='ocrx_word' id='word_1_664' title='bbox 3096 3142 3151 3186; x_wconf 90' lang='lat' dir='ltr'><strong>et</strong></span> <span class='ocrx_word' id='word_1_665' title='bbox 3190 3132 3475 3192; x_wconf 72' lang='lat' dir='ltr'><strong>coinmdils</strong></span> <span class='ocrx_word' id='word_1_666' title='bbox 3500 3136 3725 3208; x_wconf 85' lang='lat' dir='ltr'><strong>gaudere,</strong></span> 
     </span>
    </p>
   </div>
   <div class='ocr_carea' id='block_1_92' title="bbox 2165 3212 3802 3286">
    <p class='ocr_par' dir='ltr' id='par_1_92' title="bbox 2165 3212 3802 3286">
     <span class='ocr_line' id='line_1_92' title="bbox 2165 3212 3802 3286; baseline 0.012 -22"><span class='ocrx_word' id='word_1_667' title='bbox 2165 3212 2268 3266; x_wconf 92' lang='lat' dir='ltr'><strong>coli</strong></span> <span class='ocrx_word' id='word_1_668' title='bbox 2304 3224 2467 3283; x_wconf 86' lang='lat' dir='ltr'><strong>atque</strong></span> <span class='ocrx_word' id='word_1_669' title='bbox 2512 3218 2753 3286; x_wconf 80' lang='lat' dir='ltr'><strong>placari?</strong></span> <span class='ocrx_word' id='word_1_670' title='bbox 2797 3222 2914 3277; x_wconf 85' lang='lat' dir='ltr'><strong>Non</strong></span> <span class='ocrx_word' id='word_1_671' title='bbox 2953 3226 3173 3282; x_wconf 88' lang='lat' dir='ltr'><strong>aliunde</strong></span> <span class='ocrx_word' id='word_1_672' title='bbox 3210 3226 3434 3285; x_wconf 84' lang='lat' dir='ltr'><strong>demum</strong></span> <span class='ocrx_word' id='word_1_673' title='bbox 3464 3242 3602 3284; x_wconf 84' lang='lat' dir='ltr'><strong>ortas</strong></span> <span class='ocrx_word' id='word_1_674' title='bbox 3626 3243 3727 3283; x_wconf 85' lang='lat' dir='ltr'><strong>esse</strong></span> <span class='ocrx_word' id='word_1_675' title='bbox 3793 3264 3802 3274; x_wconf 86' lang='lat'><strong>-</strong></span> 
     </span>
    </p>
   </div>
   <div class='ocr_carea' id='block_1_93' title="bbox 2163 3306 3724 3393">
    <p class='ocr_par' dir='ltr' id='par_1_93' title="bbox 2163 3306 3724 3393">
     <span class='ocr_line' id='line_1_93' title="bbox 2163 3306 3724 3393; baseline 0.012 -36"><span class='ocrx_word' id='word_1_676' title='bbox 2163 3316 2355 3359; x_wconf 83' lang='lat' dir='ltr'><strong>censet</strong></span> <span class='ocrx_word' id='word_1_677' title='bbox 2375 3306 2511 3362; x_wconf 90' lang='lat' dir='ltr'><strong>adeo</strong></span> <span class='ocrx_word' id='word_1_678' title='bbox 2540 3310 2804 3368; x_wconf 76' lang='lat' dir='ltr'><strong>absurdus</strong></span> <span class='ocrx_word' id='word_1_679' title='bbox 2835 3315 3050 3371; x_wconf 85' lang='lat' dir='ltr'><strong>illorum</strong></span> <span class='ocrx_word' id='word_1_680' title='bbox 3080 3320 3389 3388; x_wconf 89' lang='lat' dir='ltr'><strong>opiniones,</strong></span> <span class='ocrx_word' id='word_1_681' title='bbox 3420 3338 3572 3393; x_wconf 89' lang='lat' dir='ltr'><strong>quam</strong></span> <span class='ocrx_word' id='word_1_682' title='bbox 3606 3320 3724 3391; x_wconf 87' lang='lat' dir='ltr'><strong>quod</strong></span> 
     </span>
    </p>
   </div>
   <div class='ocr_carea' id='block_1_94' title="bbox 2163 3398 3725 3487">
    <p class='ocr_par' dir='ltr' id='par_1_94' title="bbox 2163 3398 3725 3487">
     <span class='ocr_line' id='line_1_94' title="bbox 2163 3398 3725 3487; baseline 0.012 -37"><span class='ocrx_word' id='word_1_683' title='bbox 2163 3398 2319 3466; x_wconf 82' lang='lat' dir='ltr'><strong>plane</strong></span> <span class='ocrx_word' id='word_1_684' title='bbox 2346 3404 2637 3458; x_wconf 59' lang='lat' dir='ltr'><strong>nescieriet</strong></span> <span class='ocrx_word' id='word_1_685' title='bbox 2659 3408 2783 3476; x_wconf 89' lang='lat' dir='ltr'><strong>quid</strong></span> <span class='ocrx_word' id='word_1_686' title='bbox 2816 3412 2883 3463; x_wconf 87' lang='lat' dir='ltr'><strong>sit</strong></span> <span class='ocrx_word' id='word_1_687' title='bbox 2912 3412 3073 3471; x_wconf 72' lang='lat' dir='ltr'><strong>Deus.</strong></span> <span class='ocrx_word' id='word_1_688' title='bbox 3102 3426 3195 3467; x_wconf 88' lang='lat' dir='ltr'><strong>aut</strong></span> <span class='ocrx_word' id='word_1_689' title='bbox 3224 3428 3347 3485; x_wconf 71' lang='lat' dir='ltr'><strong>qua:</strong></span> <span class='ocrx_word' id='word_1_690' title='bbox 3388 3418 3495 3472; x_wconf 89' lang='lat' dir='ltr'><strong>sint</strong></span> <span class='ocrx_word' id='word_1_691' title='bbox 3517 3417 3625 3487; x_wconf 84' lang='lat' dir='ltr'><strong>ejus</strong></span> <span class='ocrx_word' id='word_1_692' title='bbox 3648 3432 3725 3470; x_wconf 46' lang='lat' dir='ltr'><strong>na.</strong></span> 
     </span>
    </p>
   </div>
   <div class='ocr_carea' id='block_1_95' title="bbox 2161 3494 3724 3580">
    <p class='ocr_par' dir='ltr' id='par_1_95' title="bbox 2161 3494 3724 3580">
     <span class='ocr_line' id='line_1_95' title="bbox 2161 3494 3724 3580; baseline 0.013 -36"><span class='ocrx_word' id='word_1_693' title='bbox 2161 3494 2301 3557; x_wconf 80' lang='lat' dir='ltr'><strong>tura;</strong></span> <span class='ocrx_word' id='word_1_694' title='bbox 2352 3498 2606 3554; x_wconf 71' lang='lat' dir='ltr'><strong>attributa</strong></span> <span class='ocrx_word' id='word_1_695' title='bbox 2647 3512 2700 3554; x_wconf 87' lang='lat' dir='ltr'><strong>et</strong></span> <span class='ocrx_word' id='word_1_696' title='bbox 2727 3503 3030 3572; x_wconf 87' lang='lat' dir='ltr'><strong>qualitates.</strong></span> <span class='ocrx_word' id='word_1_697' title='bbox 3084 3507 3158 3561; x_wconf 89' lang='lat' dir='ltr'><strong>De</strong></span> <span class='ocrx_word' id='word_1_698' title='bbox 3189 3510 3270 3562; x_wconf 83' lang='lat' dir='ltr'><strong>his</strong></span> <span class='ocrx_word' id='word_1_699' title='bbox 3298 3510 3462 3580; x_wconf 76' lang='lat' dir='ltr'><strong>put-ri)</strong></span> <span class='ocrx_word' id='word_1_700' title='bbox 3489 3513 3618 3567; x_wconf 74' lang='lat' dir='ltr'><strong>ludis</strong></span> <span class='ocrx_word' id='word_1_701' title='bbox 3649 3525 3724 3565; x_wconf 82' lang='lat' dir='ltr'><strong>co—</strong></span> 
     </span>
    </p>
   </div>
   <div class='ocr_carea' id='block_1_96' title="bbox 2159 3584 3719 3676">
    <p class='ocr_par' dir='ltr' id='par_1_96' title="bbox 2159 3584 3719 3676">
     <span class='ocr_line' id='line_1_96' title="bbox 2159 3584 3719 3676; baseline 0.012 -39"><span class='ocrx_word' id='word_1_702' title='bbox 2159 3584 2372 3644; x_wconf 64' lang='lat' dir='ltr'><strong>nicediis</strong></span> <span class='ocrx_word' id='word_1_703' title='bbox 2430 3602 2483 3643; x_wconf 82' lang='lat' dir='ltr'><strong>et</strong></span> <span class='ocrx_word' id='word_1_704' title='bbox 2518 3592 2810 3661; x_wconf 73' lang='lat' dir='ltr'><strong>tragtediis,</strong></span> <span class='ocrx_word' id='word_1_705' title='bbox 2860 3596 2927 3650; x_wconf 85' lang='lat' dir='ltr'><strong>de</strong></span> <span class='ocrx_word' id='word_1_706' title='bbox 2954 3594 3148 3665; x_wconf 78' lang='lat' dir='ltr'><strong>quibus</strong></span> <span class='ocrx_word' id='word_1_707' title='bbox 3193 3598 3303 3670; x_wconf 83' lang='lat' dir='ltr'><strong>jaui</strong></span> <span class='ocrx_word' id='word_1_708' title='bbox 3358 3596 3719 3676; x_wconf 83' lang='lat' dir='ltr'><strong>disputavitiuts</strong></span> 
     </span>
    </p>
   </div>
   <div class='ocr_carea' id='block_1_97' title="bbox 2161 3679 3719 3768">
    <p class='ocr_par' dir='ltr' id='par_1_97' title="bbox 2161 3679 3719 3768">
     <span class='ocr_line' id='line_1_97' title="bbox 2161 3679 3719 3768; baseline 0.013 -38"><span class='ocrx_word' id='word_1_709' title='bbox 2161 3679 2404 3750; x_wconf 76' lang='lat' dir='ltr'><strong>(Disserl.</strong></span> <span class='ocrx_word' id='word_1_710' title='bbox 2450 3685 2503 3736; x_wconf 88' lang='lat' dir='ltr'><strong>in</strong></span> <span class='ocrx_word' id='word_1_711' title='bbox 2545 3686 2769 3753; x_wconf 83' lang='lat' dir='ltr'><strong>Minnc.,</strong></span> <span class='ocrx_word' id='word_1_712' title='bbox 2802 3706 2919 3756; x_wconf 80' lang='lat' dir='ltr'><strong>cap.</strong></span> <span class='ocrx_word' id='word_1_713' title='bbox 2960 3691 3045 3757; x_wconf 81' lang='grc'><strong>15,</strong></span> <span class='ocrx_word' id='word_1_714' title='bbox 3075 3706 3176 3748; x_wconf 88' lang='lat' dir='ltr'><strong>art.</strong></span> <span class='ocrx_word' id='word_1_715' title='bbox 3206 3696 3280 3765; x_wconf 81' lang='grc'><strong>1),</strong></span> <span class='ocrx_word' id='word_1_716' title='bbox 3312 3696 3402 3766; x_wconf 80' lang='lat' dir='ltr'><strong>qui</strong></span> <span class='ocrx_word' id='word_1_717' title='bbox 3435 3700 3578 3768; x_wconf 91' lang='lat' dir='ltr'><strong>plura</strong></span> <span class='ocrx_word' id='word_1_718' title='bbox 3604 3690 3719 3752; x_wconf 80' lang='lat' dir='ltr'><strong>scire</strong></span> 
     </span>
    </p>
   </div>
   <div class='ocr_carea' id='block_1_98' title="bbox 2157 3777 3724 3861">
    <p class='ocr_par' dir='ltr' id='par_1_98' title="bbox 2157 3777 3724 3861">
     <span class='ocr_line' id='line_1_98' title="bbox 2157 3777 3724 3861; baseline 0.013 -34"><span class='ocrx_word' id='word_1_719' title='bbox 2157 3777 2326 3844; x_wconf 88' lang='lat' dir='ltr'><strong>cupit,</strong></span> <span class='ocrx_word' id='word_1_720' title='bbox 2357 3778 2401 3832; x_wconf 90' lang='lat' dir='ltr'><strong>is</strong></span> <span class='ocrx_word' id='word_1_721' title='bbox 2430 3779 2572 3847; x_wconf 78' lang='lat' dir='ltr'><strong>legat</strong></span> <span class='ocrx_word' id='word_1_722' title='bbox 2593 3781 2715 3836; x_wconf 90' lang='lat' dir='ltr'><strong>Lilii</strong></span> <span class='ocrx_word' id='word_1_723' title='bbox 2744 3783 2966 3851; x_wconf 90' lang='lat' dir='ltr'><strong>Giraldi,</strong></span> <span class='ocrx_word' id='word_1_724' title='bbox 2992 3788 3269 3860; x_wconf 82' lang='lat' dir='ltr'><strong>Scaligeri,</strong></span> <span class='ocrx_word' id='word_1_725' title='bbox 3297 3791 3611 3861; x_wconf 83' lang='lat' dir='ltr'><strong>Camerarii,</strong></span> <span class='ocrx_word' id='word_1_726' title='bbox 3641 3794 3724 3847; x_wconf 77' lang='lat' dir='ltr'><strong>Ca-</strong></span> 
     </span>
    </p>
   </div>
   <div class='ocr_carea' id='block_1_99' title="bbox 2155 3868 3723 3947">
    <p class='ocr_par' dir='ltr' id='par_1_99' title="bbox 2155 3868 3723 3947">
     <span class='ocr_line' id='line_1_99' title="bbox 2155 3868 3723 3947; baseline 0.011 -27"><span class='ocrx_word' id='word_1_727' title='bbox 2155 3868 2302 3936; x_wconf 88' lang='lat' dir='ltr'><strong>salis,</strong></span> <span class='ocrx_word' id='word_1_728' title='bbox 2348 3871 2581 3928; x_wconf 79' lang='lat' dir='ltr'><strong>Alberici</strong></span> <span class='ocrx_word' id='word_1_729' title='bbox 2624 3872 2862 3944; x_wconf 81' lang='lat' dir='ltr'><strong>gentilis,</strong></span> <span class='ocrx_word' id='word_1_730' title='bbox 2909 3878 3162 3947; x_wconf 83' lang='lat' dir='ltr'><strong>Fabricii,</strong></span> <span class='ocrx_word' id='word_1_731' title='bbox 3212 3886 3517 3940; x_wconf 89' lang='lat' dir='ltr'><strong>etaliornm</strong></span> <span class='ocrx_word' id='word_1_732' title='bbox 3548 3888 3610 3941; x_wconf 89' lang='lat' dir='ltr'><strong>de</strong></span> <span class='ocrx_word' id='word_1_733' title='bbox 3636 3884 3723 3938; x_wconf 88' lang='lat' dir='ltr'><strong>illis</strong></span> 
     </span>
    </p>
   </div>
   <div class='ocr_carea' id='block_1_100' title="bbox 2154 3968 3723 4051">
    <p class='ocr_par' dir='ltr' id='par_1_100' title="bbox 2154 3968 3723 4051">
     <span class='ocr_line' id='line_1_100' title="bbox 2154 3968 3723 4051; baseline 0.012 -36"><span class='ocrx_word' id='word_1_734' title='bbox 2154 3968 2663 4024; x_wconf 86' lang='lat' dir='ltr'><strong>coumtentationes.</strong></span> <span class='ocrx_word' id='word_1_735' title='bbox 2716 3973 2855 4027; x_wconf 78' lang='lat' dir='ltr'><strong>Satis</strong></span> <span class='ocrx_word' id='word_1_736' title='bbox 2899 3987 3076 4031; x_wconf 90' lang='lat' dir='ltr'><strong>autem</strong></span> <span class='ocrx_word' id='word_1_737' title='bbox 3132 3990 3321 4047; x_wconf 86' lang='lat' dir='ltr'><strong>aperte</strong></span> <span class='ocrx_word' id='word_1_738' title='bbox 3366 3996 3433 4037; x_wconf 83' lang='lat' dir='ltr'><strong>ex</strong></span> <span class='ocrx_word' id='word_1_739' title='bbox 3484 3978 3583 4043; x_wconf 85' lang='lat' dir='ltr'><strong>bis,</strong></span> <span class='ocrx_word' id='word_1_740' title='bbox 3623 3992 3723 4051; x_wconf 62' lang='lat' dir='ltr'><strong>qua!</strong></span> 
     </span>
    </p>
   </div>
   <div class='ocr_carea' id='block_1_101' title="bbox 2154 4054 3724 4142">
    <p class='ocr_par' dir='ltr' id='par_1_101' title="bbox 2154 4054 3724 4142">
     <span class='ocr_line' id='line_1_101' title="bbox 2154 4054 3724 4142; baseline 0.012 -35"><span class='ocrx_word' id='word_1_741' title='bbox 2154 4054 2311 4110; x_wconf 88' lang='lat' dir='ltr'><strong>dicta</strong></span> <span class='ocrx_word' id='word_1_742' title='bbox 2345 4068 2490 4124; x_wconf 90' lang='lat' dir='ltr'><strong>sunt,</strong></span> <span class='ocrx_word' id='word_1_743' title='bbox 2519 4061 2588 4115; x_wconf 84' lang='lat' dir='ltr'><strong>ab</strong></span> <span class='ocrx_word' id='word_1_744' title='bbox 2606 4063 2856 4119; x_wconf 86' lang='lat' dir='ltr'><strong>omnibus</strong></span> <span class='ocrx_word' id='word_1_745' title='bbox 2886 4066 3199 4139; x_wconf 89' lang='lat' dir='ltr'><strong>intelligitur</strong></span> <span class='ocrx_word' id='word_1_746' title='bbox 3227 4072 3314 4126; x_wconf 89' lang='lat' dir='ltr'><strong>vel</strong></span> <span class='ocrx_word' id='word_1_747' title='bbox 3346 4072 3452 4129; x_wconf 89' lang='lat' dir='ltr'><strong>illis</strong></span> <span class='ocrx_word' id='word_1_748' title='bbox 3474 4075 3595 4128; x_wconf 81' lang='lat' dir='ltr'><strong>solis</strong></span> <span class='ocrx_word' id='word_1_749' title='bbox 3616 4087 3724 4142; x_wconf 80' lang='lat' dir='ltr'><strong>gen-</strong></span> 
     </span>
    </p>
   </div>
   <div class='ocr_carea' id='block_1_102' title="bbox 2154 4147 3721 4237">
    <p class='ocr_par' dir='ltr' id='par_1_102' title="bbox 2154 4147 3721 4237">
     <span class='ocr_line' id='line_1_102' title="bbox 2154 4147 3721 4237; baseline 0.011 -37"><span class='ocrx_word' id='word_1_750' title='bbox 2154 4147 2325 4203; x_wconf 88' lang='lat' dir='ltr'><strong>tilium</strong></span> <span class='ocrx_word' id='word_1_751' title='bbox 2381 4152 2533 4220; x_wconf 88' lang='lat' dir='ltr'><strong>deos,</strong></span> <span class='ocrx_word' id='word_1_752' title='bbox 2588 4165 2863 4228; x_wconf 86' lang='lat' dir='ltr'><strong>totamque</strong></span> <span class='ocrx_word' id='word_1_753' title='bbox 2911 4160 3099 4217; x_wconf 86' lang='lat' dir='ltr'><strong>eorum</strong></span> <span class='ocrx_word' id='word_1_754' title='bbox 3149 4164 3468 4237; x_wconf 82' lang='lat' dir='ltr'><strong>religionem</strong></span> <span class='ocrx_word' id='word_1_755' title='bbox 3514 4166 3721 4222; x_wconf 86' lang='lat' dir='ltr'><strong>funditus</strong></span> 
     </span>
    </p>
   </div>
   <div class='ocr_carea' id='block_1_103' title="bbox 2151 4242 2340 4297">
    <p class='ocr_par' dir='ltr' id='par_1_103' title="bbox 2151 4242 2340 4297">
     <span class='ocr_line' id='line_1_103' title="bbox 2151 4242 2340 4297; baseline 0.005 -3"><span class='ocrx_word' id='word_1_756' title='bbox 2151 4242 2340 4297; x_wconf 83' lang='lat' dir='ltr'><strong>everti.</strong></span> 
     </span>
    </p>
   </div>
   <div class='ocr_carea' id='block_1_104' title="bbox 2743 4342 3153 4406">
    <p class='ocr_par' dir='ltr' id='par_1_104' title="bbox 2743 4342 3153 4406">
     <span class='ocr_line' id='line_1_104' title="bbox 2743 4342 3153 4406; baseline 0.015 -6"><span class='ocrx_word' id='word_1_757' title='bbox 2743 4342 2973 4403; x_wconf 82' lang='lat' dir='ltr'><strong>CAPUT</strong></span> <span class='ocrx_word' id='word_1_758' title='bbox 3010 4349 3153 4406; x_wconf 71' lang='lat' dir='ltr'><strong>XVI.</strong></span> 
     </span>
    </p>
   </div>
   <div class='ocr_carea' id='block_1_105' title="bbox 2154 4468 3717 4559">
    <p class='ocr_par' dir='ltr' id='par_1_105' title="bbox 2154 4468 3717 4559">
     <span class='ocr_line' id='line_1_105' title="bbox 2154 4468 3717 4559; baseline 0.006 -34"><span class='ocrx_word' id='word_1_759' title='bbox 2154 4468 2320 4541; x_wconf 74' lang='lat' dir='ltr'><strong>Quam</strong></span> <span class='ocrx_word' id='word_1_760' title='bbox 2376 4472 2531 4529; x_wconf 78' lang='lat' dir='ltr'><strong>varia:</strong></span> <span class='ocrx_word' id='word_1_761' title='bbox 2579 4470 2772 4547; x_wconf 75' lang='lat' dir='ltr'><strong>fuerint</strong></span> <span class='ocrx_word' id='word_1_762' title='bbox 2802 4480 3121 4537; x_wconf 76' lang='lat' dir='ltr'><strong>ethnicorum</strong></span> <span class='ocrx_word' id='word_1_763' title='bbox 3166 4485 3229 4539; x_wconf 83' lang='lat' dir='ltr'><strong>de</strong></span> <span class='ocrx_word' id='word_1_764' title='bbox 3259 4484 3483 4559; x_wconf 77' lang='lat' dir='ltr'><strong>singulis</strong></span> <span class='ocrx_word' id='word_1_765' title='bbox 3511 4484 3603 4541; x_wconf 77' lang='lat' dir='ltr'><strong>diis</strong></span> <span class='ocrx_word' id='word_1_766' title='bbox 3629 4483 3717 4539; x_wconf 72' lang='lat' dir='ltr'><strong>suis</strong></span> 
     </span>
    </p>
   </div>
   <div class='ocr_carea' id='block_1_106' title="bbox 2221 4548 3716 4639">
    <p class='ocr_par' dir='ltr' id='par_1_106' title="bbox 2221 4548 3716 4639">
     <span class='ocr_line' id='line_1_106' title="bbox 2221 4548 3716 4639; baseline 0.006 -20"><span class='ocrx_word' id='word_1_767' title='bbox 2221 4548 2511 4635; x_wconf 75' lang='lat' dir='ltr'><strong>Opiniones,</strong></span> <span class='ocrx_word' id='word_1_768' title='bbox 2544 4579 2591 4622; x_wconf 86' lang='lat' dir='ltr'><strong>et</strong></span> <span class='ocrx_word' id='word_1_769' title='bbox 2642 4574 2796 4639; x_wconf 64' lang='lat' dir='ltr'><strong>unum</strong></span> <span class='ocrx_word' id='word_1_770' title='bbox 2825 4582 2962 4628; x_wconf 82' lang='lat' dir='ltr'><strong>recte</strong></span> <span class='ocrx_word' id='word_1_771' title='bbox 3002 4574 3264 4633; x_wconf 76' lang='lat' dir='ltr'><strong>Arnobius</strong></span> <span class='ocrx_word' id='word_1_772' title='bbox 3292 4580 3414 4635; x_wconf 84' lang='lat' dir='ltr'><strong>inde</strong></span> <span class='ocrx_word' id='word_1_773' title='bbox 3441 4580 3716 4635; x_wconf 76' lang='lat' dir='ltr'><strong>demonstret</strong></span> 
     </span>
    </p>
   </div>
   <div class='ocr_carea' id='block_1_107' title="bbox 2218 4654 3281 4736">
    <p class='ocr_par' dir='ltr' id='par_1_107' title="bbox 2218 4654 3281 4736">
     <span class='ocr_line' id='line_1_107' title="bbox 2218 4654 3281 4736; baseline 0.014 -24"><span class='ocrx_word' id='word_1_774' title='bbox 2218 4654 2406 4729; x_wconf 77' lang='lat' dir='ltr'><strong>falsam</strong></span> <span class='ocrx_word' id='word_1_775' title='bbox 2439 4678 2546 4717; x_wconf 82' lang='lat' dir='ltr'><strong>esse</strong></span> <span class='ocrx_word' id='word_1_776' title='bbox 2577 4660 2917 4736; x_wconf 70' lang='lat' dir='ltr'><strong>unicnjtisque</strong></span> <span class='ocrx_word' id='word_1_777' title='bbox 2946 4666 3281 4727; x_wconf 76' lang='lat' dir='ltr'><strong>divinitatem.</strong></span> 
     </span>
    </p>
   </div>
   <div class='ocr_carea' id='block_1_108' title="bbox 2666 4818 3209 4864">
    <p class='ocr_par' dir='ltr' id='par_1_108' title="bbox 2666 4818 3209 4864">
     <span class='ocr_line' id='line_1_108' title="bbox 2666 4818 3209 4864; baseline 0.009 -7"><span class='ocrx_word' id='word_1_778' title='bbox 2666 4818 2965 4860; x_wconf 71' lang='grc' dir='ltr'><strong>Αιιτιουιυδ</strong></span> <span class='ocrx_word' id='word_1_779' title='bbox 3000 4822 3209 4864; x_wconf 63' lang='lat' dir='ltr'><strong>Pullus.</strong></span> 
     </span>
    </p>
   </div>
   <div class='ocr_carea' id='block_1_109' title="bbox 2141 4910 3708 5000">
    <p class='ocr_par' dir='ltr' id='par_1_109' title="bbox 2141 4910 3708 5000">
     <span class='ocr_line' id='line_1_109' title="bbox 2141 4910 3708 5000; baseline 0.01 -37"><span class='ocrx_word' id='word_1_780' title='bbox 2141 4910 2460 5000; x_wconf 60' lang='lat' dir='ltr'><strong>Examinatur</strong></span> <span class='ocrx_word' id='word_1_781' title='bbox 2484 4918 2681 4971; x_wconf 81' lang='lat' dir='ltr'><strong>Arnobii</strong></span> <span class='ocrx_word' id='word_1_782' title='bbox 2698 4928 2877 5000; x_wconf 50' lang='lat' dir='ltr'><strong>eontra</strong></span> <span class='ocrx_word' id='word_1_783' title='bbox 2901 4910 3203 5000; x_wconf 71' lang='lat' dir='ltr'><strong>ethnicorum</strong></span> <span class='ocrx_word' id='word_1_784' title='bbox 3221 4930 3346 5000; x_wconf 75' lang='lat' dir='ltr'><strong>deos</strong></span> <span class='ocrx_word' id='word_1_785' title='bbox 3372 4932 3708 5000; x_wconf 43' lang='lat' dir='ltr'><strong>argumentum!</strong></span> 
     </span>
    </p>
   </div>
   <div class='ocr_carea' id='block_1_110' title="bbox 2207 4980 3713 5054">
    <p class='ocr_par' dir='ltr' id='par_1_110' title="bbox 2207 4980 3713 5054">
     <span class='ocr_line' id='line_1_110' title="bbox 2207 4980 3713 5054; baseline 0.007 -26"><span class='ocrx_word' id='word_1_786' title='bbox 2207 4980 2319 5028; x_wconf 87' lang='lat' dir='ltr'><strong>inde</strong></span> <span class='ocrx_word' id='word_1_787' title='bbox 2343 4982 2710 5054; x_wconf 39' lang='lat' dir='ltr'><strong>ductum,&quot;quod</strong></span> <span class='ocrx_word' id='word_1_788' title='bbox 2748 5000 2897 5054; x_wconf 70' lang='lat' dir='ltr'><strong>quem</strong></span> <span class='ocrx_word' id='word_1_789' title='bbox 2934 4990 3082 5043; x_wconf 81' lang='lat' dir='ltr'><strong>deum</strong></span> <span class='ocrx_word' id='word_1_790' title='bbox 3102 4980 3713 5054; x_wconf 32' lang='lat' dir='ltr'><strong>nomiulli&#39;exvparrutibus</strong></span> 
     </span>
    </p>
   </div>
   <div class='ocr_carea' id='block_1_111' title="bbox 2206 5044 3709 5115">
    <p class='ocr_par' dir='ltr' id='par_1_111' title="bbox 2206 5044 3709 5115">
     <span class='ocr_line' id='line_1_111' title="bbox 2206 5044 3709 5115; baseline 0.007 -27"><span class='ocrx_word' id='word_1_791' title='bbox 2206 5053 2512 5115; x_wconf 56' lang='lat' dir='ltr'><strong>procreatum</strong></span> <span class='ocrx_word' id='word_1_792' title='bbox 2539 5044 2785 5115; x_wconf 50' lang='lat' dir='ltr'><strong>dii-ebant}</strong></span> <span class='ocrx_word' id='word_1_793' title='bbox 2819 5044 2903 5115; x_wconf 87' lang='lat' dir='ltr'><strong>alii</strong></span> <span class='ocrx_word' id='word_1_794' title='bbox 2936 5064 3047 5115; x_wconf 77' lang='lat' dir='ltr'><strong>rem</strong></span> <span class='ocrx_word' id='word_1_795' title='bbox 3075 5050 3282 5115; x_wconf 80' lang='lat' dir='ltr'><strong>aliquam</strong></span> <span class='ocrx_word' id='word_1_796' title='bbox 3317 5044 3581 5115; x_wconf 76' lang='lat' dir='ltr'><strong>naturalem</strong></span> <span class='ocrx_word' id='word_1_797' title='bbox 3615 5060 3709 5098; x_wconf 64' lang='lat' dir='ltr'><strong>esse</strong></span> 
     </span>
    </p>
   </div>
   <div class='ocr_carea' id='block_1_112' title="bbox 2140 5103 3706 5175">
    <p class='ocr_par' dir='ltr' id='par_1_112' title="bbox 2140 5103 3706 5175">
     <span class='ocr_line' id='line_1_112' title="bbox 2140 5103 3706 5175; baseline 0.01 -26"><span class='ocrx_word' id='word_1_798' title='bbox 2140 5134 2147 5139; x_wconf 66' lang='grc' dir='ltr'><em>ι</em></span> <span class='ocrx_word' id='word_1_799' title='bbox 2203 5103 2563 5175; x_wconf 61' lang='lat' dir='ltr'><strong>affirmaverinl.</strong></span> <span class='ocrx_word' id='word_1_800' title='bbox 2592 5116 2742 5175; x_wconf 81' lang='lat' dir='ltr'><strong>atque</strong></span> <span class='ocrx_word' id='word_1_801' title='bbox 2766 5113 2813 5160; x_wconf 89' lang='lat' dir='ltr'><strong>iu</strong></span> <span class='ocrx_word' id='word_1_802' title='bbox 2840 5114 3005 5174; x_wconf 80' lang='lat' dir='ltr'><strong>primis</strong></span> <span class='ocrx_word' id='word_1_803' title='bbox 3022 5103 3215 5173; x_wconf 70' lang='lat' dir='ltr'><strong>Januin,</strong></span> <span class='ocrx_word' id='word_1_804' title='bbox 3240 5103 3515 5175; x_wconf 84' lang='lat' dir='ltr'><strong>Saturnum,</strong></span> <span class='ocrx_word' id='word_1_805' title='bbox 3540 5114 3706 5165; x_wconf 72' lang='lat' dir='ltr'><strong>Jovem.</strong></span> 
     </span>
    </p>
   </div>
   <div class='ocr_carea' id='block_1_113' title="bbox 2203 5164 3706 5243">
    <p class='ocr_par' dir='ltr' id='par_1_113' title="bbox 2203 5164 3706 5243">
     <span class='ocr_line' id='line_1_113' title="bbox 2203 5164 3706 5243; baseline 0.005 -29"><span class='ocrx_word' id='word_1_806' title='bbox 2203 5164 2485 5243; x_wconf 37' lang='lat' dir='ltr'><strong>lunonem“</strong></span> <span class='ocrx_word' id='word_1_807' title='bbox 2500 5164 2803 5243; x_wconf 52' lang='lat' dir='ltr'><strong>Fluviouﬂni.</strong></span> <span class='ocrx_word' id='word_1_808' title='bbox 2825 5164 3119 5243; x_wconf 58' lang='grc' dir='ltr'><strong>ΔΡοῐηρῐκιυτι,</strong></span> <span class='ocrx_word' id='word_1_809' title='bbox 3140 5164 3515 5243; x_wconf 51' lang='lat' dir='ltr'><strong>Ossipaginam,’</strong></span> <span class='ocrx_word' id='word_1_810' title='bbox 3537 5177 3706 5227; x_wconf 83' lang='lat' dir='ltr'><strong>Febru-</strong></span> 
     </span>
    </p>
   </div>
   <div class='ocr_carea' id='block_1_114' title="bbox 2204 5187 3280 5301">
    <p class='ocr_par' dir='ltr' id='par_1_114' title="bbox 2204 5187 3280 5301">
     <span class='ocr_line' id='line_1_114' title="bbox 2204 5187 3280 5240; baseline 0.013 -26"><span class='ocrx_word' id='word_1_811' title='bbox 2204 5187 2465 5230; x_wconf 66' lang='grc' dir='ltr'><strong>ψυιιυυεω,</strong></span> <span class='ocrx_word' id='word_1_812' title='bbox 2500 5187 2670 5219; x_wconf 81' lang='lat' dir='ltr'><strong>rtuvw</strong></span> <span class='ocrx_word' id='word_1_813' title='bbox 2710 5187 2803 5225; x_wconf 71' lang='lat' dir='ltr'><strong>&#39;m.</strong></span> <span class='ocrx_word' id='word_1_814' title='bbox 2842 5187 3119 5237; x_wconf 66' lang='lat' dir='ltr'><strong>romanam,</strong></span> <span class='ocrx_word' id='word_1_815' title='bbox 3148 5187 3280 5240; x_wconf 76' lang='lat' dir='ltr'><strong>Ussip</strong></span> 
     </span>
     <span class='ocr_line' id='line_1_115' title="bbox 2204 5187 3280 5301; baseline 0.014 -26"><span class='ocrx_word' id='word_1_816' title='bbox 2204 5227 2309 5287; x_wconf 90' lang='lat' dir='ltr'><strong>tim,</strong></span> <span class='ocrx_word' id='word_1_817' title='bbox 2332 5187 2931 5296; x_wconf 63' lang='lat' dir='ltr'><strong>Pepuloniatii,nEiitxiani,</strong></span> <span class='ocrx_word' id='word_1_818' title='bbox 2958 5230 3280 5301; x_wconf 69' lang='lat' dir='ltr'><strong>Caprotinam.</strong></span> 
     </span>
    </p>
   </div>
   <div class='ocr_carea' id='block_1_115' title="bbox 2212 5352 3701 5424">
    <p class='ocr_par' dir='ltr' id='par_1_115' title="bbox 2212 5352 3701 5424">
     <span class='ocr_line' id='line_1_116' title="bbox 2212 5352 3701 5424; baseline 0.011 -19"><span class='ocrx_word' id='word_1_819' title='bbox 2212 5352 2367 5408; x_wconf 85' lang='lat' dir='ltr'><strong>Aliud</strong></span> <span class='ocrx_word' id='word_1_820' title='bbox 2395 5355 2683 5421; x_wconf 87' lang='lat' dir='ltr'><strong>Arnobius,</strong></span> <span class='ocrx_word' id='word_1_821' title='bbox 2727 5376 2827 5416; x_wconf 91' lang='lat' dir='ltr'><strong>nec</strong></span> <span class='ocrx_word' id='word_1_822' title='bbox 2856 5366 3070 5419; x_wconf 64' lang='lat' dir='ltr'><strong>caeteris</strong></span> <span class='ocrx_word' id='word_1_823' title='bbox 3113 5366 3292 5424; x_wconf 85' lang='lat' dir='ltr'><strong>minus</strong></span> <span class='ocrx_word' id='word_1_824' title='bbox 3321 5367 3512 5423; x_wconf 81' lang='lat' dir='ltr'><strong>efﬁcax</strong></span> <span class='ocrx_word' id='word_1_825' title='bbox 3538 5381 3597 5423; x_wconf 89' lang='lat' dir='ltr'><strong>ac</strong></span> <span class='ocrx_word' id='word_1_826' title='bbox 3620 5376 3701 5417; x_wconf 77' lang='lat' dir='ltr'><strong>va-</strong></span> 
     </span>
    </p>
   </div>
   <div class='ocr_carea' id='block_1_116' title="bbox 2137 5446 3703 5529">
    <p class='ocr_par' dir='ltr' id='par_1_116' title="bbox 2137 5446 3703 5529">
     <span class='ocr_line' id='line_1_117' title="bbox 2137 5446 3703 5529; baseline 0.008 -30"><span class='ocrx_word' id='word_1_827' title='bbox 2137 5446 2323 5513; x_wconf 90' lang='lat' dir='ltr'><strong>lidum,</strong></span> <span class='ocrx_word' id='word_1_828' title='bbox 2358 5448 2621 5506; x_wconf 88' lang='lat' dir='ltr'><strong>adversus</strong></span> <span class='ocrx_word' id='word_1_829' title='bbox 2652 5453 2917 5511; x_wconf 85' lang='lat' dir='ltr'><strong>absurdos</strong></span> <span class='ocrx_word' id='word_1_830' title='bbox 2950 5459 3233 5529; x_wconf 90' lang='lat' dir='ltr'><strong>gentilium</strong></span> <span class='ocrx_word' id='word_1_831' title='bbox 3276 5461 3344 5517; x_wconf 91' lang='lat' dir='ltr'><strong>de</strong></span> <span class='ocrx_word' id='word_1_832' title='bbox 3371 5462 3476 5517; x_wconf 91' lang='lat' dir='ltr'><strong>diis</strong></span> <span class='ocrx_word' id='word_1_833' title='bbox 3504 5459 3606 5515; x_wconf 81' lang='lat' dir='ltr'><strong>suis</strong></span> <span class='ocrx_word' id='word_1_834' title='bbox 3630 5470 3703 5511; x_wconf 84' lang='lat' dir='ltr'><strong>er-</strong></span> 
     </span>
    </p>
   </div>
   <div class='ocr_carea' id='block_1_117' title="bbox 2135 5548 3701 5624">
    <p class='ocr_par' dir='ltr' id='par_1_117' title="bbox 2135 5548 3701 5624">
     <span class='ocr_line' id='line_1_118' title="bbox 2135 5548 3701 5624; baseline 0.013 -34"><span class='ocrx_word' id='word_1_835' title='bbox 2135 5555 2288 5593; x_wconf 83' lang='lat' dir='ltr'><strong>rores</strong></span> <span class='ocrx_word' id='word_1_836' title='bbox 2316 5555 2689 5611; x_wconf 84' lang='lat' dir='ltr'><strong>argumentum</strong></span> <span class='ocrx_word' id='word_1_837' title='bbox 2715 5548 2867 5603; x_wconf 83' lang='lat' dir='ltr'><strong>duxit</strong></span> <span class='ocrx_word' id='word_1_838' title='bbox 2887 5554 3143 5608; x_wconf 56' lang='lat' dir='ltr'><strong>ex‘variis</strong></span> <span class='ocrx_word' id='word_1_839' title='bbox 3169 5554 3386 5624; x_wconf 57' lang='lat' dir='ltr'><strong>etiinter</strong></span> <span class='ocrx_word' id='word_1_840' title='bbox 3408 5571 3468 5608; x_wconf 86' lang='lat' dir='ltr'><strong>sc</strong></span> <span class='ocrx_word' id='word_1_841' title='bbox 3489 5564 3701 5623; x_wconf 72' lang='lat' dir='ltr'><strong>pugnan-</strong></span> 
     </span>
    </p>
   </div>
   <div class='ocr_carea' id='block_1_118' title="bbox 2135 5631 3698 5712">
    <p class='ocr_par' dir='ltr' id='par_1_118' title="bbox 2135 5631 3698 5712">
     <span class='ocr_line' id='line_1_119' title="bbox 2135 5631 3698 5712; baseline 0.015 -28"><span class='ocrx_word' id='word_1_842' title='bbox 2135 5631 2276 5687; x_wconf 89' lang='lat' dir='ltr'><strong>tibus</strong></span> <span class='ocrx_word' id='word_1_843' title='bbox 2305 5632 2522 5690; x_wconf 87' lang='lat' dir='ltr'><strong>illornm</strong></span> <span class='ocrx_word' id='word_1_844' title='bbox 2551 5637 2621 5694; x_wconf 90' lang='lat' dir='ltr'><strong>de</strong></span> <span class='ocrx_word' id='word_1_845' title='bbox 2650 5656 2755 5693; x_wconf 90' lang='lat' dir='ltr'><strong>uno</strong></span> <span class='ocrx_word' id='word_1_846' title='bbox 2785 5643 3084 5712; x_wconf 87' lang='lat' dir='ltr'><strong>eodemque</strong></span> <span class='ocrx_word' id='word_1_847' title='bbox 3111 5645 3217 5702; x_wconf 90' lang='lat' dir='ltr'><strong>dco</strong></span> <span class='ocrx_word' id='word_1_848' title='bbox 3253 5648 3551 5705; x_wconf 86' lang='lat' dir='ltr'><strong>sententiis.</strong></span> <span class='ocrx_word' id='word_1_849' title='bbox 3598 5645 3698 5707; x_wconf 72' lang='grc' dir='ltr'><strong>Ωιιο</strong></span> 
     </span>
    </p>
   </div>
   <div class='ocr_carea' id='block_1_119' title="bbox 2128 5724 3693 5806">
    <p class='ocr_par' dir='ltr' id='par_1_119' title="bbox 2128 5724 3693 5806">
     <span class='ocr_line' id='line_1_120' title="bbox 2128 5724 3693 5806; baseline 0.012 -27"><span class='ocrx_word' id='word_1_850' title='bbox 2128 5724 2293 5792; x_wconf 89' lang='lat' dir='ltr'><strong>enim,</strong></span> <span class='ocrx_word' id='word_1_851' title='bbox 2320 5728 2510 5797; x_wconf 86' lang='lat' dir='ltr'><strong>inquit,</strong></span> <span class='ocrx_word' id='word_1_852' title='bbox 2542 5731 2703 5786; x_wconf 90' lang='lat' dir='ltr'><strong>modo</strong></span> <span class='ocrx_word' id='word_1_853' title='bbox 2735 5734 2848 5791; x_wconf 87' lang='lat' dir='ltr'><strong>lieri</strong></span> <span class='ocrx_word' id='word_1_854' title='bbox 2901 5746 3079 5806; x_wconf 88' lang='lat' dir='ltr'><strong>potest</strong></span> <span class='ocrx_word' id='word_1_855' title='bbox 3118 5749 3175 5793; x_wconf 92' lang='lat' dir='ltr'><strong>ut</strong></span> <span class='ocrx_word' id='word_1_856' title='bbox 3205 5739 3270 5794; x_wconf 89' lang='lat' dir='ltr'><strong>ad</strong></span> <span class='ocrx_word' id='word_1_857' title='bbox 3297 5738 3455 5796; x_wconf 89' lang='lat' dir='ltr'><strong>deum</strong></span> <span class='ocrx_word' id='word_1_858' title='bbox 3486 5738 3693 5805; x_wconf 61' lang='lat' dir='ltr'><strong>aliqu?!“</strong></span> 
     </span>
    </p>
   </div>
   <div class='ocr_carea' id='block_1_120' title="bbox 2126 5820 3690 5893">
    <p class='ocr_par' dir='ltr' id='par_1_120' title="bbox 2126 5820 3690 5893">
     <span class='ocr_line' id='line_1_121' title="bbox 2126 5820 3690 5893; baseline 0.015 -22"><span class='ocrx_word' id='word_1_859' title='bbox 2126 5820 2556 5888; x_wconf 86' lang='lat' dir='ltr'><strong>cognoscendum</strong></span> <span class='ocrx_word' id='word_1_860' title='bbox 2606 5839 2668 5881; x_wconf 89' lang='lat' dir='ltr'><strong>ac</strong></span> <span class='ocrx_word' id='word_1_861' title='bbox 2718 5825 3004 5886; x_wconf 85' lang='lat' dir='ltr'><strong>colendum</strong></span> <span class='ocrx_word' id='word_1_862' title='bbox 3048 5830 3294 5889; x_wconf 90' lang='lat' dir='ltr'><strong>homines</strong></span> <span class='ocrx_word' id='word_1_863' title='bbox 3351 5831 3603 5893; x_wconf 63' lang='lat' dir='ltr'><strong>inducas,</strong></span> <span class='ocrx_word' id='word_1_864' title='bbox 3646 5833 3690 5878; x_wconf 72' lang='grc' dir='ltr'><strong>ια</strong></span> 
     </span>
    </p>
   </div>
  </div>
