3904 6326
422 277 493 328 56
502 277 529 329 7

1717 267 2171 328 υιδδιειιιΤΑΤιυ
2212 268 2498 328 ΡΒΕῊΛ
3595 272 3679 332 568

419 420 570 469 statua
617 395 770 468 ’Ἦραν
801 396 1187 468 προσπίπτοντες.
1222 394 1330 449 ἔστι
1387 396 1486 468 γὰρ
1515 391 1644 447 καὶὸ
1674 394 1840 470 αἰθήρ,
1871 394 1970 462 ἀήρ
1995 389 2022 444 ὁ

2133 390 2218 449 tib.
2264 405 2315 444 tv
2347 388 2412 445 de
2444 388 2596 462 Ling.
2658 391 2776 457 lat.,
2825 406 2944 462 pag.
2991 391 3092 457 l7;
3141 389 3377 460 Augttst.,
3417 391 3498 446 tib.
3537 406 3596 447 vn
3632 398 3680 453 de

421 492 891 566 λεπτομερέστατος
899 527 913 542 .
927 488 958 539 J
967 503 1182 542 ιιιιυηειιι
1195 497 1363 541 autem
1377 485 1408 539 J
1415 487 1522 541 ovis
1534 502 1742 540 uxorem
1755 501 1862 539 esse
1877 485 2032 552 ﬁnxe-

419 596 563 646 runt.
592 584 729 655 quod
763 583 1026 638 cibariam
1063 583 1256 636 scilicet
1299 583 1594 650 aeriamque
1632 581 1731 633 vim
1768 577 2028 632 Junonem

418 677 759 749 appellarent.
796 673 989 729 :Etlter
1028 675 1163 728 enim
1193 673 1558 728 subtilissimus
1593 689 1653 726 ac
1705 671 2030 726 tenuissimus

424 787 516 825 aer
541 781 635 825 est.
665 769 825 825 Addit
879 769 968 824 ille
998 785 1115 824 eam
1147 772 1249 825 ἀπὸ
1278 776 1372 825 τοῦ
1411 770 1561 845 ἀέρος
1594 766 1760 841 Ἥρα,
1794 766 1861 821 ab
1903 781 2030 821 aere

419 861 686 918 Junonem
707 863 870 919 fuisse
887 863 1225 933 appellatam.
1263 863 1560 918 Macrobius
1593 861 1832 926 laudent,
1866 876 2028 930 quem

419 957 583 1026 paulo
611 965 736 1011 ante
761 952 1076 1022 citavimus,
1107 955 1232 1010 alibi
1262 966 1444 1010 narrat
1473 955 1743 1010 Junonem
1784 969 1906 1009 esse
1935 955 2024 1009 in-

418 1048 604 1105 timum
631 1065 835 1114 aerem,
859 1049 935 1104 uti
964 1048 1120 1118 paulo
1150 1058 1270 1118 post
1297 1048 1705 1104 observabimus
1732 1045 2024 1118 (Hacrob.,

421 1143 510 1198 lib.
544 1160 600 1199 ιιι
635 1142 935 1208 Saturnal..
967 1160 1084 1214 cap.
1115 1141 1196 1214 5).

496 1240 563 1292 At
595 1236 719 1292 inde
746 1237 1019 1292 Arnobius
1044 1237 1123 1291 sic
1165 1242 1614 1306 argumentatur:
1646 1251 1665 1285 ι
1701 1233 1757 1289 Si
1797 1248 1893 1289 aer
1934 1233 2027 1288 illa

419 1340 506 1385 est
553 1329 1006 1401 quemadmodum
1025 1345 1120 1384 vos
1138 1329 1324 1384 ludere
1350 1343 1414 1384 ac
1437 1327 1682 1384 dietitare
1703 1325 2026 1392 consuestis,

419 1424 578 1494 δι’πεί
628 1423 862 1477 nominis
902 1423 1218 1477 austeritate
1282 1423 1546 1491 repetita,
1594 1421 1735 1477 nulla
1776 1436 1929 1476 soror
1975 1429 2030 1476 et

421 1517 616 1587 conjux
639 1517 1024 1584 omnipotentis
1052 1517 1352 1586 reperietur
1373 1515 1543 1583 Jovis,
1578 1516 1718 1570 nulla
1743 1514 2025 1578 Fluviona,

421 1610 568 1664 nulla
597 1609 860 1675 Pomona,
893 1610 1034 1664 nulla
1065 1609 1402 1681 Ossipagina,
1437 1609 1584 1664 nulla
1613 1607 1886 1673 Fehrutis,
1919 1605 2023 1660 Po-

420 1702 638 1771 pulonia
661 1745 676 1766 ,
704 1700 892 1756 Cinxia
915 1743 930 1767 ,
963 1713 1015 1755 et
1045 1701 1334 1771 Caprotina
1383 1700 1624 1772 (Arnob.,
1657 1699 1745 1754 lib.
1778 1715 1834 1754 ιιι
1859 1739 1874 1765 ,
1903 1715 2024 1770 pag.

2135 479 2311 548 Civit.,
2341 500 2391 540 c.
2423 482 2513 550 16,
2547 501 2667 555 pag.
2695 484 2847 553 174).
2875 482 2981 540 Sed
3009 483 3078 540 de
3104 483 3202 538 hac
3219 483 3510 554 conjectura
3537 496 3683 544 nostra

2136 577 2364 632 aliorum
2393 588 2508 633 esto
2525 578 2808 648 judicium.

2207 670 2565 740 Depravatum
2588 689 2802 744 quoque
2825 672 3067 728 nonnulli
3088 672 3376 744 opinantur
3394 674 3686 747 subsequens

2133 763 2376 834 ejusdem
2402 764 2631 822 Junonis
2657 782 2874 833 nomen,
2907 782 3016 839 quo
3041 766 3110 822 ab
3145 768 3383 823 Arnobio
3423 767 3687 840 Ossipagina

2134 867 2378 923 vocatur,
2412 859 2918 932 emendandumque
2963 860 3167 916 vellent
3213 860 3475 933 Opigena,
3509 862 3570 918 de
3606 880 3688 936 qua

2135 948 2280 1004 hunc
2310 949 2504 1006 Fesms
2535 951 2774 1024 loquitur
2805 953 2858 1008 in
2892 952 3108 1008 modum
3138 971 3153 1006 :
3190 972 3210 1006 ι
3247 954 3530 1025 Opigenam
3555 954 3690 1012 Juno-

2137 1058 2260 1099 nem
2291 1053 2553 1099 matronae
2577 1045 2848 1110 eolebant,
2867 1045 3009 1114 quod
3030 1046 3171 1102 ferre
3189 1062 3308 1102 eam
3329 1063 3479 1117 opem
3497 1048 3544 1104 in
3567 1061 3690 1118 partu

2131 1137 2503 1194 laborantibus
2517 1138 2814 1194 credebant
2852 1160 2870 1192 ι
2888 1137 3124 1212 (Festus,
3148 1140 3216 1194 ad
3233 1139 3432 1194 verbum
3459 1143 3690 1213 OPlGl-Ztu).

2135 1229 2241 1286 Sed
2279 1229 2403 1285 inde
2453 1246 2560 1285 non
2605 1231 2739 1285 satis
2785 1230 3020 1286 dilucide
3062 1233 3349 1288 conticitur
3395 1242 3558 1287 utrum
3601 1232 3693 1289 hac

2131 1326 2321 1379 eadem
2349 1324 2439 1388 sit,
2466 1333 2628 1392 atque
2649 1323 2984 1396 Ossipagina,
3014 1339 3156 1395 quae,
3182 1335 3238 1380 ut
3262 1334 3444 1396 postea
3465 1325 3695 1381 Arnobius

2131 1419 2386 1488 scripsit,
2439 1417 2715 1472 solidatria:
2762 1419 3009 1485 ossium,
3063 1427 3226 1488 atque
3279 1419 3548 1472 infantium
3597 1432 3695 1473 ossa

2131 1511 2322 1565 durare
2349 1520 2398 1565 et
2439 1511 2662 1565 solidare
2705 1511 2996 1583 putabatur
3025 1511 3263 1581 (Arnob.,
3291 1510 3381 1565 lib.
3410 1526 3480 1576 tv,
3503 1529 3551 1581 p.
3575 1510 3695 1580 151).

2130 1601 2357 1657 Vossius
2409 1619 2542 1658 vero
2585 1604 2837 1659 lubenter
2875 1618 3133 1660 assensus
3173 1614 3254 1659 est
3285 1602 3599 1662 Stewechio.
3625 1603 3696 1674 qui

2135 1697 2390 1771 Ossipaga
2453 1699 2540 1754 vel
2609 1698 2902 1771 Ossipanga
2970 1698 3364 1755 restituendum
3429 1697 3700 1754 autumabat

421 1793 574 1863 “8).
605 1812 624 1844 ι
653 1793 866 1848 Ethnici
889 1793 1154 1865 siquidem
1184 1804 1262 1848 tot
1285 1795 1530 1864 aliasque
1551 1794 1732 1862 plures
1758 1791 2020 1858 Junones,
2054 1781 2101 1842 B
2130 1790 2407 1864 (Voss.,in
2434 1789 2754 1864 Etgmolog.,
2787 1792 2857 1846 ad
2881 1792 3088 1847 verbum
3113 1791 3248 1865 os.).
3277 1791 3410 1847 Eam
3437 1793 3618 1848 etenim
3637 1791 3698 1846 sic

421 1885 644 1956 ejusque
667 1887 882 1941 nomina
903 1894 958 1940 et
977 1885 1193 1940 numina
1219 1888 1506 1940 tinxerant.
1531 1888 1598 1938 At
1621 1884 1690 1939 de
1712 1883 1896 1938 Cinxia
1915 1883 2026 1953 jam

421 1994 450 2032 a
485 1977 641 2033 nobis
670 1979 828 2048 paulo
855 1989 1011 2033 antea
1042 1986 1221 2032 actum
1247 1987 1351 2033 est.
1397 1979 1528 2045 Quae
1555 1989 1733 2032 autem
1766 1975 2026 2030 Fluviona

420 2071 516 2138 sit,
553 2073 707 2128 docet
751 2073 980 2129 Festus:
1017 2093 1033 2125 ι
1073 2074 1392 2129 Fluvionam
1420 2072 1685 2128 Junonem
1711 2115 1725 2138 ,
1766 2090 1786 2125 ι
1820 2071 2024 2142 inquit,

429 2185 446 2218 ι
488 2165 744 2221 mulieres
773 2165 1044 2232 colebant,
1076 2166 1219 2236 quod
1247 2182 1366 2222 eam
1394 2165 1675 2236 sanguinis
1713 2163 1942 2219 fluorem
1973 2165 2028 2220 in

419 2271 682 2330 conceptu
718 2261 954 2316 retinere
987 2260 1241 2330 putabant
1273 2259 1502 2332 (Festus,
1532 2261 1601 2313 ad
1626 2258 1762 2314 verb.
1795 2258 2025 2314 FLUVto-

419 2354 573 2426 Νειι).
615 2373 634 2408 ι
669 2354 840 2424 Quam
887 2355 1102 2426 quidem
1156 2355 1643 2410 nomenclationem
1693 2354 2026 2424 Augustinus

421 2446 683 2504 Varronis
703 2449 1022 2504 auctoritate
1052 2450 1128 2504 sic
1148 2451 1434 2504 continuat
1463 2467 1476 2502 :
1508 2468 1526 2501 ι
1566 2450 1670 2504 Dea
1699 2448 1852 2504 Mena
1877 2465 2026 2504 men-

420 2544 586 2598 etruis
628 2541 886 2597 tluoribus
919 2551 1147 2611 praeest.
1178 2541 1422 2613 quamvis
1465 2541 1615 2597 Jovis
1665 2541 1773 2596 filia
1801 2584 1813 2603 .
1845 2550 2024 2597 tamen

421 2633 694 2704 ignobilis.
727 2634 793 2688 Et
821 2633 958 2689 hanc
992 2635 1322 2704 provinciam
1364 2634 1594 2689 fluorum
1625 2642 2024 2688 menstruorum

419 2727 475 2782 in
507 2728 642 2784 libro
671 2729 995 2784 selectorum
1024 2728 1248 2784 deorum
1281 2729 1378 2799 ipsi
1405 2727 1602 2784 Junoni
1631 2727 1774 2784 idetn
1805 2737 2021 2795 auctor,

421 2817 614 2885 Varro,
639 2819 896 2890 assignat,
925 2837 1044 2888 qu:e
1067 2819 1119 2874 iu
1142 2819 1247 2875 dtis
1271 2821 1489 2875 selectis
1513 2820 1674 2874 etiam
1706 2821 1888 2891 regina
1919 2833 2022 2886 εει,

421 2921 477 2966 et
508 2911 592 2966 hic
625 2923 893 2982 tamquam
924 2913 1064 2968 Juno
1095 2912 1298 2968 Lucina
1324 2929 1447 2969 cum
1478 2913 1671 2969 eadem
1697 2913 1881 2980 Mena,
1909 2914 2024 2984 pri-

422 3003 581 3072 vigna
611 3019 706 3057 sua
732 3046 748 3071 ,
779 3005 954 3061 eidem
997 3007 1178 3061 cruori
1236 3008 1490 3077 praesidet
1536 3007 1798 3078 (August.,
1833 3008 1922 3062 lib.
1954 3023 2027 3062 vu

423 3096 488 3151 tle
527 3095 701 3164 Civit.,
729 3115 846 3169 cap.
877 3099 945 3166 2,
981 3116 1101 3172 pag.
1133 3099 1281 3172 165).
1324 3120 1343 3154 ι
1394 3101 1498 3157 Sed
1541 3101 1598 3155 id
1626 3100 1694 3155 ab
1724 3101 1816 3156 illo
1863 3103 2024 3173 paulo

2133 1893 2494 1968 nuncupatam
2522 1896 2729 1954 censet,
2764 1886 2906 1958 quod
2939 1895 3150 1958 pangat,
3175 1887 3310 1955 sive,
3343 1895 3406 1942 ut
3429 1885 3616 1957 antiqui
3639 1885 3699 1938 lo-

2130 1979 2453 2051 quebantur,
2483 1990 2631 2050 paget
2664 1996 2939 2050 puerorum
2962 1996 3098 2035 ossa.

2203 2070 2446 2126 Februtis
2472 2080 2674 2138 autem,
2702 2071 2816 2126 sive
2846 2070 3082 2126 Febralis
3106 2071 3248 2126 Juno
3278 2087 3307 2125 a
3336 2069 3585 2125 Romanis
3602 2113 3614 2136 ,
3641 2069 3701 2123 uti

2131 2167 2308 2223 adhuc
2333 2168 2586 2223 observat
2607 2166 2821 2230 Festus,
2845 2169 2912 2221 ah
2934 2167 3055 2220 aliis
3083 2164 3332 2231 Februta,
3364 2165 3443 2220 vel
3470 2162 3704 2218 Februalis

2131 2259 2612 2332 cognominabatur
2626 2257 2797 2328 (Fest.
2815 2258 2883 2312 ad
2898 2258 3102 2312 verbum
3123 2258 3498 2329 maneamus).
3529 2255 3702 2310 Nomen

2132 2369 2294 2425 porro
2325 2353 2453 2408 illud
2487 2353 2676 2408 sortita
2705 2361 2790 2408 est
2814 2368 2844 2407 a
2879 2367 3066 2407 mense
3113 2350 3390 2406 februario
3411 2393 3426 2418 ,
3457 2365 3557 2419 quo
3579 2361 3704 2402 sacra

2131 2448 2248 2518 ejus
2281 2447 2396 2502 fieri
2428 2447 2697 2514 solebant,
2727 2457 2888 2516 atque
2922 2455 3003 2530 ut_
3023 2446 3165 2501 idem
3205 2445 3401 2501 Festus
3427 2445 3534 2499 ait:
3566 2440 3706 2496 Feritr

2131 2552 2275 2597 erant
2315 2540 2662 2614 Lupercalia,
2707 2557 2806 2612 quo
2851 2543 2934 2596 die
2978 2543 3218 2597 mulieres
3269 2541 3638 2610 februabantur,
3665 2536 3705 2590 id

2131 2645 2235 2704 est,
2265 2635 2632 2691 lustrabantur
2662 2647 2717 2691 et
2749 2635 3135 2707 purgabantur,
3167 2652 3198 2688 a
3225 2633 3498 2706 Lupercis,
3519 2629 3708 2688 amiculo

2129 2731 2396 2798 Junonis,
2423 2731 2477 2785 id
2522 2743 2595 2785 est
2620 2773 2636 2796 ,
2673 2732 2807 2801 pelle
2856 2730 3090 2794 caprina.
3141 2730 3365 2800 chesis
3407 2723 3706 2787 Varronem.

2129 2823 2521 2895 Augustinum,
2553 2836 2607 2879 et
2647 2823 2843 2880 Litium
2893 2824 3172 2881 Giraldum
3215 2822 3435 2894 (Varr.,
3469 2823 3553 2878 lib.
3584 2836 3612 2874 v
3660 2819 3710 2872 de

2129 2919 2284 2992 Ling.
2319 2921 2435 2985 lat.,
2471 2920 2501 2992 §
2530 2920 2596 2985 3;
2631 2921 2872 2992 August.,
2901 2921 2941 2975 l.
2969 2935 3043 2974 vn
3072 2920 3136 2974 de
3162 2919 3338 2986 Civit.,
3359 2933 3407 2974 c.
3442 2919 3494 2984 7,
3523 2916 3710 2989 p.168;

2133 3015 2364 3077 Girald.,
2397 3015 2674 3088 Sgntagm.
2703 3018 2758 3082 ’5,
2791 3035 2846 3087 p.
2881 3016 3033 3087 119).

2203 3108 2516 3180 Papulonite
2551 3122 2681 3164 vero
2706 3107 2969 3173 Junonis,
2999 3118 3053 3164 et
3085 3109 3271 3180 templi
3306 3109 3359 3164 in
3392 3106 3534 3163 illius
3563 3106 3711 3160 hono-

422 3202 583 3263 post,
618 3193 712 3248 sed
742 3192 958 3249 brevius
1005 3196 1324 3266 repetitum,
1357 3207 1412 3251 et
1454 3213 1482 3250 a
1517 3196 1711 3252 Vossio
1741 3172 2021 3252 tractatum
2052 3172 2099 3236 Ο
2131 3215 2249 3257 rem
2288 3172 2482 3266 dicati,
2517 3202 2764 3256 meminit
2812 3201 2954 3272 apud
2999 3172 3329 3257 Macrobium
3377 3199 3439 3255 P.
3485 3199 3709 3255 Tertius:

421 3284 660 3354 reperies
709 3283 898 3358 (Ibid.,
940 3303 1057 3356 cap.
1104 3289 1176 3355 5;
1226 3287 1397 3355 Voss,
1451 3290 1542 3343 lib.
1591 3306 1641 3344 vt
1684 3290 1746 3344 de
1793 3289 1942 3362 Orig.
1981 3304 2028 3348 et

421 3393 572 3447 prog.
609 3376 774 3445 ldol.,
807 3395 924 3448 cap.
954 3380 1046 3444 26,
1075 3398 1196 3452 pag.
1224 3382 1375 3452 221).

495 3469 749 3538 Quamvis
778 3483 958 3529 autem
990 3473 1161 3530 Varro
1208 3477 1440 3532 nominis
1472 3476 1722 3533 Pomona:
1759 3479 2025 3550 or’tginem

423 3563 592 3622 latere
622 3565 852 3623 fateatur
872 3611 885 3629 .
915 3584 1038 3624 eam
1068 3579 1245 3626 tamen
1278 3571 1386 3636 ille,
1414 3582 1470 3628 et
1494 3571 1744 3639 Ovidius,
1778 3575 2023 3643 Servius,

421 3660 1012 3733 Angustiuus,aliiqtte
1055 3663 1268 3732 plurimi
1312 3679 1593 3734 pomorum
1639 3675 1693 3720 et
1741 3667 2024 3722 hortorum

423 3750 579 3806 deam
603 3754 671 3807 ab
695 3753 926 3810 ethnicis
941 3758 1220 3826 prteclicari
1251 3760 1638 3830 tesuiticantur(
1659 3759 1830 3829 Vana,
1859 3763 1947 3818 lib.
1975 3781 2025 3818 vt

423 3848 487 3900 de
513 3846 662 3919 Ling.
698 3850 789 3903 lat.
811 3889 827 3916 ,
860 3868 980 3922 pag.
1010 3851 1114 3916 80;
1147 3851 1322 3919 0vid.,
1351 3853 1439 3908 lib.
1473 3870 1560 3909 xw
1593 3854 1826 3924 Metam,
1864 3857 1893 3930 §
1925 3859 2022 3924 l7;

423 3939 598 4007 Serm,
630 3941 683 3995 in
719 3942 809 3997 lib.
847 3958 900 3996 vt
941 3943 1188 4012 .Eneid.,
1227 3963 1347 4018 pag.
1383 3947 1490 4002 457
1518 3964 1532 4012 ;
1565 3949 1811 4020 Angust.,
1840 3950 1932 4005 lib.
1967 3968 2022 4006 tv

422 4033 487 4088 de
513 4033 686 4097 Civit.,
717 4052 833 4108 cap.
867 4037 956 4103 54,
986 4057 1106 4111 pag.
1140 4041 1276 4106 1M;
1311 4040 1516 4097 Fabric.
1542 4043 1593 4096 in
1623 4043 1878 4115 Descript.
1907 4046 2022 4104 urb.

419 4127 602 4194 Rom.,
654 4139 775 4184 tam.
813 4146 868 4186 ιιι
901 4133 1150 4204 Antiquit.
1197 4133 1373 4201 Ront.,
1419 4153 1538 4208 pag.
1578 4137 1732 4210 452).
1773 4140 1844 4193 At
1885 4156 2023 4211 quo-

421 4223 586 4278 modo
610 4240 673 4279 ea
705 4224 848 4281 Juno
877 4225 982 4282 dici
1029 4229 1286 4298 potuerit,
1318 4230 1459 4287 haud
1493 4233 1649 4289 facile
1680 4235 2022 4306 perspicitur.

421 4317 767 4390 Quapropter
795 4321 1142 4392 suspicantur
1169 4325 1417 4380 nonnulli
1451 4326 1554 4381 hoc
1585 4343 1785 4384 nomen
1817 4329 2023 4386 librarii

419 4413 625 4468 incuria
659 4429 780 4470 esse
815 4427 1153 4483 corruptum,
1174 4431 1229 4474 et
1249 4421 1298 4475 ei
1334 4420 1735 4493 subrOgandum
1761 4423 2024 4491 Sarariw;

419 4507 858 4578 quandoquidem
891 4510 1033 4566 Juno
1081 4511 1357 4568 ferebatur
1403 4529 1525 4570 esse
1568 4515 1722 4572 Jovis
1769 4532 1925 4572 soror
1968 4528 2024 4575 et

420 4598 638 4668 eonjux.
689 4599 746 4655 In
805 4601 963 4671 hujus
1007 4613 1188 4661 autem
1235 4606 1505 4675 opinionis
1553 4609 2020 4666 confirmationem

418 4691 635 4762 adjnngi
667 4705 846 4765 potest
876 4697 1060 4752 Romae
1096 4715 1126 4754 a
1161 4699 1382 4755 Sororio
1420 4700 1616 4770 Tigillo
1652 4711 2019 4760 eonstructum

419 4788 616 4844 Junoni
649 4791 929 4860 templum.
961 4794 1102 4864 quod
1136 4796 1334 4850 idcirco
1361 4795 1590 4852 Junonis
1618 4796 1848 4853 Sororite
1877 4815 2017 4856 nun-

417 4893 670 4946 conatum
720 4884 836 4937 fuit.
867 4885 974 4941 Sed
1022 4887 1144 4942 huic
1192 4888 1520 4956 conjectura:
1571 4890 1770 4945 nullius
1814 4891 2018 4950 codicis

415 4977 725 5032 testimonio
754 4978 1004 5047 ﬁrmata},
1028 4981 1072 5034 si
1098 4980 1258 5035 aliam
1284 4981 1523 5052 adjicere
1565 4982 1743 5050 liceat,
1775 4984 2016 5043 dicemus

415 5078 472 5125 et
501 5084 655 5139 poma
683 5081 736 5125 et
766 5069 973 5126 fructus
1001 5071 1067 5126 ad
1102 5082 1324 5140 terram,
1354 5071 1470 5129 sive
1501 5075 1749 5132 tellurem
1771 5077 2016 5147 quando-

413 5164 633 5237 quidem
675 5166 968 5236 pertinent,
1001 5165 1114 5222 fieri
1145 5168 1384 5237 potuisse
1413 5178 1469 5222 ut
1495 5167 1659 5236 Juno,
1687 5185 1807 5241 qum
1855 5172 2013 5228 tellus

412 5273 557 5327 esse,
575 5270 628 5315 et
658 5260 934 5315 terrestria
963 5275 1152 5330 regere
1167 5260 1508 5326 credebatur,
1529 5261 1799 5330 Pomonte,
1820 5280 2012 5335 quem-

411 5351 702 5408 admodum
749 5361 804 5408 et
851 5361 933 5408 tot
976 5354 1099 5407 aliis
1157 5355 1468 5409 nominibus
1515 5356 1783 5424 appellata
1831 5358 2007 5413 fuerit.
2037 5419 2050 5434 ο

410 5445 565 5512 Quod
596 5455 772 5501 autem
803 5445 944 5503 Juno
987 5455 1129 5502 terra
1173 5458 1510 5512 censeretur,
1550 5447 1633 5502 his
1678 5447 1884 5516 Varro,
1925 5452 2010 5506 cui

411 5540 746 5610 Augustinus
777 5541 1121 5612 astipulatur,
1152 5540 1335 5596 verbis
1385 5555 1482 5594 nos
1518 5541 1835 5597 admonuit:
1870 5559 1889 5594 ι
1919 5541 2011 5598 Jo-

410 5633 494 5685 vis
518 5632 656 5688 Juno
685 5634 903 5704 conjux,
928 5645 982 5690 et
1012 5638 1057 5689 is
1083 5635 1304 5703 cmlum,
1337 5633 1452 5688 litec
1480 5641 1644 5701 terra,
1667 5649 1788 5704 qum
1818 5634 2006 5692 eadem

414 5725 602 5793 tellus;
637 5735 695 5781 et
721 5742 786 5782 ea
811 5727 950 5783 dicta
980 5728 1123 5797 quod
1153 5745 1254 5783 una
1285 5743 1410 5783 cum
1451 5725 1590 5781 Jove
1628 5727 1778 5797 juvat
1822 5727 2004 5796 Juno;

415 5823 471 5872 et
499 5818 702 5889 regina,
730 5819 876 5891 quod
906 5820 1024 5884 haec
1047 5821 1231 5878 omnia
1261 5818 1543 5878 terrestria
1567 5819 1706 5891 regit
1738 5837 1760 5874 ι
1793 5818 2004 5894 (Vana,

2137 3314 2156 3348 ι
2195 3295 2250 3350 lu
2280 3295 2587 3368 Papyriano
2615 3299 2762 3353 enim
2801 3299 2958 3368 jure,
2993 3317 3012 3347 ι
3049 3297 3256 3364 aiebat,
3293 3317 3312 3349 ι
3348 3296 3618 3353 evidenter
3639 3307 3712 3347 re-

2131 3393 2300 3448 latum
2323 3405 2527 3448 estarm
2551 3396 2722 3449 vicem
2744 3407 3005 3464 praestare
3029 3383 3191 3463 posse
3216 3407 3460 3448 mensam
3477 3392 3711 3450 dicatam;

2131 3492 2190 3539 ut
2215 3485 2267 3539 in
2303 3484 2528 3555 templo,
2558 3485 2752 3556 inquit,
2771 3484 3003 3539 Junonis
3022 3485 3338 3556 Populoniae
3356 3500 3538 3540 mensa
3560 3483 3711 3537 dicata

2128 3585 2212 3630 est
2243 3595 2261 3627 ι
2302 3576 2588 3648 (Μασιιοὺη
2613 3581 2651 3631 ι.
2681 3593 2740 3632 ιιι
2775 3577 3066 3644 Saturnal.,
3097 3594 3144 3633 c.
3181 3575 3296 3650 ll).
3322 3583 3392 3632 At
3421 3578 3520 3632 hoc
3545 3586 3712 3630 nomen

2129 3669 2209 3724 illi
2251 3670 2478 3725 iuditutn
2521 3653 2846 3740 perhibent,
2875 3671 2998 3740 quia
3044 3671 3208 3725 maris
3252 3680 3308 3725 et
3353 3669 3566 3726 femina:
3601 3680 3712 3721 con-

2123 3765 2412 3835 junctioni,
2432 3782 2500 3820 ex
2529 3781 2632 3832 qua
2651 3768 2772 3821 novi
2799 3765 2978 3836 populi
3005 3775 3278 3832 creantur,
3307 3765 3572 3821 Junonem
3600 3775 3713 3832 prm-

2129 3857 2218 3913 fici
2276 3857 2679 3914 existimabant.
2741 3858 2949 3914 Seneca
3004 3874 3132 3912 vero
3185 3857 3328 3928 apud
3387 3855 3711 3927 Augustinum

2129 3955 2462 4010 mentionem
2514 3953 2795 4026 cujusdam
2847 3953 3160 4027 P0puloniae
3211 3954 3387 4009 viduae
3439 3953 3600 4018 fecit,
3643 3947 3712 4001 cui

2126 4047 2412 4116 petitorem
2461 4047 2697 4103 defuisse
2753 4064 2858 4103 non
2906 4050 3133 4104 miratur
3176 4049 3460 4120 (August,
3503 4049 3540 4102 ι.
3580 4061 3628 4099 vt
3664 4044 3712 4094 de

2113 4136 2306 4205 .Civit.,
2338 4156 2388 4193 c.
2422 4141 2512 4207 10,
2542 4158 2598 4212 p.
2629 4140 2779 4213 160).
2799 4141 2904 4197 Sed
2935 4140 3052 4196 haec
3083 4141 3441 4210 proculdubio
3469 4139 3602 4194 Juno
3624 4133 3711 4190 Po-

2129 4235 2343 4304 pulonia
2382 4251 2486 4290 non
2529 4246 2667 4291 erat.
2700 4237 2775 4291 De
2802 4235 2902 4290 hac
2941 4245 3141 4301 autem,
3185 4244 3241 4291 et
3283 4233 3522 4299 Februti,
3554 4229 3710 4285 itidem

2127 4325 2359 4381 Junonia
2389 4326 2650 4398 legendus
2679 4327 2975 4384 Martianus
2996 4325 3215 4400 Capella
3243 4327 3337 4383 lib.
3370 4342 3407 4382 ιι
3450 4327 3516 4381 de
3558 4321 3701 4393 Nupt.

2128 4417 2395 4490 l’ltilolog.

2200 4513 2516 4584 Capratinte,
2559 4515 2666 4581 vel,
2708 4524 2770 4570 ut
2795 4509 2916 4570 aliis
2943 4515 3142 4586 placet,
3188 4514 3488 4584 Capt-atina:
3525 4505 3700 4567 Junoni

2129 4610 2385 4665 mulieres
2427 4609 2556 4664 olim
2603 4611 2979 4666 sacrificabant
3017 4610 3088 4665 ob
3127 4619 3398 4665 servatam
3431 4608 3708 4681 puellarum

2124 4711 2181 4756 et
2227 4710 2597 4758 matronarum
2644 4703 2974 4773 pudicitiam,
3003 4717 3067 4757 ac
3107 4701 3398 4758 Fidenates
3423 4744 3437 4767 ,
3478 4700 3566 4772 qui
3606 4709 3709 4753 eam

2124 4794 2336 4866 eripere
2385 4794 2676 4861 volebant,
2727 4808 3032 4865 superatos.
3081 4794 3253 4850 Varro
3298 4805 3478 4851 autem
3522 4794 3587 4848 de
3623 4790 3709 4844 hoc

2123 4889 2394 4944 sacrificio
2436 4889 2513 4944 sic
2560 4888 2831 4960 loquitur:
2869 4907 2888 4940 ι
2927 4887 3094 4944 Nona:
3121 4889 3464 4960 Caprotinm,
3491 4884 3627 4960 quod
3654 4895 3707 4937 c0

2125 4983 2212 5037 die
2240 4982 2291 5036 in
2324 4980 2478 5036 Latio
2507 4981 2703 5036 lunoni
2732 4980 3042 5052 Caprotina:
3087 4982 3347 5037 mulieres
3389 4979 3703 5036 sacrificant.

2121 5084 2176 5131 et
2205 5075 2307 5129 sub
2336 5073 2593 5145 caprifici;
2623 5074 2842 5137 faciunt,
2872 5084 2928 5128 et
2957 5091 2987 5129 e
3016 5073 3274 5145 caprifieo
3314 5072 3574 5128 adhibent
3615 5067 3707 5122 vir-

2119 5184 2241 5240 gam
2276 5186 2296 5220 ι
2335 5166 2543 5242 (Varr.,
2569 5169 2607 5222 l.
2633 5183 2662 5221 v
2690 5168 2754 5222 de
2781 5167 2937 5240 Ling.
2966 5169 3085 5232 lat.,
3113 5186 3168 5239 ρ.
3199 5167 3312 5235 50).
3343 5167 3517 5237 llnjus
3565 5173 3707 5235 porro

2120 5263 2404 5330 sacrificii,
2435 5272 2595 5332 atque
2647 5262 2804 5326 festi,
2837 5263 2980 5334 quod
3029 5262 3361 5318 Ancillarum
3410 5260 3702 5318 vocabatur,

2118 5370 2337 5412 oausam
2385 5364 2441 5410 et
2492 5355 2888 5410 institutionem
2951 5354 3256 5410 Macrobius
3309 5355 3516 5409 retulit.
3573 5350 3705 5405 Illius

2117 5451 2280 5505 etiam
2335 5447 2582 5502 meminit
2628 5447 2980 5514 Plutarchus,
3015 5457 3068 5502 et
3111 5448 3223 5502 alii.
3257 5448 3525 5502 Cmterum
3564 5441 3701 5514 plura

2116 5543 2328 5611 adhuc,
2378 5553 2435 5598 ut
2481 5541 2703 5599 Servius
2749 5544 2858 5610 ait,
2900 5553 3055 5599 erant
3099 5542 3325 5598 Junonis
3377 5541 3625 5602 numina,
3655 5542 3703 5586 ut

2117 5638 2264 5694 Curis
2293 5649 2347 5695 et
2375 5636 2592 5704 Lucina,
2623 5654 2744 5709 quae
2777 5639 3048 5696 Arnobius
3069 5681 3086 5706 ,
3114 5637 3548 5710 quandoquidem
3585 5630 3701 5687 satis

2113 5731 2282 5786 multa
2311 5739 2736 5796 memoraverat,
2769 5730 2986 5786 silentio
3027 5732 3306 5802 praeterire
3352 5729 3540 5785 tuatuit
3565 5721 3699 5797 (Ha-

2112 5825 2273 5898 crob.,
2301 5826 2338 5880 l.
2370 5841 2388 5880 ι
2421 5824 2714 5900 Saturnal.,
2758 5842 2807 5881 ι’.
2851 5826 2942 5895 Η,
2991 5845 3043 5898 p.
3087 5825 3226 5894 225;
3271 5823 3566 5891 Plutarch"
3604 5817 3696 5874 Pa-
