3904 6326
204 330 294 390 569
1449 328 1513 384 ΙΝ
1551 326 1924 398 ARNOBIUM,
1966 328 2121 386 CAP.
2161 330 2300 390 ιινι.

3352 332 3458 390 570

200 446 374 512 rallel.,
399 454 522 501 tam.
550 459 609 512 tt,
640 463 694 516 ρ.
722 445 858 513 ὃίός
891 445 1037 503 Serv.
1065 447 1120 503 in
1141 445 1179 501 Ι.
1208 461 1222 502 ι
1265 444 1507 515 ιΕηεὶάη
1539 463 1652 502 om
1690 445 1761 501 12
1789 449 1840 510 Α
1863 446 2210 520 Tritagem’am
2229 492 2245 518 ,
2272 450 2408 519 quod
2447 460 2522 505 ter
2560 455 2615 506 in
2659 464 2795 505 anno
2821 458 3059 506 naturam
3087 455 3275 516 mutet,
3306 462 3455 515 uere,

204 554 246 599 et
269 541 372 616 t5).

263 635 384 693 Cum
426 644 503 693 tot
545 651 676 709 ergo
718 638 920 695 ethnici
967 637 1251 696 habuerint
1291 636 1564 705 Junones,
1594 638 1679 694 vel
1709 648 1769 693 ιιι

201 728 399 786 Servius
424 729 523 790 ait.
552 728 823 786 Junonum
855 730 1075 787 numina
1097 773 1113 800 ,
1156 730 1282 786 inde
1310 730 1552 802 pro'ecto
1579 738 1769 785 auctor

199 828 368 876 noster
390 820 606 877 conﬁcit
637 822 755 877 illas
774 837 984 891 omnes,
1011 833 1172 896 atque
1197 823 1368 894 ipsam
1389 837 1624 894 quoque,
1646 837 1766 894 quae

197 910 332 968 Iovis
358 927 511 999 soror
536 924 590 970 et
618 914 813 985 conjux
847 915 1042 985 ubique
1072 915 1481 987 pradicabatur,
1509 915 1639 971 deas
1661 915 1767 971 dici

196 1019 292 1061 non
320 1021 493 1076 posse,
518 1007 562 1062 si
592 1007 733 1063 Juno
757 1009 906 1079 juxta
927 1009 1090 1081 graeci
1116 1009 1348 1067 nominis
1368 1009 1765 1082 etymologiam,

193 1106 242 1154 et
259 1099 480 1169 plurium
509 1100 847 1171 opinionem,
865 1117 959 1158 aer
978 1102 1162 1170 fuerit,
1191 1117 1316 1158 nam
1346 1117 1441 1158 aer
1457 1116 1561 1158 non
1585 1112 1769 1173 potest

191 1207 297 1251 esse
314 1195 478 1262 deus;
502 1211 630 1269 ergo
656 1198 804 1256 nulla
829 1198 972 1255 .luno
998 1199 1101 1256 dea
1129 1209 1234 1256 est.

712 1314 715 1317 ’
772 1332 1061 1375 Αιιτιοιιιιιε
1102 1332 1162 1374 ιι.

190 1448 419 1511 Quomodo
442 1450 690 1504 Arnobius
710 1455 937 1506 ostendat
956 1456 1102 1507 deam
1128 1469 1304 1508 revera
1327 1469 1424 1507 non
1445 1468 1557 1508 esse
1583 1456 1769 1508 Miner-

242 1526 427 1592 t'atn‘e‘x
452 1516 880 1592 vagiisgentilium
900 1520 1210 1592 oyinjgmbus
1226 1520 1291 1592 de
1315 1518 1395 1571 illa
1415 1532 1444 1592 ς
1467 1519 1604 1592 lovis
1625 1532 1770 1570 cere-

240 1575 322 1646 bro
336 1584 461 1646 orta,
483 1575 665 1646 Mentis
686 1575 745 1631 et‘
757 1575 984 1631 Victorias
1001 1579 1116 1646 ﬁlia,
1132 1584 1213 1634 ubi
1233 1583 1299 1633 de
1309 1584 1516 1634 nominis
1534 1582 1768 1635 Minervae

240 1638 545 1704 etymologia.

248 1764 397 1821 Venit
430 1769 705 1827 Arnobius
734 1770 801 1827 ad
829 1771 1145 1841 Minervam,
1164 1788 1229 1830 ac
1252 1773 1435 1831 Granii
1459 1774 1770 1831 testimonio

1867 551 2071 609 testate,
2101 542 2319 615 hyeme;
2345 554 2390 599 et
2418 543 2703 617 Glauwpin
2746 544 2848 599 dici
2865 585 2882 613 ,
2924 559 3028 600 non
3071 542 3207 616 quod
3250 542 3461 615 glaucos

1866 636 2040 691 oculos
2081 637 2263 692 habeat
2286 638 2570 711 (insulsum
2597 639 2730 695 enim
2756 641 2854 694 hoc
2879 638 3021 709 esse)
3040 681 3055 707 ,
3087 637 3177 693 sed
3208 636 3331 707 quia
3371 650 3461 690 aer

1866 732 2052 805 glauco
2079 732 2143 786 sit
2168 741 2396 806 aspectu.

1940 825 2189 882 Servium
2221 826 2344 880 huic
2373 824 2747 897 adjungamus,
2775 825 2865 897 qui
2900 825 2953 880 in
2985 824 3097 880 suis
3139 822 3207 879 ad
3251 819 3460 893 Virgilii

1869 919 2136 977 Eneiden
2181 921 2589 977 commentariis
2632 920 2896 992 scripsit:
2943 938 2963 972 ι
3015 919 3317 976 Potestates
3368 924 3462 973 aut

1870 1030 2103 1078 terrena:
2129 1028 2289 1081 sunt.
2318 1027 2412 1074 aut
2439 1019 2603 1074 aeriae
2634 1036 2648 1072 :
2677 1017 2771 1073 sed
2802 1019 2925 1088 quia
2964 1015 3136 1071 aather
3172 1013 3310 1085 ignis
3341 1021 3458 1078 est,

1870 1116 1993 1172 ideo
2022 1117 2077 1171 in
2103 1114 2445 1171 aetheriarum
2492 1120 2818 1185 potestatum
2840 1108 3052 1181 templis
3088 1108 3225 1180 ignis
3253 1118 3368 1173 est;
3402 1112 3461 1161 ut

1868 1208 2130 1265 reddatur
2166 1210 2246 1264 eis
2275 1206 2452 1280 imago
2479 1208 2561 1262 sui
2590 1206 2866 1262 elementi.
2894 1204 2991 1260 Est
3016 1213 3195 1258 autem
3225 1199 3279 1256 in
3318 1206 3460 1254 tem-

1870 1302 1960 1373 plo
1984 1302 2154 1367 Jovis,
2183 1302 2307 1373 quia
2334 1301 2505 1356 atther
2534 1310 2616 1355 est
2643 1300 2916 1365 Minervio,
2949 1313 3069 1371 quae
3093 1310 3255 1367 supra
3287 1291 3459 1350 aethe-

1868 1411 1984 1451 rem
2009 1406 2111 1451 est.
2140 1394 2290 1453 Unde
2317 1394 2483 1464 patris
2505 1393 2574 1451 de
2590 1395 2765 1464 capite
2787 1400 3066 1465 procreata
3086 1388 3416 1447 esse‘dicitur
3434 1406 3454 1440 ι

1870 1489 2069 1565 (εει-υ..
2097 1492 2153 1546 in
2199 1493 2237 1547 ι.
2287 1507 2340 1547 tv
2393 1489 2636 1556 xEnet‘d”
2681 1508 2735 1562 p.
2777 1490 2926 1561 526).
2971 1487 3208 1559 Denique
3254 1485 3463 1541 Macro-

1872 1582 1992 1638 bius
2023 1592 2205 1638 narrat
2236 1584 2305 1639 ab
2331 1583 2422 1651 iis,
2451 1583 2540 1654 qui
2569 1581 2902 1653 diligentius.
2934 1582 3010 1635 uti
3042 1579 3285 1651 putabat,
3315 1576 3463 1633 veri-

1873 1685 2036 1732 tatem
2065 1677 2418 1748 qumrebant,
2448 1677 2587 1731 hanc
2630 1674 2808 1730 datam
2856 1674 3021 1729 fuisse
3066 1672 3329 1728 rationem
3368 1683 3465 1725 cur

1871 1767 2110 1825 Minerva
2165 1768 2303 1825 dicta
2358 1769 2521 1824 fuerit
2572 1781 2840 1823 summum
2891 1764 3111 1821 aetheris
3158 1777 3462 1819 cacumen:

188 1857 362 1928 probat
406 1860 759 1919 Aristotelem
806 1864 1055 1922 docuisse
1097 1882 1214 1922 eam
1256 1882 1378 1923 esse
1406 1867 1633 1923 Lunam.
1662 1867 1768 1923 Alii
1797 1850 1845 1912 Β
1878 1880 1897 1915 t
1933 1861 2085 1930 Esse,
2121 1881 2142 1915 ι
2176 1861 2368 1933 inquit,
2406 1880 2425 1913 ι
2463 1860 2699 1916 medium
2729 1858 2929 1914 aethera
2960 1856 3171 1919 Jovem.
3197 1854 3465 1911 Junonem

188 1961 346 2008 tamen
374 1955 444 2013 ab
473 1955 633 2029 hujus
658 1959 913 2031 opinione
956 1973 1335 2029 recesserunt,
1368 1963 1650 2035 palamque
1684 1978 1773 2017 as-

188 2055 454 2103 seruerunt
484 2047 633 2105 illam
664 2066 787 2108 esse
814 2053 1094 2109 mtherium
1144 2055 1400 2111 verticem
1425 2095 1442 2122 ,
1476 2065 1527 2111 et
1558 2056 1772 2110 summi-

189 2143 309 2207 tatis,
335 2153 391 2199 ut
417 2145 497 2200 ait
523 2146 815 2214 Arnobius,
846 2148 986 2204 illius
1012 2167 1284 2204 summam.
1316 2150 1421 2206 Alii
1453 2150 1770 2205 memoriam

188 2248 293 2291 esse
320 2237 646 2295 voluerunt:
683 2260 702 2294 t
730 2240 907 2309 Unde,
944 2262 963 2295 ι
1000 2243 1193 2314 inquit,
1224 2264 1243 2296 ι
1283 2259 1479 2300 nomen
1506 2243 1769 2311 Minerva,

187 2329 320 2401 quasi
359 2332 610 2402 quaedam
649 2332 974 2392 Meminerva
1017 2336 1305 2393 formatum
1352 2349 1436 2393 est
1477 2358 1496 2391 ι
1532 2336 1772 2411 (Arnob.,

187 2421 219 2475 ι.
236 2438 311 2488 ιιι,
326 2443 380 2495 p.
412 2426 567 2496 H8).
588 2426 670 2483 Ad
701 2428 1009 2485 Aristotelis
1054 2445 1181 2486 vero
1206 2432 1527 2487 sententiam
1551 2433 1774 2504 propius

187 2519 396 2574 accessit
424 2517 763 2592 Porphyrius
787 2562 803 2588 ,
834 2532 890 2578 ut
920 2523 1089 2595 liquet
1117 2540 1182 2579 ex
1211 2525 1391 2582 verbis
1418 2525 1535 2596 ejus
1561 2528 1632 2580 ab
1662 2525 1773 2581 Eu-

185 2609 320 2666 sebio
353 2613 433 2667 sic
477 2614 823 2685 transcriptis
852 2615 1092 2685 (Euseb.,
1123 2617 1161 2673 ι.
1204 2633 1262 2673 ιιι
1293 2617 1531 2690 Prwpar.
1563 2636 1770 2691 evang.,

186 2718 225 2757 ε.
253 2705 334 2767 11,
362 2723 415 2776 p.
452 2708 585 2778 “5)
609 2706 800 2785 ιὈπερ
831 2709 886 2767 δὲ
911 2709 1155 2769 Ἀπόλλων
1184 2714 1233 2768 ἕν
1262 2714 1403 2786 ἡλίῳ.
1431 2720 1586 2771 τοῦτο
1603 2714 1773 2774 Ἀθήνη

185 2797 229 2854 ἕν
248 2800 437 2878 σελήνῃ.
470 2802 594 2861 ἔστι
619 2806 721 2882 γὰρ
750 2813 841 2868 τῆς
871 2810 1164 2883 φρονήσεως
1193 2807 1472 2881 σύμϐολον,
1495 2807 1670 2866 Ἀθηνᾶ
1694 2828 1773 2869 τις

186 2887 322 2950 οὖσα.
353 2894 505 2964 Quod
536 2908 707 2953 autem
732 2899 786 2953 in
827 2899 936 2955 sole
965 2899 1181 2971 Apollo,
1210 2899 1307 2954 hoc
1330 2902 1497 2971 ipsum
1541 2899 1775 2956 Minerua

185 2984 369 3042 inluna
392 2999 490 3057 est,
523 2989 661 3061 quod
696 2990 789 3045 illa
825 2990 1111 3062 prudentiae
1157 2991 1441 3063 symbolum
1484 2992 1647 3047 instar
1686 3010 1775 3049 cu-

179 3078 370 3149 jusdam
406 3080 661 3137 Minerua
699 3082 783 3140 sit.
827 3083 1161 3155 Augustinus
1188 3099 1319 3141 vero
1348 3094 1630 3157 utramque
1660 3087 1775 3159 opi-

186 3175 406 3245 nionem,
430 3179 504 3235 ab
521 3180 652 3235 aliis
673 3181 972 3247 defensam,
999 3191 1055 3239 et
1078 3195 1338 3239 assertani
1364 3183 1507 3240 hunc
1538 3186 1774 3257 explicat

1872 1969 2001 2008 vero
2045 1953 2282 2010 medium
2326 1948 2529 2009 aethera
2555 1967 2678 2009 cum
2711 1962 2851 2006 terra
2874 1991 2888 2015 ,
2917 1958 2972 2005 et
2996 1947 3290 2004 Minervam
3320 1960 3466 2002 sum-

1874 2063 2020 2102 mum
2052 2048 2273 2104 aetheris
2300 2063 2583 2115 cacumen,
2616 2063 2682 2103 eo
2706 2055 3025 2118 argumento
3056 2052 3297 2110 utuntur,
3324 2039 3467 2113 quod

1873 2140 2227 2211 Tarquinius,
2264 2140 2532 2197 Demarati
2563 2139 2826 2195 Corinthii
2873 2138 3013 2194 tilius
3036 2179 3052 2204 ,
3080 2134 3468 2193 Sammhraciis

1874 2236 2222 2308 religionibus
2265 2236 2492 2305 mystice
2530 2235 2803 2299 imbutus,
2832 2248 2943 2289 uno
2991 2231 3221 2302 templo,
3261 2244 3325 2285 ac
3367 2228 3469 2285 sub

1873 2330 2064 2387 eodem
2090 2340 2237 2389 Icelo
2267 2337 2484 2388 numina
2512 2339 2804 2386 memorata
2828 2327 3107 2400 conjungit
3135 2348 3154 2381 ι
3184 2324 3466 2401 (Mactata,

1876 2424 1914 2479 ι.
1946 2442 2003 2481 ιιι
2031 2425 2303 2483 Saturnat.
2355 2444 2402 2480 ε.
2431 2424 2513 2499 4).
2543 2424 2650 2482 Sed
2707 2423 2854 2493 vide,
2902 2438 3108 2495 quaeso,
3154 2420 3342 2494 quanti
3376 2434 3468 2476 ro-

1874 2519 2023 2577 boris
2048 2521 2115 2574 sit
2141 2520 2244 2576 hoc
2273 2529 2669 2592 argumentum.

1947 2612 2117 2667 Porro
2147 2622 2325 2669 autem
2356 2611 2581 2669 Vossius
2610 2620 2760 2683 putat
2801 2608 3052 2666 ethnicos
3090 2606 3341 2663 Minervae
3369 2620 3470 2662 no-

1877 2706 2022 2763 mine
2066 2707 2398 2763 inlellexisse
2426 2706 2648 2762 aetheris
2677 2705 2877 2775 Deique
2903 2703 3010 2758 vim
3037 2702 3089 2756 in
3119 2699 3338 2756 homine
3361 2741 3378 2767 ,
3406 2713 3471 2755 ac

1876 2802 2214 2873 potissimum
2265 2802 2579 2858 memoriam
2609 2800 2831 2872 ejusque
2859 2797 3048 2853 [tntum
3079 2840 3095 2865 ,
3131 2793 3469 2865 prudentiam

1878 2893 2082 2969 (νοω,
2115 2896 2156 2951 ι.
2195 2912 2233 2951 ιι
2254 2896 2318 2950 de
2341 2895 2488 2968 Orig.
2514 2904 2560 2950 et
2590 2894 2751 2966 Prog.
2784 2892 2991 2959 idolol.,
3019 2907 3067 2945 c.
3105 2888 3200 2951 42,
3233 2905 3287 2958 p.
3314 2885 3467 2962 973).

1876 2988 1949 3045 At
1977 2988 2064 3055 id,
2092 3004 2157 3044 ac
2185 2987 2433 3044 eamdem
2469 3003 2683 3060 quoque
2723 2985 3015 3042 Minervam
3060 2981 3284 3051 Mentis,
3312 2981 3472 3038 sicuti

1876 3082 1955 3137 ait
1997 3082 2269 3138 Arnobius
2293 3123 2308 3147 ,
2337 3082 2498 3137 tiliam
2543 3089 2903 3152 nuncupatam
2934 3078 3097 3134 fuisse
3116 3119 3131 3142 ,
3162 3076 3473 3133 conﬁrmari

1879 3191 2038 3247 posse
2072 3176 2362 3231 arbitratur
2391 3176 2476 3231 his
2519 3174 2661 3246 apud
2696 3174 2762 3231 A.
2794 3172 3025 3230 Gellium
3057 3169 3262 3227 Afranii
3299 3169 3471 3225 versi-

187 3269 234 3326 in
262 3273 471 3329 modum
512 3292 527 3328 :
567 3293 587 3328 t
619 3274 947 3343 Minervam,
972 3277 1097 3347 quia
1134 3293 1252 3334 eam
1293 3278 1543 3335 humanis
1569 3243 1773 3338 artibus
1800 3243 1847 3307 Ο
1878 3274 1997 3343 bUS,
2053 3274 2248 3346 quibus
2298 3273 2626 3345 Sapientiam
2684 3287 2814 3328 usus
2869 3279 2925 3327 οι
2979 3267 3255 3326 memoria?
3304 3266 3470 3323 ﬁliam

185 3380 608 3441 praeposuerunt,
640 3388 741 3429 nec
784 3374 1108 3431 invenerunt
1135 3377 1369 3445 stellam,
1412 3379 1503 3436 ubi
1527 3396 1644 3436 eam
1672 3396 1772 3454 po-

186 3472 381 3529 nerent,
399 3464 652 3521 eamdem
676 3465 761 3522 vel
776 3482 1044 3523 summum
1067 3471 1290 3536 aethera,
1312 3471 1393 3528 vel
1416 3473 1576 3528 etiam
1591 3474 1773 3531 lunam

186 3551 439 3614 dixerunt.
477 3580 500 3612 ›
538 3560 602 3615 Ει
631 3561 791 3629 paulo
821 3570 975 3632 post:
1002 3582 1021 3616 t
1054 3562 1286 3620 Minerva
1314 3581 1556 3623 summus
1578 3567 1770 3636 aether,

186 3657 231 3704 et
254 3648 484 3709 Minerva
521 3651 708 3710 itidem
738 3652 886 3720 luna,
917 3671 1078 3727 quam
1109 3672 1231 3713 esse
1258 3658 1309 3714 in
1336 3659 1558 3715 aetheris
1587 3661 1774 3718 intimo

186 3742 340 3803 limite
376 3749 694 3805 existimant
722 3770 743 3803 ι
783 3750 1208 3824 (August.,l.vtt
1232 3757 1294 3809 de
1320 3753 1495 3823 Ciuit.,
1527 3774 1643 3830 cap.
1683 3759 1770 3825 ili,

184 3855 232 3907 ρ.
262 3841 398 3912 174).
432 3841 709 3899 Diodorus
754 3854 935 3899 autem
984 3844 1220 3914 Siculus,
1252 3848 1338 3903 tibi
1392 3849 1460 3905 de
1491 3849 1775 3923 Egyptia-

185 3946 289 3990 rum
308 3937 603 4008 theologia,
621 3938 898 3993 memoriae
918 3939 1135 3994 tradidit
1171 3943 1283 3996 aeti
1308 3957 1503 3998 nomen
1520 3943 1774 3999 Minervae

185 4021 387 4094 datum,
418 4037 475 4084 et
526 4028 653 4085 inde
697 4027 1222 4111 factum,jutvirgo,
1264 4048 1331 4087 ex
1374 4033 1527 4089 Jovis
1571 4036 1775 4092 vertice

187 4128 289 4173 orta
312 4162 327 4185 ,
355 4136 418 4178 ac
442 4121 760 4193 Tritugenia
784 4165 799 4188 ,
832 4133 887 4179 et
915 4123 1204 4193 Glauconis
1243 4125 1383 4182 dicta
1428 4128 1519 4182 sit.
1554 4127 1774 4185 Diodori

187 4223 333 4280 porro
361 4216 529 4272 verba
560 4218 604 4271 si
636 4216 817 4288 legere
842 4217 1000 4284 velis,
1034 4217 1103 4274 ah
1130 4217 1367 4275 Eusebio
1394 4221 1473 4275 sic
1499 4220 1773 4293 descripta

188 4299 410 4364 invenies
452 4309 474 4381 (
499 4306 722 4365 Diodor.
779 4308 973 4375 Sicul.,
1024 4309 1114 4365 lib.
1163 4327 1182 4366 ι
1222 4310 1496 4378 Bibliotlt.,
1535 4331 1656 4386 pag.
1707 4317 1771 4382 8;

192 4395 380 4466 Ειιιεῡ..
410 4403 449 4458 l.
479 4418 542 4458 tu
585 4400 879 4473 Prwparat.
914 4419 1091 4474 euang.
1121 4420 1169 4457 c.
1198 4404 1255 4471 5,
1281 4422 1406 4476 pag.
1429 4405 1522 4477 89)
1553 4424 1567 4461 :
1593 4408 1688 4462 Τὸν
1718 4406 1775 4464 δὲ

188 4490 300 4569 ἀέρα
342 4498 771 4573 προσαγορεῦσαί
815 4517 966 4568 φασιν
992 4494 1223 4562 Ἀθηνᾶν,
1278 4498 1776 4575 μεθερμηνευομένης

187 4592 266 4646 τῆς
286 4586 478 4654 λέξεως
517 4593 606 4644 καὶ
632 4591 742 4649 Διὸς
769 4591 1032 4663 θυγατέρα
1057 4590 1266 4661 νομίσαι
1290 4592 1505 4657 ταύτην,
1535 4595 1622 4646 καὶ
1639 4613 1772 4666 παρ·
1796 4636 1850 4697 D

189 4673 231 4697 ﬂ!
340 4679 352 4696 ο
519 4685 530 4697 ο
650 4681 675 4697 Δ
765 4679 790 4697 Ω
824 4681 834 4697 ο
1003 4682 1015 4697 ς
1070 4677 1096 4697 η
1134 4683 1157 4697 Λ
1375 4677 1400 4697 ν
1558 4686 1567 4697 ι
1726 4684 1736 4697 ι

188 4673 302 4731 θένον
328 4679 733 4740 ὑποστήσασθαι
760 4679 845 4736 διά
870 4701 927 4735 τε
964 4682 1022 4735 τὸ
1063 4677 1317 4759 ἄφθαρτον
1352 4677 1480 4739 εἶναι
1508 4686 1660 4756 φύσει
1686 4684 1772 4739 τὸν

190 4767 342 4848 ἀέρα,,
370 4774 559 4830 καὶτὸν
579 4774 862 4846 ἀκρότατον
888 4775 1098 4853 ἐπέχειν
1140 4773 1294 4830 τόπον
1331 4779 1425 4831 τοῦ
1470 4776 1773 4847 σύμπαντος

189 4860 384 4935 κόσμου.
412 4864 588 4945 διόπερ
615 4868 672 4922 ἐκ
700 4876 792 4928 τῆς
821 4875 1042 4943 κορυφῆς
1095 4872 1189 4921 τοῦ
1234 4867 1342 4929 Διὸς
1384 4868 1777 4941 μυθολογηθῆναι

191 4955 356 5017 naviga
372 4961 564 5019 ταύτην
583 4960 838 5030 γενέσθαι.
859 4960 1154 5033 ὠνομάσθαι
1165 4958 1217 5015 δέ
1229 4958 1388 5019 αὐτὴν
1404 4963 1774 5037 Τριτογένειαν,

192 5048 280 5105 ἀπὸ
302 5059 389 5106 τοῦ
431 5059 545 5131 τρὶς
590 5053 923 5127 μεταϐάλλειν
950 5056 1084 5130 αὐτῇ
1127 5059 1243 5114 τὴν-
1268 5056 1418 5127 φύσιν
1458 5056 1573 5111 κατ’
1601 5058 1773 5111 ἐνιαυ-

191 5140 281 5203 τὸν,
310 5142 474 5223 ἔαρος,
502 5151 590 5202 καὶ
616 5149 793 5223 θέρους
818 5149 905 5202 καὶ
929 5153 1206 5220 χειμῶνοςο
1233 5147 1472 5220 λέγεσθαι
1516 5146 1571 5203 δὲ
1612 5149 1771 5208 αὐτὴν

193 5238 267 5289 καὶ
280 5237 582 5310 γλαυκῶπιν,
607 5241 713 5312 οὐχ
739 5241 919 5315 ὥσπερ
963 5237 1081 5296 ἔνιοι
1118 5247 1219 5296 τῶν
1261 5240 1471 5299 tum»:
1490 5240 1770 5307 ὑπέλαϐον,

195 5327 282 5383 ἀπὸ
300 5338 386 5386 τοῦ
414 5337 532 5394 τοὺς
556 5334 840 5407 ὀφθαλμοὺς
860 5334 1116 5408 γλαυκοὺς
1154 5334 1328 5401 (τοῦτο
1357 5337 1449 5407 μὲν
1473 5337 1576 5408 ’γὰρ
1602 5336 1773 5396 cunei;

198 5421 468 5500 ὑπάρχει),
501 5429 605 5484 ἀλλ’
636 5430 737 5484 ἀπὸ
776 5434 871 5484 τοῦ
909 5430 992 5484 τὸν
1035 5430 1163 5503 ἀέρα
1202 5431 1290 5487 τήν
1331 5426 1586 5505 πρόσοψιν
1627 5426 1772 5500 ἔχειν

199 5509 469 5588 ἔγγλαυκον.
501 5522 622 5577 Aeri
650 5531 840 5585 autem,
874 5520 1120 5577 Minerua:
1149 5537 1330 5576 nomen
1369 5523 1595 5594 quadam
1636 5525 1774 5579 uocis

199 5603 588 5680 interpretatione
613 5614 903 5670 attribuisse
921 5656 936 5681 ,
965 5614 1211 5686 lorisque
1238 5606 1401 5684 ﬁliam
1444 5616 1579 5670 Itane
1605 5626 1648 5671 et
1669 5618 1773 5671 vir-

200 5698 344 5766 ginem
369 5709 555 5775 putari,
588 5724 647 5763 eo
673 5709 810 5779 quod
830 5726 920 5764 aer
944 5719 1130 5764 natura
1175 5710 1497 5780 corruptioni
1537 5727 1640 5766 non
1676 5712 1769 5766 ab-

202 5794 362 5849 noxius
388 5798 473 5865 sit,
501 5810 546 5853 et
569 5816 828 5855 sumntum
874 5802 1101 5856 universi
1147 5801 1317 5855 locum
1358 5813 1587 5873 occupet.
1622 5802 1771 5859 Unde

204 5886 334 5943 etiam
358 5890 524 5960 fabula
543 5912 572 5951 e
589 5894 735 5952 lovis
760 5896 945 5954 uertice
962 5896 1109 5953 illam
1130 5904 1352 5954 enatam.
1385 5894 1573 5952 Vacari
1596 5907 1765 5954 autem

1873 3367 2070 3424 cecinit
2088 3385 2102 3421 :

1970 3485 2099 3549 Usus
2115 3498 2197 3537 me
2216 3487 2412 3549 genuit,
2432 3490 2594 3549 mater
2618 3484 2815 3549 peperit
2832 3483 3090 3549 memoria,

1967 3548 2201 3613 Sophiam
2218 3545 2404 3600 vocant
2414 3561 2493 3597 me
2519 3545 2699 3606 Graeci,
2722 3558 2808 3596 vos
2829 3545 3135 3608 sapientiam.

2404 3629 2571 3697 (Gell.,
2592 3628 2672 3681 lib.
2700 3643 2784 3680 ιιιιι
2810 3631 2952 3681 Noct.
2974 3626 3142 3689 Attia,
3165 3638 3279 3690 cap.
3300 3622 3379 3688 8.)

1873 3740 2142 3798 Caeterum
2172 3739 2383 3796 tametsi
2411 3736 2766 3811 Porphyrius.
2785 3735 2858 3791 uti
2892 3734 3050 3806 paulo
3068 3743 3195 3788 ante
3215 3729 3469 3798 vidimus,

1875 3837 2108 3905 dixerit,
2154 3833 2610 3906 quemadmodum
2659 3831 2852 3905 Apollo
2898 3830 2951 3886 in
2996 3829 3112 3886 sole
3154 3836 3278 3895 est,
3307 3825 3469 3883 sicin

1875 3931 2000 3986 lunu
2027 3970 2041 3997 ,
2072 3929 2372 4000 prudentia:
2416 3927 2666 4001 symbolo
2688 3969 2704 3995 ,
2731 3940 2852 3983 esse
2900 3924 3194 3981 Minervam
3215 3966 3231 3991 ,
3266 3921 3473 3977 Macro-

1876 4024 1996 4081 bius
2023 4036 2202 4080 tamen
2234 4023 2379 4079 aliud
2418 4020 2625 4094 profert
2662 4021 2806 4075 illius
2833 4019 3197 4074 testimonium
3220 4058 3234 4082 ,
3262 4032 3370 4088 quo
3399 4014 3473 4070 si—

1874 4118 2146 4189 gniﬁcavit
2179 4117 2317 4171 hanc
2344 4118 2513 4187 ipsam
2544 4113 2837 4169 Minervam
2869 4127 2991 4168 esse
3032 4111 3161 4166 solis
3184 4110 3467 4175 virtutem,

1875 4227 1997 4283 quae
2023 4210 2363 4283 prudentiam
2390 4207 2699 4264 hominibus
2735 4205 2993 4277 impertit.
3026 4203 3151 4260 lima
3176 4202 3319 4258 enim
3350 4210 3476 4256 sunt

1876 4304 2133 4361 Macrobii
2154 4304 2317 4359 verba
2342 4322 2356 4358 :
2387 4320 2405 4354 t
2436 4300 2771 4373 Porphyrius
2791 4305 3018 4354 testatur
3037 4295 3330 4352 Minervam
3352 4307 3475 4349 esse

1877 4399 2129 4453 virtutem
2161 4396 2325 4464 solis,
2358 4411 2477 4463 qua:
2517 4394 2769 4449 humanis
2817 4390 3088 4447 mentibus
3127 4387 3470 4461 prudentiam

1877 4492 2269 4548 subministrat.
2302 4487 2434 4543 Nam
2464 4486 2590 4542 ideo
2624 4486 2739 4540 haec
2767 4484 2903 4551 dea,
2935 4482 3084 4538 lovis
3125 4483 3303 4553 capite
3342 4494 3471 4552 pro-

1876 4594 2039 4659 gnata
2073 4595 2425 4646 memoratur,
2455 4581 2507 4637 id
2548 4588 2672 4646 est,
2709 4579 2776 4635 de
2823 4593 3031 4634 summa
3058 4577 3277 4633 mlheris
3324 4585 3478 4646 parte

1876 4679 2051 4745 edita;
2076 4677 2217 4732 unde
2243 4678 2396 4747 origo
2420 4673 2553 4730 solis
2577 4681 2663 4729 est
2695 4693 2714 4725 ι
2753 4670 3036 4746 (Macrob.,
3064 4671 3102 4725 t.
3133 4687 3151 4726 ι
3179 4668 3476 4738 Snturnat.,

1878 4787 1925 4825 ο.
1958 4771 2047 4834 17,
2080 4787 2132 4841 p.
2159 4767 2313 4841 262).

1951 4864 2313 4921 'l'antutndem
2339 4877 2470 4934 ergo
2496 4862 2698 4918 ethnici
2727 4861 2795 4917 de
2823 4859 2982 4932 hujus
3012 4857 3245 4914 nominis
3271 4864 3480 4928 etymo-

1882 4962 2056 5034 logia,
2085 4970 2350 5032 quautum
2380 4958 2449 5014 de
2478 4959 2591 5028 ipsa
2619 4957 2922 5013 variabant.
2952 4953 3178 5024 Quidam
3206 4953 3350 5009 enim
3376 4994 3392 5017 ,
3422 4959 3481 5006 ut

1879 5057 1955 5111 ait
1998 5055 2289 5119 Arnobius,
2326 5068 2521 5108 nomen
2569 5067 2598 5105 a
2642 5051 2934 5118 memoria,
2963 5059 3141 5105 ortum
3170 5049 3475 5110 voluerunt,

1878 5150 2026 5220 quasi
2055 5148 2291 5220 quaedam
2337 5146 2672 5202 Meminerva.
2703 5143 2950 5200 Ciceroni
2995 5151 3172 5197 autem
3216 5140 3295 5195 sic
3334 5138 3478 5194 dicta

1878 5245 2114 5309 videtur,
2155 5243 2293 5315 quod
2331 5242 2408 5297 vel
2448 5241 2729 5306 minueret,
2768 5239 2847 5294 uel
2891 5239 3203 5300 minaretur;
3248 5232 3476 5301 Isidoro,

1878 5336 2034 5408 quasi
2062 5334 2157 5389 dea
2185 5345 2239 5390 et
2267 5351 2454 5389 munus
2479 5335 2678 5388 artium
2701 5332 2994 5396 variarum,
3027 5344 3147 5399 quae
3171 5327 3238 5382 ab
3267 5326 3353 5381 illa
3390 5326 3478 5380 in-

1877 5439 2053 5486 ventte
2101 5429 2519 5485 venditabantur
2554 5427 2780 5500 (Cicer.,
2813 5427 2851 5483 ι.
2885 5443 2920 5481 ιι
2966 5426 3030 5479 de
3071 5421 3264 5478 Natur.
3306 5422 3476 5486 deor.,

1883 5541 1936 5594 p.
1965 5522 2073 5579 εει
2094 5565 2111 5591 ,
2143 5523 2236 5578 lin.
2265 5522 2377 5587 20;
2417 5521 2577 5590 Isid.,
2609 5523 2647 5577 ι.
2675 5537 2767 5576 Vill
2815 5519 3041 5591 0rigitt.,
3070 5536 3117 5573 ο.
3153 5517 3240 5585 Η)
3271 5536 3285 5573 :
3313 5516 3479 5572 Festo

1879 5616 2146 5689 denique,
2175 5618 2317 5689 quod
2347 5618 2488 5674 bene
2519 5624 2754 5672 moneat.
2790 5634 2809 5667 t
2844 5614 2995 5670 llauc
3019 5615 3193 5674 enim,
3226 5632 3245 5665 ι
3280 5611 3476 5684 inquit,

1885 5729 1905 5763 t
1943 5710 2130 5781 pagani
2180 5723 2277 5780 pro
2322 5709 2588 5780 sapientia
2634 5707 2926 5779 ponebant.
2960 5706 3285 5761 Corniﬁcius
3310 5718 3474 5773 vero,

1877 5806 2021 5879 quod
2053 5805 2304 5877 ﬁngatur,
2340 5807 2694 5876 pingatttrque
2722 5802 2982 5859 minitans
3009 5802 3196 5865 armis,
3226 5800 3475 5857 eamdem

1874 5899 2076 5955 dictam
2098 5904 2248 5970 putat
2278 5915 2297 5950 ι
2329 5896 2523 5969 (Fest,
2557 5896 2763 5952 adverb.
2795 5894 3226 5969 utuenva).Qute
3253 5894 3473 5967 quidem
