3904 6326
441 295 541 356 571

1648 292 2096 356 ιιιεεειιτΑτιο
2133 295 2412 354 ΡΒλΕἫΑ
3585 297 3671 357 572

440 410 710 473 Corniﬁcii
751 418 939 475 eadem
969 434 1034 475 ac
1061 417 1338 475 Ciceronis
1361 425 1480 485 est,
1510 415 1833 490 etymologia
1852 457 1869 482 ,
1903 426 2023 486 quae
2049 416 2105 475 Α
2127 422 2230 483 qua
2284 413 2422 470 hanc
2448 412 2694 484 aliosque
2721 411 2874 469 fictos
2922 428 2954 468 ι
2972 411 3266 484 gentilibus
3291 410 3418 468 deos
3436 414 3669 483 explodit,

439 506 506 564 ab
529 507 624 565 illo
636 513 969 583 explicatur.

509 605 581 659 At
628 600 847 660 Vossius
895 602 949 661 in
1002 603 1145 662 Festi
1195 608 1518 662 sententiam
1565 607 1734 678 magis
1764 605 2023 667 inclinat,

437 709 728 770 censetqne
757 701 978 756 verbum
1029 717 1207 755 moneo
1227 744 1240 766 ,
1272 701 1340 756 ab
1365 690 1649 771 antiquiori
1679 718 1853 756 meneo
1875 696 2024 757 deri-

435 785 655 850 vaium:
710 803 766 848 et
797 809 827 848 a
866 810 1063 860 maneo,
1101 795 1320 857 mentio,
1348 795 1573 859 memini,
1617 802 1828 860 membr,
1867 797 2021 849 remi-

435 887 623 955 niscor,
657 897 819 959 atque
846 888 918 947 ita
946 890 1143 946 factum
1173 907 1366 947 nomen
1406 892 1648 948 Menerva
1671 935 1687 959 ,
1735 908 1798 948 ac
1826 891 2024 950 deinde

432 977 668 1035 Minerva
722 981 946 1052 (νοω,
1002 987 1090 1039 lib.
1121 1002 1156 1041 ll
1209 986 1271 1039 de
1302 984 1446 1057 Orig.
1496 996 1540 1040 et
1568 985 1738 1056 Progr
1803 988 2019 1054 tdolol.,

432 1092 548 1147 cap.
606 1077 707 1145 42,
764 1094 887 1151 pag.
928 1079 1033 1136 271
1073 1092 1120 1135 et
1163 1082 1348 1152 seqq.).
1397 1082 1473 1138 lbi
1522 1099 1685 1153 porro
1729 1084 1821 1137 ille
1870 1084 2021 1153 plura

430 1170 736 1240 congessit,
791 1174 985 1242 quibus
1022 1190 1084 1229 ea
1144 1190 1263 1245 qua:
1309 1174 1379 1228 ab
1427 1176 1665 1230 Arnobio
1694 1176 1833 1231 dicta
1879 1176 2019 1231 vidi-

430 1276 552 1316 mus
572 1305 587 1327 ,
631 1263 833 1320 diserte
867 1267 1217 1322 enucleantur
1239 1277 1293 1323 et
1319 1268 1683 1325 stabiliuntur.

499 1354 615 1409 Jatn
643 1372 772 1411 vero
794 1360 893 1413 etsi
925 1361 1133 1429 penitus
1157 1370 1456 1417 taceremus
1476 1403 1491 1427 ,
1530 1363 1651 1433 quis
1684 1368 1785 1428 est,
1810 1379 2013 1433 qumso,

428 1449 520 1517 qui
564 1463 669 1503 non
720 1449 867 1505 videt
902 1468 1010 1522 quo
1043 1454 1165 1523 jure
1212 1456 1355 1510 idem
1387 1457 1655 1510 Arnobius
1683 1465 1867 1511 noster
1898 1456 2021 1511 hinc

428 1541 678 1597 conficiat
714 1544 911 1599 nullam
970 1562 1190 1615 prorsus
1236 1548 1403 1603 fuisse
1449 1549 1783 1614 Minervam,
1826 1551 2019 1605 Mentis

426 1644 521 1689 aut
546 1634 799 1691 Victoria:
845 1638 1045 1705 filiam,
1098 1641 1297 1695 nullam
1342 1658 1409 1697 ex
1449 1642 1598 1697 Jovis
1655 1653 1833 1698 natam
1860 1660 2017 1700 cere-

426 1726 548 1793 bro,
600 1728 951 1786 inventricem
999 1734 1164 1797 ole:e,
1223 1736 1495 1805 variisque
1523 1737 1730 1791 artibus
1760 1747 1815 1792 et
1855 1738 2018 1793 disci-

427 1819 587 1890 plinis
614 1821 918 1891 prtefectam
960 1835 1015 1879 et
1051 1827 1347 1894 eruditam,
1389 1829 1483 1883 sed
1527 1846 1640 1885 rem
1680 1833 2016 1897 naturalem,

426 1930 545 1985 qua:
569 1914 669 1969 dea
693 1918 876 1988 utique
900 1935 1023 1976 esse
1056 1921 1279 1991 nequit?
1308 1922 1547 1992 (Arnob.,
1576 1923 1665 1978 lib.
1684 1939 1758 1988 ιιι,
1782 1944 1834 1994 p.
1869 1926 2020 1995 118.)

496 2006 573 2066 At
588 2027 693 2083 quo
720 2014 955 2080 clarius,
1003 2032 1066 2071 ex
1110 2017 1373 2073 baetenus
1419 2019 1579 2073 dictis
1603 2032 1816 2075 constat
1844 2021 2021 2075 ethni-

424 2119 518 2160 cos
570 2108 867 2164 credidisse
895 2110 1041 2165 illam
1091 2111 1281 2165 Mentis
1336 2112 1540 2179 filiam,
1571 2122 1730 2184 atque
1760 2129 1827 2169 ex
1871 2113 2020 2169 lovis

422 2201 649 2256 cerebro
690 2212 907 2271 natam,
950 2222 1015 2260 eo
1055 2204 1330 2261 difficilius
1360 2207 1617 2276 probatu,
1666 2224 1770 2279 qua
1813 2210 2021 2265 ratione

423 2295 532 2350 lilia
600 2295 848 2351 Victoriae
912 2298 979 2354 ab
1030 2300 1272 2354 Arnobio
1330 2300 1557 2355 dicatur.
1616 2301 1898 2373 Dionysius
1939 2304 2017 2356 si-

422 2386 639 2457 quidem
669 2389 1112 2447 Halicarnasseus
1151 2403 1336 2448 narrat
1369 2392 1549 2465 (Dion.
1605 2394 1774 2448 Halic.
1797 2436 1813 2461 ,
1847 2397 1917 2449 lib
1964 2398 2015 2461 ι,

422 2497 541 2551 pag.
596 2480 689 2552 26)
734 2501 746 2536 :
791 2487 941 2544 Νίκην
988 2484 1042 2541 δὲ
1085 2486 1321 2561 ’Λρκάδες
1370 2489 1711 2562 μυθολογοῦσι
1763 2490 2019 2552 Πάλαντος

419 2568 546 2630 εἶναι
598 2577 853 2654 θυγατέρα
898 2586 988 2633 τοῦ
1036 2583 1313 2642 Λυκάονος.
1344 2583 1495 2655 τιμὰς
1516 2580 1572 2637 δὲ
1590 2582 1716 2659 παρ’
1746 2585 2017 2659 ἀνθρώπων

420 2667 482 2729 ἃς
526 2674 612 2724 καὶ
644 2669 761 2742 ἔχει
785 2679 893 2739 νῦν,
920 2673 1122 2734 Ἀθηνᾶς
1161 2675 1399 2745 βουλήσει
1424 2675 1614 2740 λαϐεῖν,
1635 2679 1900 2750 ’γενομένην
1923 2686 2019 2737 τῆς

420 2764 535 2818 θεοῦ
561 2767 867 2841 σύντροφον,
890 2767 1091 2828 δοθῆναι
1118 2773 1219 2846 γὰρ
1247 2772 1396 2831 εὐθὺς
1412 2772 1511 2825 ἀπὸ
1530 2780 1679 2844 γονῆς
1707 2777 1798 2831 τήν
1818 2771 2016 2830 Ἀθηνᾶν

420 2856 630 2911 nullath
660 2860 762 2912 ἀπὸ
791 2863 921 2925 Διὸς,
950 2865 1037 2915 καὶ
1064 2862 1189 2939 παρ’
1220 2865 1410 2935 ἐκείνῳ,
1438 2865 1564 2924 τέως
1614 2866 1683 2926 εἰς
1730 2866 1869 2940 ὥραν
1899 2867 2016 2940 ἀφί-

424 2969 561 3015 πετο,
584 2961 855 3025 τραφῆναι.
907 2952 1183 3008 Victoriam
1233 2967 1403 3010 autem
1443 2958 1668 3012 Arcades
1713 2960 2018 3027 fabulantur

421 3042 586 3111 ﬁliam
605 3043 864 3112 Palmitis,
886 3051 1123 3117 prognati
1138 3048 1377 3121 Lgcaone
1396 3068 1414 3105 :
1429 3064 1476 3107 et
1501 3054 1717 3107 honores
1736 3071 1863 3125 quos
1879 3070 2015 3108 nunc

421 3140 562 3208 apud
603 3140 832 3194 homines
872 3142 1051 3205 habet,
1105 3156 1468 3211 consecutam,
1506 3145 1741 3200 Minerva
1759 3147 2007 3216 jubente,

418 3231 556 3299 quod
581 3247 696 3284 cum
724 3232 821 3286 hac
850 3234 946 3287 dea
974 3235 1128 3289 simul
1156 3237 1374 3291 educata
1402 3241 1486 3293 sit.
1531 3240 1572 3292 A
1599 3238 1730 3294 Jove
1754 3241 1887 3293 enim
1932 3258 2011 3295 re-

418 3338 538 3376 cens
567 3334 743 3378 natam
767 3328 1182 3382 commendatam
1214 3347 1322 3384 esse
1356 3331 1569 3387 Palanti
1590 3376 1604 3398 ,
1634 3347 1682 3388 et
1707 3336 1846 3403 apud
1869 3338 2016 3392 illum

418 3418 704 3481 educatam.
723 3422 848 3476 dum
869 3423 1164 3480 adoleverit.
1197 3426 1400 3493 Quibus
1420 3439 1563 3501 certe
1596 3430 1768 3484 verbis
1799 3431 2015 3499 planum

417 3510 508 3566 ille
533 3512 658 3567 facit
686 3513 976 3570 Minervam
1010 3533 1115 3573 non
1139 3535 1261 3575 esse
1294 3520 1457 3574 tiliam
1487 3500 1755 3588 Victoriae,
1776 3526 1870 3579 sed
1893 3535 2014 3579 tau.

416 3607 696 3661 tummodo
729 3600 850 3663 cum
876 3610 964 3664 illa
992 3604 1296 3667 educatam.
1344 3604 1609 3670 Pinarium
1661 3617 2014 3672 nihilominus

414 3699 688 3768 opinionis
735 3717 850 3757 suae
895 3717 1223 3761 assertorem
1258 3709 1526 3763 Arnobius
1572 3709 1760 3764 habuit
1807 3711 2015 3767 Pausa-

416 3795 591 3860 niam,
649 3799 740 3862 qui
790 3799 998 3853 dixerat
1059 3799 1378 3869 (Pansam,
1428 3805 1520 3857 lib.
1573 3821 1620 3870 ι,
1665 3823 1786 3876 pag.
1837 3804 1950 3875 40)
2000 3822 2014 3859 :

413 3892 506 3941 Kal
534 3888 707 3960 ἕτερον
736 3891 953 3947 ἐνταῦθα
997 3893 1130 3969 ἱερὸν
1159 3893 1361 3954 Ἀθηνᾶς
1387 3899 1684 3958 πεποίηται,
1710 3897 2019 3970 καλουμένης

412 3982 585 4042 Νίκης.
626 3981 860 4036 Alterum
910 3984 1098 4039 ibidem
1121 3995 1196 4040 est
1242 3985 1515 4040 delubrum
1567 3987 1848 4055 Minervw,
1905 3990 2010 4055 cui,

420 4072 665 4130 Victoria:
713 4089 1126 4147 cognomentum.
1182 4078 1241 4133 In
1282 4081 1515 4149 quodam
1572 4093 1749 4137 autem
1777 4083 2016 4152 Orphei,

414 4171 489 4222 uti
529 4171 875 4234 inscribitur,
910 4172 1109 4244 hymno
1142 4173 1229 4227 illa
1265 4183 1486 4229 vocatur
1524 4177 1757 4255 νικηφόρα
1801 4174 2012 4249 daque»,

420 4261 703 4318 Victoriam
762 4270 931 4338 ferens
978 4267 1181 4321 daemon
1236 4266 1537 4339 (Orpheus,
1617 4280 1739 4323 tom.
1791 4285 1806 4324 ι
1861 4270 2011 4325 Poet.

410 4372 602 4427 grtec.,
658 4377 779 4431 pag.
823 4360 1069 4433 509).At
1122 4361 1245 4416 hinc
1295 4362 1520 4418 Arnobii
1565 4366 1804 4419 narratio
1857 4366 2017 4435 plane

411 4451 696 4519 ﬁrmatur,
740 4456 784 4509 si
839 4457 956 4526 ejus
996 4457 1049 4511 in
1098 4464 1248 4512 textu
1309 4457 1576 4527 legeretur
1617 4478 1630 4513 :
1666 4477 1685 4510 ι
1721 4458 1879 4513 Nulla
1933 4468 2018 4513 est

411 4557 543 4613 ergo
573 4544 770 4599 Mentis
815 4547 953 4612 lilia,
1004 4548 1146 4602 nulla
1200 4548 1460 4605 Victoria.
1496 4568 1515 4601 ι
1545 4549 1599 4604 Si
1655 4566 1785 4605 vero
1824 4551 2013 4620 legen-

410 4636 539 4691 dum
583 4636 687 4701 sit,
735 4637 899 4693 Nulla
948 4639 1219 4707 Victoriae,
1267 4641 1523 4697 videlicet
1553 4643 1692 4709 lilia,
1730 4644 2007 4713 expende,

411 4746 628 4801 quasso,
687 4740 863 4787 utrum
908 4732 1025 4788 haec
1072 4735 1256 4803 opinio
1309 4735 1433 4790 inde
1476 4736 1740 4797 invaluit.
1790 4737 1932 4807 quod
1979 4752 2010 4792 a

412 4824 618 4893 templo
667 4823 869 4893 ipsius,
902 4839 1021 4893 qua:
1055 4825 1289 4880 Victoria
1322 4829 1756 4895 nuncupabatur,
1811 4843 2015 4899 cogno-

413 4916 773 4982 minata,est,
806 4927 898 4970 aut
940 4918 1065 4987 quia
1112 4930 1413 4988 pugnantes
1450 4922 1570 4990 ejus
1598 4920 1802 4976 auxilio
1842 4924 2012 4978 victo-

410 5011 544 5062 riam
589 5019 869 5078 reportare
931 5008 1264 5065 ferebantur.

483 5101 668 5173 Longe
704 5117 868 5172 porro
898 5104 1164 5172 vulgatius
1189 5114 1245 5158 et
1275 5105 1456 5160 notius
1504 5117 1587 5161 est
1616 5107 1784 5175 illam,
1824 5125 2014 5181 quem-

411 5196 703 5251 admodum
745 5196 874 5250 alibi
906 5197 1243 5251 ostendimus
1273 5199 1488 5269 (Supr.,
1519 5217 1638 5270 cap.
1682 5202 1735 5270 9,
1784 5215 1884 5257 art.
1930 5203 2010 5277 2),

410 5290 545 5344 olea:
580 5299 636 5345 et
684 5289 910 5344 aliarmn
937 5330 952 5353 ,
992 5291 1131 5345 sicut
1184 5290 1449 5347 Diodorus
1498 5296 1711 5350 Siculus
1757 5308 2010 5365 testatur,

410 5384 763 5452 plurimarum
792 5385 988 5439 artium
1017 5385 1211 5440 dictam
1240 5385 1410 5444 fuisse
1456 5389 1831 5449 inventricem.
1877 5394 2013 5451 Nam

411 5477 538 5534 inde
572 5479 663 5533 ille
716 5479 993 5535 concludit
1023 5499 1034 5535 :
1065 5480 1164 5556 Ἀφ’
1193 5479 1260 5536 ὧν
1280 5482 1516 5558 Ἐργάνην
1557 5488 1715 5546 αὐτὴν
1741 5510 2011 5564 προσαγο-

410 5575 651 5647 prement
680 5571 923 5646 (Diodor.
959 5576 1123 5631 Sicut.
1154 5619 1168 5642 ,
1220 5578 1307 5631 lib.
1343 5594 1428 5643 ιιι,
1478 5577 1725 5637 Biblioth.
1750 5625 1764 5645 .
1797 5601 1845 5651 p.
1882 5586 2006 5655 M2,

411 5674 458 5716 et
506 5663 593 5718 lib.
642 5682 706 5731 ν,
751 5683 870 5737 pag.
897 5668 1063 5740 255),
1099 5669 1242 5725 unde
1294 5687 1517 5741 ergana,
1555 5686 1650 5727 seu
1689 5675 1870 5746 opifex
1919 5694 2010 5733 vo-

412 5757 615 5811 citatur.

415 5900 447 5923 Lg
490 5846 754 5908 Caeterum
777 5862 1034 5925 quantum
1057 5854 1112 5913 in
1135 5854 1235 5913 hoc
1263 5855 1485 5914 Arnobii
1510 5864 2009 5937 argumentatione,

2130 505 2387 576 ponderis
2432 507 2501 561 sit
2550 520 2613 561 ac
2670 505 2899 571 virium,
2950 505 3071 575 quis
3125 515 3246 571 est,
3290 504 3379 575 qui
3428 506 3670 564 confestim

2128 613 2238 655 non
2287 597 2855 659 attimadvertat?_At
2923 595 3369 665 illud‘prmterea
3434 600 3674 667 perspicne

2130 691 2387 761 probatur
2438 691 2507 746 ab
2566 690 2798 747 Eusebio
2848 699 2903 747 et
2946 689 3284 761 Augustino,
3339 690 3426 759 qui
3489 705 3549 745 ex
3598 691 3675 747 iis-

2125 783 2249 840 dem
2291 784 2455 839 variis
2494 782 2834 840 ethnicorum
2870 782 2939 840 de
2971 785 3240 847 Saturno,
3277 781 3435 848 Jove,
3474 781 3673 847 lunone.

2126 887 2180 935 et
2213 876 2451 933 Minerva
2493 876 2872 946 opinionibus,
2925 890 3022 931 eos
3068 890 3338 945 nunquam
3376 872 3502 930 deos
3544 876 3677 931 fuisse

2123 968 2499 1025 demonstrant
2524 969 2765 1043 (Euseb,
2789 970 2879 1024 lib.
2915 985 2975 1025 ιιι
3013 968 3257 1039 Prtepar.
3294 985 3493 1040 evang.,
3519 986 3561 1024 c.
3604 969 3677 1036 10,

2124 1079 2244 1133 pag.
2277 1061 2379 1117 1οἹ
2402 1079 2417 1129 ;
2454 1062 2674 1134 August.
2702 1101 2719 1129 ,
2752 1062 2838 1116 lib.
2867 1077 2917 1115 tv
2947 1061 3011 1116 de
3036 1059 3186 1116 Civil.
3212 1101 3226 1127 ,
3253 1070 3354 1115 art.
3387 1064 3448 1117 ιι)
3466 1101 3482 1128 ,
3510 1077 3558 1130 p.
3581 1060 3674 1130 95).

2714 1193 3005 1235 Αιιτιουιιυδ
3042 1195 3121 1234 Ill.

2122 1318 2371 1379 Quomodo
2395 1318 2639 1369 Arnobius
2662 1317 2777 1367 illud
2803 1319 2961 1368 adhuc
2978 1318 3205 1368 ostendat
3227 1331 3288 1367 ex
3310 1318 3530 1379 Neptuno
3548 1316 3682 1380 Stygii

2181 1380 2359 1455 fratre,
2382 1384 2629 1459 pistricup:
2656 1383 2869 1459 domino,
2898 1395 3162 1459 mzenarttm
3196 1389 3247 1459 et
3272 1382 3683 1459 ‘gurgitum‘motae

2182 1451 2292 1493 tore
2316 1459 2327 1493 :
2352 1447 2468 1493 item
2495 1443 2821 1508 exEMercurio
2837 1443 3185 1501 Caduceatore,
3206 1443 3436 1508 Cyllenio,
3458 1444 3683 1490 verborum

2184 1515 2233 1555 et
2272 1510 2520 1556 nominum
2560 1506 2836 1567 inventore,
2865 1522 2917 1555 ac
2945 1515 3187 1559 mutatorc
3214 1506 3522 1554 nundinarum
3542 1543 3553 1560 ,
3573 1518 3685 1551 mer-

2181 1569 2326 1634 cium,
2345 1577 2399 1620 et
2417 1572 2845 1634 comttterciorum;
2872 1568 3017 1633 atque
3032 1572 3177 1619 etiam
3191 1570 3396 1627 Cerere,
3415 1581 3517 1634 qua:
3536 1568 3682 1634 :l‘erra,

2182 1632 2357 1694 Magna
2383 1633 2555 1689 Mater,
2584 1631 2732 1680 Vesta
2751 1667 2766 1691 ,
2800 1631 2900 1694 Ops
2920 1630 2950 1692 ,⁷
2975 1643 3027 1682 et
3052 1634 3250 1681 Saturni
3277 1646 3404 1681 uxor
3428 1630 3685 1694 vocabatur:

2178 1692 2351 1807 nilnipe
2365 1694 2670 1807 letymologia
2694 1692 2940 1745 nomitium
2961 1695 3209 1759 Neptuni,
3232 1694 3476 1753 Mercurii,
3499 1692 3685 1753 Cereris,

2186 1770 2215 1807 e
2306 1770 2363 1806 es
2384 1772 2445 1807 te.

2186 1764 2239 1808 et
2264 1764 2445 1808 Vestae.

2197 1876 2363 1939 Nobis
2416 1883 2712 1940 Arnobium
2754 1880 2890 1939 alios
2914 1876 3191 1953 gentilium
3246 1872 3378 1938 deos
3431 1897 3686 1937 recensen-

2128 1991 2234 2033 tem
2264 1978 2616 2048 sequentibus
2647 1978 2881 2035 occurrit
2911 1976 3224 2049 Neptunus,
3276 1993 3437 2048 quem
3482 1976 3687 2043 ethnici,

2124 2052 2298 2143 inquit
2344 2070 2467 2138 ille,
2524 2066 2661 2143 quod
2714 2090 2848 2141 aqua
2904 2071 3058 2126 nubat
3102 2083 3357 2143 terram,‘
3390 2086 3453 2126 eo
3504 2069 3691 2124 nomine

2123 2136 2546 2239 appellaverunt.
2582 2136 2795 2235 (Arnob.
2825 2208 2839 2233 ,
2886 2167 2977 2222 lib.
3026 2182 3115 2230 tu,
3162 2183 3280 2236 pag.
3341 2136 3484 2234 itii).
3535 2162 3692 2231 Neque

2122 2260 2269 2315 eerte
2312 2258 2428 2313 inec
2454 2260 2779 2331 etymologia
2821 2269 3049 2329 patrono
3086 2249 3479 2327 defensoreque
3519 2254 3687 2310 earuit.

2122 2332 2380 2421 Quamvis
2412 2353 2554 2407 enim
2587 2348 2778 2405 Cicero
2823 2332 3056 2422 Neptuni
3089 2368 3285 2405 nomen
3311 2366 3341 2404 a
3374 2350 3564 2413 nando,
3591 2346 3691 2419 qui:

2121 2428 2345 2500 busdam
2378 2442 2570 2499 litteris
2599 2440 2870 2515 paululum
2897 2442 3191 2499 immutatis
3210 2486 3225 2509 ,
3250 2442 3488 2499 Isidorus
3510 2460 3537 2497 a
3572 2432 3692 2495 nube

2119 2530 2271 2608 quasi
2297 2528 2540 2603 tonante,
2598 2536 2685 2591 alii
2729 2554 2757 2590 a
2804 2538 2972 2592 verbo
3000 2526 3162 2593 etiam
3211 2554 3393 2613 grmeo
3427 2540 3606 2593 νίπτειν
3629 2532 3693 2589 la-

2120 2626 2247 2684 varc
2268 2673 2281 2693 .
2336 2630 2577 2697 abluere,
2610 2622 2915 2709 deductum
2951 2630 3147 2709 velint;
3180 2618 3377 2709 .Varro
3420 2642 3588 2686 tamen
3621 2622 3693 2683 di-

2119 2708 2265 2778 Serte
2291 2714 2425 2777 dixit
2458 2741 2470 2775 :
2514 2742 2533 2774 ι
2569 2718 2852 2793 Neptunus
2889 2702 3029 2793 quod
3085 2704 3233 2778 mare
3261 2735 3439 2780 terras
3465 2722 3691 2793 obnubit,

2119 2800 2177 2871 ui
2224 2804 2394 2870 nubes
2442 2808 2676 2882 caelum,
2723 2798 2753 2871 ιι
2808 2799 3007 2886 nupta,
3040 2799 3090 2870 id
3129 2800 3247 2883 est,
3306 2800 3620 2887 apertionc,
3648 2798 3692 2865 tit

2118 2908 2359 2979 antiqui,
2411 2925 2437 2961 a
2471 2925 2577 2978 quo
2606 2907 2829 2978 nuptim,
2884 2898 3190 2981 tiuptttsque
3214 2904 3392 2965 dictus
3437 2929 3455 2961 ι
3492 2902 3692 2981 (ilicem,

2118 2998 2207 3056 lib.
2258 3018 2289 3055 ιι
2335 3002 2397 3054 de
2448 3000 2643 3055 Natur.
2678 3001 2823 3055 deor.
2845 3040 2861 3068 ,
2895 2994 3018 3074 pag.
3049 2984 3193 3066 Ξειιέ
3228 2982 3566 3074 Ιδὶἀονηλξὺ.
3596 2984 3691 3063 vni,

2121 3076 2342 3171 origin;
2384 3092 2533 3148 Varr.
2557 3135 2569 3159 ,
2603 3092 2692 3148 lib.
2728 3110 2781 3149 tv
2809 3095 2871 3148 de
2896 3072 3068 3181 iLing.
3124 3078 3259 3181 κάλ,
3293 3114 3418 3181 pag.

2042 3207 2088 3270 ρ
2190 3188 2351 3255 Atqui
2403 3187 2448 3243 si
2502 3186 2552 3242 id
2602 3204 2788 3243 verum
2839 3180 2943 3255 sit,
2994 3174 3071 3242 ait
3117 3160 3695 3277 Arnobius,.concidi'i

2118 3272 2362 3352 piofecto
2398 3280 2531 3336 deus
2591 3274 2907 3365 Neptunus,
2956 3268 3022 3335 ab
3072 3276 3304 3364 ethnicis
3353 3266 3525 3336 dictus
3552 3266 3696 3334 frater

2119 3370 2307 3446 Sty'gii,
2354 3377 2402 3429 id
2459 3386 2576 3437 est,
2621 3362 2900 3441 Plutonis,
2963 3366 3016 3431 et
3068 3362 3218 3431 lovis
3267 3372 3588 3449 germanus,
3638 3371 3695 3425 dc

2117 3466 2312 3542 quibus
2338 3468 2445 3541 jam
2488 3466 2865 3527 disseruimus.
2918 3456 3083 3526 Addit
3133 3464 3339 3526 ironice
3386 3464 3567 3526 auctor
3608 3482 3694 3522 no-

2118 3578 2266 3621 ster:
2296 3585 2314 3617 ‹
2352 3563 2592 3620 Tridenti
2645 3558 2885 3619 armatus
2909 3607 2923 3630 ,
2960 3554 3238 3634 pistricutn
3286 3542 3573 3624 dominus.
3622 3550 3691 3613 at-

2118 3677 2258 3730 que,
2296 3676 2626 3728 mmnartnn,
2665 3676 2758 3715 rex
2785 3659 3051 3715 salsorutn
3083 3648 3354 3731 gurgitum
3406 3678 3426 3712 ι
3465 3644 3693 3730 (Arnob,

2121 3740 2219 3810 [δὲ.
2252 3752 2369 3828 cit.)
2391 3797 2405 3821 ,
2438 3755 2488 3810 id
2516 3766 2633 3820 est,
2667 3754 2833 3809 maris
2854 3740 2909 3810 et
2940 3753 3148 3823 pelagi,
3178 3752 3253 3808 uti
3277 3748 3443 3825 liquet
3472 3738 3554 3806 bis
3591 3764 3693 3804 caro

2120 3847 2399 3915 minibus,
2452 3848 2643 3917 quibus
2666 3845 2923 3917 Virgilius
2951 3842 3102 3901 illum
3147 3847 3225 3900 sic
3272 3834 3579 3917 loquentem
3629 3841 3697 3895 in-

2120 3941 2307 3997 duxit:

2220 4022 2227 4045 i

2213 4052 2323 4123 Non
2345 4058 2418 4123 illi
2439 4048 2698 4121 imperium
2723 4058 2885 4123 pelagi
2909 4048 3191 4123 saevumque
3215 4057 3504 4118 tridentem,

2215 4121 2314 4172 Sed
2339 4121 2459 4171 tnihi
2481 4130 2615 4171 sorte
2639 4121 2823 4172 datum.

2484 4203 2713 4271 (Virgil.,
2734 4200 2819 4257 lib.
2845 4221 2862 4256 ι
2887 4204 3103 4268 ιΕηείάη
3132 4219 3257 4257 vers.
3286 4205 3382 4258 tle
3404 4211 3451 4257 et
3471 4201 3615 4269 seqq.)

2121 4314 2314 4371 Pistrix
2364 4326 2568 4377 autem,
2619 4302 2779 4385 piscis
2834 4325 2918 4371 est
2953 4332 3178 4388 magnus
3237 4330 3331 4371 seu
3382 4314 3557 4371 bellua
3599 4324 3698 4363 ma-

2119 4404 2272 4476 rina,
2307 4426 2465 4480 quam
2498 4408 2739 4463 nonnulli
2785 4408 3030 4464 balenam
3077 4424 3197 4465 esse
3236 4406 3584 4464 arbitrantur.
3634 4398 3699 4455 De

2118 4496 2341 4574 pistrice
2371 4503 2521 4573 plura
2569 4496 2622 4558 in
2650 4502 2801 4557 Arati
2834 4501 3240 4574 pbmnotnenis,
3273 4516 3342 4558 ex
3368 4500 3561 4572 quibus
3599 4494 3697 4551 haec

2041 4597 2096 4659 D
2119 4596 2412 4668 selegimus
2444 4612 2459 4649 :

2206 4710 2564 4776 Andromedam
2590 4720 2752 4773 tamen
2779 4688 3043 4776 explorans
3064 4711 3422 4776 feraquterere
3448 4711 3616 4774 pistrix

2208 4770 2403 4838 ljt-rgit,
2430 4783 2481 4824 et
2503 4770 2669 4838 usque
2685 4776 2825 4825 sitam
2851 4770 3035 4823 validas
3060 4770 3299 4838 aquilonis
3324 4776 3385 4825 ad
3409 4770 3552 4825 auras

2208 4836 2396 4889 εωτυιε
2421 4836 2633 4901 vestigat
2656 4837 2789 4887 ﬁnita
2812 4838 2861 4886 in
2890 4836 3297 4901 partibus'austri.

2636 4921 2725 4984 (In
2749 4920 2908 4972 Cicer.
2934 4923 3156 4987 Fragm.,
3177 4934 3289 4985 pag.
3315 4922 3381 4971 33
3402 4927 3450 4973 et
3470 4918 3620 4986 seqq.)

2118 5025 2287 5081 ana
2329 5041 2542 5097 quoque
2577 5027 2817 5081 marinus
2846 5027 3010 5096 piscis
3037 5036 3120 5081 est
3141 5068 3154 5089 ,
3188 5026 3278 5096 qui
3319 5040 3499 5097 grzece
3528 5018 3695 5096 μαίνιςέ

2122 5134 2150 5173 a
2180 5120 2440 5175 Romanis
2484 5120 2643 5175 hodie
2672 5121 2894 5185 mcnola
2926 5128 3169 5174 vocatur.
3200 5119 3394 5175 Cicero
3424 5127 3597 5173 autem
3627 5110 3699 5167 his

2120 5213 2301 5267 verbis
2337 5213 2480 5269 illius
2512 5214 2798 5269 meminit:
2832 5231 2852 5265 ι
2889 5212 2992 5281 Qui
3018 5213 3352 5282 voluptatem
3384 5212 3553 5282 ipsam
3579 5222 3696 5263 con-

2123 5313 2395 5374 temnunt,
2443 5306 2509 5361 iis
2556 5304 2684 5361 licet
2734 5305 2914 5360 dicere
2962 5320 3024 5361 se
3066 5306 3481 5375 ancipenserem
3529 5311 3698 5357 mzenze

2123 5411 2229 5452 non
2277 5409 2607 5467 anteponere
2643 5417 2662 5450 ι
2723 5396 2911 5473 (Cicer.
2933 5440 2949 5466 ,
2977 5399 3067 5453 lib.
3105 5415 3144 5454 ιι
3181 5398 3245 5453 de
3273 5396 3448 5452 Finib.
3479 5439 3494 5461 ,
3527 5414 3578 5466 ρ.
3616 5389 3697 5452 66.

2120 5489 2212 5545 lin.
2249 5492 2360 5561 Si).
2399 5490 2727 5546 Mentionem
2771 5492 2932 5546 etiam
2961 5493 3080 5561 ejus
3116 5491 3246 5546 facit
3282 5491 3606 5550 Athenmns,
3652 5480 3699 5538 et

2118 5583 2315 5655 smpius
2347 5576 2595 5648 Plinius,
2638 5584 2728 5653 qui
2780 5599 2877 5637 nos
2932 5584 3092 5639 docet
3128 5583 3323 5653 quibus
3378 5581 3608 5642 morbis,
3651 5581 3700 5629 et

2116 5675 2389 5746 quomodo
2416 5674 2655 5730 remedia
2686 5689 2750 5730 ex
2780 5676 2882 5730 hoc
2910 5677 3055 5744 pisce
3075 5674 3435 5746 conﬁciantur
3462 5671 3657 5744 (Athen.
3680 5705 3695 5730 ,

2117 5738 2204 5822 lib.
2238 5780 2310 5823 vn
2340 5767 2658 5837 DeinosOph.
2679 5809 2692 5828 .
2723 5784 2842 5839 pag.
2875 5738 3010 5831 5l3;
3046 5766 3188 5823 Plin.
3210 5811 3225 5833 ,
3252 5766 3339 5821 lib.
3371 5738 3522 5827 sitit,
3567 5758 3689 5814 Hist.

2124 5870 2341 5927 unum,
2394 5877 2510 5933 cap.
2567 5875 2643 5928 tv,
2674 5875 2794 5932 pag.
2856 5859 3004 5927 M8;
3060 5860 3151 5917 lib.
3209 5873 3393 5927 xxvii,
3433 5872 3546 5926 cap.
3584 5849 3694 5918 10b
