3904 6326
429 330 462 387 li

465 332 533 386 75

610 453 671 503 Et
694 460 827 505 terra
851 456 1025 510 mater,
1055 447 1305 510 Vestaque
1323 445 1645 508 sapientibus,

613 516 833 571 Vocaris,
863 514 968 576 ipso
990 512 1248 562 considens
1272 515 1321 560 tn
1347 512 1558 559 aethere.

428 621 589 694 Atqui
636 621 828 676 horum
853 621 1170 691 scriptorum
1194 631 1352 689 atque
1375 618 1534 674 etiam
1565 616 1794 672 Lucretii
1817 658 1830 675 .
1863 630 2022 685 quem

427 713 578 770 adire
629 714 830 784 poteris
863 713 1120 783 (Lucret,
1173 713 1260 767 lib.
1301 727 1366 776 ll,
1423 729 1551 765 vers.
1585 711 1690 766 597
1743 720 1789 763 et
1844 725 2018 780 seqq.,

430 823 564 862 vers.
597 807 705 863 995
754 819 801 862 el
841 805 1048 879 καφ),
1089 806 1378 861 amaritate
1424 816 1476 860 et
1523 803 1828 858 testimonio
1860 802 2026 871 liquet

427 901 611 973 utique
637 900 773 958 illud
795 900 1138 958 verissimum
1165 916 1285 955 esse
1308 941 1323 963 ,
1349 899 1489 968 quod
1516 898 1582 953 ab
1612 897 1850 953 Arnobio
1875 910 2024 950 assu-

426 997 632 1061 mitur,
686 997 825 1051 trina
874 996 987 1050 hzec
1031 995 1250 1049 numina
1292 993 1437 1047 nulla
1489 1006 1644 1056 esse,
1692 989 2022 1060 quandoqui-

426 1087 549 1145 dem
595 1090 664 1144 iis
719 1098 888 1154 terra,
950 1104 1070 1159 qua:
1119 1088 1315 1143 divina:
1373 1084 1761 1156 proculdubio,
1818 1094 2023 1138 natura:

427 1197 534 1238 non
567 1191 690 1248 est,
724 1183 838 1237 sola
864 1181 1214 1253 significatur.

497 1273 862 1342 Quamobrem
926 1273 1198 1329 Arnobius
1268 1281 1452 1328 noster
1494 1271 1615 1340 jure
1665 1271 1856 1328 merito
1908 1269 2025 1325 haec

425 1369 770 1420 continenter
807 1365 1002 1435 adjecit
1034 1384 1048 1418 :
1087 1385 1106 1415 ι
1140 1365 1256 1421 Νοιι
1279 1365 1391 1435 ipsa
1423 1365 1593 1420 Mater
1620 1363 1780 1419 denm
1807 1405 1822 1427 ,
1865 1379 2023 1434 quam

425 1457 664 1528 Nigidius
709 1468 953 1514 autumat
1003 1460 1405 1515 matrimonium
1469 1461 1703 1514 tenuisse
1764 1459 2022 1524 Saturni,

425 1552 525 1608 dea
547 1562 692 1608 recte
731 1555 931 1625 poterit
974 1555 1306 1625 nuncupari;
1354 1553 1618 1624 siquidem
1665 1553 1820 1608 unius
1866 1563 2023 1607 terra:

424 1645 545 1701 haec
570 1656 695 1701 sunt
726 1647 904 1702 omnia
935 1648 1152 1702 nomina
1213 1667 1232 1700 ι
1262 1647 1479 1719 (Arnob.
1504 1688 1518 1712 ,
1541 1648 1634 1704 lib.
1668 1663 1756 1710 in,
1790 1665 1841 1714 p.
1874 1644 2022 1716 II9).

424 1739 615 1795 Nonne
635 1750 812 1795 autem
862 1740 1002 1795 idem
1041 1742 1201 1796 etiam
1233 1757 1264 1795 a
1283 1741 1525 1796 Varrone
1555 1741 1704 1796 hisce
1735 1740 1913 1795 verbis
1937 1754 2027 1794 as-

1637 323 2086 382 DISSER'I‘ATIO
2117 325 2393 382 anwa
2938 298 2943 304 ’
3600 323 3689 379 576

2052 450 2096 507 Λ
2125 460 2155 497 e
2179 444 2404 498 nubibus
2455 443 2709 498 nascitur.
2739 442 2892 498 Unde
2920 442 3082 497 etiam
3114 441 3376 497 Homerus
3420 439 3544 494 dicit
3584 454 3688 496 eum

2126 536 2194 591 de
2223 551 2347 591 aere
2380 537 2766 607 prmcipitatum
2799 535 2852 591 in
2884 545 3094 602 terras,
3121 535 3264 605 quod
3310 547 3466 589 omne
3513 531 3690 590 fulmen

2127 629 2196 682 de
2226 643 2351 684 acre
2407 628 2551 682 cadit
2589 648 2608 680 ›
2642 627 2850 696 (Serm,
2903 629 2956 682 in
3026 627 3114 681 lib.
3161 643 3253 682 vui
3311 625 3540 692 Ai'neid.,
3592 644 3694 698 pag.

2126 721 2272 791 51:2).
2303 721 2451 775 Hunc
2479 737 2617 792 pone
2643 722 2886 791 sequitur
2911 721 3146 774 Isidorus
3166 761 3181 784 ,
3213 719 3302 789 qui
3330 719 3510 775 eadem
3543 720 3696 788 priora

2126 829 2262 884 pene
2305 814 2481 868 omnia
2535 813 2677 867 illius
2723 813 2885 868 verba
2943 813 3154 882 repetit.
3205 810 3342 877 Quid
3375 825 3528 876 vero,
3570 809 3694 879 quod

2127 905 2266 960 idem
2295 906 2512 962 Servius
2551 916 2708 962 antea
2737 907 2943 962 dixerat
2973 924 2987 960 :
3031 926 3052 958 ι
3088 906 3406 976 Plerumque
3435 904 3698 959 Vulcanum

2129 1000 2378 1070 ponimus
2411 1015 2504 1069 pro
2537 1000 2700 1071 igne?
2738 1020 2756 1052 ι
2798 1001 3122 1070 Augustinus
3169 1014 3298 1054 vero
3329 1017 3342 1053 :
3380 1015 3398 1048 ι
3435 996 3700 1055 Vulcanum

2125 1092 2312 1146 volunt
2366 1093 2538 1164 ignem
2589 1093 2770 1147 mundi
2811 1113 2829 1146 ι
2906 1092 3166 1164 (Isidor.,
3226 1091 3309 1144 lib.
3355 1105 3448 1145 vni
3500 1088 3702 1160 0rigin.,

2126 1200 2241 1255 cap.
2268 1186 2351 1250 11,
2379 1201 2394 1249 ;
2446 1185 2618 1252 Sera,
2649 1186 2701 1238 in
2731 1184 2820 1238 lib.
2854 1201 2869 1238 ι
2900 1183 3143 1247 Αῖηεὶάη
3169 1199 3290 1254 pag.
3323 1182 3456 1246 l80;
3488 1180 3700 1251 August.,

2127 1277 2214 1334 lib.
2249 1295 2322 1332 vn
2349 1278 2413 1331 de
2435 1278 2609 1341 Civil.,
2639 1296 2756 1347 cap.
2778 1278 2993 1348 16,pag.
3029 1274 3180 1346 161).

2201 1372 2381 1444 Neque
2411 1373 2460 1428 id
2494 1374 2716 1444 probatu
2745 1373 3046 1439 difﬁcilius,
3078 1371 3221 1443 quod
3243 1370 3516 1442 subjungit
3549 1379 3709 1424 auctor

2128 1475 2334 1532 noster,
2366 1466 2628 1522 Venerem
2651 1507 2664 1530 ,
2700 1485 2717 1518 ι
2753 1467 2892 1536 quod
2922 1466 2986 1519 ad
3033 1473 3254 1520 cunctos
3285 1464 3498 1530 veniat,
3536 1481 3553 1513 ι
3589 1477 3704 1515 nunc

2129 1570 2379 1629 cupatam
2428 1561 2688 1633 (Arnob.,
2731 1561 2817 1615 lib.
2850 1576 2942 1625 ιιι,
2997 1576 3116 1630 pag.
3150 1556 3297 1628 2I9).
3351 1557 3431 1611 Ex
3475 1556 3710 1611 ϐίαιοι-ους

2128 1652 2391 1722 siquidem
2422 1653 2549 1708 illud
2579 1653 2922 1722 desumptum
2953 1652 3199 1716 videtur,
3241 1650 3331 1720 qui
3360 1651 3556 1704 diserte
3597 1664 3706 1718 pro-

2137 1746 2347 1799 nuntiat
2379 1765 2392 1800 :
2431 1765 2450 1797 ι
2487 1746 2620 1812 ρυευ
2649 1756 2826 1800 autem
2856 1746 2921 1798 ad
2952 1759 3039 1799 res
3064 1758 3252 1798 omnes
3279 1742 3518 1807 veniret,
3558 1739 3710 1795 Vene-

424 1834 666 1889 seritur:
704 1853 725 1887 ι
761 1835 927 1890 Terra
957 1834 1091 1915 Ops,
1141 1835 1284 1906 quod
1319 1834 1407 1890 hic
1437 1849 1597 1890 omne
1625 1848 1780 1905 opus,
1826 1843 1881 1888 et
1926 1831 2028 1887 bac
2058 1841 2105 1902 Β
2135 1854 2246 1892 rem
2273 1840 2438 1893 nostri
2473 1840 2919 1905 nominaverunt,
2948 1849 3108 1907 atque
3135 1853 3202 1892 ex
3241 1852 3302 1892 ea
3333 1838 3507 1906 potius
3546 1851 3713 1890 venus-

425 1942 563 1996 0pus
589 1929 654 1982 ad
688 1927 1008 1994 vivendum;
1057 1937 1112 1983 et
1139 1928 1260 1983 ideo
1290 1927 1486 1983 dicitur
1513 1928 1621 2000 Ops
1645 1938 1817 1983 mater
1838 1970 1852 1993 ,
1885 1927 2030 1998 quod

426 2031 570 2079 terra
597 2023 818 2079 nutriat.
852 2023 977 2078 Haec
1005 2024 1149 2078 enim
1178 2024 1336 2079 terris
1365 2032 1553 2094 gentes
1583 2037 1773 2078 omnes
1801 2023 2028 2092 peperit,

425 2126 482 2172 et
509 2118 736 2173 resumit
765 2117 977 2184 demto,
1009 2133 1131 2188 quae
1160 2117 1253 2172 dat
1295 2117 1535 2183 cibaria,
1570 2126 1625 2170 ut
1669 2117 1744 2170 ait
1788 2115 1993 2169 Ennius
2015 2157 2028 2177 ,

425 2225 546 2278 qua:
577 2209 718 2280 quod
742 2209 878 2280 gerit
903 2208 1102 2279 fruges,
1129 2207 1294 2265 Ceres
1322 2229 1339 2260 ι
1360 2208 1572 2281 (Varr.,
1603 2208 1690 2262 lib.
1725 2222 1779 2262 tv
1794 2207 1858 2261 de
1875 2205 2028 2278 Ling.

427 2303 554 2370 lal.,
602 2319 725 2374 pag.
773 2301 887 2373 I6).
940 2302 1071 2370 Quis
1119 2311 1300 2356 autem
1349 2302 1553 2367 nescit,
1589 2301 1730 2370 quod
1785 2300 1946 2355 etiam
2002 2316 2032 2354 a

427 2393 588 2450 nobis
635 2409 799 2465 supra
847 2403 1089 2449 notatum
1137 2403 1223 2448 est.
1267 2392 1478 2464 (Snpr.,
1518 2409 1634 2460 cap.
1699 2391 1763 2457 9,
1799 2401 1899 2445 art.
1933 2391 2029 2460 3)”,

427 2485 600 2556 Opem
629 2487 698 2542 ab
741 2487 973 2542 ethnicis
1011 2487 1208 2541 dictam
1238 2486 1458 2542 Saturni
1489 2487 1752 2542 uxorem?

502 2582 572 2636 At
598 2597 814 2652 quoquo
844 2583 1064 2636 nomine
1107 2591 1334 2636 Vocetur
1355 2623 1372 2649 ,
1403 2582 1447 2636 si
1479 2592 1620 2636 terra
1648 2590 1760 2646 est,
1793 2595 1892 2636 nec
1935 2581 2032 2635 dea

436 2685 553 2742 est,
605 2692 673 2732 ne
722 2692 845 2732 esse
893 2686 1090 2747 potest.
1136 2675 1305 2731 Recte
1342 2691 1471 2747 ergo
1511 2676 1843 2746 Augustinus
1892 2685 2035 2744 post-

434 2785 595 2842 quam
650 2769 772 2824 aliis
824 2770 1067 2840 ejusdem
1111 2769 1374 2825 Varronis
1422 2771 1606 2825 verbis
1667 2770 2037 2839 comprobavit

434 2865 680 2920 eamdem
713 2882 833 2919 esse
859 2865 1106 2920 tellurem
1131 2906 1145 2932 ,
1177 2864 1398 2920 Matrem
1430 2881 1675 2934 magnam
1697 2907 1712 2931 ,
1735 2874 1791 2919 et
1829 2864 1995 2933 Opem
2017 2905 2032 2930 ,

443 2972 567 3013 cum
600 2957 839 3012 Aruobio
870 2967 1056 3012 nostro
1103 2957 1412 3012 concludit:
1451 2977 1470 3009 ι
1505 2959 1560 3014 Si
1603 2975 1732 3030 ergo
1785 2973 1890 3012 una
1935 2958 2033 3013 dea

445 3061 560 3117 est,
591 3066 713 3120 quas
768 3051 983 3120 quidem
1029 3050 1273 3105 consulta
1316 3051 1577 3116 veritate,
1625 3066 1724 3104 nec
1766 3051 1878 3121 ipsa
1919 3059 2035 3116 est,

441 3142 659 3199 interim
696 3143 825 3214 quid
863 3144 970 3198 itur
1015 3143 1067 3197 in
1112 3144 1307 3197 multas
1352 3161 1371 3195 ι
1429 3141 1668 3214 (August.
1715 3144 1802 3196 lib.
1855 3159 1922 3198 vtt
1976 3142 2039 3196 de

2133 1940 2214 1986 tas
2235 1974 2248 1995 ,
2276 1948 2434 2002 quam
2481 1932 2662 1987 Venus
2690 1948 2753 1987 ex
2802 1940 3084 1987 venustate
3121 1951 3140 1983 ι
3202 1929 3434 1998 (Cicer.,
3466 1929 3551 1983 lib.
3581 1943 3614 1982 ιι
3664 1927 3714 1981 de

2136 2023 2328 2079 Νίκην.
2359 2026 2527 2092 deor.,
2559 2043 2678 2096 pag.
2703 2024 2833 2091 221,
2861 2025 2952 2079 lin.
2990 2023 3106 2091 2'7).
3143 2023 3280 2077 Aliis
3323 2032 3502 2078 tatnen
3531 2021 3593 2075 de
3630 2021 3713 2073 liu—

2131 2118 2216 2188 jus
2257 2120 2401 2173 vocis
2445 2129 2627 2191 etymo
2686 2120 2841 2173 aliter
2868 2119 3064 2173 visum.
3095 2117 3227 2172 Nam
3277 2115 3456 2172 Varro
3507 2133 3534 2170 a
3576 2113 3715 2170 vei-lio

2136 2213 2354 2282 antiquo
2379 2213 2508 2266 vicre
2529 2254 2541 2278 ,
2576 2228 2670 2266 seu
2698 2213 2885 2266 vincire
2904 2254 2918 2276 ,
2951 2209 3078 2264 illud
3109 2209 3366 2274 deducit,
3390 2207 3527 2279 quod
3556 2205 3710 2260 Venus

2141 2323 2246 2360 non
2279 2307 2493 2376 quidem
2539 2307 2752 2360 vincere
2776 2347 2788 2364 .
2819 2305 2913 2360 sed
2943 2305 3148 2358 vincire
3175 2313 3229 2358 et
3258 2303 3451 2358 vinciri
3483 2299 3715 2373 pudendis

2135 2402 2340 2456 scilicet
2358 2401 2586 2455 vinculis
2610 2402 2723 2470 ipsa
2752 2400 2880 2454 velit
2904 2398 3115 2471 (Varr.,
3147 2398 3238 2452 lib.
3270 2414 3321 2451 tv
3352 2397 3418 2451 de
3446 2395 3591 2467 Ling.
3619 2395 3713 2456 lat.,

2137 2494 2378 2566 pag.l‘2).
2424 2494 2657 2547 Isidorus
2687 2508 2858 2547 vero:
2908 2510 2926 2543 ι
2975 2490 3187 2556 Venus,
3239 2511 3257 2542 ι
3305 2490 3507 2560 inquit,
3554 2505 3572 2538 ι
3616 2485 3717 2540 inde

2137 2589 2298 2652 dicta,
2333 2588 2474 2659 quod
2505 2589 2622 2642 sine
2644 2587 2695 2640 vi
2744 2585 2938 2657 (aliter
2984 2584 3129 2654 viro)
3184 2582 3385 2638 femina
3433 2597 3551 2637 esse
3591 2581 3718 2648 virgo

2137 2698 2245 2736 non
2271 2681 2482 2735 desinat
2515 2701 2533 2731 ι
2567 2679 2823 2751 (lsidor.,
2855 2679 2945 2732 lib.
2974 2692 3065 2730 viti
3126 2674 3326 2747 Origin.
3360 2692 3476 2746 cap.
3507 2673 3609 2743 11).
3631 2668 3718 2726 Sed

2140 2773 2378 2829 Arnobio
2409 2773 2546 2827 haud
2581 2773 2800 2827 forsitan
2844 2771 3114 2826 inm‘ierito
3147 2770 3479 2840 probabilior
3514 2772 3616 2822 visa
3650 2771 3716 2821 est

2140 2866 2421 2922 Ciceronis
2450 2865 2649 2935 opinio.

2213 2959 2409 3013 Verum
2435 2975 2540 3029 quo
2564 2957 2784 3029 propius
2814 2955 2887 3010 ibi
2927 2955 2992 3010 ad
3017 2971 3140 3010 eum
3161 2955 3372 3010 accedit
3392 2997 3407 3021 ,
3440 2971 3503 3010 eo
3531 2952 3714 3023 longius

2142 3053 2193 3106 in
2224 3055 2323 3107 hoc
2352 3052 2604 3107 recedere
2632 3051 2842 3105 videtur
2862 3092 2876 3112 ,
2911 3049 3051 3119 quod
3084 3049 3352 3104 subnectit
3379 3049 3503 3105 inde
3545 3061 3719 3118 cogno-

2145 3147 2399 3200 minatam
2453 3144 2852 3213 Proserpinam,
2884 3143 3007 3211 quia
3038 3153 3154 3196 sata
3205 3144 3257 3196 in
3310 3143 3484 3198 lucem
3535 3157 3721 3213 prosero

430 3235 582 3292 Civil.
603 3280 618 3303 ,
648 3251 766 3308 cap.
797 3235 901 3302 24,
935 3254 1054 3308 pag.
1091 3235 1253 3307 180)?
1278 3235 1462 3306 Neque
1501 3237 1602 3290 sibi
1639 3236 1768 3290 sinit
1803 3251 2028 3306 respon-
2056 3233 2101 3293 C
2133 3250 2267 3310 punt
2295 3240 2312 3306 (
2336 3238 2549 3302 Arnob,
2583 3237 2671 3290 lib.
2705 3253 2791 3301 Ill,
2825 3252 2945 3306 pag.
2975 3235 3125 3305 119).
3163 3233 3281 3289 Vult
3313 3237 3512 3306 quippe
3540 3235 3714 3289 latinus

431 3327 550 3384 deri
577 3328 825 3384 ethnicos
852 3344 957 3385 non
990 3329 1222 3383 absurde
1255 3329 1534 3385 censuisse
1561 3344 1652 3383 eas
1691 3328 1872 3398 plures
1913 3344 2035 3384 esse

432 3421 595 3486 deas,
627 3423 881 3492 quoniam
915 3423 966 3476 in
999 3437 1102 3476 una
1126 3422 1424 3492 eademque
1452 3420 1550 3476 dea
1583 3435 1670 3475 res
1699 3425 1882 3492 plures
1909 3436 2032 3476 esse

434 3524 678 3585 possunt.
725 3513 856 3569 Nam
905 3515 989 3570 bis
1034 3515 1178 3572 illico
1219 3513 1502 3572 occurrit:
1538 3533 1557 3566 ς
1600 3514 1666 3569 Ει
1697 3515 1968 3583 concedo,
2010 3536 2028 3567 ι

435 3608 651 3679 inquit,
690 3627 709 3660 ι
747 3611 799 3663 in
834 3626 940 3664 uno
969 3611 1190 3664 homine
1233 3624 1354 3664 esse
1400 3623 1488 3664 res
1525 3608 1733 3679 plures,
1778 3610 2036 3679 numquid

437 3702 558 3758 ideo
609 3713 664 3759 et
711 3704 958 3759 homines
998 3705 1216 3774 plures?
1267 3704 1356 3759 Sic
1403 3704 1454 3758 in
1503 3720 1603 3758 una
1635 3703 1736 3758 dea
1779 3719 1899 3758 esse
1951 3720 2038 3758 res

437 3798 655 3868 plures,
689 3798 946 3868 numquid
989 3798 1110 3853 ideo
1155 3809 1209 3852 et
1242 3798 1375 3853 deas
1407 3799 1627 3867 plures?
1667 3798 1864 3853 Verum
1903 3800 2040 3854 sicut

438 3891 656 3958 volunt,
705 3891 982 3958 dividant,
1017 3891 1289 3956 conflent,
1322 3892 1710 3960 multiplicent,
1750 3891 2033 3960 replicent,

439 3984 713 4053 implicent
749 4004 768 4035 ›
807 3981 1018 4054 (lbid.).
1077 3983 1252 4039 Tanto
1278 3985 1421 4039 enim
1453 3987 1653 4039 certius
1674 3994 1919 4039 evertent
1943 3985 2042 4037 ali-

440 4075 594 4144 cujus
620 4074 958 4132 divinitatem
979 4118 994 4143 ,
1024 4085 1226 4146 quanto
1263 4077 1432 4148 magis
1471 4093 1589 4132 eam
1630 4077 2041 4148 multiplicatam

444 4169 734 4226 voluerint.

1039 4304 1332 4346 ABTICULUS
1371 4305 1442 4345 IV.

444 4419 547 4480 Qua
590 4424 779 4473 ratione
822 4425 1070 4475 Arnobius
1121 4426 1347 4476 ostendat
1380 4424 1548 4476 falsam
1587 4437 1700 4474 esse
1739 4426 2046 4474 divinitatem

505 4481 704 4550 Vulcani
723 4526 736 4542 ,
761 4489 844 4550 qui
868 4489 1022 4550 ignis;
1048 4487 1281 4545 Veneris,
1305 4502 1415 4550 qua:
1439 4487 1764 4549 Proserpina;
1791 4487 1936 4547 8οης,
1963 4491 2047 4547 (11Ιί

507 4545 658 4595 Liber
681 4556 733 4612 et_
755 4545 958 4610 Apollo;
985 4551 1175 4608 Dianae,
1195 4564 1306 4612 quae
1324 4545 1478 4600 Ceres
1503 4558 1555 4598 et
1576 4545 1710 4598 Luna
1733 4545 2043 4606 dicebantur;

505 4613 654 4676 atque
692 4608 895 4660 aliorum
937 4615 1150 4676 omnium
1178 4608 1429 4662 nituninum
1453 4652 1465 4669 ,
1491 4614 1603 4676 quia
1647 4613 1812 4674 plures
1855 4613 2040 4676 ethnici

507 4671 733 4738 mundum
752 4686 871 4738 esse
895 4673 1071 4738 animal
1094 4676 1351 4738 qqudam,
1377 4691 1433 4724 ac
1463 4671 1609 4738 deum
1648 4671 1759 4722 esse
1785 4675 2040 4738 existima-

507 4732 656 4800 bant:
681 4736 868 4800 Ol)i__de
896 4732 1190 4800 etymologia
1232 4732 1479 4786 nominum
1505 4737 1707 4786 Vulcani
1736 4744 1788 4786 et
1812 4737 2041 4799 Veneris,

508 4808 565 4845 ac
584 4794 648 4844 de
668 4796 893 4860 Apolline
919 4794 1138 4848 murium
1159 4802 1400 4863 pernicie.

522 4921 644 4990 Tria
671 4923 772 4977 alia
795 4925 1134 4982 ethnicorum
1176 4929 1394 4983 numina
1433 4969 1450 4994 ,
1482 4926 1778 4984 Vulcanum
1800 4969 1815 4993 ,
1870 4928 2044 4984 Vene-

444 5029 561 5069 rem
612 5026 666 5070 et
709 5016 1088 5087 Proserpinam
1145 5020 1337 5074 eodem
1383 5021 1794 5089 argumentandi
1844 5036 2044 5091 genere

448 5109 719 5166 Arnobius
739 5125 807 5165 ex
832 5111 1056 5166 deorum
1079 5111 1206 5167 albo
1227 5112 1528 5168 eradendos
1555 5128 1674 5169 esse
1697 5113 1900 5184 liquido
1920 5128 2049 5170 cou-

448 5205 614 5260 vincit
667 5205 923 5275 (Arnob.,
953 5207 1041 5262 lib.
1074 5223 1151 5270 ιιι,
1179 5225 1300 5277 pag.
1332 5206 1478 5278 119).
1533 5207 1824 5262 Vulcanum
1874 5209 2048 5264 enim-

449 5315 578 5355 vero
607 5301 782 5368 ignem
809 5315 931 5356 esse
955 5301 1298 5356 adserebant.
1323 5302 1484 5356 Visne
1505 5301 1554 5355 id
1580 5302 1671 5356 tibi
1697 5303 1918 5356 testibus
1940 5303 2046 5357 sal-

451 5403 558 5446 tem
603 5393 922 5463 quibu~dam
955 5395 1211 5460 probari?
1242 5394 1319 5450 En
1347 5393 1499 5449 adest
1519 5393 1691 5449 Varro
1711 5433 1728 5462 ,
1759 5396 1911 5464 cujus
1933 5397 2047 5449 haec

451 5487 565 5557 ipsa
588 5495 714 5540 sunt
743 5487 901 5541 verba
929 5504 942 5540 :
973 5506 992 5539 ι
1033 5488 1113 5542 Ab
1145 5489 1282 5557 ignis
1303 5487 1412 5558 jam
1439 5488 1642 5558 majore
1675 5488 1721 5542 vi
1745 5502 1807 5541 ac
1837 5489 2048 5544 violen-

455 5578 526 5634 tia
580 5578 853 5635 Vulcanus
895 5581 1068 5637 dictus
1107 5604 1124 5634 ι
1162 5583 1356 5658 (Van,
1391 5583 1479 5636 lib.
1528 5598 1575 5636 ιν
1629 5582 1693 5635 de
1733 5582 1886 5652 Ling.
1930 5583 2048 5648 lal.,

453 5688 577 5741 pag.
614 5673 723 5743 18).
773 5673 998 5729 Accedit
1020 5675 1258 5741 Servius,
1309 5677 1398 5746 qui
1449 5675 1623 5730 adhuc
1648 5674 1959 5745 expressius
1999 5675 2050 5730 id

458 5762 676 5817 tradidit
710 5782 722 5816 :
764 5752 782 5816 ἆ
822 5764 1089 5822 Vulcanus
1143 5769 1279 5839 ignis
1319 5778 1436 5836 est,
1466 5779 1520 5824 et
1546 5768 1721 5823 dictus
1751 5766 2049 5834 Vulcanus,

458 5855 612 5924 quasi
663 5854 981 5926 Volcianos,
1012 5861 1156 5931 quod
1187 5877 1284 5932 per
1309 5877 1492 5919 aerem
1523 5860 1688 5918 volet.
1715 5859 1857 5932 Ignis
1909 5858 2050 5916 enim

2138 3343 2318 3386 orator
2367 3331 2746 3400 Proserpinam
2806 3345 3106 3399 grzecorum
3157 3344 3278 3383 esse
3327 3345 3560 3393 nomen;
3602 3347 3619 3378 ι
3660 3326 3720 3382 Ea

2139 3437 2221 3484 est
2250 3427 2391 3481 enim
2415 3469 2428 3489 ,
2471 3446 2488 3476 ι
2523 3425 2628 3491 ait,
2677 3445 2694 3476 ι
2723 3440 2841 3494 quin
2874 3425 3153 3500 Περσεφόνη
3171 3439 3352 3494 grmce
3406 3424 3716 3484 nominatur,

2140 3535 2298 3590 quam
2351 3519 2558 3587 frugum
2603 3531 2786 3570 semen
2833 3530 2954 3570 esse
3012 3516 3236 3581 volunt,
3270 3516 3720 3584 absconditamque

2141 3611 2309 3682 qmeri
2339 3627 2365 3662 a
2399 3621 2569 3664 matre
2604 3628 2622 3661 ι
2662 3608 2888 3680 (Cicera,
2943 3607 3067 3670 loc.,
3118 3609 3232 3669 cil.,
3259 3609 3356 3662 lin.
3388 3608 3466 3679 6).
3501 3610 3721 3662 Attamen

2142 3706 2276 3759 alios
2320 3703 2592 3758 Arnobius
2644 3702 2827 3755 habuit
2888 3702 3169 3756 sententia:
3220 3717 3336 3756 sum
3389 3703 3642 3766 asseclas,
3679 3708 3722 3752 ct

2145 3800 2402 3853 fautores.
2474 3795 2606 3850 Nam
2641 3812 2669 3848 a
2720 3794 2963 3849 Varrone
3005 3795 3107 3850 hoc
3141 3795 3334 3850 litteris
3383 3797 3719 3866 consignatum

2147 3893 2393 3961 legimus.
2432 3911 2449 3942 ι
2487 3887 2805 3957 Proserpina
2841 3888 2979 3942 dicta
3000 3930 3013 3948 ,
3044 3887 3185 3957 quod
3217 3899 3273 3941 ut
3299 3904 3544 3958 serpens,
3589 3883 3722 3941 modo

2146 3988 2197 4043 in
2227 3989 2492 4051 dextram,
2519 3983 2678 4039 modo
2716 3986 2766 4036 in
2797 3982 3069 4036 sinistram
3099 3993 3305 4052 partem
3336 3983 3443 4038 late
3487 3993 3719 4037 movetur.

2149 4084 2378 4150 Serpere
2423 4088 2477 4134 et
2529 4091 2844 4148 proserpere
2892 4075 3030 4130 idem
3086 4075 3360 4144 dicebant,
3403 4086 3460 4131 ut
3493 4076 3720 4132 Plautus.

2147 4177 2234 4247 qui
2266 4175 2449 4231 scribit
2476 4192 2489 4227 :
2514 4173 2662 4243 quasi
2687 4186 3011 4241 proserpens
3056 4171 3226 4225 bestia
3263 4191 3281 4224 ι
3337 4171 3557 4239 (Varr.,
3581 4169 3659 4224 lib.
3681 4182 3722 4221 iv

2149 4271 2212 4323 de
2241 4268 2392 4341 Ling.
2423 4269 2542 4332 lal.,
2570 4283 2692 4337 pag.
2730 4264 2840 4334 17).
2890 4263 3112 4318 Brevius
3133 4264 3348 4334 quidem
3367 4307 3382 4331 ,
3415 4266 3507 4321 sed
3534 4264 3720 4323 clarius,

2149 4364 2216 4418 ad
2244 4362 2586 4432 auctorisque
2616 4359 2783 4412 nostri
2818 4367 3051 4412 mentem
3091 4357 3549 4412 accommodatius
3579 4352 3721 4408 Isido-

2150 4472 2243 4512 rus
2264 4456 2397 4510 dixit
2438 4473 2450 4509 :
2491 4473 2509 4503 ι
2552 4451 2867 4520 Proserpina
2890 4493 2904 4515 ,
2934 4449 3076 4519 quod
3102 4464 3167 4504 ex
3207 4465 3267 4504 ea
3302 4457 3610 4519 proserpant
3636 4444 3724 4500 fru-

2149 4564 2264 4620 ges.
2303 4567 2321 4599 ›
2349 4549 2521 4602 Antea
2543 4560 2671 4598 vero
2697 4543 3022 4611 Augustinus
3053 4558 3066 4594 :
3105 4560 3124 4591 ‹
3157 4541 3203 4594 A
3229 4541 3589 4612 proserpendo
3616 4536 3723 4590 Pro-

2069 4625 2361 4710 Dserpina
2409 4639 2551 4692 dicta
2598 4657 2617 4688 ι
2663 4633 2916 4705 (Isidor.,
2973 4634 3061 4686 lib.
3117 4649 3207 4687 vm
3265 4633 3491 4704 0rigin.,
3543 4628 3720 4699 cap.8;

2152 4735 2396 4803 August.,
2426 4733 2514 4787 lib.
2537 4747 2610 4785 vu
2653 4731 2715 4783 de
2757 4727 2927 4794 Civil.,
2962 4744 3078 4792 cap.
3109 4727 3201 4794 ΞΟ,
3236 4746 3358 4799 pag.
3395 4727 3541 4798 177).
3576 4726 3722 4793 Atque

2153 4829 2344 4884 borum
2376 4827 2639 4884 sententia
2670 4823 2989 4894 quibusdam
3009 4864 3025 4886 ,
3060 4823 3220 4878 etiam
3251 4822 3561 4878 Ciceronem
3584 4831 3718 4874 num—

2153 4942 2312 4996 quam
2342 4940 2446 4978 non
2473 4921 2877 4985 admirantibus,
2914 4917 3081 4988 magis
3102 4935 3258 4987 quam
3281 4919 3506 4990 ipsamet
3530 4913 3718 4970 Cicero—

2155 5018 2310 5073 niana
2335 5018 2548 5088 placuit.

2229 5111 2365 5166 Cum
2395 5109 2584 5164 eodem
2620 5123 2780 5176 porro
2810 5105 3106 5176 Augustino
3154 5105 3276 5160 hinc
3303 5106 3437 5159 scite
3485 5098 3721 5158 Arnobius

2158 5203 2320 5260 infert
2361 5203 2428 5257 ab
2455 5201 2682 5256 ethnicis
2711 5199 2821 5254 tolli
2851 5200 2918 5254 de
2946 5198 3122 5252 medio
3153 5199 3250 5253 tria
3297 5199 3530 5266 ipsorum
3577 5191 3721 5247 numi-

2159 5312 2223 5352 na
2263 5315 2281 5347 ι
2335 5293 2588 5365 (Arnob.,
2639 5293 2725 5346 lib.
2759 5308 2853 5357 ut,
2887 5308 3006 5360 pag.
3039 5291 3190 5362 519).
3239 5292 3559 5355 Vulcanum,
3587 5299 3719 5356 quem

2156 5403 2346 5444 omnes
2378 5387 2512 5456 ignis
2539 5387 2894 5451 elementum;
2930 5383 3196 5439 Venerem
3218 5427 3234 5451 ,
3277 5401 3432 5454 quam
3476 5380 3719 5437 libidinem

2157 5496 2254 5552 per
2281 5492 2470 5536 cuncta
2495 5478 2785 5532 animantia
2818 5475 3100 5543 diffusam;
3131 5485 3185 5532 et
3211 5477 3580 5545 Proserpinam
3599 5515 3612 5537 ,
3635 5482 3719 5538 qua

2158 5573 2338 5643 fruges
2368 5589 2428 5627 ac
2457 5573 2697 5641 germina
2727 5569 3121 5624 subcrescentia
3156 5570 3355 5624 moveri
3388 5563 3716 5622 venditabant.

2157 5666 2423 5737 Quidquid
2452 5666 2728 5720 enimvero
2753 5663 2821 5717 de
2844 5663 2946 5718 illis
2985 5662 3072 5716 alii
3114 5663 3269 5717 aliter
3288 5661 3575 5722 sentirent,
3605 5652 3718 5706 falso

2159 5759 2344 5815 falsius
2373 5767 2491 5813 erat
2534 5758 2681 5821 illos,
2737 5771 2872 5825 quos
2905 5772 2991 5810 res
3042 5765 3251 5812 creatas
3293 5769 3413 5811 esse
3461 5749 3714 5808 dicebant,

2158 5865 2406 5923 suprema
2431 5851 2608 5920 aliqua
2633 5848 2912 5903 divinitate
2937 5847 3152 5903 donari.
3175 5879 3184 5918 ς
