3904 6326
199 333 286 392 577
1384 329 1448 384 IN
1490 319 1862 396 ARNOBIUM,
1901 327 2056 388 CAP.
2091 320 2253 388 XVII.

3377 330 3485 394 378

262 449 608 521 Prosequitur
638 448 904 505 Arnobius
940 447 1170 522 (Ibid),
1196 461 1249 503 et
1275 447 1439 503 instat
1465 448 1532 502 ab
1552 447 1780 503 ethnicis
1809 444 1861 505 A
1885 447 1976 500 lib.
2029 464 2109 510 ιν,
2137 467 2254 519 pag.
2291 448 2426 515 195;
2477 448 2736 515 Pansam,
2781 450 2869 506 lib.
2916 465 2992 516 ιιι,
3026 468 3145 524 pag.
3175 451 3315 521 285;
3353 452 3481 509 Nat.

208 545 385 618 paSsim
406 543 639 612 jactitari
667 542 914 598 eumdem
938 559 1057 597 esse
1081 541 1258 597 Solem
1276 585 1291 607 ,
1317 550 1476 612 atque
1504 540 1779 605 Liberum,

207 651 253 691 et
279 634 588 704 Apollinem.
633 633 932 688 Macrobius
961 633 1155 702 quippe
1189 632 1238 686 id
1269 647 1374 686 non
1420 633 1590 686 solum
1623 631 1783 686 Euri.

206 730 329 801 pidis
365 738 416 784 et
443 727 686 799 Eschyli
715 728 1020 782 testimonio
1037 768 1051 790 ,
1073 727 1166 782 sed
1199 727 1359 781 variis
1383 742 1595 797 quoque
1617 727 1783 780 ratio-

203 825 348 878 nibus
373 822 593 892 probare
624 831 846 876 conatus
871 832 952 876 est
981 820 1260 891 (Macrob,
1289 820 1376 874 lib.
1411 837 1444 875 tt
1490 821 1782 888 Satnrual.,

201 919 401 989 cap.18,
434 934 553 987 pag.
582 916 734 987 263).
766 915 1034 970 Memoriae
1065 923 1242 969 autem
1287 915 1505 969 Servius
1555 914 1786 985 prodidit

199 1009 314 1066 illud
347 1010 506 1064 fuisse
530 1009 598 1062 ab
629 1007 825 1064 Stoicis
844 1021 896 1062 et
923 1007 1220 1077 Porphyrio
1243 1007 1512 1061 adserlum
1549 1025 1562 1059 :
1600 1027 1616 1058 ι
1645 1005 1787 1061 Stoi-

197 1105 270 1168 ci,
312 1122 328 1156 ι
362 1103 564 1173 inquit,
620 1122 638 1154 ι
674 1101 924 1157 eumdem
952 1101 1170 1164 Solem,
1200 1104 1448 1156 eumdem
1495 1101 1745 1156 Lihcrum
1768 1143 1782 1165 ,

198 1196 436 1251 eumdem
465 1197 768 1265 Apollinem
816 1205 1028 1250 vocant.
1069 1216 1086 1247 ι
1120 1195 1273 1251 Prius
1312 1213 1440 1251 vero
1471 1214 1482 1250 :
1514 1216 1532 1247 ι
1565 1197 1790 1251 Constat

196 1289 474 1344 secundum
510 1289 788 1362 Porphyrii
814 1290 1006 1344 librum
1035 1331 1050 1355 ,
1082 1305 1239 1359 quem
1263 1289 1445 1345 Solem
1477 1290 1785 1360 appellavit,

197 1383 447 1455 triplicem
475 1399 599 1439 esse
627 1383 892 1454 Apollinis
925 1392 1282 1454 potestatem,
1313 1395 1366 1438 et
1388 1385 1636 1438 eumdem
1669 1399 1790 1438 esse

193 1476 355 1532 Solem
383 1479 526 1549 apud
548 1493 797 1547 superos,
822 1478 1074 1533 Liberum
1106 1489 1310 1547 patrem
1334 1480 1387 1533 in
1417 1479 1596 1538 terris.
1628 1478 1794 1548 Apol-

193 1571 338 1626 linem
395 1571 540 1641 apud
578 1571 779 1625 inferos
816 1590 835 1623 ι
887 1571 1096 1641 (Serm,
1124 1570 1177 1624 in
1219 1570 1305 1624 lib.
1348 1587 1364 1625 ι
1398 1571 1610 1642 Georg.,
1660 1589 1793 1628 vers,

193 1667 270 1734 17,
296 1685 418 1738 pag.
461 1669 559 1734 59;
589 1667 644 1721 in
667 1667 832 1734 quint.
868 1666 1010 1739 Virg.
1043 1667 1230 1738 eclog.,
1261 1684 1391 1724 vers.
1420 1667 1509 1734 64,
1535 1686 1655 1738 pag.
1675 1666 1790 1738 9.7).

254 1763 523 1817 Arnobius
553 1764 734 1833 itaque
771 1778 838 1818 ex
873 1761 971 1817 hac
1005 1763 1205 1832 vulgari
1231 1763 1511 1833 gentilium
1563 1778 1782 1832 persua-

1887 537 2056 604 Com.,
2091 539 2178 592 lib.
2204 556 2254 594 γι
2285 540 2531 611 Mythol.,
2555 559 2670 611 cap.
2694 541 2814 615 24).

1960 634 2240 688 Postremo
2272 637 2536 692 Arnobius
2561 638 2663 692 alia
2704 640 2940 708 generali
2971 641 3178 698 ratione
3222 653 3470 710 cunctos,

1884 726 1994 796 jam
2021 743 2048 780 a
2079 729 2232 783 nobis
2257 740 2616 797 memoratos,
2659 735 2933 802 gentilium
2956 736 3024 791 de
3051 736 3152 792 diis
3177 737 3290 794 suis
3332 753 3485 794 erro-

1889 835 1977 874 res
2005 823 2244 875 concutit
2271 837 2332 875 ac
2360 821 2588 878 destruit
2617 822 2843 894 (Arnob.
2866 868 2879 890 ,
2915 827 3002 883 lib.
3033 845 3111 894 ut,
3160 847 3281 901 pag,
3334 830 3483 900 120).

1889 912 2336 984 Philosophorum
2381 917 2524 970 enim
2547 960 2561 976 .
2613 919 2810 989 inquit,
2841 920 3136 978 doctissimi
3164 933 3219 978 et
3243 924 3489 981 credide-

1890 1016 2042 1071 runt,
2066 1017 2116 1061 et
2147 1007 2504 1063 deliuiverunt
2551 1012 2805 1066 mundum
2831 1028 2954 1069 esse
2981 1016 3179 1070 animal
3219 1017 3487 1073 rationale

1891 1110 1943 1153 ct
1967 1101 2202 1168 sapiens.
2235 1102 2340 1156 Sed
2371 1102 2512 1157 itane
2550 1117 2736 1172 arguet
2779 1106 2991 1176 aliquis.
3018 1123 3105 1164 res
3126 1124 3186 1165 se
3213 1109 3393 1177 habet,
3425 1125 3489 1167 ac

1891 1192 2107 1261 quinam
2141 1194 2212 1247 illi
2242 1194 2370 1259 sint,
2405 1195 2558 1250 nobis
2579 1195 2748 1250 indica
2774 1196 2798 1248 ἲ
2836 1197 2980 1252 Nihil
3003 1198 3146 1254 dictu
3171 1202 3489 1270 promptius.

1892 1283 2023 1337 Nam
2055 1283 2172 1340 hare
2216 1301 2322 1340 non
2350 1287 2525 1341 solum
2554 1287 2815 1350 Platonis,
2847 1291 2920 1345 uti
2943 1307 3008 1346 ex
3038 1291 3316 1350 Ciceronis
3345 1293 3492 1350 libris

1895 1375 2086 1446 liquet,
2141 1394 2326 1434 verum
2380 1379 2537 1435 etiam
2592 1381 2845 1449 Zenonis,
2893 1383 3302 1458 Stoicorumque
3348 1387 3493 1443 illius

1894 1481 2244 1538 sectatorum,
2277 1474 2433 1528 sicuti
2474 1491 2540 1529 ex
2567 1475 2829 1531 Cicerone
2850 1517 2865 1542 ,
2895 1476 3204 1542 Lactantio,
3236 1478 3451 1535 Laertio
3475 1521 3490 1546 ,

1896 1564 2102 1635 Lipsio,
2132 1567 2356 1637 aliisque
2383 1568 2638 1623 discimus
2663 1611 2678 1635 ,
2716 1571 2944 1640 genuina
2975 1580 3336 1643 cnnstansque
3365 1589 3494 1628 sett-

1900 1660 2061 1713 tetttia
2081 1661 2178 1714 luit
2204 1658 2404 1731 (Plato,
2435 1664 2486 1714 in
2515 1661 2730 1726 Timazo,
2783 1674 2906 1717 tom.
2939 1678 3016 1718 ιιι.
3049 1681 3165 1735 pag.
3196 1666 3262 1732 0;
3304 1665 3494 1734 Cicer.,

1900 1751 1988 1806 lib.
2015 1767 2030 1806 ι
2059 1752 2122 1806 de
2153 1751 2343 1807 Natur.
2365 1756 2668 1827 deor.,pag.
2698 1757 2834 1823 199;
2865 1758 3006 1822 item,
3026 1757 3162 1811 idem
3182 1759 3314 1826 ϐία,
3333 1759 3419 1814 lib.
3456 1775 3493 1814 Il

189 1856 324 1911 sione
372 1857 535 1927 plane
565 1854 780 1910 coniicit
804 1854 873 1909 ab
903 1855 1007 1908 illis
1032 1839 1273 1909 imminui
1301 1856 1524 1910 deorum
1594 1871 1785 1910 nume-

1898 1849 1955 1900 de
1996 1843 2124 1899 Nat.
2153 1847 2318 1909 deor.,
2350 1866 2470 1919 pag.
2494 1847 2622 1913 216,
2648 1860 2693 1902 et
2718 1866 2879 1920 seqq.;
2905 1860 2951 1904 et
2977 1849 3063 1904 lib.
3091 1867 3168 1918 ιιι,
3197 1870 3317 1924 pag.
3353 1853 3492 1920 9A5;

193 1965 327 2016 nun,
358 1965 425 2003 ac
451 1949 654 2004 nullum
679 1963 928 2018 umquam
959 1947 1010 2002 in
1042 1963 1218 2003 rerum
1251 1959 1437 2001 natura
1479 1949 1750 2003 exstitisse
1774 1991 1788 2014 ,

190 2057 349 2111 neque
403 2041 697 2105 Liberum,
755 2056 820 2096 ex
871 2039 1125 2105 Semele,
1180 2041 1254 2094 uti
1302 2056 1462 2110 supra
1516 2039 1787 2107 diximus,

188 2134 497 2199 oriundum;
551 2149 723 2204 neque
773 2134 1078 2203 Apollinem
1115 2133 1399 2204 Pythium,
1430 2142 1484 2187 et
1530 2133 1784 2197 marium,

189 2238 238 2280 ut
278 2227 418 2284 idem
473 2237 663 2280 auctor
709 2236 892 2280 noster
921 2227 1186 2296 loquitur,
1229 2226 1535 2296 perniciem,
1569 2226 1636 2281 de
1684 2241 1791 2296 quo

189 2333 273 2372 nos
300 2318 426 2374 alibi
459 2319 667 2389 egimus
723 2317 876 2389 (tom.
914 2334 948 2372 ιι
975 2319 1253 2389 Apparat.,
1300 2315 1390 2372 lib.
1423 2333 1479 2371 ιιι
1511 2335 1524 2382 ;
1559 2318 1787 2385 dissert.,

187 2429 289 2482 cap.
315 2414 369 2479 9,
423 2423 528 2466 art.
557 2414 608 2474 1.
644 2430 762 2483 pag.
800 2413 949 2482 754).
976 2412 1304 2482 Augustinus
1336 2426 1464 2466 vero
1493 2427 1558 2465 ex
1599 2411 1789 2466 iisdem

184 2507 452 2576 gentilium
505 2505 848 2576 opinionibus
899 2505 1102 2575 colligit
1131 2521 1196 2560 ex
1241 2521 1346 2560 una
1385 2505 1678 2577 eademque
1731 2523 1790 2562 re

187 2600 403 2654 naturali
443 2599 626 2668 plures
646 2598 862 2668 quidem
905 2597 975 2651 ab
1018 2596 1126 2652 illis
1155 2597 1323 2653 factos
1349 2612 1468 2653 esse
1489 2597 1618 2652 deos
1639 2640 1654 2665 ,
1695 2597 1788 2653 sed

195 2691 348 2748 falsos
376 2693 542 2764 plane
581 2701 637 2747 et
655 2691 1078 2746 commentitios.

243 2787 374 2854 Quid
403 2783 603 2856 plura?
629 2783 744 2838 Non
777 2783 999 2849 indocti,
1027 2783 1098 2837 uti
1130 2783 1206 2837 ait
1238 2783 1509 2839 Arnobius
1533 2783 1784 2855 (Arnob.,

186 2877 260 2932 lib.
291 2895 366 2944 ιιι,
398 2897 529 2950 pag.
569 2876 721 2947 119),
752 2877 894 2947 apud
940 2876 1170 2947 gentiles
1203 2877 1298 2930 viri
1344 2877 1612 2931 docebant
1668 2877 1787 2931 Dia-

185 2987 311 3037 nam,
339 2972 628 3038 Cercrem,
685 2981 740 3026 et
787 2971 992 3025 Lunam
1041 2980 1151 3025 tres
1193 2985 1299 3025 non
1333 2986 1454 3026 esse
1487 2986 1745 3040 personas
1769 3014 1783 3038 ,

182 3079 209 3117 a
233 3082 284 3120 se
308 3067 544 3121 invicem
587 3065 888 3130 distinctas,
943 3063 1039 3118 sed
1070 3063 1263 3133 triplici
1289 3063 1388 3118 hoc
1413 3064 1628 3119 nomine
1680 3064 1786 3118 Lu-

183 3177 290 3214 nam
311 3160 598 3232 appcllari.
623 3159 693 3214 At
722 3159 862 3214 docti
894 3158 966 3212 illi
999 3157 1245 3213 homines
1271 3167 1422 3213 erant
1451 3158 1591 3212 haud
1623 3159 1786 3213 dubio

1907 1938 2170 2008 Lactant.,
2203 1941 2289 1995 lib.
2317 1957 2387 2008 ιι,
2431 1959 2550 2010 cap.
2583 1943 2633 2009 5,
2674 1961 2793 2015 pag.
2843 1944 2983 2010 166;
3015 1945 3215 2013 Laert.,
3260 1947 3350 2002 lib.
3387 1965 3492 2018 vu,

1897 2034 1924 2107 ᾗ
1953 2034 2052 2090 142
2071 2047 2115 2089 et
2142 2051 2279 2104 seqq.
2301 2053 2314 2102 ;
2339 2034 2480 2106 Lips.
2508 2037 2762 2090 dissertat.
2789 2039 2854 2094 10
2870 2038 2930 2091 de
2961 2039 3126 2109 Pitys.
3156 2039 3343 2102 Stoic.,
3367 2049 3493 2095 tom.

1895 2143 1964 2192 tr,
1994 2145 2114 2199 pag.
2149 2127 2254 2183 569
2280 2139 2327 2181 et
2357 2126 2546 2199 seqq).
2573 2131 2737 2200 Atqui
2765 2131 2810 2185 si
2844 2129 3077 2186 mundus
3122 2131 3382 2188 rationale
3423 2133 3496 2188 sit

1893 2220 2262 2286 animal,inde
2289 2224 2596 2278 necessario
2642 2225 2885 2294 sequitur
2931 2225 3123 2289 solem,
3156 2225 3361 2301 lunam,
3388 2227 3492 2282 tel-

1892 2305 2062 2360 lurem
2084 2347 2100 2372 ,
2131 2306 2368 2377 aliasque
2396 2309 2577 2363 Illlltldi
2602 2320 2813 2379 partes,
2843 2311 2958 2366 sive
2979 2326 3076 2367 suo
3099 2352 3113 2375 ,
3155 2313 3270 2368 sive
3286 2311 3393 2366 alio
3437 2320 3496 2368 ut

1891 2399 2141 2464 vidimur,
2172 2404 2389 2458 nomine
2419 2415 2808 2474 nuncupentur,
2840 2403 2977 2461 falso
2993 2415 3048 2461 et
3073 2407 3266 2462 frustra
3289 2407 3358 2463 ab
3388 2407 3494 2462 illis

1892 2495 1944 2550 in
1975 2495 2198 2550 deorum
2228 2513 2508 2553 numerum
2531 2499 2831 2570 adgregari.
2851 2499 2952 2566 Qui
2976 2501 3090 2555 lieri
3116 2503 3258 2556 enim
3291 2509 3492 2572 potest,

1893 2599 1952 2644 ut
1981 2591 2024 2644 si
2068 2590 2298 2646 tuundus
2323 2609 2485 2647 unum
2509 2593 2580 2647 sit
2604 2594 2824 2657 animal,
2855 2594 2994 2649 sicut
3021 2594 3306 2666 singularis
3335 2596 3494 2666 (ιιι.ιὶ-

1895 2683 1982 2738 bet
2037 2683 2236 2752 homo,
2270 2686 2321 2740 in
2369 2687 2544 2740 varias
2591 2687 2862 2742 scindatnr
2915 2696 3127 2758 partes,
3178 2689 3494 2759 diversaque

1893 2777 2157 2843 membra,
2187 2794 2306 2846 quae
2328 2777 2538 2852 psingula
2569 2779 2678 2834 sint
2704 2780 2918 2850 aliquod
2940 2780 3009 2836 ab
3033 2781 3154 2834 aliis
3181 2781 3495 2838 distinctum

1890 2867 2122 2934 animal,
2176 2880 2358 2940 atque,
2405 2881 2461 2926 ut
2500 2873 2722 2938 volunt,
2754 2888 2891 2928 unus
2919 2883 2974 2928 et
2994 2874 3282 2944 singularis
3329 2874 3493 2930 Deus.

1890 2958 2066 3016 Simili
2111 2977 2325 3032 quoque
2355 2963 2516 3018 modo
2559 2975 2962 3035 argumentatur
2993 2965 3302 3021 Lactantius
3333 2983 3346 3020 :
3381 2985 3400 3018 ι
3437 2966 3493 3022 Si

1891 3054 2026 3110 deus
2052 3055 2283 3112 mundus
2324 3068 2434 3124 est;
2485 3074 2617 3130 ergo
2645 3061 2822 3114 omnia
2847 3060 2933 3115 illa
2957 3102 2972 3126 ,
3003 3077 3123 3131 quae
3159 3070 3287 3116 sunt
3315 3061 3367 3116 in
3389 3076 3455 3117 eo
3477 3103 3493 3127 ,

1890 3148 1963 3204 dii
1997 3165 2100 3204 non
2131 3163 2276 3217 sunt,
2334 3151 2430 3207 sed
2479 3152 2566 3208 dei
2619 3155 2894 3220 membra;
2927 3169 3047 3225 qua:
3099 3157 3282 3226 utique
3327 3155 3497 3211 solius

183 3227 422 3311 Stoici-de
447 3254 640 3324 quibus
666 3252 784 3306 haec
801 3252 1020 3307 Servius
1037 3260 1256 3305 narrat:
1295 3272 1312 3302 ι
1349 3252 1515 3307 Stoici
1537 3252 1783 3306 eumdem
1813 3227 1860 3291 Ο
1891 3242 1984 3296 Dei
2044 3259 2240 3298 nomen
2297 3247 2546 3315 πείρετε
2591 3263 2698 3302 ³³οη
2726 3258 2968 3318 Possm“-
3010 3248 3120 3306 Nec
3161 3250 3302 3305 enim
3348 3259 3497 3307 recte

182 3343 476 3403 Solem”...
535 3345 666 3401 Item
695 3343 900 3398 Lunam
929 3343 1175 3398 eamdem
1233 3343 1488 3410 Dianam,
1542 3343 1786 3398 eamdem

186 3441 426 3500 Cererem
457 3483 474 3509 ,
503 3439 750 3496 eamdem
779 3438 1076 3507 Iunonem,
1122 3441 1366 3495 eamdem
1410 3439 1785 3508 Proserpinam

183 3537 387 3603 dicunt;
447 3533 743 3590 secundum
772 3549 908 3603 quos
961 3531 1213 3603 Virgilius
1255 3550 1352 3603 pro
1383 3534 1498 3588 sole
1528 3542 1582 3588 et
1629 3534 1786 3601 luna,

183 3625 418 3685 Liberum
469 3638 524 3684 et
562 3628 817 3683 Cererem
859 3627 1129 3682 invocavit
1175 3646 1190 3674 ι
1239 3627 1263 3696 (
1287 3626 1476 3693 Serm,
1527 3627 1581 3679 in
1631 3627 1722 3680 lib.
1770 3642 1788 3680 ι

177 3719 382 3794 'Georg.,
411 3737 552 3776 vers.
582 3721 637 3789 7)
667 3737 681 3785 ;
713 3727 769 3773 at
806 3717 910 3772 hoc
949 3733 1162 3788 quoque
1193 3719 1436 3773 ultimum
1486 3718 1789 3774 Macrobius

188 3817 507 3873 obserVavit.
535 3815 866 3886 Augustinus
892 3828 1022 3868 vero
1056 3833 1069 3868 :
1105 3833 1124 3866 ι
1160 3815 1584 3884 Apollinem..,..
1608 3815 1786 3872 Solem

189 3925 299 3966 esse
345 3911 639 3975 dixerunt,
676 3909 1004 3976 Dianamque
1026 3923 1336 3980 germanam
1382 3910 1497 3980 ejus
1543 3911 1790 3967 similiter

188 4003 478 4071 Lunam,et
499 4003 707 4058 viarum
735 4001 1018 4074 praasidetu
1043 4022 1062 4054 ι
1095 4002 1469 4074 (Macrob.,lib
1511 4021 1524 4057 ι
1569 4004 1782 4059 Saturn.

188 4115 288 4164 cap.
323 4102 410 4167 18,
441 4116 564 4171 pag.
585 4098 732 4163 9.66;
765 4098 1004 4168 August.,
1026 4097 1114 4151 lib.
1148 4111 1221 4150 vn
1269 4097 1333 4152 de
1357 4097 1530 4165 Cicit.,
1557 4116 1671 4169 cap.
1699 4099 1786 4165 16,

189 4208 293 4265 pag.
330 4193 478 4266 174).
1002 4192 1008 4197 ’
1231 4189 1234 4195 ’

251 4288 406 4355 Atqui
435 4287 481 4340 si
519 4285 682 4338 Diana
713 4294 766 4339 et
793 4284 956 4340 Ceres
979 4283 1110 4339 illud
1157 4299 1344 4339 revera
1396 4287 1504 4339 sint
1545 4294 1784 4353 astrunt,

190 4379 316 4449 quod
339 4380 466 4434 luna
497 4387 720 4434 vocatur
743 4419 758 4446 ,
788 4378 912 4433 inde
962 4379 1232 4434 Arnobius
1259 4378 1462 4448 optimc
1493 4380 1667 4449 arguit
1691 4396 1779 4434 ex—

189 4471 522 4545 tinguendam
575 4473 796 4527 omnino
821 4514 834 4536 ,
863 4482 919 4527 et
946 4473 1158 4542 penitus
1199 4471 1483 4526 delendam
1511 4487 1635 4528 esse
1681 4488 1786 4528 non

187 4568 347 4623 solum
387 4568 683 4632 Cererem,
733 4565 978 4636 frugum,
1025 4565 1100 4619 uti
1151 4565 1528 4635 opinabantur,
1582 4565 1783 4620 etalihi

189 4661 580 4716 observavimus
628 4660 877 4732 (Uissert.
930 4661 983 4712 in
1029 4657 1253 4726 Minuc.,
1299 4676 1415 4730 cap.
1452 4659 1538 4723 15,
1569 4669 1668 4712 art.
1699 4661 1776 4728 1),

190 4751 566 4820 inventricem;
599 4753 692 4809 sed
760 4752 984 4807 Dianatu
1029 4767 1278 4822 quoque,
1328 4751 1595 4822 Apollinis
1643 4766 1780 4822 ger-

189 4862 406 4913 manam,
441 4850 516 4904 uti
544 4850 736 4903 citatus
773 4846 930 4916 paulo
975 4859 1100 4900 ante
1143 4844 1494 4916 Augustinus,
1533 4846 1778 4900 animad-

189 4943 354 4997 vertit.
385 4942 571 4998 Solum
601 4942 876 4995 enimvero
911 4947 1158 5009 superest
1187 4949 1416 5005 astrum,
1469 4939 1610 5008 quod
1656 4940 1778 4994 luna

189 5036 388 5106 quidem
415 5036 752 5106 appellatur,
799 5034 893 5089 sed
923 5049 1028 5088 non
1076 5043 1252 5102 potest
1294 5048 1416 5089 esse
1461 5034 1615 5088 deus.
1650 5034 1776 5088 Tol-

191 5127 331 5184 lenda
350 5133 510 5186 etiam
541 5128 773 5186 emedio
819 5128 983 5182 Diana
1032 5127 1143 5195 illa,
1183 5147 1201 5179 ι
1239 5144 1422 5199 quam,
1464 5147 1483 5180 ι
1518 5127 1660 5182 sicut
1703 5129 1778 5183 ait

197 5226 466 5290 Arnobius,
503 5244 522 5278 ι
583 5223 849 5295 quondam
900 5223 1048 5292 puris
1095 5225 1146 5278 in
1191 5223 1426 5278 fontibus
1471 5223 1778 5278 abluentem

192 5318 540 5373 membrorum
569 5318 757 5372 sordes
776 5318 1026 5386 corniger
1051 5317 1140 5370 ille
1188 5316 1686 5386 venatorinspexit
1729 5325 1783 5370 et

197 5425 393 5478 ponium
436 5411 761 5467 curiositatis
791 5410 995 5465 invenit
1033 5427 1051 5460 ι
1094 5408 1278 5480 (lbid.,
1313 5426 1432 5480 pag.
1482 5408 1625 5479 120).
1653 5409 1782 5475 Qui-

198 5501 287 5559 bus
315 5521 440 5562 sane
468 5507 643 5562 verbis
662 5505 894 5561 fabulam
912 5504 1099 5576 adtigit
1120 5504 1409 5566 Actaeonis,
1430 5505 1516 5572 qui
1541 5513 1786 5574 propter-

199 5612 252 5652 ea
273 5601 408 5671 quod
443 5601 660 5656 Dianam
691 5602 954 5656 lavantem
1003 5600 1258 5668 vidisset,
1291 5599 1344 5654 in
1394 5615 1613 5655 cervum
1653 5616 1786 5655 con-

199 5703 375 5749 versus
433 5709 552 5752 esse
603 5696 794 5750 fertur.
860 5695 1068 5750 Videsis
1135 5693 1425 5760 Ovidium,
1492 5693 1790 5749 Diodorum

207 5785 457 5853 Siculum,
536 5790 885 5856 Pausaniam,
943 5789 1184 5844 Natalem
1244 5787 1508 5843 Comitem
1555 5797 1612 5844 et
1657 5789 1791 5846 alios

212 5877 394 5952 l_0vid.,
425 5884 508 5937 lib.
561 5899 612 5938 ιιι
661 5881 1034 5951 Mctamorph.,
1085 5883 1188 5953 fab.
1236 5883 1302 5948 ‘2;
1355 5880 1788 5952 Diodor.Sicul.,

1890 3336 2010 3406 quis
2055 3337 2253 3392 dixerit
2279 3339 2520 3394 membra
2549 3339 2784 3396 hominis
2828 3343 2986 3398 unius
3017 3343 3219 3399 multos
3249 3344 3497 3400 homines

1889 3443 2030 3484 esse.
2083 3450 2102 3482 ι
2145 3430 2286 3498 Quin
2319 3431 2481 3488 etiam
2529 3435 2719 3490 Cicero
2771 3434 2917 3492 hunc
2965 3452 3205 3494 errorem
3257 3437 3496 3494 funditus

1891 3524 2104 3578 evertit.
2136 3525 2275 3594 Lege
2320 3527 2365 3582 si
2415 3527 2547 3583 velis
2569 3571 2584 3594 ,
2614 3545 2734 3599 qute
2760 3530 2828 3586 ab
2856 3546 2955 3594 eo,
2983 3542 3038 3586 et
3063 3534 3106 3586 si
3129 3532 3342 3587 animus
3377 3542 3492 3598 est,

1890 3631 2011 3686 quae
2039 3617 2108 3672 ab
2136 3617 2369 3674 Eusebio
2395 3620 2664 3691 disputata
2690 3632 2813 3677 sunt
2843 3621 3127 3696 (Lactant.,
3155 3625 3246 3681 lib.
3276 3641 3346 3690 ιι,
3374 3642 3494 3696 cap.

1891 3711 1956 3779 5,
1983 3731 2103 3784 pag.
2131 3715 2262 3779 168;
2293 3714 2482 3782 Cicera,
2533 3716 2624 3770 lib.
2655 3733 2690 3772 ιι
2713 3717 2776 3772 de
2801 3716 2998 3773 Natur.
3028 3719 3197 3784 deor.,
3220 3737 3342 3791 pag.
3362 3719 3493 3788 245,

1889 3813 1935 3858 et
1966 3804 2179 3872 Euseb.,
2210 3806 2298 3861 lib.
2345 3824 2403 3862 ιιι
2443 3808 2507 3863 de
2546 3807 2841 3881 Prwparat.
2886 3809 3165 3885 Euangel.,
3216 3829 3332 3884 cap.
3389 3813 3492 3882 10,

1891 3919 2011 3975 pag.
2040 3904 2144 3959 105
2168 3913 2216 3957 et
2241 3903 2428 3976 seqq.).

2464 4051 2691 4108 CAPUT
2751 4053 2916 4110 XVII.

1896 4165 2162 4232 Quomodo
2193 4166 2447 4221 Arnobius
2489 4183 2622 4221 vana
2651 4170 2714 4222 de
2741 4171 3010 4238 gentilium
3051 4172 3148 4226 diis
3193 4173 3496 4243 Opinionum

1964 4272 2244 4316 commenta
2272 4277 2334 4316 ea:
2359 4263 2475 4316 aliis
2503 4263 2709 4318 illorum
2733 4264 2796 4317 de
2816 4265 2995 4320 iisdem
3021 4266 3122 4322 diis
3147 4268 3254 4322 suis
3281 4267 3495 4323 dissert-

2352 4354 2579 4409 sionibus
2605 4356 2775 4410 adhuc
2815 4367 3026 4412 evertat.

2427 4488 2717 4529 ARTICL'LUS
2744 4489 2954 4531 PRIMUS.

1889 4603 2526 4676 Excutitur__argumentum
2566 4609 2803 4676 Arnobii,
2845 4611 3054 4676 petitum
3081 4625 3142 4662 ex
3169 4614 3380 4666 diversis
3401 4655 3414 4676 ,
3441 4623 3495 4667 et

1956 4671 2225 4740 contrariis
2239 4672 2542 4740 ethnicorum
2567 4671 2882 4740 Opiriiorihtis
2902 4674 2970 4740 de,
2985 4674 3240 4740 Musarum
3275 4693 3286 4740 ι
3306 4671 3492 4729 arenti-

1951 4732 2061 4796 bus,
2088 4733 2368 4783 conditione
2407 4743 2459 4784 et
2483 4732 2712 4796 numero,
2748 4749 2806 4785 ac
2825 4737 2890 4788 de
2927 4739 3024 4788 diis
3061 4732 3417 4793 Novensilibus
3440 4750 3494 4794 et

1952 4794 2278 4858 Indigetibus,
2303 4797 2385 4846 ubi
2407 4796 2471 4846 de
2495 4795 2663 4847 xEneae
2687 4794 2866 4850 morte.

1958 4941 2161 5012 Magna:
2189 4927 2526 4998 ethnicorum
2566 4942 2635 4998 de
2663 4959 2771 4999 uno
2797 4943 3098 5016 eodemque
3130 4948 3350 5002 numine
3379 4946 3490 5001 dis-

1885 5035 2163 5091 sen~ioues
2189 5036 2334 5090 aliud
2364 5035 2822 5093 evidentissimum
2853 5040 3094 5095 Arnobio
3136 5051 3322 5096 nostro
3364 5055 3492 5110 sup-

1885 5127 2124 5197 peditant
2179 5141 2585 5200 argumentum,
2637 5147 2744 5202 quo
2794 5132 2925 5187 lalsa
2982 5133 3197 5189 illorum
3247 5134 3489 5190 onmium

1884 5220 2132 5276 divinitas
2149 5237 2334 5276 rursus
2359 5223 2707 5279 invictissime
2729 5223 3147 5280 demonstratur.
3162 5226 3297 5294 Quid
3317 5227 3487 5295 enim,

1885 5333 2088 5388 quaeso,
2122 5327 2266 5372 tanta
2296 5319 2380 5372 illa
2413 5318 2634 5374 dissidia
2665 5319 2807 5373 aliud
2843 5319 3088 5390 probant,
3127 5320 3228 5374 nisi
3269 5319 3490 5376 eosdem

1888 5411 2135 5467 ethnicos
2158 5410 2289 5464 nihil
2319 5411 2385 5466 de
2407 5426 2786 5482 quoqunmque
2811 5411 2914 5467 dco
2943 5428 3042 5468 suo
3074 5412 3328 5468 habuisse
3353 5412 3492 5469 certi

1892 5513 1946 5557 et
1967 5505 2230 5571 explorati
2254 5504 2277 5557 ἲ
2302 5504 2418 5570 Quo
2447 5519 2577 5575 ergo
2600 5504 2720 5573 jure
2751 5519 2844 5559 eos
2877 5514 3144 5574 tamquam
3173 5522 3330 5562 veros
3360 5506 3494 5562 deos

1892 5599 2092 5660 colere.
2124 5598 2352 5668 precari,
2385 5609 2440 5652 et
2465 5597 2692 5652 adorare
2721 5606 2995 5668 poterant,
3024 5599 3095 5656 de
3121 5601 3318 5670 quibus
3359 5601 3494 5659 nihil

1896 5692 2236 5748 manifestum
2268 5703 2323 5748 et
2350 5691 2704 5747 indubitatum
2729 5707 2980 5763 umquam
3015 5709 3076 5750 se
3103 5697 3381 5768 accepisse
3403 5712 3495 5768 pa-

1898 5788 2002 5842 lam
2036 5785 2466 5855 proﬁtebantur?
2491 5784 2624 5851 Quis‘
2649 5792 2828 5839 autem
2858 5802 2964 5842 non
2993 5781 3275 5845 mirabitur
3299 5799 3494 5861 quanta

1898 5883 2099 5940 l'uerint
2121 5884 2333 5939 illorum
2359 5883 2427 5938 de
2460 5882 2732 5938 Musarum
2764 5881 2917 5938 verbi
2969 5882 3137 5954 gratia
3182 5887 3492 5954 parentibus
