3904 6326
445 272 553 345 579

1654 273 2105 357 DlSSER't‘ATIQ
2142 273 2421 365 PBJSVIA
3606 292 3691 350 εδει

444 394 770 463 conditione,
792 399 844 449 et
861 407 1083 450 numero
1122 390 1349 467 divortia
1393 405 1602 463 pugnae,
1645 405 1699 448 et
1733 396 2032 451 eontentio-
2064 397 2115 477 Α
2139 396 2362 464 Quando
2386 407 2563 455 autem
2598 399 2790 467 Decius
2813 404 3049 479 seipsnm
3080 420 3179 481 pro
3205 408 3454 477 Romanis
3492 416 3689 488 legioni-

445 489 575 540 nes?
605 487 845 542 Mnaseas
875 489 1090 557 quippe,
1118 487 1191 549 uti
1220 487 1295 541 ait
1327 487 1594 555 Arnobius
1646 488 1900 560 (Arnob.,
1946 488 2036 544 lib.

445 596 523 644 ιιι,
553 597 670 652 pag.
708 580 866 651 19.1),
901 580 1015 634 illas
1056 596 1118 635 ex
1145 578 1298 635 C(elo
1323 590 1376 634 et
1407 579 1643 642 Tellure.
1675 580 1764 636 alii
1804 598 1870 637 ex
1908 581 2041 638 Jove

442 683 495 731 et
518 673 770 747 Meritoria
804 674 886 728 vel
910 673 1086 729 Mente
1110 685 1254 745 ortas
1284 673 1451 729 fuisse
1483 674 1835 733 tradiderunt.
1866 676 2041 746 Aliqui

442 781 533 843 eas
556 767 787 847 virgines
808 768 1013 845 dixere,
1043 768 1127 823 alii
1160 778 1391 830 matres;
1422 767 1519 823 has
1537 767 1789 839 Ephorus
1818 784 2041 829 numero

442 870 574 923 tres,
601 858 845 931 Mnaseas
866 868 1113 929 quatuor,
1145 860 1405 931 Myrtillus
1426 871 1654 933 septem,
1683 860 1871 917 Crates
1894 871 2036 928 octo,

441 951 783 1023 ctllesiodus
824 967 1038 1017 novem,
1068 967 1295 1022 quarum
1340 954 1558 1007 nomina
1606 953 1910 1023 singulatim
1957 970 2041 1010 re-

438 1056 643 1121 censet.
678 1046 898 1103 Servius
929 1057 1106 1101 tamen
1134 1045 1231 1100 has
1258 1061 1447 1101 omnes
1490 1047 1730 1103 diversas
1756 1048 2041 1118 opiniones

439 1138 503 1191 ad
531 1149 638 1195 tres
658 1139 995 1211 potissimum
1026 1137 1254 1208 redigit:
1287 1156 1305 1188 ι
1335 1137 1532 1201 Musas,
1567 1156 1585 1189 ι
1616 1139 1804 1208 inquit,
1838 1157 1856 1191 ι
1887 1138 2041 1194 multi

438 1246 653 1306 novent,
704 1232 853 1286 multi
899 1241 1044 1294 octo,
1077 1231 1226 1285 multi
1256 1239 1463 1299 septem
1494 1230 1765 1286 dixerunt.
1805 1249 1824 1281 ι
1854 1230 1926 1286 At
1953 1231 2040 1284 Ci-

440 1340 567 1379 cero
590 1310 897 1394 expressius
918 1325 1077 1379 docet
1106 1323 1306 1394 primas
1322 1334 1555 1393 quatuor
1578 1322 1710 1383 Jove
1731 1323 1923 1389 altero,
1955 1338 2040 1378 se-

436 1414 639 1470 cundas
666 1413 799 1471 Jove
823 1418 998 1487 tertio,
1035 1416 1152 1470 sive
1178 1416 1418 1470 Cretensi
1447 1421 1501 1473 et
1536 1414 1903 1486 Mnemosyne,
1933 1425 2041 1471 ter-

437 1509 538 1565 tias
554 1509 686 1565 .Iove
711 1511 890 1577 tertio,
913 1514 967 1565 et
989 1510 1214 1580 AntiOpa
1238 1519 1406 1573 ortas,
1423 1526 1548 1580 quas
1568 1507 1824 1573 Pieridas,
1848 1510 2038 1581 inquit,

435 1612 489 1658 et
513 1602 717 1657 Pierias
746 1603 923 1657 solent
954 1610 1123 1670 poeta:
1149 1602 1418 1672 appellare
1456 1599 1611 1674 (Cic.,
1636 1601 1724 1655 lib.
1750 1618 1807 1657 ιιι
1828 1602 1892 1655 de
1922 1599 2039 1659 Να-

435 1707 541 1750 lur.
572 1696 738 1761 deor.,
772 1713 892 1768 pag.
919 1695 1047 1762 247,
1071 1697 1163 1750 lin.
1195 1694 1310 1773 41).
1341 1695 1447 1752 Sed
1493 1694 1606 1749 haec
1629 1696 1851 1767 quaestio
1882 1695 2040 1771 longe

2142 489 2241 543 bus
2271 490 2506 557 devovit,
2539 493 2659 549 illos
2686 510 2805 551 cum
2836 498 3077 567 pluribus
3097 501 3217 555 aliis
3237 546 3252 567 ,
3280 512 3409 562 teste
3437 506 3603 577 Livio,
3628 512 3693 567 sic

2143 582 2467 655 imploravit,
2500 594 2554 640 et
2582 586 2881 643 obtestatus
2923 602 3044 659 est:
3076 612 3094 646 ι
3133 594 3246 648 Divi
3275 595 3593 666 Novensiles,
3632 602 3694 658 dii

2143 673 2427 747 indigetes,
2459 678 2565 733 divi
2596 697 2820 752 quorum
2847 695 3084 757 poteSIas
3110 698 3433 761 nostrorum,
3467 692 3695 755 hostium-

2142 784 2245 847 que
2281 790 2296 821 ι
2331 769 2505 839 (ιίινη
2537 773 2624 829 lib.
2652 791 2743 851 vltt
2764 817 2778 839 ,
2810 793 2928 848 cap.
2959 778 3036 852 9).

2214 862 2486 918 lllauilium
2518 881 2647 920 vero
2683 871 2813 925 citat
2855 869 3030 929 adhuc
3059 873 3327 943 Arnobius
3353 875 3576 955 (Arnob,
3614 883 3695 938 loc.

2143 958 2281 1030 cit.),
2319 962 2408 1030 qui
2435 962 2648 1032 quidem
2684 964 2846 1021 hosce
2871 970 3022 1033 deos,
3055 970 3193 1035 sicut
3221 972 3361 1035 Piso.
3385 989 3564 1030 novem
3599 992 3699 1034 esse

2142 1052 2504 1123 existimabat,
2537 1056 2632 1111 sed
2661 1058 2855 1127 quibus
2875 1061 3006 1116 solis
3033 1060 3239 1132 Jupiter
3266 1065 3494 1122 fulminis
3516 1070 3588 1124 sui
3605 1069 3699 1139 jac~

2144 1144 2289 1199 tandi
2318 1144 2572 1211 detulerit
2600 1160 2943 1219 potestatem.
2978 1153 3221 1226 Denique
3244 1158 3482 1213 nonnulli
3505 1161 3702 1216 arbitra-

2142 1237 2338 1294 bantur
2368 1240 2490 1297 illos
2518 1258 2584 1296 ex
2611 1243 2921 1300 hominibus
2963 1246 3132 1303 factos
3164 1264 3286 1306 esse
3311 1250 3438 1306 deos
3461 1293 3478 1320 ,
3507 1256 3699 1325 quales,

2142 1328 2314 1401 inquit
2333 1330 2604 1389 Arnobius
2625 1376 2638 1399 ,
2669 1346 2826 1392 erant
2851 1337 3137 1407 Hercules,
3166 1340 3422 1415 Romulus
3443 1386 3457 1411 ,
3485 1342 3702 1415 [Escula-

2144 1422 2281 1493 pius,
2306 1422 2466 1479 Liber
2486 1436 2539 1480 et
2566 1425 2786 1484 IEneas.
2810 1430 2873 1483 Et
2891 1430 3019 1486 illud
3039 1431 3255 1511 quidem
3288 1434 3370 1488 his
3391 1434 3704 1511 conﬁrmatur

2144 1517 2317 1573 Servii
2346 1521 2521 1577 verbis
2553 1539 2566 1577 :
2604 1540 2624 1573 ι
2662 1523 2801 1581 Sane
2832 1524 3048 1595 quidem
3081 1536 3297 1585 veteres
3326 1527 3447 1586 illos
3472 1530 3593 1597 deos
3619 1528 3705 1584 No-

2143 1613 2376 1667 vensiles
2400 1614 2605 1695 dicunt,
2639 1618 2831 1685 quibus
2877 1619 3065 1674 merita
3097 1620 3312 1677 virtutis
3350 1620 3586 1678 dederint
3625 1638 3705 1677 nu-

2145 1707 2303 1762 minis
2332 1708 2644 1785 dignitatem
2674 1730 2693 1763 ι
2754 1711 2950 1782 (Serm,
2983 1714 3036 1769 in
3076 1714 3166 1791 lib.
3196 1730 3288 1771 vnt
3336 1696 3569 1783 £neid.,
3595 1731 3706 1777 om.

435 1787 606 1863 fusius
634 1789 701 1845 ab
728 1788 865 1842 Lilio
892 1788 1110 1843 Giraldo
1143 1788 1397 1859 peculiari
1419 1788 1485 1842 de
1514 1788 1678 1859 Musis
1702 1799 2040 1868 syntagmate
2070 1786 2119 1863 Β
2148 1799 2269 1865 187,
2307 1818 2426 1875 pag,
2459 1803 2608 1872 498),

439 1892 694 1937 tractatur
746 1882 1005 1963 (Girald.,
1054 1893 1307 1952 syntagm.
1340 1884 1403 1935 de
1452 1880 1638 1945 Musis,
1686 1898 1807 1959 pag.
1848 1882 1946 1939 551
1997 1892 2042 1936 et

2216 1894 2370 1959 Quod
2413 1912 2543 1969 vero
2582 1897 2651 1953 ad
2695 1911 3022 1977 memoratos
3068 1903 3143 1965 ibi
3180 1904 3249 1973 ab
3292 1915 3515 1961 auctore
3544 1912 3708 1961 nostro

435 1976 621 2049 seqq)
652 1977 756 2032 Nos
784 1992 911 2049 pero
935 1977 1001 2031 de
1032 1977 1095 2031 iis
1122 1975 1233 2053 jam
1259 1975 1458 2055 aliquid
1480 1975 1606 2073 alibi
1634 1977 1940 2049 adtigimus.
1972 1978 2044 2057 at
2144 1984 2456 2055 Bornulum,
2490 1988 2869 2073 Esculapium
2898 1975 2953 2050 et
2980 1996 3235 2073 Liberum
3273 2007 3519 2070 spectat,
3554 1998 3616 2054 de
3655 1998 3709 2053 iis

433 2081 580 2127 certe
624 2071 771 2145 vides
820 2079 1077 2140 quantum
1108 2052 1175 2123 de
1227 2052 1728 2147 ltarumilllusarum
1776 2052 2037 2151 numero,

435 2171 770 2242 parentibus,
801 2181 855 2227 et
879 2169 1185 2225 conditione
1209 2183 1314 2237 non
1348 2168 1538 2228 intimi.
1567 2168 1661 2235 sed
1689 2167 1909 2238 majoris
1938 2169 2039 2222 uti-

434 2279 540 2331 que
568 2262 799 2319 nominis
839 2264 1132 2331 scriptores
1178 2260 1377 2317 ethnici
1426 2260 1563 2323 inter
1590 2274 1649 2316 se
1675 2259 2038 2329 digladiareno

434 2366 518 2409 tur
536 2358 683 2424 (tom.
712 2370 730 2410 ι
772 2355 1048 2423 Appium”
1079 2369 1196 2423 pag.
1215 2350 1362 2420 820).
1392 2351 1653 2420 Quoniam
1687 2352 1849 2423 igitur
1879 2353 2038 2419 modo

436 2448 489 2503 Ιιί
519 2447 713 2516 aliique
739 2461 852 2512 eas,
882 2446 983 2501 sibi
1014 2459 1119 2499 non
1149 2445 1280 2499 satis
1306 2445 1570 2515 cognitas,
1595 2455 1650 2499 et
1678 2444 1807 2500 deas
1832 2444 2032 2511 dicere,

432 2549 485 2596 ct
516 2539 639 2597 illas
667 2539 923 2594 invocare
950 2536 1231 2609 poterant?

502 2635 687 2704 Neque
709 2636 883 2703 minor
909 2633 1150 2704 profecto
1187 2641 1304 2688 erat
1328 2633 1539 2691 illorum
1570 2632 1634 2701 de
1655 2632 2036 2707 Novensilibus

431 2732 553 2795 diis.
584 2745 881 2800 eorumque
924 2729 1353 2795 nomenclatione
1380 2736 1435 2791 et
1460 2743 1702 2792 numero,
1734 2742 1796 2783 ac
1813 2728 2037 2799 proinde

430 2827 496 2881 (le
536 2825 747 2885 illorum
795 2822 1074 2887 divinitate
1117 2821 1508 2877 controversia.
1538 2819 1765 2893 Quidam
1814 2821 1958 2889 enim
2004 2835 2035 2875 a

431 2918 723 2977 novenario
760 2931 1011 2983 numero,
1039 2916 1131 2986 qui
1173 2923 1235 2969 ut
1262 2915 1455 2979 citatus
1477 2913 1545 2971 ab
1576 2914 1816 2979 Arnobio
1860 2912 2034 2973 Varro

432 3011 647 3069 tradidit
676 3012 914 3077 (Arnob.,
949 3010 1036 3064 lib.
1082 3026 1166 3077 ιιι,
1201 3026 1319 3080 pag.
1354 3008 1500 3079 122),
1537 3009 1590 3061 in
1623 3006 1901 3079 movendis
1949 3023 2035 3075 re-

428 3105 530 3160 bus
577 3103 983 3174 potentissimus
1010 3103 1260 3171 habetur,
1287 3105 1365 3157 sic
1390 3101 1799 3175 cognominatos
1838 3116 2031 3184 cense-

430 3195 584 3258 baut,
609 3195 701 3250 alii
720 3211 747 3249 ει
767 3196 1003 3264 novitate
1025 3212 1227 3260 rerum,
1258 3194 1450 3265 quibus
1472 3210 1566 3249 eos
1591 3207 1823 3265 praeesse
1848 3176 2034 3262 opina-

427 3287 659 3354 bantur;
691 3287 783 3357 alii
814 3288 883 3355 ab
913 3288 1018 3355 alio
1041 3287 1292 3353 novitatis
1318 3301 1538 3357 genere,
1571 3300 1678 3358 quo
1708 3284 1961 3357 videlicet
2001 3302 2032 3343 ει

426 3382 739 3448 victoribus,
770 3392 893 3452 puta
924 3383 1202 3447 Romanis,
1235 3382 1308 3437 uti
1355 3382 1479 3437 alibi
1511 3381 1741 3436 vidimus
1770 3380 2030 3452 (llisscrl.

423 3477 477 3532 in
508 3475 730 3543 Minuc.,
774 3494 889 3546 cap.
938 3476 1027 3547 16,
1056 3487 1154 3547 nrt.
1186 3476 1268 3548 ‘2),
1300 3476 1351 3549 in
1392 3476 1554 3535 urbes
1595 3460 1805 3531 suas'ac
1834 3476 2033 3546 templa

424 3572 758 3644 adsportari,
812 3588 946 3628 nova
994 3572 1379 3639 dedicabantur
1437 3572 1866 3639 consecratione.
1925 3570 2032 3633 Sed

424 3668 573 3736 plura
600 3667 668 3725 de
692 3666 850 3737 hujus
873 3666 1108 3721 nominis
1128 3666 1451 3738 etymologia
1479 3664 1706 3735 Vossius
1725 3676 1779 3722 et
1807 3666 1896 3721 alii
1922 3666 2033 3741 dis-

423 3770 613 3830 putant
644 3759 850 3833 (Voss.,
876 3762 929 3815 in
956 3759 1279 3831 Elymolog.,
1310 3758 1377 3811 ad
1400 3760 1534 3815 verb.
1562 3758 1750 3817 Novati
1773 3760 1812 3828 ).

495 3852 627 3908 Tam
652 3853 986 3908 diversarum
1015 3864 1193 3908 autem
1225 3853 1539 3921 opinionum
1562 3854 1738 3907 varios
1760 3853 2031 3929 Arnobius

426 3946 646 4016 protulit
664 3945 922 4012 fautores,
944 3962 1008 4001 ac
1030 3948 1258 4016 primum
1282 3946 1495 4016 quidem
1519 3945 1789 4009 Pisonem,
1814 3948 1902 4015 qui
1932 3946 2029 4001 ilOS

429 4060 447 4091 ι
485 4056 605 4095 esse
631 4042 801 4095 credit
826 4024 1045 4107 novem,
1085 4060 1104 4093 ι
1140 4043 1210 4095 ita
1251 4041 1340 4095 ille
1378 4041 1645 4111 loquitur,
1679 4058 1697 4090 ι
1733 4040 1786 4095 in
1818 4039 2030 4097 Sabinis

421 4118 563 4203 apud
589 4134 838 4190 Trebiam
862 4134 1183 4192 constitutos
1217 4154 1236 4187 ι
1265 4133 1518 4208 (Arnob.,
1541 4133 1643 4188 loc.
1666 4132 1803 4204 cit.).
1835 4132 2029 4189 Trebia

423 4237 603 4281 autem
627 4226 821 4282 ﬂuvius
841 4236 1050 4283 estnon
1080 4228 1312 4298 procula
1334 4227 1629 4291 Placentia,
1654 4227 1742 4298 qui
1767 4242 1834 4283 ex
1857 4229 2031 4296 Apen-

422 4322 570 4383 nino,
596 4329 653 4373 ut
683 4321 899 4389 scripsit
928 4321 1143 4385 Strabo,
1192 4321 1243 4375 in
1282 4320 1485 4375 Padum
1527 4319 1732 4375 incidit.
1760 4318 1841 4373 Ad
1888 4319 2029 4373 hunc

422 4428 584 4483 porro
615 4413 834 4468 ﬂuvium
861 4415 1092 4479 Annibal
1123 4414 1431 4491 Scipionem
1460 4413 1738 4468 consulem
1761 4454 1774 4477 ,
1807 4420 1867 4466 ut
1897 4428 2023 4465 nar-

420 4516 502 4559 rat
530 4507 805 4578 Polybius,
830 4507 981 4562 clade
1012 4509 1241 4561 maxima
1276 4508 1574 4577 proﬂigavit
1603 4506 1843 4578 (Strab.,
1872 4505 1960 4558 lib.
1991 4520 2025 4558 γ

421 4558 1801 4673 coegi,”@7219}mintho?tiliam;'pag.
1830 4558 1957 4662 ao,
1981 4605 2028 4651 et
2052 4558 2106 4645 Ρ

416 4689 601 4764 seqq.)
634 4691 786 4748 Unde
823 4693 908 4749 hic
951 4694 1152 4749 Lucani
1179 4703 1367 4748 cantus
1394 4691 1640 4764 (Lucam,
1668 4691 1758 4747 lib.
1793 4709 1850 4756 ιι,
1896 4708 2026 4747 vers.

415 4783 486 4838 48
517 4794 564 4838 et
582 4786 745 4855 seqq.)
778 4802 792 4840 :
1568 4782 1571 4783 ν
1840 4784 1844 4791 ’

510 4898 552 4967 ρ
577 4902 766 4951 misera:
788 4904 956 4967 sortis.
981 4903 1109 4967 quod
1133 4915 1230 4952 non
1254 4902 1509 4967 ingPunica
1533 4905 1637 4955 nati

509 4962 752 5027 Tempora
778 4962 1047 5043 Cannarum
1072 4965 1266 5027 fuimus,
1295 4965 1613 5031 Trebiaeque,
1637 4965 1888 5029 juventus.

487 5071 563 5127 De
589 5070 966 5145 Novensilibus
991 5086 1119 5147 vero
1145 5070 1247 5145 diis
1272 5072 1464 5155 citatus
1494 5072 1562 5128 ab
1581 5083 1800 5128 auctore
1828 5081 2013 5130 nostro

415 5162 587 5219 Varro
611 5165 725 5243 hinc
748 5164 1065 5239 brevissime
1093 5166 1309 5234 scripsit
1343 5183 1356 5220 :
1392 5184 1410 5217 ι
1445 5166 1723 5239 Εειτριιὶιι,
1754 5166 2011 5243 Minerva,

412 5242 729 5331 Novensiles
756 5274 785 5310 a
815 5256 1027 5313 Sabinis
1062 5275 1081 5307 ι
1115 5256 1326 5331 (Varr.,
1370 5258 1460 5313 lib.
1489 5275 1540 5312 tv
1586 5258 1649 5311 de
1693 5257 1846 5337 Ling.
1897 5242 2014 5337 lat,

412 5367 535 5423 pag.
564 5350 659 5415 lli;
688 5348 905 5431 ᾼνιιοὸη
929 5348 1026 5403 loc.
1050 5348 1163 5414 cit.,
1212 5366 1331 5422 pag.
1383 5349 1535 5419 122).
1584 5353 1655 5430 At
1693 5336 1869 5406 Allius
1897 5362 2020 5422 post

413 5440 672 5497 Granium
705 5443 800 5497 ilOS
846 5441 1020 5497 Musas
1072 5457 1192 5498 esse
1241 5442 1488 5512 opinatus
1531 5455 1645 5511 est;
1699 5442 2019 5502 Cornilicins

416 5552 540 5613 vero
586 5537 876 5593 novitatmn
910 5536 1189 5609 prmsides,
1224 5536 1442 5593 Cincius
1470 5552 1565 5591 eos
1605 5552 1815 5602 omnes,
1844 5538 1934 5610 qui
1987 5555 2017 5593 a

418 5612 728 5695 victoribus,
755 5633 827 5686 uti
852 5612 1011 5700 paulo
1037 5642 1162 5687 ante
1204 5633 1533 5695 monuimus,
1577 5630 1630 5709 in
1683 5631 1844 5709 urbes
1893 5634 2019 5689 suas

422 5728 751 5776 lt‘attSt'eClos
779 5724 1025 5779 solebant
1053 5724 1357 5795 compendii
1386 5738 1572 5791 causa,
1600 5738 1663 5799 ac
1691 5741 1757 5778 ne
1782 5724 1906 5799 quis
1954 5727 2019 5782 il-

420 5812 593 5895 lorum
617 5816 973 5885 omitteretur,
1007 5818 1111 5875 hoc
1132 5817 1497 5874 Novensilium
1522 5817 1741 5901 nomine
1758 5818 2018 5878 inVOCitl‘i.

2141 2095 2303 2153 supra
2335 2081 2712 2159 disseruimus.
2746 2086 2819 2142 De
2840 2086 2943 2144 deo
2959 2098 3138 2145 autem
3166 2106 3299 2146 sane
3330 2091 3580 2162 praeclaro
3600 2090 3711 2147 Her-

2141 2174 2261 2243 cplc
2293 2174 2408 2228 haec
2436 2175 2631 2247 Cicero
2660 2180 2925 2257 tradidit:
2967 2200 2986 2233 ι
3021 2185 3171 2251 Quos
3193 2185 3261 2240 ab
3281 2184 3586 2240 hominibus
3611 2197 3713 2254 per-

2140 2267 2354 2339 venisse
2385 2268 2519 2345 dicis
2542 2271 2607 2341 ad
2640 2272 2807 2347 deos,
2840 2283 2894 2327 tu
2939 2274 3141 2332 reddes
3180 2277 3449 2333 rationem
3476 2273 3711 2351 quemad-

2142 2363 2360 2435 modum
2392 2364 2532 2418 idem
2563 2364 2679 2422 ﬁeri
2713 2369 2978 2439 potuerit,
3007 2370 3099 2425 a‘ut
3130 2387 3227 2443 cur
3253 2371 3374 2427 ﬁeri
3411 2371 3646 2451 desierit,
3669 2376 3714 2424 et

2140 2470 2242 2527 ego
2268 2456 2476 2527 discam
2500 2459 2761 2533 libenter.
2786 2462 3069 2533 Quomodo
3086 2481 3231 2534 nunc
3257 2466 3483 2537 quidem
3501 2475 3597 2533 est,
3624 2477 3715 2521 non

2138 2549 2297 2605 video
2325 2566 2431 2621 quo
2464 2563 2626 2623 pacto
2670 2554 2794 2623 ille,
2840 2556 3053 2611 scilicet
3098 2557 3394 2627 Hercules,
3439 2559 3491 2614 in
3522 2558 3716 2617 domum

2139 2652 2399 2697 :eternam
2448 2645 2618 2712 patris
2659 2647 2741 2701 sui
2789 2648 3105 2718 pervenerit
3137 2669 3157 2702 ι
3215 2649 3234 2721 (
3259 2647 3396 2716 Cia,
3440 2650 3527 2705 lib.
3572 2665 3623 2705 ιιι
3665 2648 3715 2702 de

2140 2732 2332 2793 Natur.
2362 2737 2532 2799 deor.,
2565 2755 2667 2810 pag
2716 2739 2842 2807 245,
2876 2742 2970 2796 lin.
3004 2742 3131 2812 38).
3165 2742 3273 2799 Sed
3313 2746 3385 2799 de
3414 2744 3506 2799 illo
3534 2742 3717 2817 hacque

2142 2827 2379 2899 funesta,
2407 2831 2620 2903 deoque
2643 2833 3016 2904 indignissima
3040 2837 3159 2906 ejus
3181 2848 3361 2894 morte
3389 2852 3548 2911 supra
3571 2836 3725 2891 disse-

2137 2924 2347 2977 ruimus
2381 2923 2596 2995 (Supr.,
2627 2942 2745 2998 cap.
2776 2926 2861 2991 l2,
2887 2939 2987 2982 art.
3012 2928 3105 3001 2).
3426 2921 3431 2929 ’

2211 3015 2474 3085 Superest
2510 3020 2732 3091 quintus
2768 3020 2836 3081 ad
2874 3019 3119 3077 Arnobio
3154 3024 3465 3095 appellatus
3501 3022 3716 3087 Encas,

2136 3122 2297 3179 quem
2327 3110 2661 3183 Augustinus
2690 3113 2862 3187 tribus
2889 3116 3049 3169 annis
3077 3116 3131 3171 in
3159 3117 3317 3193 Latio
3350 3132 3602 3193 regnasse
3625 3125 3719 3171 tes-

2142 3202 2378 3260 tiﬁcatur
2406 3223 2419 3259 :
2454 3207 2551 3277 sed
2577 3222 2697 3263 cum
2726 3217 2912 3279 postea
2946 3211 2998 3279 in
3041 3211 3253 3283 praelia,
3282 3211 3719 3284 sicut'Dionysius

2143 3295 2620 3377 Halicarnasseus,
2664 3300 2883 3367 Livius,
2927 3312 3118 3373 auctor
3144 3320 3492 3379 anonymus,
3523 3305 3719 3361 Servius

2138 3399 2381 3459 narrant,
2425 3393 2738 3467 cecidisset,
2787 3411 2887 3473 nec
2928 3397 3203 3469 inventum
3239 3398 3439 3463 luisset
3471 3402 3587 3471 ejus
3615 3412 3719 3455 cor-

2138 3497 2256 3551 pus,
2289 3484 2609 3559 jactitarunt
2653 3487 2805 3561 illum
2852 3488 2920 3557 ad
2952 3488 3086 3547 deos
3128 3491 3363 3562 abiisse,
3401 3508 3466 3563 ac
3494 3494 3594 3564 ipsi
3621 3501 3720 3546 tan-

2136 3592 2296 3649 quam
2327 3577 2432 3634 deo
2472 3580 2538 3639 ad
2570 3579 2786 3653 Numici
2831 3582 3070 3663 llutninis
3113 3585 3292 3655 ripas,
3344 3587 3439 3642 ubi
3479 3588 3535 3641 in
3569 3595 3719 3664 pugna

2135 3675 2351 3730 occisus
2374 3674 2585 3740 fuerat,
2620 3679 2876 3749 templum
2904 3680 3315 3753 mdiﬁcaverunt
3345 3700 3469 3740 eum
3497 3684 3596 3739 hac
3619 3684 3719 3738 ins-

2135 3768 2446 3837 criptione:
2484 3788 2503 3822 ι
2546 3770 2695 3841 Patri
2745 3774 2848 3828 deo
2875 3774 3128 3845 Indigeti,
3166 3778 3261 3848 qui
3306 3778 3523 3845 Numici
3568 3776 3720 3849 amnis

2135 3859 2308 3917 undas
2354 3871 2624 3933 temperat
2660 3882 2680 3916 ι
2712 3863 2987 3937 (August.,
3021 3868 3109 3923 lib.
3140 3884 3277 3923 xvnt
3308 3871 3376 3925 de
3403 3870 3586 3943 Cirin,
3617 3886 3715 3941 cap.

2142 3954 2209 4015 19
2241 3965 2287 4008 et
2333 3954 2440 4021 21,
2474 3972 2596 4031 pag.
2643 3956 2753 4027 502
2809 3968 2855 4013 et
2898 3959 3035 4027 503;
3085 3959 3309 4035 Dionys.
3356 3964 3570 4031 Halic.,
3601 3962 3721 4021 lib.t

2133 4052 2306 4124 Antiq.
2360 4051 2613 4122 Romam,
2653 4071 2772 4127 pag.
2820 4055 2926 4123 52;
2956 4057 3094 4127 ἕλω,
3142 4060 3233 4114 lib.
3278 4077 3298 4117 ι
3344 4061 3573 4130 Binan,
3600 4062 3721 4133 inin;

2131 4156 2356 4213 anctor.,
2389 4146 2480 4202 lib.
2515 4148 2581 4201 de
2617 4147 2763 4220 Orig.
2794 4160 2930 4220 gent.
2966 4168 3094 4205 rom.
3124 4193 3139 4216 ,
3172 4169 3293 4225 pag.
3337 4134 3481 4221 598;
3514 4155 3649 4212 Serv.
3675 4154 3720 4207 in

2132 4238 2220 4292 lib.
2254 4254 2358 4304 xu;
2389 4237 2633 4307 ΑΞιιεὶάη
2676 4256 2798 4313 pag.
2829 4242 2991 4316 702).
3015 4245 3091 4301 Ea
3119 4256 3351 4319 propter
3378 4249 3621 4305 Tibullus
3646 4260 3723 4302 ce-

2131 4333 2265 4388 cinit
2295 4350 2309 4386 :

2224 4446 2444 4516 Impiger
2467 4448 2644 4516 Enen,
2669 4451 2920 4516 volitantis
2938 4453 3095 4504 frater
3118 4456 3319 4516 amoris,

2287 4510 2570 4580 'l‘roi_ca_qui
2596 4514 2812 4577 profugis
2832 4529 2969 4580 sacra
2995 4518 3136 4580 vehis
3158 4510 3366 4570 ratibus.

2225 4569 2333 4645 Jan)
2360 4574 2447 4645 tibi
2474 4569 2765 4626 Haurentes
2778 4579 2993 4645 assignat
3017 4569 3407 4645 Jupiteragros,

2289 4633 2396 4705 dam
2420 4642 2561 4687 vocat
2584 4649 2813 4705 errantes
2835 4633 3027 4705 hospita
3052 4633 3186 4693 terra
3212 4633 3389 4696 Lares.

2225 4693 2335 4761 Illic
2352 4707 2551 4749 sanctus
2576 4702 2695 4761 eris,
2720 4717 2829 4752 cum
2854 4712 2903 4753 te
2927 4693 3207 4756 i-eneranda
3229 4693 3433 4761 Numici

2288 4759 2427 4811 Unda
2450 4762 2598 4814 deum
2623 4759 2749 4813 coélo
2774 4766 2967 4817 miserit
2990 4766 3286 4830 Indigetem.

2946 4849 3176 4914 (TibulL,
3202 4848 3290 4904 lib.
3318 4868 3374 4915 ιι,
3401 4853 3540 4920 Eleg.
3568 4850 3636 4914 5.)

2127 4951 2341 5008 Tibullo
2380 4955 2622 5011 concinit
2660 4954 2883 5014 Ovidius
2904 4999 2920 5025 ,
2966 4958 3058 5029 qui
3089 4957 3159 5015 de
3193 4959 3392 5016 eodem
3421 4938 3593 5019 ABnea
3618 4956 3719 5013 btet:

2128 5047 2350 5102 metrice
2367 5047 2529 5102 etiam
2553 5048 2861 5104 decantavit
2891 5067 2905 5103 :
3458 5044 3461 5051 ’

2216 5157 2496 5209 Lustratum
2523 5164 2742 5224 genitrix
2766 5164 2932 5215 divino
2956 5180 3040 5217 cor
3056 5181 3135 5217 JUS
3158 5168 3310 5219 odore

2220 5219 2392 5279 Unxit,
2424 5230 2477 5272 et
2501 5226 2762 5279 ambrosia,
2786 5241 2896 5276 cum
2920 5181 3059 5279 dulci
3077 5239 3282 5279 nectare
3304 5246 3310 5279 ι

2220 5219 2477 5294 ρηιιιῐηεῑ
2501 5219 2762 5294 ambrosia,
2786 5241 2896 5294 cum
2920 5219 3054 5279 dulci
3077 5239 3282 5281 nectare
3304 5230 3485 5289 mixta,

2218 5283 2434 5355 Contigit
2478 5299 2551 5355 os,
2576 5288 2813 5355 fecitque
2843 5292 2992 5355 deum
3019 5307 3201 5355 :quem
3227 5296 3369 5344 turba
3393 5283 3583 5355 Quirini

2218 5345 2478 5412 Nuucupat
2503 5345 2798 5414 Indigetem,
2828 5345 3114 5418 temploque
3139 5358 3335 5420 arisque
3362 5345 3575 5421 rdeepit.

2799 5434 2989 5502 (Ovid,
3018 5435 3102 5489 lib.
3130 5454 3211 5492 XIV
3237 5443 3460 5503 Metam,
3486 5439 3628 5505 §13.)

2200 5539 2400 5621 Verum
2434 5541 2504 5596 ibi
2530 5542 2737 5629 Encas
2767 5559 2798 5598 a
2829 5543 3047 5602 Tibullo
3068 5558 3123 5602 et
3146 5547 3362 5629 Qvidio,
3388 5544 3712 5623 quemadmo-

2128 5632 2253 5689 dum
2294 5651 2321 5719 a
2365 5634 2591 5719 Virgilio
2632 5624 2834 5715 li’irg.,
2880 5640 2973 5721 lib.
3007 5657 3082 5695 xu
3124 5624 3371 5710 Enen!”
3425 5658 3533 5697 vers
3573 5633 3707 5701 794).

2128 5728 2375 5811 aliisque,
2404 5728 2516 5807 jam
2548 5746 2579 5786 a
2606 5730 2761 5786 nobis
2788 5732 2970 5787 citatis
2997 5735 3379 5817 scriptoribus,
3405 5750 3510 5791 non
3538 5734 3589 5789 in
3613 5728 3710 5786 N0-

2129 5810 2441 5905 vensilinm,
2474 5822 2570 5881 sed
2610 5822 2912 5897 lndigetum
2952 5810 3184 5887 deorum
3217 5841 3444 5885 numero
3481 5814 3704 5899 ponitur.
