3904 6326
206 298 291 358 581
1423 274 1491 366 is
1530 304 1906 381 annonmn,
1948 313 2100 371 etp.
2142 314 2306 373 xvn.

3369 322 3474 381 582

206 421 419 473 Atcerte
439 416 707 474 Arnobius
733 418 819 477 his
843 420 974 476 alibi
1013 422 1358 494 subscripsit,
1388 426 1480 481 ubi
1518 429 1771 484 eumdem
1801 441 1854 499 Α
1884 451 1904 484 ‹
1936 432 2078 488 Sane
2110 434 2213 490 hoc
2242 436 2363 491 luco
2389 435 2666 508 Virgilius,
2714 445 2931 494 secutus
2973 445 3215 496 veterum
3259 441 3473 511 Opinio-

205 512 433 579 IEneam,
455 528 746 584 suppresso
769 525 950 572 tamen
976 518 1093 588 ejus
1122 520 1366 586 nomine,
1398 533 1452 575 et
1473 522 1609 576 alios
1639 524 1773 579 deos

202 606 270 661 sic
296 606 509 661 irridet:
548 623 568 659 ‹
600 608 868 681 Indigetes
897 612 1008 678 illi,
1037 614 1131 685 qui
1160 615 1358 670 ﬂumen
1389 627 1605 688 repunt,
1638 628 1693 673 et
1718 620 1771 675 in

201 700 349 755 alveis
377 700 583 758 Numici
613 718 733 758 cum
769 706 936 763 ramis
964 717 1020 761 et
1060 708 1338 779 pisciculis
1365 710 1569 783 degunt
1603 733 1623 766 ι
1651 712 1774 785 (Ar-

200 794 325 859 nob.,
347 793 431 848 lib.
460 811 497 861 l,
530 812 648 868 pag.
678 797 795 870 20).

258 885 429 956 Neque
445 889 533 941 alii
556 891 914 959 proculdubio
941 894 1014 949 illi
1041 893 1327 968 Indigetes,
1359 913 1519 968 quam
1554 899 1770 955 Noven-

194 982 304 1035 siles
333 982 404 1036 dii
436 998 559 1039 esse
589 985 861 1042 videntur.
894 988 1027 1043 Nam
1058 992 1215 1045 sicuti
1243 993 1317 1046 ait
1347 992 1597 1058 Servius,
1627 1014 1646 1046 ι
1683 996 1771 1050 Ιη-

193 1074 380 1145 digetes
410 1079 628 1146 proprie
648 1089 775 1133 sunt
797 1080 869 1134 dii
892 1097 959 1136 ex
988 1081 1303 1138 hominibus
1332 1083 1496 1151 facti,
1530 1089 1683 1158 quasi
1714 1089 1769 1143 in

192 1168 281 1224 diis
321 1180 541 1240 agentes
577 1190 595 1225 ι
638 1172 815 1246 (Serv.
857 1176 912 1230 in
939 1176 1029 1231 lib.
1063 1193 1079 1232 ι
1120 1179 1330 1252 ϐεστ-9.,
1361 1197 1416 1252 p.
1455 1181 1571 1255 94).
1607 1182 1770 1239 Tales

191 1270 351 1315 autem
391 1273 547 1318 erant
583 1265 924 1335 Novensiles,
970 1270 1038 1326 de
1075 1273 1270 1341 quibus
1319 1260 1549 1347 egimus.
1607 1277 1771 1333 Addit

190 1355 423 1423 Servius,
474 1376 494 1410 ι
535 1359 778 1417 Abusive
816 1369 1009 1421 omnes
1045 1366 1119 1422 dii
1165 1370 1497 1438 generaliter
1541 1384 1771 1442 possunt

189 1450 582 1522 diciludigetes,
618 1465 873 1527 tanquam
915 1461 1112 1515 nullius
1139 1464 1218 1517 rei
1247 1474 1465 1534 egentes
1504 1485 1523 1518 ι
1555 1464 1763 1539 (.Idem,

188 1541 231 1595 in
256 1543 338 1599 lib.
366 1560 440 1600 xit
485 1545 732 1613 aﬂuent,
768 1565 889 1623 pag.
926 1552 1079 1625 703).
1102 1555 1206 1611 Sed
1252 1556 1370 1612 htec
1413 1558 1633 1629 quidem
1674 1561 1768 1616 ille

189 1636 387 1691 uberius
413 1638 543 1694 alibi
574 1640 848 1697 edisserit.
893 1645 1200 1703 Macrobius
1229 1651 1393 1704 etiam
1429 1649 1662 1719 priorem
1703 1652 1767 1706 il-

186 1727 274 1783 lius
313 1732 735 1801 explicationem
785 1736 1007 1795 Hesiodi
1057 1742 1378 1797 auctoritate
1430 1734 1763 1800 conlirmat:

1879 542 2037 593 ueni,
2082 526 2384 597 Neptunum
2424 540 2628 587 tantum
2654 573 2669 598 ,
2722 545 2777 587 et
2821 535 3119 604 Apollinum
3153 537 3470 591 nominavit.

1880 614 2136 670 Dicuntur
2159 622 2301 674 enim
2325 621 2379 675 hi
2406 623 2479 677 dii
2510 623 2733 679 Penates
2764 625 2957 689 fuisse,
2998 643 3133 697 quos
3169 642 3347 683 secum
3378 628 3472 683 ad-

1876 707 2027 761 vexit
2064 706 2264 765 [Encas
2286 753 2299 777 ,
2330 716 2581 783 quamvis
2609 716 2836 771 diversis
2866 718 3000 783 locis
3030 718 3163 775 alias
3190 719 3471 789 Opiniones

1872 800 2101 858 aliorum
2149 815 2370 861 secutus
2431 820 2590 878 poeta
2616 851 2631 875 ,
2671 810 2741 864 de
2782 811 2885 865 diis
2924 812 3216 868 Penatibus
3259 813 3471 870 diversa

1871 894 2068 950 dixerit
2102 915 2121 948 ι
2156 898 2390 967 (Servius
2415 943 2430 965 ,
2460 918 2579 971 pag.
2607 902 2714 957 272
2736 903 2775 972 ).
2816 903 3030 961 Υὶιιθεὶε
3059 907 3307 961 eumdem
3344 906 3472 963 Ser-

1872 987 2019 1040 vium
2047 989 2151 1043 alia
2191 991 2343 1060 plttra
2386 992 2512 1047 alibi
2547 994 2615 1061 de
2635 982 2824 1049 iisdem
2870 993 3149 1055 Penatibus
3189 997 3470 1069 disputan-

1873 1088 1982 1135 tem
2041 1080 2238 1151 (Idem,
2271 1084 2325 1138 in
2356 1085 2450 1140 lib.
2489 1104 2543 1153 ι,
2572 1102 2743 1143 uersus
2771 1088 2918 1155 584;
2952 1099 2998 1145 et
3028 1092 3085 1147 in
3105 1091 3193 1148 lib.
3226 1107 3323 1157 ιιι,
3356 1110 3470 1149 ver-

1868 1188 1956 1226 sus
1986 1174 2087 1229 M8
2115 1184 2161 1229 et
2192 1177 2344 1246 168).

1941 1269 2125 1323 Altera
2155 1268 2349 1341 Nigidii
2390 1271 2460 1329 de
2502 1272 2583 1335 liis
2618 1273 2723 1330 diis
2758 1275 3034 1345 opinatio,
3078 1292 3240 1347 quam
3281 1286 3471 1335 auctor

1870 1367 2058 1415 noster
2089 1360 2522 1431 inexplicabilem
2547 1364 2702 1431 dixit,
2727 1381 2790 1423 ea
2821 1368 2939 1433 luit,
2963 1383 3068 1438 qua
3098 1379 3329 1438 quatuor
3349 1384 3473 1425 esse

1868 1450 2090 1505 deorum
2142 1452 2419 1510 Penatium
2457 1472 2679 1529 genera,
2730 1470 2891 1528 atque
2939 1461 3076 1517 alios
3122 1461 3292 1529 iovis,
3333 1462 3473 1517 alios

1865 1542 2132 1614 Neptuni,
2162 1548 2299 1603 alios
2328 1549 2641 1614 inferorum,
2674 1565 2727 1607 et
2757 1556 3060 1609 tnortalium
3091 1555 3370 1609 hominum
3400 1555 3473 1609 ul-

1870 1636 2030 1692 timos
2061 1654 2182 1694 esse
2207 1642 2471 1711 garribat.
2495 1644 2850 1712 Quantumvis
2887 1658 3069 1705 autem
3105 1650 3348 1715 Arnobio
3370 1650 3471 1705 oh-

1867 1747 2025 1789 scura
2050 1735 2295 1790 videatur
2324 1737 2439 1793 ha'c
2456 1739 2649 1809 Nigidii
2669 1744 2967 1813 sententia;
2994 1742 3271 1801 videamus
3293 1752 3472 1797 tamen

191 1837 207 1870 ε
236 1820 493 1878 Hesiodus
522 1824 741 1891 divinae,
773 1845 793 1879 ι
824 1830 998 1900 inquit
1027 1830 1313 1902 (Macrob.,
1343 1835 1431 1889 lib.
1455 1851 1470 1888 I
1498 1836 1552 1889 in
1575 1836 1759 1891 Somn.
1794 1828 1841 1888 B
1870 1836 2047 1883 utrum
2096 1828 2188 1884 lux
2233 1828 2412 1900 aliqua
2455 1834 2505 1886 ei
2555 1843 2788 1903 nequeat
2826 1834 3032 1890 afferri.
3084 1836 3161 1899 De
3188 1836 3487 1909 Penatibus,

187 1912 335 1985 Scip.,
366 1935 485 1987 cap.
515 1921 568 1984 8,
599 1938 722 1993 pag.
755 1920 869 1988 52),
912 1920 1119 1981 sobolis
1152 1938 1415 1998 assertor,
1445 1932 1658 2000 priscos
1681 1946 1765 1987 re-

183 2020 262 2075 ges
286 2023 403 2063 cum
432 2010 542 2066 diis
567 2025 921 2083 annumerat;
949 2016 1141 2089 hisque
1161 2023 1411 2092 exemplo
1440 2025 1642 2078 veteris
1669 2039 1767 2094 po-

186 2102 371 2157 testatis
392 2104 564 2159 etiam
601 2107 655 2160 in
685 2109 827 2164 ctelo
854 2106 1078 2183 regendi
1111 2128 1201 2169 res
1228 2115 1496 2171 humanas
1522 2118 1765 2188 assignat
1839 2152 1846 2161 ι

183 2190 414 2250 cilicium.
449 2199 522 2253 Et
552 2217 621 2255 ne
657 2203 745 2257 cui
777 2204 1121 2261 fastidiosum
1153 2208 1246 2276 sit,
1285 2211 1329 2265 si
1362 2227 1550 2267 versus
1581 2214 1762 2283 ipsos,

184 2293 232 2337 ιιι
250 2297 394 2355 poeta
419 2289 648 2347 Graecus
674 2297 924 2363 protulit,
951 2299 1275 2357 inseramus.
1305 2304 1623 2361 Referemus
1643 2321 1762 2373 eos,

181 2389 229 2434 ut
247 2396 311 2436 ex
338 2386 520 2439 verbis
548 2387 747 2457 ejus'in
780 2389 945 2447 latina
973 2396 1137 2449 verba
1158 2411 1419 2453 conversa
1447 2409 1575 2455 sunt
1602 2418 1615 2453 :

255 2493 509 2572 indigetes
531 2499 633 2572 divi
655 2501 752 2572 fato
775 2506 954 2572 summi
974 2505 1111 2559 Jovis
1132 2510 1183 2560 hi
1206 2515 1339 2572 sunt,

257 2559 501 2635 Quondam
540 2564 788 2635 homines,
810 2570 950 2618 modo
974 2585 1081 2621 cum
1106 2559 1533 2635 superisﬁbumana
1560 2584 1763 2629 tuentes

256 2618 391 2686 Largi
415 2637 473 2674 ac
497 2628 715 2678 munilici
733 2668 749 2691 ,
770 2618 852 2693 ius
871 2618 1419 2702 reguniinuiie'qumlue
1442 2618 1589 2691 nacti.
1617 2622 1639 2686 δέ

178 2728 447 2799 Arnobius.
473 2751 607 2791 vero
645 2748 831 2795 noster
863 2741 961 2796 hos
993 2740 1164 2801 fuisse
1201 2758 1482 2804 asseverat
1517 2750 1759 2807 crudeli-

179 2830 289 2888 tate,
319 2829 549 2899 stupris,
575 2829 884 2900 adulteriis,
920 2834 1244 2907 sacrilegiis,
1272 2848 1328 2894 et
1350 2839 1591 2902 caedibus
1618 2843 1759 2898 inla-

176 2928 272 2967 mes
297 2914 539 2989 (Arnob.,
564 2919 652 2975 lib.
679 2937 739 2988 ιι,
772 2939 894 2995 pag.
919 2925 1033 2998 59).
1067 2926 1279 2985 Videsis
1304 2928 1605 3000 Giraldum,
1626 2934 1761 2995 Vos-

176 3006 312 3072 sium,
339 3009 800 3083 LescaIOpierium
833 3028 887 3075 et
909 3019 1045 3073 alios
1095 3020 1351 3091 (Girald.,
1396 3025 1671 3100 Syntagm.
1702 3045 1755 3096 ι,

176 3117 219 3167 p-
248 3105 349 3173 l5;
402 3105 579 3174 γωδ..
608 3110 661 3164 in
690 3109 1014 3187 Etymolog.;
1053 3114 1281 3186 ἔλδεαι,
1327 3122 1380 3175 in
1405 3119 1570 3183 Cicer.
1603 3124 1692 3179 lib.
1739 3141 1758 3179 ι

1873 1934 2003 1977 vero
2034 1920 2150 1976 haec
2176 1932 2302 1979 sunt
2334 1923 2538 1993 Virgilii
2560 1925 2721 1994 paulo
2742 1936 2866 1985 ante
2881 1927 3029 1985 citati
3056 1930 3295 1987 carmina
3320 1946 3336 1985 :

2742 2039 2895 2092 Feror
2921 2041 3064 2092 exsul
3089 2044 3137 2091 in
3162 2041 3314 2094 altum

1960 2094 2080 2149 Cum
2102 2099 2266 2159 sociis,
2290 2104 2524 2161 natoque,
2549 2101 2840 2164 Penatibus,
2866 2112 2918 2155 et
2941 2107 3130 2169 magnis
3152 2107 3267 2157 diis.

2439 2187 2667 2255 (Virgil.,
2694 2187 2777 2240 lib.
2803 2205 2856 2240 ιιι
2879 2190 3094 2273 aﬂuent,
3121 2204 3246 2267 vers.
3278 2193 3377 2273 l2.)

1864 2296 2075 2365 Atquid
2102 2297 2154 2352 in
2186 2296 2285 2355 bos
2309 2313 2495 2354 versus
2522 2299 2903 2355 animadvertit
2930 2300 3181 2370 Servius,
3204 2303 3465 2368 animum,

1864 2391 1909 2443 si
1939 2390 2154 2459 placet,
2212 2392 2488 2462 paulisper
2528 2393 2918 2455 advertamns:
2956 2414 2974 2446 ι
3013 2396 3147 2471 Alii,
3185 2415 3207 2449 ι
3256 2397 3467 2468 inquit,

1870 2501 1890 2534 ‹
1928 2498 2153 2559 magnos
2170 2483 2300 2539 deos
2317 2485 2553 2551 Caelum,
2578 2501 2641 2541 ac
2663 2486 2887 2543 Terram
2910 2496 3120 2557 putant,
3152 2503 3215 2544 ac
3244 2504 3342 2559 per
3366 2488 3472 2543 hoc

1862 2575 2048 2631 Jovem
2079 2585 2133 2630 et
2159 2575 2452 2639 Junouetn.
2491 2579 2585 2649 Dei
2626 2577 2858 2649 Penates
2880 2596 2910 2639 a
2934 2580 3306 2641 Samothracia
3336 2581 3469 2637 sub-

1864 2668 1956 2729 lati
1983 2668 2050 2729 ab
2086 2666 2261 2733 Arinen
2283 2710 2298 2733 ,
2334 2670 2389 2729 in
2416 2670 2624 2736 Italiam
2651 2671 2860 2739 advecti
2893 2683 3018 2745 sunt
3051 2692 3064 2729 :
3100 2673 3239 2733 unde
3273 2674 3468 2733 Samo-

1864 2760 2080 2814 thraces
2105 2763 2317 2831 coguati
2356 2762 2722 2817 Romanorum
2752 2779 2873 2819 esse
2899 2746 3186 2834 dicuntur;
3220 2782 3357 2839 quos
3386 2769 3469 2822 in-

1864 2862 1948 2919 ter
1975 2864 2173 2925 caetera
2216 2855 2338 2913 ideo
2368 2871 2591 2927 inagnos
2624 2858 2936 2929 appellant,
2967 2860 3110 2933 quod
3138 2860 3205 2919 de
3240 2861 3466 2937 Lavinio

1864 2949 2110 3004 translati
2134 2950 2501 3025 Bonnam,bis
2529 2954 2580 3005 in
2614 2952 2789 3023 locum
2813 2968 2969 3013 suum
2994 2954 3290 3031 redierint;
3322 2956 3466 3026 quod

1861 3038 2226 3117 imperatores
2248 3041 2303 3096 in
2331 3043 2634 3113 provincias
2651 3046 2797 3111 ituri,
2828 3045 2968 3115 apud
2994 3062 3089 3102 eos
3111 3049 3341 3129 primum
3366 3049 3469 3102 im-

1862 3133 2170 3203 molabant,
2215 3136 2358 3221 quod
2389 3151 2578 3192 eorum
2611 3139 2825 3217 ttutnina
2858 3155 3018 3195 nemo
3057 3143 3284 3208 nesciat,
3321 3142 3468 3213 quod

174 3194 225 3245 de
244 3194 425 3267 Natur.
448 3200 619 3270 deor.,
649 3203 678 3275 §
704 3202 819 3273 62).
849 3206 980 3274 Quis
1005 3224 1134 3280 ergo
1157 3212 1293 3273 [erat
1317 3212 1627 3284 huiusmodi
1650 3218 1758 3279 fac~
1788 3217 1834 3279 C
1868 3196 2169 3295 prmsentes
2195 3194 2571 3287 sentiantur...
2591 3206 2727 3302 quos
2754 3234 2974 3311 immani
2999 3236 3213 3311 penitus
3241 3237 3293 3295 in
3320 3238 3467 3293 cultu

176 3292 244 3340 tos
266 3290 330 3344 ab
351 3291 666 3350 hominibus
689 3297 841 3365 deos,
865 3316 1095 3385 quorum
1119 3319 1218 3360 nec
1239 3319 1511 3375 parentes,
1538 3325 1637 3366 nec
1657 3314 1759 3368 ori-

173 3379 348 3451 ginem,
380 3401 482 3442 nec
505 3403 795 3446 numerum
822 3379 1239 3463 compererant?
1266 3399 1536 3472 Numquid
1564 3404 1617 3461 in
1657 3421 1755 3473 po-

175 3483 342 3536 testate
367 3482 650 3541 hominum
674 3496 759 3542 est
778 3489 898 3555 aliis
921 3491 1158 3553 tribuere
1184 3493 1557 3559 divinitatem?

761 3622 1058 3664 ARTICULUS
1096 3626 1152 3665 Il.

172 3736 301 3817 Quam
322 3746 467 3817 varite
495 3743 679 3817 fuerint
703 3746 961 3817 gentilium
990 3749 1054 3817 de
1072 3749 1170 3817 diis
1192 3750 1480 3817 Penatibus,
1507 3751 1753 3817 Penctra-

220 3802 350 3880 libus,
374 3802 759 3880 penitentibus;
778 3817 829 3880 et
851 3808 1178 3880 {Intnplicilms
1215 3802 1521 3879 opiniones,
1536 3802 1611 3867 ac
1626 3802 1751 3880 ιιὺὀ-

219 3870 349 3918 anxio
372 3871 491 3920 inde
519 3884 689 3921 eorum
712 3872 942 3937 divinitas
964 3870 1236 3929 evenatur.

229 3970 301 4023 Ad
348 3974 479 4028 deos
528 3985 750 4044 penates
778 3980 821 4033 si
851 3980 1080 4051 gradum
1129 3999 1250 4038 cum
1296 3999 1517 4044 auctore
1562 4002 1751 4046 nostro

169 4059 406 4121 faciamus
434 4066 681 4139 (Arnob.,
707 4071 795 4126 lib.
825 4087 907 4140 ιιι,
934 4090 1055 4144 pag.
1089 4076 1237 4146 1%),
1289 4095 1395 4134 non
1419 4082 1660 4139 minores
1680 4084 1750 4140 de

172 4156 257 4213 illis
275 4174 559 4220 occurrent
580 4164 923 4222 ethnicorum
951 4164 1101 4233 rixae,
1132 4186 1197 4226 ac
1214 4178 1613 4232 contentiones.
1640 4178 1748 4233 No-

170 4248 237 4305 bis
258 4255 518 4325 siqnidem
548 4260 786 4313 ostendit
822 4262 994 4317 levem
1018 4256 1249 4333 prursus
1290 4258 1445 4334 esse,
1476 4279 1532 4325 et
1562 4272 1748 4326 incon-

169 4354 370 4405 stantem
405 4351 605 4423 Nigidii
642 4354 709 4409 de
738 4355 843 4409 illis
873 4361 1219 4416 sententiam.
1260 4352 1489 4419 Etcertc
1512 4369 1744 4435 primum

170 4440 245 4498 ille
270 4450 475 4504 censuit.
515 4448 738 4504 Penates
762 4451 894 4507 deos
923 4454 1088 4510 fuisse
1117 4455 1423 4527 Neptunum
1449 4470 1505 4517 et
1542 4464 1747 4532 Apolli.

169 4549 291 4602 nem,
319 4542 406 4611 qui
439 4552 594 4612 pacta
621 4545 949 4613 conditione,
986 4558 1047 4603 ut
1082 4550 1208 4605 alibi
1252 4542 1741 4628 vidimusi(Snpr.,

168 4634 350 4703 cap.4,
377 4648 478 4691 art.
516 4638 609 4709 1),
644 4636 819 4709 Trojae
840 4657 1025 4698 muros
1051 4643 1312 4701 iecerunt.
1349 4648 1420 4704 At
1440 4649 1745 4708 Macrobius

168 4728 334 4818 asserit
360 4731 499 4786 hanc
528 4747 634 4788 non
668 4735 830 4791 modo
854 4736 1071 4808 Nigidii,
1101 4740 1195 4795 sed
1226 4740 1462 4799 Cornelii
1502 4763 1739 4818 quoque,

167 4812 427 4887 Labeonis,
456 4840 521 4880 ac
550 4824 756 4897 Virgilii
784 4830 948 4895 fuisse
971 4833 1301 4900 opinionem.
1335 4835 1436 4891 Ubi
1459 4838 1740 4894 enimvero

169 4909 225 4965 de
248 4914 341 4969 diis
371 4906 655 4975 Penatibus
681 4962 695 4987 ,
728 4908 856 4985 seu,
889 4908 943 4978 ut
976 4918 1067 4993 ille
1093 4927 1185 4999 ait.
1220 4916 1586 4995 Romanorum
1616 4922 1735 5005 pro?

170 5005 298 5071 priis,
331 5009 587 5081 disputat,
623 5012 739 5068 huic
766 5017 952 5071 scribit
986 5035 1001 5072 :
1041 5036 1059 5069 ι
1092 5019 1335 5089 Nigidius
1369 5016 1436 5077 de
1462 5024 1568 5078 diis
1596 5026 1736 5081 libro

169 5092 354 5154 decimo
395 5120 538 5159 nono
569 5100 814 5175 requirit,
850 5096 975 5163 num
1015 5096 1087 5165 dii
1127 5108 1381 5181 Penates,
1410 5115 1519 5169 sint
1546 5104 1734 5187 Troja-

170 5200 336 5246 norum
362 5198 554 5265 Apollo
579 5208 635 5253 et
654 5197 954 5269 Neptunus,
980 5204 1069 5271 qui
1103 5218 1289 5261 muros
1311 5207 1390 5262 eis
1418 5207 1612 5266 fecisse
1650 5210 1736 5265 di-

171 5292 368 5346 cuntur:
396 5299 449 5344 et
475 5307 602 5346 num
626 5306 722 5349 eos
745 5294 799 5349 in
819 5294 1026 5351 Italiam
1052 5296 1257 5355 Encas
1279 5302 1574 5359 advexerit.
1598 5303 1738 5361 Cor-

173 5373 321 5432 nelius
357 5397 568 5455 quoque
612 5385 792 5443 Labeo
819 5386 959 5446 libro
993 5389 1061 5446 de
1102 5392 1167 5448 iis
1213 5392 1505 5451 Penatibus
1545 5396 1734 5457 eadem

171 5468 434 5530 exiSIitnat.
461 5477 610 5535 Hanc
638 5482 948 5552 opinionem
981 5485 1224 5557 sequitur
1246 5487 1393 5544 Maro
1415 5506 1539 5545 cum
1568 5489 1729 5551 dicit:

255 5582 372 5659 :‘Sic
388 5586 528 5659 fatus,
552 5596 754 5645 meritos
774 5596 875 5645 aris
896 5600 1139 5649 mactabat
1163 5600 1391 5659 honores,

250 5641 454 5702 Taurum
472 5641 1500 5729 septuageni.signasigna”..
1527 5682 1550 5711 .
1582 5727 1591 5729 ᾗ
1630 5714 1639 5719 .

669 5720 896 5787 (Virgil,
1042 5720 1092 5775 ni
1118 5726 1332 5789 1Eneid.,
1355 5720 1481 5779 hers.
1508 5727 1640 5807 μδ.)

177 5812 234 5866 At
258 5812 348 5872 ista
373 5836 581 5901 quoque
599 5836 685 5885 est
702 5828 879 5915 Servii
900 5830 954 5888 in
975 5831 1075 5890 hos
1096 5849 1283 5915 versus
1301 5834 1696 5917 animadversio
1719 5856 1734 5894 :

1865 3319 2100 3393 habent,
2131 3338 2268 3394 quos
2297 3325 2401 3381 nisi
2433 3327 2706 3385 sacerdoti
2737 3328 2921 3401 videre
2948 3328 3031 3385 fas
3058 3332 3191 3386 nulli
3220 3330 3352 3399 fuit,
3374 3332 3467 3402 qui

1860 3413 1985 3483 ideo
2008 3415 2239 3485 Penates
2256 3418 2621 3491 appellantur,
2639 3421 2783 3491 quod
2803 3422 2854 3485 in
2885 3425 3249 3495 penetralibus
3266 3426 3464 3481 aedium

1858 3508 1981 3563 caeli
2011 3494 2258 3587 sedeant.
2296 3510 2428 3581 Nam
2462 3522 2516 3566 et
2543 3496 2717 3587 ipsum
2741 3517 2984 3587 penetral
3015 3502 3183 3585 penus
3200 3517 3461 3573 dicitur...

1858 3597 2031 3655 Varro
2064 3616 2253 3657 eorum
2284 3604 2413 3659 dicit
2439 3605 2668 3681 Penates
2704 3617 2761 3663 et
2795 3622 3020 3678 magnos
3045 3608 3200 3676 deos.
3228 3609 3363 3677 Nam
3407 3621 3464 3667 et

1858 3691 1908 3765 in
1931 3692 2048 3749 basi
2076 3680 2414 3751 scribebatur
2441 3715 2454 3749 :
2487 3680 2693 3754 MAGNIS
2715 3714 2841 3754 nus.
2872 3699 3059 3763 Potest
3086 3713 3263 3777 tamen
3288 3703 3390 3759 hoc
3407 3713 3464 3761 et

1857 3799 1956 3853 pro
1982 3786 2189 3842 honore
2216 3788 2342 3842 dici.
2370 3788 2506 3843 Nam
2533 3799 2588 3844 et
2612 3791 2684 3844 dii
2711 3795 2887 3862 magni
2917 3805 3077 3860 sunt,
3108 3793 3339 3873 Jupiter,
3368 3796 3463 3851 Ju-

1856 3892 1951 3943 no,
1985 3877 2248 3946 Minerva,
2280 3880 2613 3950 Mercurius,
2642 3884 2733 3959 qui
2760 3884 2946 3943 Romae
2974 3884 3321 3965 colebantur;
3355 3889 3455 3944 Pe-

1856 3954 2011 4025 nates
2028 3986 2158 4027 vero
2183 3974 2325 4045 apud
2349 3973 2584 4030 Laurum
2607 3975 2910 4046 Lavinium,
2936 3978 3078 4035 unde
3103 3993 3328 4061 apparet
3350 3998 3461 4038 non

1854 4080 1977 4121 esse
2004 4082 2190 4121 unum.
2221 4087 2239 4119 Ι

1926 4159 2120 4214 Totum
2145 4160 2287 4215 hunc
2316 4162 2492 4219 locum
2516 4168 2618 4219 etsi
2650 4165 2811 4238 paulo
2836 4166 3141 4245 longiorem
3164 4168 3288 4248 ideo
3310 4177 3460 4246 tran-

1853 4253 2205 4322 scripsimus,
2239 4256 2363 4326 qnia
2398 4256 2527 4312 inde
2564 4266 2711 4335 patet
2739 4268 2998 4339 quantum
3037 4260 3179 4325 inter
3211 4263 3460 4342 ethnicos

1852 4349 2146 4417 scriptores
2176 4347 2245 4407 de
2289 4348 2394 4403 diis
2438 4350 2736 4431 Penatibus
2774 4353 3027 4413 varietur.
3076 4354 3279 4429 Deinde
3325 4374 3459 4414 vero

1851 4442 2098 4513 quaedam
2131 4443 2199 4499 ab
2236 4426 2715 4523 Arnobio'tradita
2743 4447 2945 4525 diserte
2988 4450 3075 4527 hic
3114 4426 3455 4510 asseruntur.

1851 4536 2203 4605 Contmunior
2229 4552 2408 4615 autem
2442 4541 2734 4605 sententia,
2768 4541 2856 4599 cui
2883 4558 2987 4596 non
3022 4552 3229 4607 tantum
3263 4545 3456 4612 Varro,

1853 4628 1950 4683 sed
1989 4629 2155 4709 etiam
2190 4630 2480 4711 Dionysius
2518 4616 2995 4702 Halicarnasseus,
3027 4618 3362 4717 augustinus
3403 4650 3462 4696 et

1853 4722 1943 4777 alii
1983 4704 2369 4792 subscribunt,
2420 4704 2526 4780 iuit
2562 4727 2697 4782 deos
2734 4728 2964 4807 Penates
3005 4712 3100 4785 eos
3128 4746 3251 4787 esse
3275 4775 3290 4800 ,
3319 4747 3458 4804 quos

1849 4814 2052 4873 jEneas
2073 4832 2256 4872 secum
2288 4818 2340 4873 in
2387 4818 2592 4891 Italiam
2616 4820 2948 4901 adsportavit
2973 4822 3151 4895 (Van,
3183 4826 3271 4881 lib.
3315 4843 3366 4881 tv
3393 4825 3458 4880 de

1846 4907 2004 4985 Ling.
2031 4910 2148 4976 lat.,
2183 4929 2304 4983 pag.
2338 4913 2408 4979 55
2434 4930 2451 4976 ;
2480 4912 2701 4989 Dionys.
2750 4915 2930 4985 ῌιιιὶε.
2953 4959 2969 4984 ,
3005 4918 3096 4974 lib.
3140 4935 3161 4991 ι
3197 4919 3453 4995 4ntiquit.

1845 5019 2005 5068 rom.,
2039 5021 2161 5075 pag.
2196 5006 2305 5070 54;
2346 5005 2567 5085 August.
2598 5048 2615 5074 ,
2659 5009 2748 5063 lib.
2796 5025 2829 5064 ιι
2874 5010 2937 5079 de
2968 5009 3121 5085 Civil.
3147 5054 3162 5079 ,
3193 5030 3312 5083 cap.
3347 5013 3414 5069 16
3437 5054 3454 5078 .

1843 5111 1966 5165 pag.
1993 5096 2102 5152 252
2128 5099 2172 5167 ).
2205 5097 2367 5177 Addit
2396 5099 2617 5170 insuper
2647 5102 2930 5177 Dionysius
2959 5119 2989 5157 a
3020 5106 3235 5181 graecis,
3260 5106 3352 5176 qui
3375 5107 3455 5160 la-

1845 5188 2010 5255 tinam
2047 5204 2234 5263 vocem
2262 5172 2438 5262 grtece
2468 5194 2821 5273 reddiderunt
2855 5194 2955 5269 hos
2989 5195 3123 5251 deos
3158 5214 3189 5251 a
3221 5197 3456 5275 nonnul-

1846 5280 1913 5346 lis
1938 5286 2241 5359 Πατρὼους,
2289 5284 2358 5355 al)
2387 5285 2508 5369 aliis
2537 5289 2813 5362 γενεθλίους
2837 5329 2853 5355 ,
2899 5287 2930 5347 ὲ
2970 5290 3295 5369 quibusdam
3322 5314 3451 5352 κτη-

1849 5378 1995 5437 σίους
2020 5416 2036 5443 ,
2070 5378 2279 5445 ahaliis
2298 5360 2565 5452 μυέίουςζ
2599 5393 2691 5473 tua
2715 5384 2931 5459 ἐρχὶους
2950 5360 3269 5465 appellatos.
3297 5385 3452 5441 Prte-

1843 5471 1994 5518 terea
2040 5479 2170 5541 vero
2206 5466 2424 5523 Cassius
2469 5466 2693 5523 Hemina
2718 5510 2733 5534 ,
2779 5488 2807 5523 a
2846 5471 3113 5528 Macrobio
3159 5471 3449 5541 laudatus,

1845 5555 2093 5623 perhibet
2129 5538 2346 5613 eosdem
2391 5559 2756 5615 Romanorum
2801 5562 3031 5618 Penates
3074 5552 3291 5634 proprie
3340 5566 3453 5624 dici

1844 5650 1987 5729 βιοὺς
2015 5653 2290 5727 μεγάλους,
2324 5658 2469 5717 θεοὺς
2487 5636 2800 5734 ’χρηίὸ-τοὺξ,
2830 5659 2971 5719 θεοὺς
3001 5650 3251 5721 anastron;
3279 5664 3298 5731 ί
3326 5659 3449 5716 Μα-

1844 5745 2022 5810 crob.,
2052 5744 2136 5817 lib.
2171 5763 2229 5802 tn
2262 5746 2560 5815 Saturnal.,
2585 5766 2701 5814 cap.
2725 5750 2783 5815 4,
2817 5744 2937 5821 pag.
2965 5750 3066 5811 321
3099 5750 3142 5824 ).

1918 5828 2048 5919 Quis
2076 5850 2256 5896 autem
2285 5855 2351 5898 ex
2378 5824 2540 5897 dictis
2565 5842 2723 5929 facile
2750 5830 2862 5931 non
2887 5845 3155 5923 intelligat
3181 5847 3448 5933 curvNigi-
3530 5903 3535 5927 ε
