3904 6326
456 291 564 348 585

1705 275 2154 338 DlSSERTATlO
2191 272 2473 332 PRXEVIA

3604 275 3689 334 584

459 409 602 477 dius,
623 408 693 465 ab
718 397 1176 463 Arnobio'citatns
1206 400 1435 474 (Arnob.
1459 441 1475 466 ,
1503 397 1592 453 lib.
1625 412 1682 453 ιιι
1703 439 1718 464 ,
1748 415 1868 467 pag.
1900 394 2052 466 ηδ),
2083 395 2135 454 Α
2161 407 2259 446 nos
2283 405 2510 460 quorum
2541 387 2804 459 imagines
2821 385 2890 443 ad
2918 385 3093 443 forum
3114 392 3317 442 aurata:
3341 395 3476 443 stant
3494 402 3579 446 sex
3596 408 3689 449 ma-

461 503 729 574 putaverit
753 499 940 556 Jovem
968 509 1059 551 aut
1100 494 1404 566 Neptunum
1449 491 1580 547 deos
1619 505 1739 545 esse
1783 488 2050 544 Penates?

460 598 594 666 Quis
614 596 756 651 enim
793 609 899 649 non
929 591 1074 647 videt
1107 589 1206 645 hos
1235 605 1265 643 a
1297 586 1489 644 Servio
1528 585 1660 639 deos
1699 598 1921 653 magnos
1951 597 2048 635 vo-

459 691 607 746 cari?
633 687 771 743 Nulli
795 696 974 742 autem
1009 685 1204 739 mirum
1238 681 1406 737 videri
1433 679 1613 744 dehet,
1649 676 1789 747 quod
1820 676 2051 730 subnec-

461 786 524 838 tit
561 783 700 838 idem
743 780 1004 853 Nigidius.
1035 778 1168 832 alios
1214 791 1334 832 esse
1378 775 1606 830 Penates
1657 771 1950 826 inferorum
1996 775 2052 823 et

461 875 767 932 mortalium
791 873 1089 935 hominum,
1126 871 1334 924 tametsi
1365 867 1415 921 id
1440 865 1577 921 adeo
1604 863 1901 919 luculenter
1928 875 2052 930 pro-

459 972 571 1026 bari
607 978 859 1040 nequeat.
889 967 1021 1022 Nam
1054 964 1276 1022 Servius
1305 971 1489 1033 aperte
1524 957 1766 1014 declarat
1795 954 2051 1009 Penatum

458 1064 676 1120 nomina
718 1061 918 1118 nemini
965 1059 1129 1114 fuisse
1175 1058 1332 1128 plane
1371 1053 1603 1124 cognita.
1648 1051 1716 1104 Et
1757 1064 1886 1103 vero
1930 1045 2051 1116 quis

395 1208 397 1210 .
457 1159 681 1216 deorum
705 1201 720 1226 ,
747 1173 882 1229 quos
904 1170 1088 1211 secum
1111 1151 1312 1208 ZEneas
1335 1150 1526 1205 detulit
1547 1190 1560 1211 ,
1588 1148 1727 1202 scire
1759 1143 1927 1216 potuit
1953 1157 2050 1196 no-

457 1268 583 1307 men
611 1261 666 1307 et
689 1247 1013 1304 numerum?
1038 1246 1151 1300 lluc
1170 1241 1402 1307 accedit,
1433 1239 1575 1312 quod
1599 1239 1715 1310 ipso
1736 1236 1912 1291 adhuc
1932 1235 2051 1290 Ser-

457 1346 547 1400 vio
574 1353 900 1407 attestante,
943 1340 1144 1398 nemini
1175 1338 1278 1394 nisi
1320 1334 1593 1392 sacerdoti
1634 1349 1730 1389 eos
1758 1331 1944 1387 videre
1971 1330 2051 1384 fas

457 1439 576 1494 fuit.
607 1437 800 1493 Paucis
827 1451 956 1508 ergo
980 1432 1244 1504 comperti
1274 1446 1395 1487 esse
1424 1435 1693 1500 poterant.

529 1537 723 1592 Postea
755 1548 886 1591 vero
915 1531 1139 1589 Servius
1179 1545 1283 1585 non
1328 1528 1582 1584 admonet
1611 1541 1708 1581 eos
1753 1522 2048 1577 Penetrales

458 1629 673 1694 vocari,
703 1627 844 1699 quod
874 1628 929 1682 in
962 1623 1328 1694 penetralibus
1353 1621 1476 1677 οωΙί
1507 1618 1752 1674 sedeant.
1787 1617 1900 1684 Qua
1931 1614 2048 1685 qui-

457 1726 582 1782 dem
612 1725 680 1780 de
707 1721 1035 1796 etymologia
1078 1719 1155 1776 sic
1185 1718 1352 1773 sentit
1391 1715 1581 1772 Cicero
1608 1731 1621 1766 :
1650 1715 1680 1764 ι
1715 1711 1824 1767 Nec
1856 1711 2044 1780 longe,

2155 501 2263 550 res,
2311 495 2366 540 et
2414 499 2507 539 sex
2553 482 2804 545 feminae;
2851 483 2948 537 sed
2982 482 3102 538 illos
3140 480 3414 536 duodecim
3440 483 3586 549 deos,
3620 486 3693 555 qui

2155 577 2387 632 maxime
2414 575 2773 646 agricolarum
2800 574 2966 630 duces
2991 584 3149 629 sunt:
3181 572 3360 646 (Varr.
3381 616 3395 639 ,
3422 574 3503 630 lib.
3529 577 3694 646 tdelle

2153 670 2330 724 rustic.
2355 711 2370 735 ,
2418 644 2537 739 cap.
2572 670 2594 723 l
2628 667 2672 739 ).
2702 667 2813 722 llos
2840 683 2972 723 vero
3011 644 3320 737 singulatim
3355 683 3448 722 suo
3471 644 3696 742 quemque

2153 763 2371 816 nomine
2399 761 2666 830 appellat;
2708 760 2918 823 Jovem,
2950 759 3247 822 Tellurem,
3280 759 3475 828 Solem,
3503 760 3693 829 Lunam,

2151 851 2409 908 Cererem
2432 894 2446 916 ,
2477 853 2732 907 Liberum
2759 895 2774 920 ,
2806 852 3070 922 liohigum
3095 893 3110 916 ,
3145 851 3388 916 Floram,
3415 852 3694 919 Minervam,

2154 944 2423 1001 Venerem
2446 987 2462 1010 ,
2493 945 2790 1016 Lymphain
2816 954 2872 999 et
2897 944 3104 999 Bonum
3139 944 3419 1000 Eventum.
3447 945 3511 999 At
3531 962 3589 1001 ex
3616 945 3698 1004 hac

2153 1039 2271 1093 sola
2299 1039 2579 1108 nominum
2609 1039 2926 1094 recitatione
2955 1038 3116 1094 facile
3143 1037 3409 1109 colligitur
3443 1037 3698 1093 Arnobium

2151 1133 2221 1189 de
2248 1134 2519 1204 prioribus
2558 1134 2773 1204 potius,
2821 1149 2981 1204 quam
3019 1135 3086 1188 de
3124 1130 3506 1203 p0sterioribns
3542 1130 3700 1188 fecisse

2151 1241 2485 1281 sermonem.
2524 1224 2601 1280 Illi
2633 1240 2765 1282 vero
2795 1226 2950 1296 primi
2991 1225 3066 1281 dii
3102 1224 3375 1280 Conscntes
3399 1265 3416 1292 ,
3450 1239 3479 1278 a
3511 1225 3696 1294 quibus-

2150 1318 2272 1373 dam
2299 1319 2372 1373 dii
2409 1319 2572 1374 etiam
2605 1319 2859 1374 dicuntur
2897 1319 3164 1389 majorum
3192 1317 3460 1389 gentium,
3500 1332 3693 1387 quorum

2152 1414 2368 1470 nomina
2394 1414 2604 1470 duobus
2619 1413 2721 1489 {his
2749 1414 2910 1470 Ennii
2936 1415 3182 1471 versibus
3207 1413 3568 1484 caprimuntur
3592 1428 3605 1464 :

2244 1529 2392 1587 Juno,
2418 1528 2589 1586 Vesta.
2615 1529 2851 1589 Minerva,
2875 1529 3046 1587 Ceres,
3072 1529 3247 1590 Diana,
3274 1527 3457 1590 Venus,
3483 1526 3616 1588 Mars,

2246 1593 2536 1654 Mercurius,
2562 1591 2704 1652 Jove,
2728 1592 3002 1656 Neptunus,
3028 1589 3294 1653 Vulcanus,
3320 1589 3505 1654 Apollo.

2147 1698 2368 1771 Legesis
2394 1700 2670 1757 Giraldum
2696 1709 2751 1756 et
2772 1699 3044 1764 Vossium,
3072 1698 3162 1770 qni
3191 1698 3340 1767 plura
3364 1697 3430 1753 de
3459 1695 3555 1752 diis
3599 1695 3706 1750 Con-

457 1818 672 1890 inquit,
715 1789 914 1871 absunt
956 1789 1023 1868 ab
1063 1812 1162 1866 hac
1184 1811 1235 1865 vi
1266 1809 1338 1866 dii
1388 1810 1616 1863 Penates
1638 1848 1652 1871 ,
1707 1806 1820 1860 sive
1855 1820 1882 1857 a
1916 1818 2054 1872 penu
2084 1790 2132 1850 B
2157 1794 2382 1849 sentibus
2404 1793 2801 1848 adnotaverunt
2829 1790 2849 1865 (
2875 1790 3106 1859 σίνηαι,
3133 1800 3390 1861 syntagm.
3426 1789 3476 1853 7,
3505 1789 3704 1858 €011.18;

457 1913 621 1966 ducto
653 1911 896 1975 nomine,
925 1917 1008 1963 est
1033 1908 1177 1962 enim
1201 1922 1393 1970 omne,
1422 1919 1530 1976 quo
1552 1911 1844 1958 usecuntur
1875 1899 2055 1954 homi-

459 2019 576 2072 nes,
602 2019 806 2075 penus:
833 2001 946 2056 sive
973 2000 1043 2056 ab
1062 2015 1128 2055 eo
1155 1999 1296 2068 quod
1327 1997 1540 2068 penitus
1565 1995 1819 2059 insident,
1851 2009 1916 2047 ex
1947 2006 2056 2062 quo

455 2101 617 2155 etiam
649 2097 964 2153 Penetrales
1013 2111 1041 2149 a
1073 2095 1248 2165 poetis
1283 2103 1546 2148 vocantur
1582 2110 1600 2141 ι
1646 2090 1861 2162 (Cicera,
1896 2089 1988 2142 lib.
2019 2103 2055 2142 ιι

459 2193 522 2246 de
553 2191 745 2246 Natur.
781 2191 924 2245 deor.
951 2234 966 2256 ,
1002 2207 1123 2260 pag.
1157 2188 1283 2251 224,
1317 2188 1408 2240 lin.
1440 2188 1502 2240 t5
1527 2186 1567 2254 ).
1599 2183 1735 2251 Quid
1765 2191 1942 2236 autem
1975 2181 2058 2234 his

457 2287 616 2342 dictis
643 2287 822 2356 aptius
853 2294 907 2340 et
930 2283 1346 2340 convenientius
1373 2280 1438 2334 ad
1457 2295 1518 2333 ea
1549 2277 1865 2348 explicanda
1895 2284 2057 2345 atque

456 2378 802 2444 stabilienda,
829 2372 948 2448 qua:
978 2374 1322 2446 postmodum
1355 2371 1574 2427 tradidit
1597 2373 1801 2424 Auctor
1832 2378 2053 2423 noster:

465 2491 484 2524 ι
525 2471 727 2538 Varro,
762 2471 850 2542 qui
882 2479 1009 2525 sunt
1038 2470 1338 2533 introrsus,
1385 2473 1547 2536 atque
1579 2464 1630 2518 in
1656 2463 1861 2517 intimis
1897 2475 2058 2531 pcne-

457 2567 685 2622 tralibus
719 2565 844 2622 coeli
873 2566 1004 2621 deos
1034 2578 1156 2620 esse
1183 2570 1404 2628 censet,
1449 2575 1584 2630 quos
1621 2559 1928 2629 loquimur;
1959 2570 2060 2611 nec

458 2675 644 2715 eorum
673 2674 980 2725 numerum,
1007 2673 1106 2713 nec
1136 2655 1358 2711 nomina
1381 2653 1530 2709 sciri.
1549 2670 1568 2704 ι
1595 2649 1837 2724 (Arnob.,
1863 2649 1953 2703 lib.
1977 2664 2057 2715 ιιι,

459 2773 580 2827 pag.
617 2754 721 2810 125
751 2752 771 2826 )

530 2851 612 2907 Ad
643 2849 761 2905 haec
787 2864 916 2904 vero
944 2848 1036 2904 ille
1068 2846 1260 2902 scribit
1290 2859 1400 2900 non
1429 2842 1700 2906 defuisse,
1743 2841 1836 2912 qui
1873 2838 2061 2895 existi-

460 2948 731 3004 inaverint
767 2945 991 3011 Jovem,
1033 2942 1336 3004 Junonem,
1382 2938 1714 3000 Minervam,
1764 2935 1896 2990 deos
1937 2948 2061 2990 esse

461 3041 720 3106 Penates,
751 3039 870 3094 sine
896 3036 1090 3108 quibus
1119 3049 1220 3090 nec
1246 3035 1430 3088 vivere
1462 3046 1747 3102 possumus
1767 3069 1784 3096 ,
1818 3043 1917 3082 nec
1949 3029 2060 3096 spi-

460 3150 620 3200 rare;
650 3143 707 3188 ut
734 3141 861 3204 pote
887 3132 979 3202 qui
1009 3133 1251 3194 ratione,
1285 3127 1465 3182 calore
1484 3168 1497 3190 ,
1528 3142 1593 3181 ac
1622 3125 1813 3196 spiritu
1843 3139 1940 3178 nos
1967 3137 2057 3176 re-

460 3237 587 3299 gant
628 3227 647 3300 (
681 3226 818 3281 Ibid.
854 3224 894 3298 ).
931 3226 1001 3281 At
1028 3226 1081 3280 in
1114 3223 1339 3294 hujusce
1370 3221 1648 3291 opinionis
1683 3218 2056 3275 defensionem

459 3322 553 3382 illa
585 3330 730 3377 recte
759 3319 988 3392 proferri
1029 3327 1256 3389 possunt
1278 3358 1291 3381 ,
1323 3332 1445 3387 qua:
1479 3330 1510 3368 a
1541 3313 1814 3368 Macrobio
1854 3324 2060 3366 memo-

463 3415 560 3471 riae
598 3415 679 3470 sic
711 3414 921 3485 prodita
955 3411 1184 3483 legimus
1217 3428 1230 3464 :
1265 3428 1284 3461 ι
1319 3409 1420 3478 Qui
1461 3406 1773 3478 diligentius
1812 3413 2063 3476 qumrunt

463 3507 747 3564 veritatem
767 3549 780 3572 ,
815 3506 1044 3561 Penates
1072 3518 1193 3561 esse
1222 3502 1512 3564 dixerunt,
1550 3515 1647 3570 per
1670 3514 1710 3570 q
1731 3513 1807 3552 lOS
1849 3497 2064 3568 penitus

465 3604 754 3672 spiramus,
779 3616 874 3671 per
900 3613 1035 3672 quos
1067 3598 1328 3653 habemus
1351 3610 1571 3666 corpus,
1607 3609 1702 3663 per
1730 3607 1868 3663 quos
1897 3573 2066 3646 ratio:

467 3711 590 3751 ncm
616 3694 898 3748 habemus.
937 3711 956 3745 ι
986 3690 1007 3766 (
1037 3689 1269 3744 Macrob.
1296 3730 1311 3754 ,
1359 3689 1450 3744 lib.
1483 3703 1542 3743 ιιι
1573 3686 1790 3741 Saturn.
1810 3726 1825 3752 ,
1859 3700 1974 3754 cap.
2005 3683 2060 3748 4,

470 3806 594 3861 pag.
618 3787 744 3843 321.
774 3786 794 3857 )

541 3883 624 3938 Ab
650 3882 714 3937 iis
750 3891 930 3937 tamen
971 3878 1331 3949 scriptoribus
1356 3876 1517 3948 plane
1546 3889 1878 3946 prorsnsque
1904 3871 2066 3928 dissi-

469 3978 602 4034 dere
637 3975 849 4032 videtur
887 3977 1081 4031 citatus
1120 3976 1361 4044 posthaec
1389 3973 1458 4027 ab
1482 3981 1705 4026 auctore
1741 3979 1927 4024 nostro
1955 3969 2071 4022 Cae-

471 4067 625 4142 sitts(
653 4067 847 4124 Arnob.
873 4111 887 4135 ,
920 4067 1008 4122 lib.
1039 4083 1096 4122 ιιι
1122 4109 1136 4134 ,
1165 4083 1284 4138 pag.
1319 4064 1423 4120 1‘25
1447 4065 1490 4137 ).
1524 4063 1745 4118 Penates
1771 4061 1915 4118 enim
1948 4075 2072 4117 esse

470 4164 638 4221 voluit
669 4162 988 4227 Fortunam,
1010 4161 1290 4226 Cererem,
1323 4159 1554 4215 Genium
1574 4157 1860 4224 Jovialem,
1889 4165 1944 4212 et
1971 4155 2071 4210 Pa-~

473 4259 580 4314 lem
626 4257 934 4327 quemdam,
984 4254 1134 4311 Jovis
1183 4255 1525 4319 ministrum,
1573 4269 1638 4308 ac
1677 4252 1944 4307 villicum.
1996 4250 2073 4306 De

475 4352 603 4409 Pale
624 4365 806 4408 autem
837 4352 1088 4422 superius
1116 4351 1345 4422 egimus.
1377 4347 1517 4416 Quid
1545 4358 1722 4402 autem
1759 4347 1950 4400 mirum
1976 4385 1994 4413 ,
2025 4344 2072 4399 si

475 4444 698 4502 Penates
717 4460 1017 4516 eorumque
1039 4446 1260 4500 nomina
1285 4443 1511 4505 nemini.
1532 4451 1588 4496 ut
1608 4439 2070 4508 diximus(Supr.,

477 4555 594 4610 cap.
627 4537 714 4603 ﬂ,
747 4548 848 4591 art.
877 4539 912 4592 2
939 4536 991 4609 ),
1025 4536 1273 4608 cognita,
1310 4534 1526 4605 quidam
1558 4533 1788 4587 aliorum
1819 4533 2069 4586 testimo-

479 4633 569 4688 nio
610 4632 724 4686 fulti
753 4671 767 4694 .
819 4645 1040 4701 quoquo
1077 4629 1242 4685 modo
1283 4628 1523 4682 indicare
1572 4625 1936 4690 tentaverint,
1981 4631 2076 4678 aut

478 4724 736 4782 ﬁnxerint
757 4723 825 4778 ad
858 4722 1108 4778 libitum?

549 4817 716 4873 Docet
742 4815 975 4886 denique
1004 4815 1278 4870 Arnobius
1315 4813 1538 4868 Penates
1575 4812 1706 4868 deos
1733 4810 1801 4866 ab
1828 4809 2072 4865 Etruscis

479 4910 755 4965 Consentes
799 4918 853 4964 et
911 4907 1194 4976 Complices
1249 4905 1519 4962 nominari
1576 4902 1809 4978 (Ibid.),
1865 4918 2072 4974 sexque

478 5019 602 5060 esse
651 5016 831 5057 mares
879 4998 1215 5071 totidemque
1262 5001 1526 5066 feminas,
1577 4999 1672 5056 sed
1731 4999 1929 5070 ignotis
1981 5013 2076 5052 no-

478 5098 746 5162 minibus;
799 5093 890 5167 qui
936 5103 1112 5148 tamen
1162 5093 1314 5150 Jovis
1353 5107 1478 5150 sunt
1523 5093 1852 5158 consiliarii,
1893 5107 1958 5147 ac
2001 5089 2074 5145 si-

479 5192 589 5246 mul
619 5201 673 5247 et
697 5191 946 5249 oriuntur
987 5199 1043 5246 et
1086 5189 1395 5245 concidunt.
1437 5187 1628 5243 Postea
1657 5201 1787 5242 vero
1821 5183 2073 5256 Augusti-

478 5302 580 5341 nus
615 5305 675 5341 ει
708 5287 848 5341 Deos
872 5284 1199 5350 Consentes,
1235 5302 1254 5336 ι
1291 5282 1499 5353 inquit,
1552 5300 1570 5334 ι
1600 5281 1789 5335 dicunt
1814 5277 1866 5333 in
1895 5279 2074 5333 consi-

478 5381 609 5437 lium
655 5381 804 5436 Jovis
838 5379 1085 5435 adhiberi
1126 5397 1145 5430 ι
1201 5377 1463 5452 (August.
1492 5418 1508 5443 ,
1556 5375 1649 5430 lib.
1690 5391 1741 5429 tv
1787 5378 1850 5428 de
1895 5371 2071 5440 Civil.,

478 5493 594 5548 cap.
629 5475 700 5531 52
725 5517 740 5542 ,
790 5492 911 5547 pag.
961 5475 1066 5530 104
1094 5471 1138 5543 ).
1170 5471 1345 5527 Varro
1382 5477 1560 5524 autem
1595 5469 1750 5523 initio
1785 5465 1869 5520 sui
1898 5465 1965 5521 de
1993 5465 2074 5522 Re

477 5570 680 5624 rustica
717 5567 896 5638 operis
929 5567 1061 5635 hos,
1094 5565 1340 5634 aliosque
1382 5561 1515 5617 deos
1542 5561 1621 5616 sic
1651 5561 1863 5614 invocat
1897 5557 1924 5612 :'
1948 5577 1966 5609 ι
2009 5558 2076 5613 Et

471 5663 764 5733 quoniam,
805 5670 861 5716 ut
893 5660 1084 5726 aiunt,
1118 5659 1192 5714 dii
1216 5657 1480 5714 facientes
1509 5654 1788 5723 adjuvant,
1819 5652 1970 5723 prius
1993 5650 2075 5705 in-

450 5797 455 5801 .
479 5755 682 5810 vocabo
710 5771 837 5817 eos;
884 5771 984 5810 nec
1014 5764 1071 5808 nt
1100 5754 1367 5810 Homerus
1393 5759 1449 5806 et
1477 5749 1684 5806 Ennius
1726 5748 1938 5815 Musas,
1980 5746 2075 5803 sed

475 5844 762 5907 duodecim
792 5846 922 5902 deos
947 5845 1252 5902 Consentes
1280 5888 1293 5913 ,
1341 5859 1517 5916 neque
1551 5852 1731 5898 tcmen
1775 5855 1870 5897 eos
1914 5839 2075 5896 urba-

2168 1886 2337 1953 Voss.,
2361 1886 2450 1942 lib.
2483 1903 2502 1942 1
2527 1888 2591 1941 de
2623 1884 2784 1958 Orig.
2817 1896 2866 1941 et
2891 1884 3082 1956 Progr.
3131 1883 3286 1948 ἰάσι..
3317 1899 3431 1954 cap.
3468 1883 3530 1936 14
3551 1891 3592 1935 et
3617 1879 3708 1948 l7).

2229 1984 2334 2046 At,
2365 1981 2574 2052 inquies
2599 2020 2617 2047 ,
2659 1996 2758 2036 cur
2790 1978 3059 2034 Arnobius
3099 1976 3238 2033 dixit
3277 1977 3378 2031 hos
3418 1990 3519 2031 non
3555 1973 3702 2029 solum

2157 2074 2470 2140 Consentes,
2518 2073 2612 2128 sed
2659 2074 2820 2129 etiam
2867 2070 3151 2141 Complices
3199 2070 3503 2134 nominari,
3551 2065 3710 2121 Nonne

2158 2176 2306 2225 recte
2343 2166 2609 2222 Heraldus
2655 2165 2961 2236 suspicatur
2995 2164 3096 2219 hoc
3129 2163 3378 2218 ultimum
3410 2176 3592 2216 nomen
3617 2174 3714 2216 esse

2158 2264 2430 2332 glossema
2462 2260 2816 2331 superfluum.
2847 2275 2955 2331 quo
2987 2259 3267 2330 imperitus
3289 2257 3484 2328 aliquis
3511 2253 3713 2326 priorem

2157 2371 2345 2411 vocem
2395 2353 2668 2410 Consentes
2715 2353 2988 2422 exiilicare
3030 2349 3237 2405 voluit?
3287 2349 3395 2405 Sed
3441 2346 3530 2402 ille
3567 2355 3718 2400 tamen

2160 2448 2367 2503 addidit
2395 2463 2594 2502 nomen
2633 2444 2919 2516 Complices
2948 2442 3187 2514 potuisse
3216 2443 3286 2498 ab
3330 2439 3564 2495 Arnohio
3591 2435 3716 2491 adhi-

2163 2540 2280 2596 beri
2307 2581 2322 2607 ,
2356 2550 2416 2594 ut
2445 2539 2774 2610 signiﬁcaret
2801 2537 2967 2593 hosce
2997 2536 3130 2591 deos
3150 2577 3165 2601 ,
3196 2535 3287 2604 qui
3321 2533 3476 2589 simul
3505 2530 3717 2586 oriuntur

2160 2644 2214 2688 et
2241 2633 2530 2698 occidunt,
2575 2631 2895 2702 conjunctos
2943 2644 3084 2695 esse,
3138 2639 3192 2684 et
3234 2625 3552 2684 arctissimis
3588 2623 3717 2680 nodis

2161 2725 2465 2796 colligatos.
2512 2723 2659 2780 Bene
2696 2723 2937 2794 quidem.
2979 2721 3097 2777 Non
3138 2721 3376 2776 obscure
3418 2719 3555 2774 enim
3581 2717 3724 2771 Arno-

2163 2819 2283 2875 bius
2315 2819 2488 2874 innuit
2514 2819 2651 2873 hanc
2677 2818 2847 2889 ipsam
2875 2833 2997 2872 esse
3027 2815 3319 2884 rationem,
3349 2823 3566 2886 propter
3590 2825 3722 2881 quam

2163 2915 2219 2970 hi
2260 2915 2331 2970 dii
2362 2916 2429 2969 ab
2461 2913 2703 2969 Etruscis
2749 2911 3034 2975 Complices
3072 2909 3438 2980 cognominati
3485 2915 3618 2961 sunt.
3659 2902 3722 2957 Eo

2163 3026 2327 3081 porro
2369 3024 2535 3066 sensu
2581 3021 2777 3063 nomen
2821 3004 2951 3060 illud
2997 3003 3066 3058 ab
3112 3002 3410 3060 Ambrosio
3458 2997 3720 3069 accipitur,

2167 3106 2255 3160 ubi
2283 3104 2535 3176 scripsit:
2571 3121 2591 3155 ι
2640 3100 2902 3172 Complex
2941 3098 3243 3155 honestatis
3283 3106 3370 3153 est
3409 3108 3611 3165 semper
3637 3088 3725 3143 uti-

2086 3178 2132 3241 C
2163 3197 2320 3263 litas,
2350 3205 2405 3252 et
2435 3195 2678 3250 utilitatis
2705 3193 2980 3270 honestas.
3038 3211 3056 3244 ›
3109 3192 3127 3259 (
3155 3188 3396 3245 Ambros.
3425 3231 3439 3254 ,
3479 3186 3564 3241 lib.
3594 3199 3642 3239 ιιι
3681 3179 3731 3234 ἀι

2167 3290 2326 3362 Ofﬁe.
2361 3289 2555 3343 minist.
2579 3328 2596 3355 ,
2620 3304 2737 3358 cap.
2768 3287 2836 3342 14
2857 3327 2873 3351 ,
2905 3301 3024 3357 pag.
3061 3283 3184 3339 150.
3211 3281 3230 3352 )
3272 3281 3464 3338 Nonne
3493 3292 3613 3348 ergo
3638 3273 3734 3327 haec

2165 3384 2399 3440 Heraldo
2419 3426 2433 3447 ,
2461 3382 2528 3438 ad
2555 3379 2932 3452 deponendam
2955 3379 3024 3434 de
3045 3389 3307 3446 corrupto
3331 3373 3564 3431 auctoris
3586 3363 3728 3425 nostri

2167 3490 2314 3538 textu
2346 3479 2708 3550 suspicionem
2734 3476 2983 3530 sufficere
3011 3471 3332 3528 debebant?

2235 3570 2504 3628 (Ia-terum
2548 3568 2746 3640 ingenii
2792 3566 2930 3622 adeo
2961 3564 3100 3620 tardi
3144 3573 3398 3635 putamus
3436 3575 3555 3618 esse
3592 3553 3734 3612 nemi-

2165 3684 2290 3724 nem
2315 3708 2331 3735 ,
2383 3666 2470 3736 qui
2494 3664 2607 3735 jam
2639 3661 2778 3718 haud
2820 3659 3113 3716 difﬁciliter
3153 3657 3480 3729 perSpiiziat,
3527 3650 3642 3722 quid
3673 3662 3727 3703 ex

2170 3773 2275 3818 tam
2307 3761 2469 3816 variis
2507 3774 2571 3814 ac
2609 3755 2901 3813 contrariis
2945 3753 3291 3810 ethnicorum
3343 3752 3492 3808 hisce
3541 3747 3603 3802 de
3644 3741 3730 3798 diis

2168 3853 2513 3926 opinionibus
2537 3847 2972 3906 concludendum
3003 3848 3094 3903 sit.
3137 3847 3269 3914 Quis
3296 3846 3447 3902 enim
3480 3857 3580 3898 non
3609 3835 3729 3890 videt

2171 3967 2331 4006 unam
2362 3949 2432 4004 ab
2469 3947 2636 4002 altera
2672 3943 2914 4000 funditus
2939 3941 3154 3998 everti?
3199 3939 3411 3996 Deinde
3441 3950 3586 4000 vero,
3624 3942 3732 3984 tam-

2169 4043 2271 4100 etsi
2302 4044 2353 4098 in
2383 4056 2486 4096 una
2525 4037 2725 4110 aliquid
2769 4047 2915 4093 esset
2953 4034 3108 4103 veri,
3151 4033 3204 4089 id
3235 4049 3263 4088 a
3308 4032 3528 4090 nemine
3565 4027 3735 4096 depre-

2173 4136 2333 4193 hendi
2367 4150 2619 4206 umquam
2654 4131 2870 4203 poterit.
2900 4128 3092 4185 Nullus
3122 4142 3254 4199 ergo
3290 4127 3431 4183 deos
3466 4125 3580 4180 illos
3627 4117 3740 4172 Con-

2172 4240 2355 4285 sentes
2380 4237 2435 4282 et
2463 4226 2694 4282 Penates
2719 4222 2918 4278 divinis
2944 4219 3238 4274 honoribus
3265 4218 3464 4290 dignos
3485 4207 3740 4270 censebit;

2173 4319 2606 4392 quandoquidem
2638 4330 2832 4372 omnes
2862 4314 3092 4384 ingenue
3120 4310 3275 4367 fateri
3305 4308 3635 4381 cogebantur
3658 4295 3743 4353 sibi

2176 4413 2333 4483 plane
2372 4411 2705 4482 exploratum
2754 4422 2860 4462 non
2905 4420 3030 4462 esse
3069 4403 3258 4476 quales
3313 4403 3392 4457 illi
3444 4401 3571 4466 sint,
3608 4403 3742 4465 quam

2174 4505 2491 4561 mortalibus
2515 4487 2673 4570 opem
2705 4501 2846 4555 ferre
2875 4499 3127 4564 valeant,
3158 4509 3208 4551 et
3238 4493 3372 4567 quid
3404 4494 3459 4549 in
3489 4490 3566 4548 eis
3591 4497 3729 4546 verae,

2097 4569 2151 4630 D
2176 4614 2298 4670 qua:
2323 4596 2479 4653 unica
2501 4569 2624 4652 esse
2650 4600 2856 4666 potest,
2900 4591 2971 4645 sit
2991 4589 3310 4644 divinitatis.

2778 4736 3069 4780 ARTICULUS
3108 4736 3187 4776 Ill.

2176 4869 2363 4930 Quanta
2406 4864 2556 4930 fuerit
2593 4861 2852 4925 gentilium
2887 4854 3083 4930 dendiis
3129 4853 3342 4930 Laribus
3378 4846 3656 4930 dissepsi‘o,"
3679 4851 3748 4930 cf:

2243 4913 2524 4980 Ern—ndules
2542 4913 2858 4981 vorareutur,
2887 4929 2939 4970 et
2961 4919 3255 4981 Summanus
3291 4920 3370 4968 eis
3407 4913 3751 4981 praefectusIEC

2242 4967 2677 5057 Egilia-iacias?
2693 4967 3277 5057 demoiis-treturhnullam
3322 4967 3441 5030 ess'e
3471 4979 3636 5026 horum
3657 4967 3753 5018 alio-

2242 5042 2452 5117 r'umque
2477 5059 2622 5100 antea
2647 5055 3027 5099 memoratarum
3049 5042 3382 5093 divinitatem.

2255 5183 2370 5240 Non
2403 5181 2575 5253 major
2614 5179 2710 5236 fuit
2730 5179 3068 5235 ethnicorum
3097 5177 3164 5232 de
3193 5171 3438 5234 Laribus,
3471 5176 3623 5238 quam
3656 5151 3754 5253 aliis

2181 5281 2283 5338 diis
2313 5281 2422 5336 suis
2443 5293 2761 5334 consensus.
2798 5274 3043 5345 Vulgaris
3062 5271 3302 5343 quidem,
3335 5277 3390 5320 ut
3418 5263 3494 5318 ait
3519 5249 3753 5345 Arnobius

2179 5374 2422 5446 (Arnob.,
2448 5372 2486 5426 ι.
2517 5385 2594 5435 III,
2630 5385 2683 5441 p.
2719 5365 2871 5439 124),
2904 5343 3096 5435 opinio
3141 5371 3259 5419 erat
3302 5360 3424 5414 illos
3466 5353 3689 5408 vicorum
3711 5343 3756 5446 ξι

2178 5466 2432 5522 itinerum
2463 5477 2585 5518 esse
2612 5461 2743 5516 deos
2770 5478 2786 5529 ;
2817 5460 2939 5530 quia
2971 5458 3121 5512 vicus
3145 5467 3322 5527 graece
3362 5451 3545 5521 Λαύρα
3597 5427 3754 5506 appel-

2180 5560 2344 5615 latur.
2369 5557 2437 5612 Et
2475 5557 2614 5610 hanc
2644 5552 2860 5625 quidem
2913 5565 3105 5623 graecae
3157 5547 3303 5602 vocis
3340 5533 3754 5625 sigiiilicationfm

2179 5649 2531 5708 Casaubonus
2575 5648 2774 5719 aliique
2822 5644 3130 5716 complures
3173 5639 3306 5696 satis
3335 5615 3754 5706 prohaverelca‘

2182 5745 2398 5800 saubon.
2426 5747 2480 5798 in
2525 5743 2561 5796 ι.
2596 5757 2671 5796 ιιι
2698 5758 2712 5806 ;
2739 5740 2950 5807 Athan,
2983 5755 3032 5792 ο.
3067 5735 3182 5804 10).
3213 5729 3444 5788 Vossius
3473 5732 3645 5778 tamen
3673 5723 3755 5766 00'

2186 5855 2307 5896 men
2344 5837 2500 5892 Lares
2528 5835 2595 5891 ab
2625 5833 2847 5890 Etrusca
2879 5846 3031 5900 voce,
3085 5827 3209 5892 Lar,
3242 5823 3462 5879 ductum
3506 5814 3659 5871 fuisse
3681 5814 3754 5858 su-
