3904 6326
174 258 266 313 585

1342 255 1407 313 IN
1444 251 1827 321 ARNOBIUM,
1877 253 2031 312 CAP.
2063 252 2223 313 XVII.

3325 255 3436 312 586

171 373 406 440 spicatur.
436 367 565 427 Utut
590 369 684 435 sit,
722 376 932 427 constat
955 382 1086 428 sane
1110 370 1230 428 illos
1259 374 1532 429 communi
1560 373 1736 429 ethni-
1763 374 1816 436 Α
1838 370 1945 427 295
1995 382 2042 425 et
2085 368 2272 442 seqq.),
2296 370 2366 426 ibi
2408 368 2567 426 nobis
2594 368 2893 426 luculenter
2916 369 3136 442 exponit
3162 370 3424 442 quosdam

168 479 333 519 eorum
360 463 605 536 opinione
636 462 874 519 vicorum
894 462 1024 521 deos
1053 465 1281 521 censeri.
1306 465 1379 520 De
1410 465 1544 520 Lara
1571 464 1738 536 siqui-

168 556 298 623 dem,
328 554 535 610 Lariunt
582 565 772 622 matre,
801 557 870 612 ab
892 555 1084 613 Ovidio
1127 557 1466 612 deeantatum
1510 556 1738 628 legimus

167 648 319 715 illam,
344 663 460 702 cum
490 648 639 705 Jovis
663 648 817 719 jussu
865 648 931 703 ad
976 664 1161 705 manes
1189 649 1497 712 duceretur,
1524 648 1591 703 ab
1622 648 1738 719 ipso

171 739 293 795 duce
329 755 444 804 suo,
475 748 759 811 postquam
808 750 955 796 muta
984 750 1040 798 et
1082 741 1309 813 elinguis
1360 742 1497 797 facta
1529 740 1735 808 fuisset,

164 845 525 903 compressam,
550 842 606 889 et
635 830 760 889 inde
785 833 957 905 inquit
981 851 996 889 :

248 946 419 1014 Fitqtle
437 948 620 1014 gravis,
634 950 964 1013 geminosque
980 950 1124 1014 parit,
1135 951 1440 1014 quieompita
1455 956 1671 1011 servant,

359 1009 423 1062 Et
447 1009 659 1074 vigilant
674 1018 837 1061 nostra
861 1009 1061 1075 semper
1084 1013 1135 1061 iu
1154 1009 1268 1063 'aede
1287 1009 1459 1063 Lares.

600 1093 787 1162 t0rid.,
804 1093 889 1147 lib.
912 1110 946 1146 ιι
965 1096 1178 1161 Fastor.,
1201 1109 1325 1149 vers.
1350 1097 1491 1163 705.)

163 1200 386 1258 Tibullus
428 1215 640 1273 quoque
688 1215 784 1257 eos
824 1216 1072 1273 agrorum
1120 1201 1371 1259 custodes
1423 1217 1543 1259 esse
1598 1215 1744 1256 assc-

167 1305 301 1353 verat
323 1312 338 1349 :

247 1408 561 1476 Vos_quoque
585 1408 746 1476 felicis
760 1411 1022 1475 quondam,
1048 1423 1179 1461 nunc
1196 1411 1432 1476 pauperis
1454 1411 1561 1473 agri

330 1472 590 1533 custodes,
617 1474 758 1524 fertis
777 1472 981 1524 munera
1005 1472 1381 1534 vestra,1ar'ss.

457 1556 690 1622 (Tibull.,
712 1556 794 1610 tib.
819 1574 853 1620 ι,
876 1557 997 1623 eleg.
1023 1558 1069 1622 l,
1097 1570 1221 1609 vers.
1247 1558 1310 1609 23
1339 1563 1385 1608 et
1400 1558 1558 1624 seqq.)

226 1664 403 1737 Magna
420 1672 599 1720 tamen
614 1666 669 1720 in
686 1664 915 1738 Nigidio,
928 1665 1201 1722 aitanctor
1219 1674 1406 1720 noster
1429 1664 1523 1720 fuit
1546 1663 1615 1720 de
1641 1663 1748 1719 illis

1838 462 2229 519 existimavisse
2272 464 2507 519 animum
2546 462 2779 520 hominis
2822 472 2944 533 post
2987 474 3214 519 mortem
3240 473 3423 520 vetere

1840 553 2000 633 latina
2039 554 2219 626 lingua
2268 555 2551 612 Lemurem
2607 556 2905 611 dictitatum
2946 568 2961 607 :
2997 572 3063 611 ex
3110 554 3429 612 Lemuribus

1846 660 2027 703 autem
2061 665 2206 714 eum,
2238 650 2327 721 qui
2359 659 2548 721 pacato
2595 660 2648 705 et
2677 649 2859 720 quieto
2885 652 3125 716 numine,
3160 649 3303 705 haud
3330 648 3431 704 du-

1842 746 1931 802 bie
1962 754 2185 816 prepter
2214 755 2493 801 transacta:
2523 745 2643 800 vita:
2671 745 2883 810 merita,
2915 745 3131 801 domum
3174 744 3432 815 possidet,

1843 840 2162 897 familiarem
2195 840 2384 897 Larem
2412 858 2427 906 ;
2459 840 2598 896 male
2630 855 2759 895 vero
2780 840 2825 895 si
2846 840 3057 904 vixerit,
3084 838 3309 895 Larvam
3341 857 3355 906 ;
3388 840 3437 895 si

1843 946 2024 991 autem
2050 933 2212 991 dubia
2243 935 2353 991 sint
2382 934 2501 1005 ejus
2532 933 2751 1002 merita,
2782 933 3015 989 Manium
3044 933 3203 989 deum
3233 950 3435 989 nuncu—

1844 1029 1981 1101 pari.

1916 1121 1994 1176 De
2050 1120 2142 1177 illo
2194 1136 2355 1192 porro
2403 1135 2630 1185 errore,
2674 1134 2782 1191 quo
2841 1120 3115 1175 daemones
3156 1118 3436 1174 hominum

1846 1222 2182 1268 mortuorum
2235 1213 2444 1269 animas
2499 1227 2619 1268 esse
2646 1202 3013 1276 venditabant,
3042 1227 3149 1267 non
3192 1212 3358 1268 semel
3407 1228 3439 1268 a

1846 1305 2005 1361 nobis
2032 1304 2380 1375 disputatum.
2416 1304 2491 1359 De
2515 1304 2742 1360 Laribus
2764 1319 2894 1359 vero
2923 1304 3114 1359 Lilium
3161 1303 3439 1359 Giraldum

1848 1396 2191 1466 Salmasium,
2216 1399 2458 1455 Natalem
2480 1397 2773 1465 Comitem,
2805 1398 3077 1463 Vossium,
3106 1408 3161 1452 et
3182 1399 3249 1454 de
3277 1396 3444 1452 Manio

1849 1489 1951 1548 bus
1978 1492 2227 1547 Servium
2259 1492 2436 1563 legere
2465 1492 2668 1562 poteris
2714 1489 2861 1564 (tam.
2889 1508 2906 1545 ι
2946 1491 3227 1561 Apparnt.,
3253 1509 3305 1559 p.
3337 1490 3442 1545 557

1851 1593 1899 1640 et
1946 1585 2085 1653 995;
2117 1584 2340 1648 Girald.,
2388 1583 2526 1639 Hist.
2572 1585 2739 1652 deor.,
2778 1592 3034 1656 syntagm.
3070 1583 3159 1646 15.
3186 1600 3239 1653 ρ.
3262 1581 3369 1638 480
3399 1592 3446 1636 et

1853 1692 1990 1747 seqq.
2023 1692 2037 1739 ;
2070 1675 2298 1733 Salinas.
2336 1677 2390 1731 in
2433 1676 2627 1741 Solin.,
2670 1694 2725 1747 p.
2776 1678 2867 1743 64,
2908 1675 3016 1729 412
3050 1685 3098 1730 et
3150 1673 3445 1738 915;Nat.

163 1755 1198 1815 diisvarietasetinconstantia.Primum
1226 1759 1370 1814 enim
1397 1759 1629 1815 asseruit
1650 1757 1748 1811 hos
1777 1765 1827 1828 Β
1853 1766 2024 1833 com”
2056 1768 2093 1822 ι,
2125 1784 2176 1823 ιν
2207 1767 2454 1839 Myl/10L,
2503 1784 2549 1822 ο,
2594 1767 2629 1821 2
2658 1777 2705 1822 ει
2730 1768 2764 1823 4
2794 1784 2809 1834 ;
2849 1765 3020 1834 V033,,
3052 1766 3091 1821 ι,
3124 1784 3140 1822 ι
3193 1766 3257 1820 de
3294 1765 3445 1838 Orig.

165 1866 271 1906 esse
291 1859 557 1907 tectorum
582 1851 969 1922 domorumque
993 1851 1263 1907 custodes.
1300 1853 1369 1905 At
1400 1849 1504 1906 hoc
1530 1847 1750 1920 quidem

168 1945 226 2001 ab
253 1944 443 2001 Ovidio
494 1961 808 2017 expressum
840 1945 1110 2012 vidimus;
1159 1945 1246 2001 cui
1277 1960 1466 2000 rursus
1516 1939 1753 1999 concinit

173 2035 244 2092 bis
273 2037 450 2093 verbis
499 2036 743 2092 Tibullus
772 2055 786 2091 :

250 2150 345 2203 Sed
371 2153 521 2214 patrii
541 2159 742 2203 servate
762 2149 936 2211 Lares,
962 2151 1156 2201 aluistis
1175 2158 1228 2201 et
1247 2150 1415 2214 iidem,

305 2213 574 2266 Cursarem
596 2222 793 2265 vestros
815 2228 926 2264 cum
960 2222 1105 2265 tener
1129 2221 1243 2263 ante
1266 2213 1438 2268 pedes.

251 2275 356 2340 Neu
386 2276 579 2340 pudeat
600 2278 763 2339 prisco
782 2291 868 2328 vos
891 2290 1005 2328 esse
1027 2290 1057 2327 a
1078 2275 1444 2338 stipitelactos:

303 2338 611 2391 Sic—veteris
623 2340 774 2390 sedes
807 2340 1079 2390 incoluistis
1096 2340 1194 2388 avi.

502 2422 633 2488 (Id.,
657 2420 854 2482 ibidem,
878 2422 1001 2487 eleg.
1030 2422 1108 2483 11,
1124 2434 1250 2473 vers.
1271 2424 1330 2474 l5
1346 2428 1394 2473 et
1411 2424 1570 2488 seqq.)

229 2527 432 2587 Deinde
463 2546 599 2587 vero
632 2530 771 2587 idem
793 2530 1056 2600 Nigidius,
1088 2540 1342 2587 narrante
1362 2530 1603 2586 Arnobio
1632 2532 1757 2600 (Ar—

170 2623 296 2692 nob.,
325 2624 364 2678 ι.
384 2640 469 2688 ιιι,
501 2641 556 2695 p.
584 2623 735 2695 124),
760 2623 895 2680 dixit
923 2624 1045 2680 illos
1070 2641 1193 2682 esse
1217 2626 1465 2690 Curetas,
1500 2626 1591 2696 qui
1623 2642 1760 2697 pue-

169 2731 272 2770 rum
310 2715 505 2773 Jovem
533 2716 893 2772 occultarunt.
946 2717 1187 2789 Denique
1217 2716 1506 2789 aliquando
1540 2718 1762 2774 tradidit

177 2808 265 2865 bos
289 2811 433 2883 ipsos.
452 2812 625 2867 Lares
652 2827 773 2867 esse
800 2809 1041 2878 eosdem,
1059 2822 1221 2882 atque
1248 2811 1417 2868 [datos
1445 2810 1760 2869 Samothra-

175 2903 296 2971 cios,
319 2904 433 2960 sive
482 2902 654 2959 ldmos
681 2903 953 2976 Dactylos,
984 2902 1052 2960 de
1082 2903 1279 2974 quibus
1307 2902 1437 2960 alibi
1464 2901 1765 2973 disputavi-

173 3010 277 3049 mus
308 2996 453 3066 (tom.
492 3011 511 3050 ι
562 2996 814 3067 Apparet.
870 2996 910 3051 ι.
946 3012 1021 3064 ιιι,
1052 2995 1254 3051 dissert.
1288 2995 1344 3061 2,
1375 3014 1422 3052 c.
1454 2996 1544 3062 19,
1575 3005 1674 3049 art.
1702 2995 1759 3061 2,

174 3105 220 3160 p.
251 3086 386 3144 1163
413 3097 465 3144 et
495 3088 652 3158 seg.).
682 3088 752 3142 At
776 3088 827 3143 'si
855 3102 979 3142 vera
1008 3096 1094 3143 est
1119 3088 1218 3142 iSta
1248 3087 1471 3144 Arnobii
1498 3087 1763 3154 narratio,

1856 1867 1902 1912 et
1928 1857 2116 1931 Progr.
2159 1858 2312 1923 idol.,
2344 1875 2391 1913 ο.
2417 1859 2504 1925 11,
2540 1876 2589 1929 p.
2623 1859 2693 1914 45
2736 1868 2783 1913 et
2830 1873 3001 1931 seqq.;
3036 1858 3208 1925 Serv.,
3231 1859 3286 1913 in
3315 1858 3352 1912 ι.
3388 1873 3448 1913 ιιι

1856 1950 2100 2019 λΕηεὶάη
2127 1969 2179 2023 p.
2214 1950 2358 2023 166).

1930 2043 2072 2112 Quid
2100 2058 2249 2107 vero,
2280 2043 2486 2114 inquiet
2506 2041 2719 2114 aliquis,
2744 2043 2844 2098 sibi
2879 2043 2994 2097 vult
3013 2042 3303 2110 Arnobius,
3327 2059 3450 2099 cum

1860 2137 2097 2194 ethnicis
2143 2135 2279 2191 vitio
2308 2138 2491 2201 vertit,
2521 2135 2663 2207 quod
2692 2134 2985 2191 Grundules
3012 2135 3132 2208 (Ms.
3161 2135 3333 2191 codex
3359 2150 3452 2191 re-

1859 2232 1983 2302 gius
2030 2226 2335 2301 Grunulios)
2364 2227 2521 2283 Lares
2567 2228 2901 2284 adorarent?
2922 2228 3027 2284 Sed
3060 2230 3106 2283 is
3136 2230 3450 2285 meminisse

1861 2322 2027 2378 debet
2056 2336 2084 2375 a
2109 2321 2356 2392 pluribus
2372 2319 2483 2391 jam
2512 2320 2856 2375 observatum
2874 2317 3044 2375 fuisse
3069 2319 3234 2375 Lares
3256 2335 3459 2391 cogno—

1867 2419 2061 2474 minari
2108 2416 2423 2484 Grundules,
2452 2417 2520 2472 ab
2550 2418 2773 2489 antiquo
2801 2418 2970 2473 verbo
2994 2419 3241 2490 grandia,
3269 2434 3335 2474 ac
3361 2434 3463 2489 po-

1862 2518 1977 2566 stea
2030 2512 2275 2582 grunnio,
2311 2510 2602 2581 fanumque
2652 2509 2759 2564 illis
2808 2510 2861 2564 in
2893 2510 3162 2581 scraphzc,
3213 2525 3335 2582 qua:
3385 2511 3457 2566 50

1865 2618 2064 2675 porcos
2120 2614 2438 2676 pepererat,
2499 2603 2820 2659 memoriam
2868 2613 3268 2661 constructum.
3302 2604 3460 2672 Quod

1865 2696 2086 2766 quidem
2116 2698 2440 2752 auctoritate
2471 2696 2700 2767 probant
2727 2697 3021 2764 Diomedis,
3050 2697 3141 2769 qui
3174 2699 3226 2752 in
3250 2699 3455 2770 opinio-

1872 2792 1957 2845 nis
1994 2807 2107 2846 sua:
2162 2791 2629 2847 confirmationem
2676 2789 2919 2845 Cassium
2965 2790 3246 2846 lletninam
3274 2792 3462 2847 citavit

1870 2884 2113 2958 (Arnob.,
2148 2885 2187 2940 ι.
2221 2901 2260 2951 1,
2295 2902 2349 2955 p.
2400 2883 2468 2939 15
2494 2900 2509 2948 ;
2535 2881 2800 2947 Diomed.,
2830 2882 2951 2945 1.,11
3002 2883 3066 2936 de
3092 2881 3227 2936 Dub.
3257 2884 3459 2939 rerbor.

1871 2979 2053 3052 signif.
2085 2997 2105 3045 ;
2136 2978 2317 3046 Hem.,
2358 2977 2396 3032 ι.
2427 2993 2465 3033 tt
2508 2975 2762 3048 Histor.).
2797 2975 3012 3032 Videsis
3044 2976 3219 3032 Vossii
3248 2990 3463 3051 etymo-

1870 3074 2083 3146 logicon
2115 3072 2183 3128 ad
2216 3073 2381 3129 verba
2410 3072 2634 3143 grunnio
2662 3081 2708 3126 et
2736 3071 3055 3144 suggrunda.

175 3152 285 3236 hinc
310 3152 582 3251 colligitur
606 3152 875 3252 Nigidium
902 3196 970 3236 ex
999 3178 1085 3235 his
1116 3180 1283 3236 fuisse
1311 3197 1498 3248 unum,
1531 3180 1623 3252 qui
1653 3152 1761 3236 cu.
1793 3152 1840 3217 C
1941 3167 2209 3236 Quorsum
2237 3179 2388 3230 vero,
2418 3164 2629 3235 rogabit
2675 3163 2833 3230 alius,
2868 3163 3009 3219 inter
3032 3163 3195 3221 hosce
3219 3164 3352 3221 deos
3378 3165 3466 3221 itt-

177 3279 308 3327 retas
354 3273 421 3329 ab
471 3269 631 3326 ldzeis
660 3271 894 3344 Dactylis
935 3273 1358 3345 distinguebant,
1388 3289 1489 3329 nec
1515 3288 1766 3345 comper-

180 3371 277 3417 tum
308 3363 500 3420 habuit
526 3365 614 3435 qui
645 3364 813 3421 Lares
833 3365 1055 3422 fuerint.

238 3450 435 3506 Similis
461 3450 569 3506 fuit
599 3448 859 3506 Varronis
888 3451 1174 3509 haesitatio.
1205 3451 1371 3511 Nobis
1398 3454 1541 3510 enim
1576 3464 1765 3511 auctor

179 3554 344 3600 noster
367 3545 613 3602 declarat
637 3561 759 3602 eum
802 3546 999 3602 alicubi
1043 3548 1324 3619 scripsisse
1347 3548 1468 3604 illos
1493 3564 1613 3606 esse
1654 3547 1767 3605 Μελ--

180 3651 283 3704 nes,
304 3650 357 3695 et
402 3638 531 3695 ideo
561 3647 787 3696 matrem
814 3656 1000 3695 eorum
1048 3639 1301 3697 Manium.
1334 3640 1403 3697 Et
1446 3659 1507 3698 re
1549 3643 1766 3715 quidem

184 3745 296 3786 vera
326 3734 377 3787 in
403 3731 639 3805 quodam
673 3732 790 3803 ejus
825 3732 962 3788 libro
983 3720 1106 3789 lucc
1131 3731 1356 3806 legimus
1388 3734 1608 3791 totidem
1652 3734 1769 3805 ejus

182 3825 329 3881 verba
360 3843 377 3882 :
405 3823 700 3882 «Videmus
728 3824 956 3881 Maniam
985 3834 1210 3881 matrem
1238 3826 1767 3895 Larum,etLuciam

182 3912 511 3975 Volumniam
540 3917 807 3974 Saliorum
848 3918 1174 3976 carminibus
1204 3918 1464 3989 appellari
1501 3938 1521 3972 ι
1556 3916 1763 3991 (Varr.,

184 4011 216 4064 Ι.
246 4028 329 4069 vui
380 4014 446 4069 de
486 4011 643 4083 Ling.
688 4012 806 4079 lat.,
840 4029 893 4084 p.
946 4010 1092 4084 126).
1124 4008 1237 4067 Nec
1267 4010 1409 4066 illius
1439 4020 1643 4066 tantum
1672 4011 1771 4067 fuit

185 4101 289 4160 hrcc
308 4105 514 4175 opinio,
540 4119 724 4159 verum
755 4103 917 4158 etiam
937 4102 1206 4169 Ceciunze,
1232 4117 1299 4157 ex
1327 4117 1434 4173 quo
1466 4106 1582 4159 haec
1606 4102 1772 4159 refert

186 4191 503 4255 Macrobius:
538 4215 558 4249 ι
591 4193 937 4267 Aliquamdiu
984 4194 1351 4261 observatum,
1383 4203 1440 4249 ut
1471 4209 1569 4265 pro
1610 4194 1771 4250 fami-

186 4289 403 4357 liarium,
434 4305 533 4347 seu
557 4287 905 4355 familiarum,
934 4287 1194 4359 sospitate
1224 4286 1375 4358 pueri
1404 4295 1771 4343 mactarentur

189 4381 359 4441 Manio:
381 4385 523 4448 dcte,
548 4382 707 4439 matri
745 4382 960 4438 Larium
996 4400 1015 4434 ι
1051 4379 1334 4455 (Hacrob.,
1371 4379 1409 4435 ι.
1466 4397 1483 4435 ι
1525 4382 1766 4449 Saturn.,

189 4489 229 4527 c.
255 4476 303 4541 7,
333 4495 386 4548 p.
409 4474 545 4548 207)
578 4474 717 4541 ;sed
763 4475 869 4531 hoc
917 4472 1242 4530 sacrificium
1299 4481 1488 4545 postea
1541 4476 1594 4529 in
1620 4474 1766 4537 aliud

190 4578 562 4624 commutatum
591 4582 714 4623 esse
761 4565 1051 4639 significat.

253 4660 446 4719 Verum
480 4661 601 4717 lucc
627 4659 892 4717 sententia
940 4675 1062 4716 cum
1090 4659 1264 4717 eidem
1290 4659 1519 4719 Varroni
1548 4663 1772 4719 omnino

195 4768 286 4808 non
311 4755 603 4821 arrisisset,
628 4752 757 4809 alibi
787 4752 1030 4809 definivit
1062 4752 1231 4809 Lares
1259 4756 1438 4811 aerios
1462 4772 1585 4814 esse
1615 4757 1768 4825 deos,

196 4853 244 4899 et
266 4846 491 4903 heroas:
530 4845 656 4901 alibi
702 4860 834 4901 vero
868 4844 1208 4916 antiquorum
1240 4847 1547 4918 opinionem
1595 4849 1774 4919 sequi-

200 4943 292 5004 tur,
316 4949 369 4995 et
392 4952 488 4995 eos
534 4935 754 5002 Larvas,
778 4937 931 5009 quasi
961 4936 1223 5007 quosdam
1253 4940 1467 5010 genios,
1494 4950 1548 4995 et
1576 4940 1774 4998 defun-

200 5035 390 5087 ctorum
417 5031 626 5086 animas
669 5029 834 5085 fuisse
879 5029 1210 5100 pronuntiat.
1234 5031 1318 5086 Ab
1364 5034 1662 5103 Augustino
1682 5049 1777 5089 au-

205 5127 297 5175 tem
322 5121 581 5179 discimus
604 5119 899 5188 Plotinum,
926 5121 1015 5191 qui
1037 5120 1316 5178 Platonem
1360 5122 1572 5180 czeteris
1596 5126 1778 5181 excel-

204 5208 386 5269 lentius
433 5213 772 5270 intellexisse
821 5211 1010 5278 fertur,
1059 5212 1309 5271 docuisse
1339 5214 1616 5272 da‘mones
1662 5230 1783 5274 esse

209 5301 469 5362 hominum
522 5306 750 5374 animas,
799 5314 961 5377 atque
1007 5320 1071 5362 ex
1120 5306 1312 5364 iisdem
1371 5307 1703 5379 hominibus,
1737 5310 1784 5367 si

211 5394 337 5455 bene
381 5401 697 5467 meruerint,
729 5399 842 5456 fieri
883 5398 1080 5467 Lares;
1124 5400 1169 5455 si
1224 5400 1385 5468 male,
1420 5403 1787 5468 Lemures;si

214 5488 457 5549 incertum
491 5493 619 5565 quid
648 5504 1006 5562 mererentur,
1035 5493 1217 5552 Manes
1240 5494 1470 5553 evadere
1518 5496 1784 5570 (August,

218 5583 253 5638 l.
277 5602 330 5643 ix
345 5588 407 5643 de
433 5588 604 5660 Civit.,
628 5606 677 5645 ο.
704 5588 791 5656 10,
821 5607 874 5661 p.
904 5587 1058 5659 226).

285 5677 533 5751 Apuleius
561 5696 798 5753 quoque,
829 5680 919 5737 ubi
951 5680 1018 5737 de
1043 5681 1284 5739 Socratis
1306 5682 1407 5741 deo
1421 5693 1476 5740 et
1500 5685 1651 5742 vario
1674 5685 1789 5742 dte-

226 5784 424 5830 Ittonum
454 5790 651 5846 genere
702 5774 938 5848 disputat
964 5772 1173 5849 (Apulei
1196 5818 1211 5845 ,
1244 5775 1307 5832 de
1339 5773 1449 5832 Deo
1496 5776 1703 5834 δορυ-αι.
1736 5796 1789 5849 ρ.

802 5867 1080 5931 Panos.
1125 5867 1202 5933 V.

1869 3261 2095 3333 terjecta
2116 3276 2145 3315 a
2173 3267 2363 3315 nostro
2384 3267 2605 3313 auctore
2636 3256 2916 3313 Summani
2946 3256 3030 3311 dei
3060 3273 3461 3313 commemora-

1870 3359 1945 3415 tio
1966 3358 1990 3411 ?
2015 3354 2212 3412 Facilis
2256 3354 2522 3424 obviaque
2542 3363 2624 3409 est
2652 3351 2951 3422 responsio.
2982 3352 3308 3408 Summanus
3323 3353 3468 3409 enim

1869 3466 1966 3508 rex
2014 3448 2244 3505 Manium
2302 3461 2543 3502 summus
2593 3444 2908 3500 habebatur.
2950 3444 3213 3511 Quocirca
3240 3443 3469 3513 ipsemet

1871 3544 2160 3612 Arnobius,
2192 3541 2281 3598 ubi
2331 3550 2517 3612 postea
2561 3537 2629 3595 de
2655 3538 2974 3609 Proserpina
3001 3553 3032 3592 a
3061 3539 3284 3594 Plutone
3316 3552 3469 3610 rapte

1870 3638 2090 3694 disserit
2120 3654 2135 3692 :
2165 3635 2280 3691 Rea:
2304 3632 2575 3703 prosiliens
2622 3630 2878 3696 Manium,
2910 3631 3105 3701 inquit,
3138 3641 3339 3703 raptam
3364 3632 3467 3685 vir-

1870 3730 2042 3802 ginem
2073 3743 2245 3784 secum
2270 3723 2423 3781 veltit.
2458 3724 2602 3781 Alibi
2631 3724 2791 3793 hujus
2819 3723 2909 3779 ille
2935 3724 3140 3794 templi,
3171 3740 3235 3780 ac
3277 3725 3471 3781 Cicero

1871 3822 2056 3878 fictilis
2094 3820 2212 3891 ejus
2254 3818 2549 3884 simulacri,
2582 3814 2834 3872 fecerunt
2879 3816 3228 3873 mentionem.
3262 3816 3470 3874 Plinius

1872 3931 2003 3971 vero
2039 3914 2198 3969 docet
2240 3911 2494 3967 attributa
2550 3908 2622 3964 illi
2674 3908 2839 3964 fuisse
2887 3918 3144 3965 nocturna
3199 3910 3466 3967 fulmina:

1872 4011 2177 4074 Tuscorum,
2202 4006 2393 4078 inquit,
2419 4005 2601 4060 littera:
2625 4020 2802 4058 novem
2832 4004 2955 4059 deos
2998 4004 3226 4059 emittere
3247 4006 3470 4074 fulmina

1872 4105 2283 4159 existimant..."
2332 4097 2556 4153 Romani
2584 4097 2712 4152 duos
2740 4106 2936 4152 tantum
2966 4113 3028 4150 ea:
3054 4098 3127 4153 eis
3176 4113 3459 4164 servavere,

1872 4199 2061 4254 diurna
2115 4198 2445 4253 attribueutes
2493 4194 2642 4261 Iovi,
2678 4206 2928 4249 nocturna
2987 4195 3291 4252 Summano.
3326 4196 3462 4253 Eam

1873 4306 2020 4362 saepe
2047 4288 2118 4346 ob
2146 4304 2362 4345 causam
2413 4288 2648 4358 majores
2697 4285 2819 4342 huic
2840 4285 3098 4353 honores,
3128 4304 3287 4360 quam
3317 4287 3459 4355 Jovi,

1873 4394 2016 4440 teste
2034 4381 2353 4454 Augustino,
2382 4379 2585 4436 ethnici
2613 4378 2884 4452 quondam
2907 4378 3237 4459 detulerunt.
3264 4381 3461 4439 Postea

1877 4487 2058 4534 tamen
2089 4476 2170 4533 sic
2214 4475 2526 4531 imminutos
2570 4474 2736 4530 fuisse
2784 4474 3054 4544 perhibet,
3088 4484 3143 4531 ut
3174 4476 3264 4547 qui
3302 4477 3470 4533 Sum-

1797 4570 2022 4634 Dmani
2077 4583 2274 4624 nomen
2325 4583 2388 4624 se
2433 4568 2629 4638 legisse
2679 4567 3006 4633 meminerit,
3050 4568 3140 4623 vix
3191 4570 3327 4625 ullus
3353 4585 3474 4626 am-

1880 4662 2020 4733 plius
2047 4661 2381 4718 inveniretur
2412 4660 2594 4715 homo.
2621 4658 2691 4715 At
2721 4660 2863 4715 hunc
2892 4658 3241 4716 nihilominus
3270 4661 3499 4719 ethnici.

1880 4756 2065 4818 deum,
2098 4751 2175 4807 uti
2198 4750 2370 4808 Varro
2419 4761 2666 4818 testatur,
2700 4766 2821 4807 esse
2849 4751 3221 4809 autumabant.
3256 4756 3325 4809 At
3353 4756 3476 4826 quis

1882 4850 2028 4917 inde,
2060 4860 2221 4920 atque
2248 4846 2411 4905 exiis
2456 4846 2727 4912 omnibus,
2758 4863 2880 4919 quae
2908 4857 3022 4906 toto
3069 4847 3174 4906 hoc
3202 4850 3254 4905 in
3301 4853 3481 4923 capite

1884 4943 2161 5013 diSputata
2212 4949 2381 5010 sunt,
2437 4941 2692 4998 facillime
2755 4958 2860 4998 non
2916 4943 3181 5016 intelligat
3234 4947 3481 5004 ethnicos

1887 5037 2022 5092 nihil
2050 5035 2120 5093 de
2148 5035 2398 5104 Laribus,
2443 5035 2758 5102 Penatibus,
2806 5034 3206 5105 Novensilibus,
3253 5040 3480 5111 aliisque

1886 5129 1993 5186 diis
2022 5130 2278 5185 habuisse
2307 5140 2516 5185 certum
2546 5138 2602 5184 et
2649 5127 3024 5199 exploratum?
3051 5128 3180 5199 Quis
3232 5116 3361 5203 ergo
3386 5146 3482 5188 eos

1891 5223 2051 5294 plane
2073 5222 2237 5278 falsos
2264 5219 2773 5292 commentitiosque
2811 5236 2932 5277 esse
2974 5221 3329 5278 diftitebitur?
3356 5225 3485 5297 (Ar-

1892 5317 2037 5382 nob.,
2071 5313 2109 5370 ι.
2144 5330 2223 5383 ttt,
2248 5334 2301 5389 p.
2332 5314 2474 5382 125;
2519 5310 2698 5382 Varr.,
2725 5314 2762 5368 ι.
2798 5329 2853 5369 tv
2905 5316 2970 5368 de
3008 5311 3159 5386 Ling.
3190 5314 3383 5386 lat.,p.
3418 5316 3488 5372 18

1895 5418 1942 5464 et
1991 5407 2098 5474 19;
2131 5406 2351 5473 Arnob.,
2385 5405 2423 5461 ι.
2455 5422 2509 5474 v,
2537 5425 2591 5479 ρ.
2623 5407 2727 5463 175
2771 5417 2817 5460 et
2871 5406 3009 5472 185,
3064 5408 3102 5461 ι.
3134 5423 3210 5473 γι,
3264 5427 3317 5480 ρ.
3351 5408 3491 5476 191;

1896 5498 2031 5568 Cic.,
2054 5498 2146 5556 lib.
2195 5515 2213 5554 ι
2248 5498 2311 5554 de
2340 5496 2598 5564 Divinat.,
2629 5515 2682 5566 p.
2726 5496 2852 5564 257,
2884 5497 2978 5554 lin.
3010 5499 3074 5554 41
3103 5516 3117 5566 ;
3152 5497 3321 5568 Plin.,
3364 5500 3402 5555 Ι.
3456 5517 3494 5557 tt

1898 5594 2097 5651 Natur.
2127 5595 2276 5664 hist.,
2316 5612 2367 5650 c.
2400 5595 2494 5662 52,
2520 5613 2575 5665 p.
2609 5592 2717 5650 206
2746 5608 2761 5658 ;
2797 5590 3046 5664 August.,
3071 5593 3108 5649 Ι.
3140 5610 3189 5650 ιν
3229 5598 3292 5652 de
3315 5596 3497 5665 Civit.,

1895 5702 1946 5743 ο.
1974 5688 2068 5755 25,
2089 5706 2142 5760 ρ.
2165 5684 2321 5760 105.)

1975 5781 2085 5840 Sed
2138 5789 2293 5848 urget
2329 5779 2639 5851 Arnobius,
2687 5777 2941 5853 huncque
2989 5791 3401 5855 argumentatur
3449 5788 3507 5846 in

2964 5873 3042 5943 19
