3904 6326
435 254 541 314 587

1690 243 2150 308 DISSERTATIO
2180 244 2463 308 PR/EVIA
3171 274 3174 277 ·
3592 260 3677 324 588

432 371 652 428 modum
674 372 699 426 ι
722 369 959 445 (Arnob.,
997 367 1034 422 ι.
1064 380 1144 435 ιιι,
1173 380 1226 435 ρ.
1252 364 1401 439 125.)
1426 363 1679 437 Quisquis
1707 367 1870 423 alicui
1898 381 2024 436 sup-
2051 363 2109 427 Α
2130 369 2240 424 ris:
2274 370 2410 426 alter
2459 364 2757 443 Hiperione
2784 385 2798 423 :
2834 368 3025 425 tertius
3054 364 3295 427 Vulcano
3337 366 3438 431 Nili
3483 373 3677 436 lilio.....

431 467 598 537 plicat
642 465 768 535 deo,
797 463 881 519 vel
925 462 1041 533 ejus
1090 460 1342 531 implorat
1393 460 1672 528 auxilium,
1720 462 1805 517 vel
1837 460 2026 516 morbo

437 561 620 631 aliquo
650 574 709 613 se
736 557 803 611 ab
835 555 927 610 illo
958 553 1127 609 levari
1157 553 1315 624 plane
1346 553 1599 624 postulat,
1633 555 1679 611 is
1708 555 1849 611 scire
1878 556 2028 622 prius

442 653 626 719 debet,
649 654 769 722 quis
804 650 896 706 ille
923 648 1057 704 deus
1087 648 1175 714 sit,
1208 657 1261 703 et
1292 656 1468 704 utrum
1498 648 1564 705 ab
1589 648 1811 717 illo,aut
1836 649 1905 707 ab
1924 650 2031 706 alio

448 745 619 814 possit
645 759 730 804 ea,
764 757 884 813 qua:
908 750 1079 812 rogat,
1106 740 1416 810 impetrare.
1445 738 1557 796 Nec
1578 742 1878 812 minusipsi
1908 756 2030 813 per-

435 840 679 908 spicuum
711 851 832 891 esse
858 834 1021 891 debet
1050 835 1243 907 quibus
1288 836 1470 891 verbis
1499 834 1549 891 ei
1592 834 2028 906 supplicandum,

442 947 619 1003 quove
668 929 1078 986 sacriﬁcandum
1110 930 1237 984 ritu.
1282 930 1443 999 Atqui
1496 945 1617 985 cum
1651 938 1795 984 tanta
1841 930 1912 985 sit
1964 929 2033 986 de

436 1040 547 1079 uno
574 1023 677 1078 deo
725 1022 1039 1093 opinionum
1088 1022 1325 1077 varietas
1350 1030 1406 1078 et
1439 1022 1816 1092 repugnantia,
1851 1022 2034 1077 nullus

436 1117 681 1188 profecto
731 1116 783 1171 id
823 1115 966 1171 scire
1021 1129 1277 1186 umquam
1325 1123 1520 1185 potest.
1540 1114 1641 1182 Qui
1675 1130 1803 1185 ergo
1844 1116 1897 1170 in
1931 1116 2035 1172 hac

434 1210 773 1282 ignoratione
799 1200 1067 1273 versatur,
1093 1208 1185 1262 ille
1217 1216 1423 1263 temere
1463 1207 1622 1263 deum
1665 1208 1923 1279 aliquem,
1954 1218 2036 1263 at-

434 1318 540 1372 que
568 1317 733 1358 unum
782 1315 928 1370 saepe
962 1302 1160 1370 smpius
1209 1316 1309 1369 pro
1357 1300 1486 1367 alio,
1531 1297 1883 1355 Summanum
1934 1308 2037 1373 pro‘

435 1395 593 1459 Jano,
624 1394 929 1465 Neptunum
963 1408 1061 1463 pro
1090 1393 1357 1463 Apolline,
1391 1408 1489 1463 pro
1526 1393 1753 1450 Laribus
1784 1394 2035 1464 Curetes,

436 1496 530 1541 aut
550 1486 782 1542 Penates
814 1485 1105 1541 invocabit.
1137 1480 1363 1540 Tantum
1403 1487 1564 1556 igitur
1584 1486 1757 1554 abest,
1787 1496 1845 1541 ut
1871 1488 2039 1543 sacri-

436 1578 595 1645 ﬁciis,
644 1587 699 1632 et
739 1577 987 1648 precibus
1031 1592 1114 1643 ea,
1160 1593 1280 1649 qua:
1322 1578 1389 1633 ab
1420 1578 1514 1633 illo
1557 1582 1709 1650 petit,
1764 1592 1954 1637 exoret
1981 1588 2038 1638 et

437 1682 797 1743 consequatur
826 1686 840 1736 ;
868 1680 930 1726 ut
978 1671 1280 1727 obstructas
1319 1672 1701 1743 obturatasque
1731 1688 1891 1730 aures
1917 1674 2038 1746 ejus

2129 471 2354 531 quartus
2380 462 2447 530 is,
2466 474 2629 533 quem
2655 461 2887 518 heroicis
2918 465 3256 536 temporibus
3282 466 3512 525 Achanto
3532 468 3682 531 Rhodi

2130 558 2406 627 peperisse
2461 556 2681 623 dicitur,
2731 572 2887 611 avum
2926 546 3137 629 Jalysi,
3190 556 3387 615 Camiri
3433 572 3484 618 et
3508 558 3680 621 Lindi:

2131 650 2373 721 quintus,
2390 650 2481 721 qui
2507 644 2724 706 Colchis
2738 650 2909 706 lertur
2935 646 3147 708 Aietam
3173 666 3230 709 et
3257 652 3441 712 Circen
3470 673 3684 727 procrea-

2132 746 2276 801 visse
2311 764 2331 797 ι
2383 743 2600 819 (Ciam,
2630 744 2669 799 ι.
2717 761 2775 801 ιιι
2822 744 2885 800 de
2932 738 3124 801 Natur.
3156 746 3324 815 deor.,
3374 767 3425 821 ρ.
3462 750 3578 819 247,
3606 753 3683 809 lin.

2134 839 2253 907 45).
2285 837 2469 908 Neque
2500 838 2725 909 obiicias
2753 839 3049 895 Arnobium
3077 840 3150 895 ibi
3205 842 3471 912 paululum
3500 862 3529 900 a
3559 832 3687 902 Cice¥

2135 944 2268 985 rone
2300 928 2539 985 variasse
2564 945 2581 995 ;
2603 930 2801 1002 quippe
2840 930 2930 1003 qui
2958 932 3254 990 secundum
3299 933 3475 993 Solem
3500 953 3562 993 ex
3580 937 3689 996 Jove

2137 1030 2193 1076 et
2224 1021 2546 1091 Hiperioae,
2602 1021 2795 1080 Cicero
2838 1040 2970 1081 vero
3023 1042 3090 1082 ex
3135 1026 3420 1098 Hiperione
3448 1029 3691 1087 dumtaxat

2138 1122 2325 1170 natum
2349 1114 2562 1175 dixerit.
2575 1115 2709 1171 Nam
2737 1118 2947 1173 tametsi
2977 1119 3298 1190 responderi
3331 1122 3495 1191 possit
3520 1122 3692 1180 lectum

2138 1211 2371 1268 fortasse
2400 1212 2468 1267 ab
2498 1213 2740 1269 Arnobio
2767 1214 2822 1269 in
2848 1214 3129 1271 Ciceronis
3159 1224 3309 1272 textu
3335 1232 3522 1273 nomen
3549 1218 3691 1287 Jovis,

2141 1320 2204 1361 ea
2244 1305 2519 1360 levissima
2549 1304 2939 1377 discrepantia,
2972 1324 3073 1379 qua
3105 1308 3299 1365 Cicero
3326 1311 3576 1381 Apollinis
3601 1320 3696 1368 tan-

2148 1406 2261 1453 tum
2302 1404 2555 1464 matrem,
2583 1406 2637 1454 et
2666 1396 2943 1455 Arnobius
2968 1402 3173 1470 patrem
3225 1408 3283 1456 et
3309 1411 3527 1459 matrem
3554 1402 3699 1457 nomi-

2144 1500 2259 1556 nat,
2290 1490 2425 1546 nulli
2465 1491 2813 1562 persuadebit
2852 1491 2994 1549 hunc
3019 1492 3303 1552 Ciceronis
3327 1494 3497 1551 locum
3522 1496 3583 1551 ab
3612 1498 3699 1549 Ar-

2144 1585 2309 1639 nobio
2337 1600 2445 1639 non
2476 1584 2645 1643 fuisse
2665 1586 3036 1657 compilatum.

2220 1676 2449 1749 Urgebis
2473 1687 2723 1749 quartum
2753 1677 2937 1736 Solem
2964 1680 3032 1737 ab
3061 1681 3305 1738 Arnobio
3321 1680 3485 1754 Jalysi
3502 1689 3698 1752 patrem,

442 1764 700 1830 inveniat,
751 1773 841 1819 aut
887 1764 939 1818 in
996 1763 1139 1819 illius
1191 1765 1430 1821 incurrat
1480 1764 1836 1823 oll‘ensionem
1864 1776 2029 1839 atque
2063 1754 2113 1815 Β
2139 1782 2193 1828 et
2222 1787 2253 1826 a
2283 1769 2545 1830 Cicerone
2596 1788 2756 1829 avum
2798 1774 3003 1831 vocari.
3034 1775 3102 1829 At
3132 1775 3392 1846 numquid
3439 1774 3595 1847 patris
3620 1788 3699 1828 no-

436 1854 637 1911 odium.

994 1982 1293 2024 ABTICULUS
1332 1985 1404 2025 ιν.

424 2081 754 2151 Perpenditur
775 2079 906 2131 aliud
925 2082 1135 2151 Arnobii
1150 2091 1320 2134 contra
1358 2088 1583 2151 gentium
1607 2087 1731 2137 deos
1758 2100 2027 2151 argumen-

490 2150 609 2216 tum,
636 2145 835 2216 ducturi]
851 2157 915 2216 ex
930 2145 1549 2216 multjplicatoeorumglem
1565 2145 2024 2216 deorumgn'umero,

491 2208 650 2273 tribus
673 2207 908 2273 videlicet
929 2207 1156 2273 levibus.
1179 2211 1399 2273 quinque
1423 2211 1638 2270 Solibus,
1669 2213 1873 2263 totidem
1899 2207 2030 2265 Mer:-

489 2269 997 2334 curiisac‘h‘linervis,
1024 2269 1232 2334 quatuor
1274 2269 1523 2334 vulcanis,
1572 2276 1732 2325 tribus
1768 2274 1935 2328 Dianis
1975 2284 2031 2330 et

489 2328 797 2393 )Esculapiis,
820 2346 913 2399 sex
936 2328 1256 2396 Herculihus,
1294 2328 1549 2399 tribusque
1574 2336 1826 2389 Castorum
1844 2348 1898 2389 et
1918 2328 2025 2391 Mu-i

486 2407 656 2444 sarum
672 2395 961 2457 generibus.

502 2524 672 2593 Quam
702 2522 819 2579 falsi
868 2526 977 2581 sint
1001 2524 1275 2598 gentiliqu
1310 2529 1382 2584 dii
1413 2531 1818 2589 evidentissime
1847 2535 2025 2592 adhuc

436 2616 630 2685 probat
650 2614 790 2672 facta
820 2632 928 2671 non
968 2619 1146 2672 solum
1177 2619 1244 2673 ab
1271 2619 1532 2687 imperitis
1563 2624 2023 2694 quibusdam,sed

431 2709 498 2763 ab
540 2709 772 2780 antiquis
802 2709 962 2764 etiam
1016 2726 1079 2765 ac
1121 2712 1466 2781 peritioribus
1514 2716 1727 2773 illorum
1758 2717 2022 2792 theologis

425 2803 584 2857 unius
613 2801 962 2874 ejusdemque
1003 2803 1090 2859 dei
1120 2805 1519 2877 multiplicatio.
1560 2809 1669 2867 Sed
1716 2813 1905 2870 audias
1931 2829 2022 2872 ve-

423 2898 519 2953 lim
559 2899 831 2970 quomodo
873 2899 1144 2956 Arnobius
1185 2902 1289 2959 hoc
1337 2904 1671 2966 demonstret
1701 2927 1810 2967 non
1841 2914 2019 2969 mino-

424 3006 545 3045 rum
575 2991 814 3061 quidem,
866 2992 961 3046 sed
990 2992 1256 3063 majorum
1299 3012 1535 3068 quoque,
1568 3002 1641 3055 uti
1669 3002 2021 3072 jactitabant,

421 3084 645 3138 deorum
686 3084 971 3154 exemplis.
1010 3084 1100 3141 Sic
1145 3095 1324 3142 autem
1358 3089 1446 3144 ille
1478 3108 1491 3143 :
1522 3109 1541 3142 σ
1572 3092 1737 3148 Aiunt
1780 3094 2019 3167 theologi

419 3177 607 3244 vestri,
628 3187 679 3231 et
706 3178 986 3232 vetustatis
1007 3178 1335 3235 abscondita:
1359 3182 1687 3250 conditores,
1707 3195 1815 3242 tres
1844 3187 1894 3241 in
1924 3204 2018 3243 re—

419 3286 539 3324 rum
574 3279 761 3324 natura
794 3269 955 3325 Joves
987 3285 1127 3335 esse,
1179 3287 1247 3327 ex
1276 3272 1472 3343 quibus
1504 3291 1641 3329 unus
1684 3276 1914 3334 Aitltere
1943 3281 2020 3335 sit;

418 3376 574 3437 patre
606 3364 942 3436 progenitus,
969 3363 1107 3421 alter
1132 3367 1290 3429 caelo,
1344 3368 1534 3425 tertius
1581 3386 1710 3426 vero
1755 3372 2011 3443 Saturno,

415 3459 556 3532 apud
586 3459 815 3514 insulam
867 3458 1102 3526 Cretam,
1133 3470 1190 3516 et
1220 3461 1512 3531 sepultum
1542 3463 1771 3520 traditus
1800 3477 1855 3522 et
1886 3484 2017 3538 pro~

412 3566 627 3612 creatus
664 3575 683 3608 ›
720 3553 960 3627 (Aruob.,
993 3555 1030 3608 ι.
1079 3556 1133 3621 4,
1165 3574 1216 3626 p.
1249 3554 1399 3626 155).
1434 3556 1513 3611 Ex
1540 3553 1801 3615 Cicerone
1832 3572 2015 3617 autem

415 3647 608 3703 isthasc
646 3645 899 3716 decerpta
940 3647 1104 3699 fuisse
1141 3645 1272 3702 satis
1304 3646 1534 3716 probant
1573 3647 1689 3706 haec
1715 3651 1827 3721 ipsa
1859 3655 2015 3712 latini

413 3738 656 3793 Oratoris
683 3736 846 3792 verba
883 3755 896 3789 :
934 3756 952 3789 ί
983 3737 1256 3807 Principio
1288 3736 1446 3794 Joves
1478 3750 1589 3796 tres
1619 3734 1906 3802 numerant
1950 3749 2015 3816 ii,

415 3833 508 3904 qui
559 3832 794 3903 theologi
845 3831 1235 3898 nominantur;
1269 3850 1337 3887 ex
1363 3835 1558 3904 quibus
1590 3839 1820 3908 primum
1843 3849 1899 3895 et
1926 3856 2020 3899 se-

411 3925 644 3983 cundum
672 3935 831 3981 natos
855 3924 906 3978 iu
937 3924 1191 3988 Arcadia,
1219 3926 1450 3982 alterum
1478 3940 1630 3999 patre
1659 3930 2017 3993 Emere”...

411 4023 641 4077 alterum
670 4030 826 4092 patre
855 4019 1127 4075 leo.....
1158 4021 1375 4075 tertium
1423 4021 1740 4080 Cretensem
1788 4027 2011 4086 Saturni

411 4116 598 4181 ﬁlium,
633 4115 788 4185 cujus
844 4114 895 4167 in
951 4113 1126 4167 insula
1178 4113 1266 4168 illa
1310 4116 1617 4185 sepulcrum
1650 4121 1954 4177 ostenditur
1983 4144 2004 4175 ι

412 4210 620 4286 (Cicera,
654 4208 691 4263 ι.
748 4224 800 4263 ιιι
837 4208 899 4261 de
932 4204 1127 4260 Natur.
1178 4207 1347 4273 deor.,
1395 4226 1449 4278 p.
1497 4207 1750 4275 247,!1'12.
1804 4213 2014 4284 54).Αι

411 4317 709 4372 graecorum
736 4309 980 4355 veterum
1010 4316 1074 4355 ea
1102 4298 1269 4354 fuisse
1310 4312 1619 4357 commenta
1651 4320 1715 4358 ex
1760 4309 2008 4375 superio-

411 4396 563 4450 ribus
586 4395 866 4450 Ciceronis
911 4393 1092 4447 verbis
1134 4391 1290 4448 facile
1347 4394 1525 4467 colligi
1569 4407 1783 4466 potest:
1824 4420 1842 4452 r
1875 4402 2023 4457 Nam

2141 1867 2309 1936 mine,
2367 1883 2499 1923 avus
2521 1871 2829 1941 'numquam
2875 1868 3165 1941 signiﬁcari
3196 1870 3414 1941 potest?
3439 1867 3582 1937 Quod
3607 1877 3702 1922 tan-

2142 1960 2268 2015 dem
2296 1959 2521 2031 quintus
2548 1960 2639 2018 Sol
2676 1978 2707 2017 a
2732 1962 2998 2019 Cicerone
3050 1962 3227 2020 JEeta:
3269 1974 3324 2019 et
3352 1961 3550 2029 Circes,
3579 1971 3628 2018 et
3650 1960 3704 2017 ab

2139 2052 2383 2109 Aruobio
2412 2054 2651 2125 Scythici
2692 2057 2834 2128 regis
2861 2065 2916 2112 et
2943 2055 3118 2113 Circae
3145 2057 3289 2112 ﬁlius
3319 2056 3543 2124 dicatur,
3569 2053 3702 2109 ambo

2141 2149 2324 2204 verbis
2357 2156 2566 2203 tantum
2597 2148 2943 2206 dissentiunt.
2969 2150 3110 2219 Quid
3155 2152 3304 2208 enim
3335 2160 3477 2207 vetat
3525 2148 3704 2220 quomi-

2139 2257 2240 2296 nus
2280 2241 2521 2313 Scythici
2564 2242 2708 2314 regis
2754 2246 2974 2301 nomine
3020 2243 3207 2300 metas
3251 2241 3703 2314 Colchorum,qui

2142 2332 2366 2404 Scythis
2395 2335 2525 2389 olim
2558 2337 3006 2406 accensebantur,
3034 2353 3132 2394 rex
3156 2336 3524 2408 intelligatur?

2213 2429 2269 2481 In
2299 2427 2521 2483 dubium
2547 2438 2729 2486 autem
2772 2432 2951 2486 nullus
2984 2447 3239 2502 umquam
3266 2432 3504 2497 vocabit,
3525 2445 3633 2501 qua:
3649 2428 3703 2483 de

2137 2522 2377 2591 quinque
2401 2521 2683 2579 Mercuriis
2714 2524 2992 2595 subjungit
3021 2524 3320 2590 Arnobius,
3350 2540 3412 2580 ea
3442 2540 3507 2579 ex
3538 2521 3702 2578 eodem

2138 2614 2400 2669 Cicerone
2449 2612 2616 2670 fuisse
2671 2614 2929 2671 delibata.
2963 2616 3090 2673 Sola
3142 2615 3413 2688 siquidem
3444 2612 3701 2670 verborum

2137 2710 2432 2782 descriptio
2476 2709 2974 2766 manifestissimum
3020 2709 3152 2765 illud
3182 2710 3438 2765 omnibus
3464 2709 3599 2765 facit.
3623 2706 3704 2762 Ar-

2137 2802 2282 2857 unbii
2329 2808 2506 2858 autem
2541 2801 2657 2857 haec
2702 2811 2832 2858 sunt
2865 2823 2877 2857 :
2918 2822 2937 2854 ‹
2972 2800 3270 2857 Mercurius
3298 2804 3521 2874 primus,
3556 2799 3636 2871 qui
3659 2798 3704 2852 in

2138 2892 2524 2965 Proserpinam
2556 2894 2754 2950 dicitur
2779 2894 3104 2965 genitalibus
3143 2892 3513 2949 adhinnivisse
3539 2893 3705 2948 subre-

2135 2985 2259 3053 ctis,
2294 2986 2534 3057 supremi
2559 2986 2847 3057 progenies
2875 2986 3015 3041 Caeli
3041 2992 3146 3060 est.
3172 2983 3290 3042 Sub
3312 2995 3456 3041 terra
3476 2990 3554 3040 est
3571 2981 3703 3043 alter,

2133 3078 2478 3150 Trophonius
2500 3080 2591 3150 qui
2634 3093 2755 3135 esse
2779 3082 3033 3149 jactatur.
3066 3074 3202 3133 Maia
3236 3079 3434 3135 tertius
3461 3078 3638 3140 matre,
3665 3077 3710 3128 et

2131 3172 2264 3230 Jove
2319 3180 2634 3244 procreatus
2685 3174 2865 3231 tertio.
2920 3171 3155 3242 Quartus
3211 3173 3434 3230 soboles
3483 3166 3579 3227 Nili
3619 3175 3706 3233 est,

2135 3269 2289 3338 cujus
2320 3284 2517 3323 nomen
2550 3262 2799 3340 Aﬁgyptia
2837 3282 2970 3338 gens
3000 3265 3185 3322 horret
3213 3276 3272 3323 et
3318 3273 3592 3323 reveretur
3629 3275 3709 3316 ex-

2131 3377 2403 3435 promere.
2429 3362 2660 3430 Quintus
2688 3362 2817 3432 Argi
2854 3370 2937 3417 est
2965 3362 3348 3433 interemptor,
3383 3357 3621 3431 fugitivus
3643 3361 3709 3407 at-

2134 3473 2241 3527 que
2270 3457 2443 3525 exsul,
2475 3468 2531 3513 et
2588 3450 2830 3528 proditor
2880 3456 3019 3527 apud
3050 3454 3349 3529 Egyptum
3382 3457 3662 3512 litterarum
3688 3467 3704 3501 ι

2131 3549 2378 3624 (Arnob.,
2412 3550 2453 3605 ι.
2486 3566 2560 3619 tv,
2595 3569 2649 3620 p.
2685 3549 2833 3623 155).
2861 3551 3052 3607 Cicero
3082 3567 3210 3606 vero
3231 3550 3383 3607 hunc
3418 3550 3639 3621 loquitur
3664 3546 3706 3599 in

2132 3644 2353 3699 modum
2386 3664 2399 3699 :
2432 3638 2732 3700 Mercurius
2760 3660 2899 3700 unus
2942 3644 3093 3703 C0310
3126 3656 3298 3717 patre,
3327 3645 3424 3701 Die
3452 3653 3614 3700 matre
3630 3654 3707 3695 nte

2136 3747 2239 3801 tus,
2267 3738 2421 3806 cujus
2451 3736 2741 3792 obscenius
2770 3738 3006 3793 excitata
3059 3749 3250 3793 natura
3283 3738 3539 3800 traditur;
3583 3728 3705 3805 quod

2078 3860 2081 3863 -
2125 3832 2355 3901 aspectu
2410 3829 2754 3901 Proserpina:
2799 3840 3104 3885 commotus
3169 3832 3261 3886 sit.
3311 3822 3465 3887 Alter
3493 3821 3705 3883 Valentis

2130 3936 2189 3995 et
2215 3919 2566 3980 Phronoridis
2599 3922 2764 3991 filius,
2796 3924 2843 3979 is
2870 3924 2963 3996 qui
2990 3925 3092 3980 sub
3124 3925 3287 3980 terris
3312 3924 3560 3987 habetur,
3584 3918 3702 3973 idem

2131 4012 2506 4088 TrOpltonius.
2550 4014 2765 4073 Tertius
2821 4016 2955 4073 Jove
3013 4017 3169 4072 tertio
3199 4027 3359 4074 natus
3394 4025 3451 4073 et
3477 4010 3703 4070 Maia..."

2133 4111 2368 4178 Quartus
2396 4108 2515 4165 Nilo
2542 4120 2714 4179 patre,
2743 4123 2903 4179 Quem
2939 4106 3176 4180 Ᾰζεγριὶἰ
3224 4107 3380 4165 nefas
3404 4106 3597 4161 habent
3620 4116 3703 4155 no-

2137 4203 2362 4259 minare.
2388 4205 2639 4271 Quintus,
2670 4218 2829 4274 quem
2853 4203 3038 4257 colunt
3070 4202 3382 4266 Pheneatae,
3409 4201 3498 4273 qui
3529 4198 3704 4267 Argum

2135 4296 2332 4351 dicitur
2359 4298 2718 4360 interemisse,
2740 4296 2809 4351 ob
2831 4312 3058 4367 eamque
3082 4310 3304 4350 causam
3331 4290 3562 4365 Aiigypto
3586 4301 3701 4359 pra:-

2145 4388 2336 4455 fuisse,
2383 4400 2543 4461 atque
2569 4386 2840 4460 {Egyptiis
2884 4389 3031 4459 leges
3057 4397 3113 4443 et
3140 4382 3351 4444 litteras
3382 4383 3653 4442 tradidisse
3684 4397 3699 4430 ι

409 4487 571 4544 Joves
615 4501 828 4558 quoque
884 4486 1086 4555 plures,
1131 4486 1205 4539 ait
1250 4486 1360 4553 ille,
1393 4489 1445 4541 in
1473 4490 1663 4558 priscis
1704 4509 2024 4564 graecorum
2050 4529 2107 4593 Β
2135 4479 2347 4553 (Cium,
2377 4480 2408 4534 ι.
2446 4498 2503 4535 ιιι
2545 4481 2608 4533 de
2639 4479 2832 4534 Natur.
2860 4470 3030 4547 deam,
3079 4499 3132 4552 ρ.
3164 4479 3294 4548 248,
3326 4480 3425 4534 (in.
3456 4472 3534 4548 4).
3562 4470 3703 4530 Vides

414 4580 610 4636 litteris
655 4578 961 4632 invenimus
998 4598 1017 4628 ι
1076 4575 1262 4642 (lbid.,
1308 4597 1359 4649 p.
1412 4578 1543 4645 245,
1601 4581 1696 4638 lin.
1747 4583 1863 4657 45).
1898 4585 2029 4644 Νςοε

408 4690 542 4732 vero
561 4672 627 4727 de
669 4672 816 4726 hisce
870 4677 1031 4738 atque
1077 4669 1194 4724 aliis
1246 4671 1421 4726 adhuc
1454 4670 1677 4729 Jovibus
1715 4675 1845 4731 alibi
1890 4680 2064 4750 egi}.

410 4783 531 4824 tuus
557 4765 705 4837 (tom.
732 4779 747 4816 ι
779 4762 1056 4832 Apparat.,
1090 4779 1141 4829 ρ.
1169 4761 1315 4832 752).

478 4862 615 4919 Τιιιιι
662 4856 855 4915 deinde
887 4853 1156 4909 Arnobius
1202 4855 1389 4925 objicit
1417 4858 1653 4930 quinque
1695 4861 1763 4916 ab
1815 4860 2023 4923 iisdem

408 4959 638 5019 ethnicis
664 4954 819 5011 Soles
859 4948 1106 5021 produci,
1136 4966 1364 5019 quorum
1402 4970 1421 5003 ι
1461 4952 1687 5023 primus,
1714 4955 1890 5025 Jovis,
1924 4962 2026 5017 in-

405 5056 540 5130 quit,
572 5050 712 5106 lilius
759 5046 979 5111 dicitur,
1011 5054 1063 5099 et
1093 5042 1333 5099 Etheris
1390 5045 1620 5102 habetur
1652 5066 1823 5120 nepos
1854 5071 1867 5119 ;
1916 5070 2023 5111 εςθ-

407 5149 622 5209 cuudus
677 5156 834 5212 atque
897 5138 1045 5194 Jovis
1098 5136 1259 5204 ﬁlius,
1309 5146 1364 5192 et
1416 5137 1703 5210 Hiperiona
1753 5146 2024 5215 ρτοάίιυε

404 5244 706 5320 genitrice:
743 5236 934 5293 tertius
952 5231 1219 5299 Vulcano,
1240 5246 1345 5285 non
1375 5230 1623 5302 Letnnio,
1654 5237 1751 5292 sed
1784 5237 1925 5296 Νίιί(
1954 5243 2026 5313 [ui

401 5336 564 5395 fuerit
596 5332 737 5388 lilius
765 5346 780 5395 ;
812 5334 1035 5400 quartus
1082 5322 1246 5394 Jalysi
1300 5333 1471 5393 pater,
1505 5338 1663 5395 quem
1695 5328 1874 5386 Rhodi
1908 5349 2027 5402 με.

398 5434 540 5505 perit
560 5424 795 5486 heroicis
818 5418 1154 5488 temporibus
1185 5414 1430 5472 Acbanto
1466 5434 1478 5469 :
1510 5419 1728 5491 quintus
1755 5423 1924 5496 Scylh
1957 5426 2021 5481 ξεί

395 5527 555 5597 regis,
583 5533 636 5579 et
666 5516 966 5587 versipellis
998 5512 1223 5568 habetur
1250 5511 1453 5565 Circaei
1483 5512 1728 5585 (Arnob.,
1763 5518 1860 5571 Liv
1895 5562 1910 5586 ,
1960 5538 2015 5591 ῃ.

394 5620 545 5690 155).
580 5620 646 5672 At
688 5617 803 5669 lucc
858 5609 1018 5664 etiam
1067 5608 1254 5661 hausta
1311 5616 1434 5659 sunt
1477 5622 1540 5661 ex
1589 5608 1875 5677 Cicerone,
1902 5630 1933 5684 q
1960 5616 2019 5669 ui

392 5718 539 5787 prius
592 5713 841 5768 dixerat:
882 5725 902 5757 ι
940 5705 1097 5762 Soles
1126 5703 1229 5774 ipsi
1263 5717 1422 5772 quam
1475 5703 1631 5757 multi
1661 5720 1690 5758 a
1718 5706 2014 5780 theologis

388 5806 756 5881 proferuntur.
786 5800 940 5858 Unus
993 5814 1180 5857 eorum
1212 5797 1347 5854 Jove
1376 5807 1555 5866 natus,
1598 5814 1768 5871 nepos
1793 5801 1938 5860 [Etht
1964 5818 2010 5863 e-

2134 4592 2265 4631 sane
2308 4576 2425 4631 haec
2474 4576 2825 4645 proculdubio
2867 4575 2935 4631 ab
2981 4580 3203 4630 auctore
3232 4586 3423 4629 nostro
3451 4572 3702 4637 desumpta

2134 4664 2321 4737 fuisse,
2351 4686 2470 4741 quae
2499 4672 2612 4725 suis
2636 4670 2841 4739 verbis,
2874 4679 2929 4727 et
2972 4668 3193 4725 brevius
3231 4669 3477 4742 quidem,
3502 4662 3591 4721 sed
3616 4660 3701 4717 mi-

2134 4784 2235 4822 nus
2258 4766 2533 4837 eleganter
2563 4762 2816 4820 reddidit.
3356 4842 3359 4845 Ι

2204 4861 2559 4933 Prosequitur
2605 4856 2716 4927 ille,
2746 4875 2810 4914 ac
2849 4859 3087 4931 quinque
3134 4859 3298 4915 etiam
3349 4857 3610 4913 Minervas
3644 4847 3700 4902 ab

2132 4946 2423 5028 gentilibus
2449 4953 2755 5009 venditatas
2782 4952 2855 5007 ita
2885 4951 3405 5009 recensuituPrima
3432 4964 3535 5006 non
3553 4943 3700 5013 virgo,

2130 5053 2226 5108 sed
2245 5068 2313 5108 ex
2338 5050 2579 5105 Vulcano
2603 5048 2868 5120 Apollinis
2895 5048 3250 5119 procreatrix.
3269 5047 3377 5102 Nili
3403 5046 3564 5100 altera
3592 5051 3697 5110 pro-

2132 5145 2235 5210 les,
2269 5153 2322 5198 et
2350 5159 2468 5215 qua:
2493 5156 2615 5197 esse
2646 5140 2961 5212 perhibetur
2987 5139 3265 5214 Egyptia.
3301 5139 3480 5215 Stirps
3507 5125 3697 5193 Saturni

2128 5249 2213 5295 est
2246 5239 2423 5302 tertia,
2456 5247 2510 5292 et
2535 5250 2655 5306 qua:
2698 5249 2852 5289 usuin
2883 5235 3209 5305 excogitavit
3249 5246 3547 5289 armorum.
3571 5224 3694 5283 Jovis

2129 5342 2319 5405 quarta
2360 5330 2665 5403 progenies,
2695 5344 2854 5397 quam
2886 5327 3137 5384 Messenii
3163 5325 3547 5401 Corypbasiam
3573 5333 3692 5377 nuu-

2128 5438 2345 5498 cupant.
2379 5426 2448 5480 Et
2491 5438 2610 5491 qua:
2640 5423 2936 5478 Pallantem
2974 5421 3172 5478 occidit
3217 5432 3450 5493 patrem,
3483 5419 3693 5473 incesto-

2125 5538 2242 5575 rum
2266 5519 2642 5589 appetitnrem,
2667 5524 2750 5572 est
2771 5516 2953 5585 quinta
2989 5534 3009 5567 ι
3043 5513 3285 5589 (Arnob.,
3320 5518 3361 5568 ι.
3392 5528 3465 5575 ιιι,
3495 5502 3688 5580 ρ.155)ι

2124 5614 2333 5671 Tullius
2362 5627 2492 5667 vero
2528 5627 2545 5665 :
2581 5629 2600 5662 ι
2639 5610 2874 5666 Minerva
2903 5611 3096 5680 prima,
3124 5623 3285 5680 quam
3311 5604 3575 5680 Apollinis
3591 5613 3688 5655 ma-

2123 5719 2261 5765 trem
2293 5722 2454 5778 supra
2481 5705 2736 5773 diximus.
2767 5678 3014 5760 Secunda
3041 5678 3163 5759 orta
3190 5700 3336 5767 Nilo,
3369 5714 3524 5772 quam
3547 5678 3688 5764 Egy-

2122 5803 2218 5874 ptii
2249 5799 2411 5861 Saita:
2454 5799 2659 5858 colunt.
2685 5786 2888 5865 Tertia,
2922 5795 3014 5853 illa
3051 5810 3211 5867 quam
3239 5793 3381 5851 Jove
3406 5794 3683 5864 generatam
