3904 6326
143 395 229 450 589

1347 383 1410 438 ΙΝ
1450 377 1831 448 ARNOBIUM,
1873 379 2026 436 CAP.
2070 381 2254 438 XVIII.

3320 383 3424 442 3390

143 524 282 579 supra
307 506 561 563 diximus.
604 505 807 574 Quarta
835 502 970 559 Jove
1000 510 1124 558 nata
1154 510 1210 559 et
1233 501 1485 574 Coryphe
1506 501 1704 556 Oceani
1735 503 1787 560 Α
1810 499 1890 554 cia
1941 510 2120 557 vetere
2175 512 2300 557 sunt
2356 504 2584 560 collecta
2608 548 2621 573 ,
2674 503 2834 574 plane
2887 502 3245 559 resistendum
3273 546 3288 570 ,
3345 520 3414 558 ne

145 603 256 664 ﬁlia.
285 616 435 672 quam
473 599 745 656 Aracades
793 583 1010 654 Cor-iam
1046 597 1138 668 (al.
1166 595 1705 670 Corypbasiam)jno-

1811 593 2193 662 perturbentur
2241 597 2546 668 religiones.
2607 600 2845 654 Atcerte
2902 597 3169 653 Arnobius
3227 609 3414 653 noster

143 695 326 752 miuant
345 737 359 761 ,
387 693 464 749 et'
482 693 863 764 quadrigarum
894 692 1246 748 inventricem
1279 691 1476 747 ferunt.
1508 690 1707 758 Quinta
1808 689 2088 757 perspicue
2115 690 2350 744 ostendit
2377 706 2607 761 quonam
2640 693 2924 763 religiones
2951 692 3111 746 modo
3141 690 3224 746 his
3251 692 3413 762 plane

148 785 401 852 Pallantis,
428 802 548 856 quae
574 795 779 856 patrem
800 784 1000 840 dicitur
1026 783 1392 850 interemisse,
1420 782 1703 853 virginita-

148 889 241 938 tem
282 896 428 936 suam
459 880 662 936 violare
697 889 1006 947 conantem,
1039 879 1124 934 cui
1178 880 1462 950 pinnarum
1517 877 1708 932 talaria

142 974 338 1043 affigunt
368 993 388 1026 ι
424 973 635 1047 (Cicer.,
663 974 763 1029 loc.
791 975 904 1038 cit.,
928 973 1024 1028 lin.
1055 973 1171 1043 3|).

198 1066 435 1123 Clemens
464 1067 627 1123 etiam
655 1068 1053 1122 Alexandrinus
1083 1064 1302 1122 totidem
1331 1065 1599 1121 Minervas
1623 1063 1709 1118 di-

146 1168 371 1216 numerat
398 1159 643 1232 (Admon.
673 1160 744 1215 ad
773 1159 948 1224 Genu,
977 1179 1032 1230 p.
1062 1158 1172 1231 I7),
1210 1159 1280 1213 ita
1306 1168 1365 1213 ut
1394 1174 1499 1212 non
1533 1156 1711 1210 minus

143 1262 311 1308 auctor
337 1262 521 1308 noster
549 1252 616 1306 ad
635 1253 804 1319 illum,
822 1267 981 1323 quam
1014 1252 1080 1306 ad
1107 1250 1424 1306 Ciceronem
1453 1247 1713 1304 accedere

136 1346 357 1400 videatur
385 1363 399 1397 :
428 1349 544 1401 Εἰσὶ
564 1345 617 1402 δὲ
644 1346 690 1401 οἱ
718 1347 867 1402 πέντε
897 1344 1098 1406 Ἀθηνᾶς
1133 1345 1478 1408 ὑποτίθενται,
1510 1348 1599 1400 τήν
1622 1345 1712 1413 μὲν

136 1439 403 1513 Ἡφαίστου,
444 1445 534 1498 τήν
566 1438 839 1498 Ἀθηναίαν.
871 1443 962 1497 τήν
989 1437 1044 1493 δὲ
1069 1439 1265 1503 Νείλου,
1295 1442 1385 1494 τὴν
1410 1435 1712 1508 Αἰγυπτίαν.

135 1536 288 1608 τρίτην
313 1538 403 1588 τοῦ
432 1533 644 1608 Κρόνου,
670 1538 763 1592 τὴν
789 1533 1012 1605 πολέμου
1058 1531 1288 1609 εὑρέτην.
1330 1529 1576 1604 τετάρτην
1626 1531 1716 1584 τήν

137 1629 247 1692 Διὸς,
290 1629 347 1686 ἣν
382 1631 675 1685 Macerino:
700 1629 1049 1702 Κορυφασίαν,
1081 1626 1184 1680 ἀπὸ
1209 1632 1301 1684 τῆς
1328 1622 1522 1698 μητρὸς
1549 1623 1717 1675 ἐπικε-

139 1721 379 1779 κὶήκασιν.
412 1719 528 1776 Ἐπὶ
551 1726 704 1785 πᾶσι,
735 1726 825 1780 τὴν
867 1720 1144 1778 Παλλάντος
1187 1721 1271 1772 καί
1320 1713 1581 1776 Τιτανίδος
1626 1723 1721 1774 τῆς

137 1815 367 1878 Ὠκεανοῦ,
399 1813 430 1871 ἢ
459 1813 543 1867 τὸν
566 1814 772 1887 πατέρα
791 1810 1101 1871 δυασσεϐὦς
1126 1810 1490 1873 καταθύσασα,
1520 1814 1594 1880 τῷ
1615 1827 1719 1860 παι

1813 781 2211 849 perturbentur.
2237 781 2370 837 Nam
2400 784 2446 839 si
2471 784 2651 855 plures
2671 785 2797 848 sint,
2824 785 3018 856 inquit,
3044 784 3286 856 ejusdem
3316 799 3413 838 no-

1812 876 1970 931 minis
1995 876 2091 945 dii,
2116 893 2143 930 a
2169 893 2227 932 se
2255 877 2482 934 invicem
2511 878 2770 944 distincti,
2795 879 3114 934 conturbata
3141 877 3414 933 ha-sitabit

1811 967 1997 1039 religio
2023 967 2300 1024 hominum
2322 1014 2336 1038 ,
2369 972 2459 1042 qui
2486 987 2616 1026 sane
2661 972 2727 1026 ad
2769 989 2928 1044 quem
2969 984 3089 1027 vota
3119 987 3416 1042 precesque

1812 1062 2064 1134 dirigant,
2089 1064 2229 1119 scire
2251 1079 2356 1120 non
2386 1073 2655 1136 poterunt.
2682 1064 2818 1132 Quid
2843 1080 2989 1129 vero,
3017 1065 3059 1119 si
3089 1066 3414 1120 sacrificium

1814 1156 2033 1226 aliquod
2080 1155 2371 1226 Minervae,
2419 1167 2512 1214 aut
2542 1158 2692 1225 Iovi,
2736 1167 2829 1213 aut
2872 1159 3025 1214 alteri
3062 1158 3187 1225 ﬁat,
3235 1175 3415 1214 nonne

1816 1250 2179 1322 unusquisque
2201 1268 2268 1308 ex
2290 1254 2352 1306 iis
2375 1253 2476 1308 sibi
2500 1254 2599 1308 soli
2619 1243 2818 1309 factum
2845 1253 3416 1310 existimabit?Nonne

1815 1359 1936 1398 cum
1959 1344 2082 1410 alio,
2108 1346 2150 1399 si
2174 1347 2272 1400 sibi
2299 1347 2410 1401 fieri
2434 1347 2747 1414 contendat,
2776 1347 2921 1403 illico
2945 1349 3228 1418 rixabitur,
3256 1358 3417 1419 atque

1816 1437 1974 1491 ambo
2005 1437 2144 1493 inter
2170 1455 2230 1494 se
2259 1438 2730 1509 digladiabuntur?

1890 1529 2005 1584 Non
2042 1531 2244 1601 patitur
2270 1541 2449 1586 autem
2475 1533 2743 1587 Arnobius
2769 1533 2871 1589 sibi
2898 1531 2965 1589 ab
2993 1533 3170 1605 aliquo
3193 1550 3418 1606 respon-

1819 1623 1934 1679 deri
1967 1622 2359 1694 incompertum
2389 1640 2530 1693 esse,
2565 1642 2631 1680 an
2660 1625 2893 1697 theologi
2924 1628 3153 1698 gentiles
3192 1639 3337 1683 certa
3367 1639 3423 1684 et

1820 1717 2116 1787 explorata,
2157 1727 2248 1772 aut
2275 1717 2396 1773 ﬁcta
2425 1728 2477 1773 et
2508 1717 2638 1773 falsa
2681 1735 2778 1790 pro
2823 1719 3045 1776 libidine
3084 1722 3420 1792 scripserint.

1820 1809 1963 1866 Satis
2001 1810 2278 1866 enimvero
2308 1811 2461 1866 nobis
2490 1821 2605 1878 est,
2640 1812 2843 1883 inquit,
2874 1814 3175 1870 ostendisse
3203 1815 3324 1869 illos
3355 1816 3424 1869 de

140 1909 267 1981 τρῴῳ
293 1905 610 1979 κεκόσμηται
635 1904 839 1978 δέματι,
870 1906 1048 1974 ὥσπερ
1083 1900 1251 1974 κωδίῳ
1278 1917 1293 1954 :
1321 1919 1342 1952 ι
1379 1900 1518 1956 Sunt
1553 1907 1610 1953 et
1629 1896 1719 1968 qui

1849 1903 1985 1958 'ebus
2014 1903 2242 1973 publicis
2280 1915 2333 1959 et
2373 1905 2683 1976 vulgaribus
2710 1905 2886 1977 loqui,
2915 1923 3139 1978 quarum
3173 1925 3424 1979 unaquae-

143 1998 324 2069 ﬁngunt
351 2001 597 2070 quinque
627 1998 922 2064 Minervas,
957 2012 1118 2052 unam
1147 1994 1366 2065 quidem
1400 1992 1625 2050 Vulcani
1655 1992 1718 2045 ﬁ-

143 2090 267 2157 liam,
296 2091 962 2148 Atheniensemmlteram
984 2103 1114 2145 vero
1144 2087 1248 2143 Nili
1280 2107 1299 2140 ι
1325 2087 1415 2158 [de
1439 2103 1542 2155 qua
1571 2085 1722 2140 Plato

144 2182 200 2236 ab
223 2183 444 2254 ipsomet
481 2185 722 2241 Arnobio
753 2185 995 2258 (Arnob.,
1019 2184 1058 2237 ι.
1092 2199 1168 2249 ιν,
1198 2200 1252 2253 p.
1277 2182 1380 2238 157
1411 2198 1426 2247 ;
1459 2180 1634 2246 Plato,
1669 2181 1724 2233 in

150 2277 336 2345 Timeo,
382 2292 420 2336 t.
461 2297 556 2346 ιιι,
607 2298 660 2348 p.
690 2279 783 2350 2i)
816 2289 1000 2350 postea
1055 2275 1273 2348 citatus]
1311 2294 1329 2327 ι
1368 2273 1674 2346 Egyptiam
1707 2289 1720 2326 :

150 2373 336 2428 tertiam
367 2373 614 2438 Saturni,
650 2371 778 2427 belli
819 2371 1216 2426 inventricem:
1258 2378 1504 2440 quartam
1554 2368 1724 2435 Jovis,

149 2479 283 2534 quam
323 2464 588 2521 Messenii
632 2462 1024 2534 Coryphasiam
1067 2478 1098 2517 a
1145 2470 1318 2518 matre
1382 2461 1729 2531 cognomina-

151 2570 256 2613 runt
282 2575 296 2613 :
322 2569 682 2630 postremam,
717 2558 880 2613 ﬁliam
922 2559 1180 2614 Pallantis
1208 2566 1264 2613 et
1287 2556 1573 2625 Titanidis,
1605 2557 1730 2612 ﬁliae

151 2649 346 2721 Oceani,
375 2669 506 2726 quae
536 2661 687 2724 patre
715 2653 883 2724 impie
935 2653 1004 2707 ab
1044 2653 1157 2723 ipsa
1189 2651 1512 2718 sacriﬁculo,
1542 2660 1732 2707 ornata

154 2744 235 2800 fuit
262 2747 396 2817 pelle
419 2746 597 2818 patris
640 2757 910 2818 tamquam
942 2746 1164 2802 vellere.
1191 2745 1490 2816 Utrumque
1509 2744 1732 2800 Cicero-

155 2838 224 2892 nis
239 2848 289 2893 et
316 2839 625 2896 Clementis
648 2839 1004 2895 Alexandrini
1032 2841 1209 2894 locum
1253 2839 1520 2911 integrum
1547 2838 1735 2894 retuli-

155 2946 276 2998 mus,
301 2934 425 3003 quia
466 2940 714 2988 mutuam
743 2933 847 2990 sibi
877 2942 932 2988 et
979 2932 1226 2989 Amobio
1256 2933 1428 2988 lucem
1476 2930 1731 2999 afferunt,

155 3037 206 3078 ac
243 3023 450 3081 facilius
481 3026 660 3096 quivis
681 3025 946 3096 iudicabit
993 3035 1175 3082 utrum
1224 3025 1339 3097 ipse
1369 3026 1642 3082 Arnobius
1667 3025 1735 3080 ad

157 3131 295 3172 unum
341 3120 529 3189 potius
578 3119 921 3197 respexerit,
973 3133 1134 3190 quam
1165 3119 1233 3174 ad
1263 3119 1520 3185 alterum,
1550 3125 1644 3173 aut
1669 3116 1735 3172 ad

157 3219 438 3284 utrumque,
475 3221 576 3268 aut
599 3211 806 3284 aliquid
846 3213 917 3268 ab
963 3228 1094 3280 uno,
1125 3224 1178 3269 et
1207 3212 1354 3270 aliud
1393 3213 1461 3269 ab
1489 3214 1594 3268 aiio
1619 3227 1739 3268 mu-

160 3310 316 3361 tuatus
339 3305 430 3362 sit.

216 3396 374 3454 Porro
396 3407 584 3455 autem
615 3397 826 3454 etiamsi
852 3397 942 3453 ille
967 3411 1091 3453 eum
1120 3408 1369 3469 utroque,
1393 3396 1657 3454 Cicerone
1682 3405 1740 3451 et

161 3487 413 3548 Clemente
438 3490 834 3559 Alexandrino,
865 3499 1073 3547 asserat
1097 3490 1352 3546 Minerva:
1381 3489 1736 3562 Corypltasite,

165 3599 336 3642 nomen
374 3603 402 3642 a
444 3597 626 3642 matre
667 3585 784 3656 ejus
835 3585 1088 3656 Coryphe
1147 3586 1432 3640 formatum
1477 3583 1734 3655 (Arnob.,

169 3677 239 3732 lib.
266 3695 335 3745 tv,
366 3699 486 3754 pag.
535 3680 691 3751 I57);
724 3689 910 3752 postea
958 3689 1136 3734 tamen
1185 3679 1301 3748 ipse
1345 3694 1443 3733 nos
1487 3676 1743 3732 admonet

166 3774 269 3833 inde
292 3779 448 3834 etiam
493 3776 626 3832 illud
656 3779 893 3846 potuisse
918 3774 1174 3841 derivari,
1205 3773 1329 3844 quia
1355 3788 1423 3827 ex
1449 3771 1598 3826 .Iovis
1621 3786 1742 3826 ver-

168 3867 253 3926 tice
275 3881 478 3926 armata
508 3867 776 3940 prodiisse
804 3866 1098 3923 ferebatur.
1127 3865 1237 3921 Nec
1265 3865 1487 3920 forsitan
1521 3878 1743 3934 prorsus

167 3959 430 4020 immerito.
483 3963 534 4019 A
582 3961 856 4017 nonnullis
913 3960 1191 4015 enimvero
1255 3958 1599 4014 observatum
1662 3962 1746 4010 est

167 4071 320 4126 graeco
361 4059 608 4122 nomine,
637 4061 858 4132 Κορυφσὸ,
885 4053 1172 4125 signiﬁcari
1219 4052 1497 4118 verticem,
1526 4059 1582 4105 et
1620 4064 1744 4120 par-

170 4157 259 4204 tein
286 4154 472 4222 capitis
499 4153 643 4207 inter
668 4150 901 4220 sinciput
931 4159 985 4204 et
1012 4148 1227 4218 occiput
1255 4145 1489 4201 mediam
1520 4154 1574 4199 et
1599 4157 1745 4198 sum-

173 4256 310 4298 mam.
339 4245 454 4300 Non
500 4243 702 4301 desunt
730 4253 909 4298 tamen
931 4283 947 4309 ,
979 4239 1072 4312 qui
1097 4255 1162 4295 ex
1191 4236 1525 4310 Coryphasio
1565 4246 1748 4291 monte

175 4336 238 4394 sic
256 4341 574 4411 appellatam
601 4338 791 4394 velint.

230 4433 296 4487 At
328 4449 393 4490 ex
421 4433 690 4489 Cicerone
731 4445 794 4485 ea
839 4428 1088 4484 similiter
1132 4425 1400 4481 Arnobius
1441 4424 1747 4493 decerpsit,

177 4538 276 4594 quae
301 4527 365 4583 de
389 4527 512 4583 aliis
539 4526 664 4592 diis,
693 4523 789 4580 sed
820 4523 997 4578 verbis
1039 4520 1224 4576 retulit
1253 4517 1615 4590 paucioribus.
1647 4516 1750 4570 Tot

180 4631 384 4690 namque
414 4619 650 4676 insulsa:
693 4616 760 4672 de
803 4617 910 4671 illis
950 4613 1289 4670 ethnicorum
1332 4611 1536 4666 fabulas
1581 4609 1750 4664 fusius

1823 2011 1927 2068 que
1966 2010 2026 2053 se
2067 1998 2237 2067 ipsam
2284 1998 2481 2068 prodit,
2524 2009 2579 2055 et
2623 2000 2873 2057 omnibus
2913 2003 3196 2058 manifesta
3223 2015 3324 2060 est.
3368 2004 3427 2061 Si

1823 2103 1952 2142 vero
1999 2088 2051 2143 Ιιί
2099 2089 2339 2160 theologi
2381 2091 2596 2146 mentiti
2627 2101 2772 2158 sunt,
2807 2092 2874 2148 ab
2904 2092 3138 2150 ethnicis
3167 2094 3424 2151 demons-

1826 2182 2073 2237 trandum
2105 2190 2210 2247 est,
2254 2182 2395 2237 unde
2443 2183 2575 2239 certi
2613 2183 2680 2239 de
2709 2183 2812 2239 diis
2843 2187 2956 2241 suis
2985 2186 3187 2258 aliquid
3228 2187 3432 2244 didice-

1827 2277 1954 2332 rint.
1985 2279 2053 2330 At
2074 2277 2347 2348 quomodo
2376 2277 2479 2334 hoc
2507 2278 2976 2348 demonstrabant,
3001 2282 3106 2338 nisi
3129 2299 3197 2338 ex
3219 2299 3434 2339 eorum-

1829 2371 1948 2424 dem
2017 2369 2394 2441 theologorum
2470 2389 2690 2428 suorum
2763 2374 2978 2446 scriptis
3016 2417 3032 2441 ,
3100 2392 3167 2432 ex
3239 2379 3434 2450 quibus

1830 2476 2155 2536 acceperunt
2201 2467 2325 2534 quid
2369 2467 2437 2524 de
2482 2468 2585 2524 diis
2633 2469 2939 2541 divinisque
2969 2471 3132 2527 rebus
3175 2480 3439 2530 statutum

1834 2559 2100 2615 factumve
2129 2561 2260 2614 olim
2291 2560 2488 2616 fuerit?
2520 2563 2758 2633 Denique
2796 2563 2842 2618 si
2873 2563 2995 2619 libri
3038 2567 3438 2638 theologorum,

1835 2651 2170 2721 pontiﬁcum,
2205 2653 2292 2708 vel
2338 2651 2778 2724 philosophorum
2810 2657 3106 2713 mendaciis
3134 2658 3437 2731 fabulisque

1835 2755 2102 2810 scateant,
2126 2745 2400 2814 rejiciendi
2425 2762 2649 2817 prorsus
2669 2757 2812 2816 sunt,
2841 2765 2903 2804 ac
2927 2751 3139 2820 penitus
3161 2753 3436 2821 abolendi,

1837 2851 2134 2908 omnesque
2165 2853 2352 2893 eorum
2383 2838 2671 2911 religiones
2700 2841 3147 2899 exterminandas.

2411 2974 2636 3031 CAPUT
2668 2975 2854 3033 XVIII.

1844 3087 2010 3153 Quam
2050 3087 2316 3158 perspicue
2348 3088 2602 3142 Arnobius
2633 3103 2697 3142 ea:
2725 3089 2870 3143 seriis
2898 3069 3236 3161 gravibusque
3275 3093 3445 3147 ethni-

1913 3199 2088 3236 corum
2118 3183 2366 3248 historiis,
2388 3199 2603 3253 quarunt
2625 3184 2871 3237 memoria
2891 3185 3078 3239 annuis
3105 3185 3279 3241 diebus
3301 3189 3444 3259 festis

1763 3296 1811 3361 ρ
1913 3275 2280 3344 celebrabatur,
2299 3275 2546 3331 absurdos
2565 3275 2769 3330 illorum
2784 3276 2847 3330 de
2863 3276 2960 3332 diis
2977 3293 3176 3334 errores
3195 3279 3443 3335 destruat.

2370 3453 2671 3494 ARTICULUS
2709 3454 2917 3495 PRIMUS.

1842 3575 2163 3627 Examinatur
2189 3578 2340 3638 prima
2376 3576 2598 3634 historia,
2636 3588 2729 3637 qua
2764 3574 2920 3624 Numa
2956 3573 3275 3638 Pompiliusa
3299 3576 3446 3637 Jove,

1902 3639 2059 3689 Fauni
2094 3646 2148 3689 et
2175 3637 2281 3689 Pici
2307 3639 2496 3688 artibus
2518 3645 2744 3694 evocato,
2792 3637 3008 3687 fulminis
3047 3637 3446 3694 procurationem

1904 3703 2133 3750 didicisse
2148 3701 2490 3762 jactitabatur;
2517 3709 2568 3749 et
2591 3700 2684 3749 alia
2701 3700 2928 3762 Cybeles,
2963 3700 3210 3761 Agdestis,
3237 3709 3290 3752 et
3312 3702 3448 3752 Atti-

1905 3765 1982 3813 dis
2016 3765 2233 3822 historia,
2262 3764 2436 3812 annuis
2471 3762 2721 3811 celebrata
2748 3765 2889 3813 festis
2919 3763 3118 3824 diebus,
3152 3764 3239 3815 ubi
3259 3765 3324 3815 de
3348 3766 3447 3814 Ab-

1904 3827 2240 3876 deritanorum
2263 3831 2468 3890 stupore
2493 3831 2544 3874 et
2569 3826 2772 3875 insania.

1917 3950 2087 4018 Quam
2117 3949 2250 4005 falsa
2278 3949 2349 4004 sit
2375 3947 2753 4019 superstitiosa
2788 3949 3067 4020 gentilium
3098 3953 3311 4024 religio,
3342 3952 3448 4008 alio

1848 4042 2120 4098 Arnobius
2165 4052 2486 4112 argumento
2526 4041 2963 4098 manifestissime
3006 4046 3280 4100 convincit
3323 4045 3447 4118 (Ar-

1848 4135 1991 4199 nob.,
2016 4136 2104 4188 tib.
2129 4151 2181 4199 v,
2209 4151 2328 4206 pag.
2362 4132 2507 4206 154).
2537 4132 2670 4188 Illud
2712 4144 2890 4189 autem
2922 4137 3054 4205 petit
3091 4151 3160 4192 ex
3195 4139 3450 4208 gravibus

1849 4227 2113 4297 seriisque
2143 4225 2360 4282 illorum
2391 4225 2659 4292 historiis,
2700 4242 2833 4296 quas
2872 4242 3032 4282 veras
3078 4244 3198 4285 esse
3226 4229 3298 4285 ita
3325 4245 3450 4300 per-

1849 4335 2068 4376 suasum
2121 4321 2387 4386 habuere;
2439 4329 2498 4374 ut
2543 4334 2636 4374 eas
2679 4318 2994 4391 quotidiano
3018 4337 3120 4377 usu
3162 4325 3448 4393 probatas,

1850 4415 2044 4470 annuis
2071 4415 2409 4470 celebrarent
2433 4413 2605 4479 festis,
2635 4412 2901 4486 variisque
2928 4415 3229 4471 simulacris
3250 4433 3452 4489 reprae-

1851 4516 2152 4563 sentarent.

1923 4601 2160 4655 Primam
2191 4601 2372 4670 itaque
2395 4599 2662 4656 Arnobius
2687 4615 2752 4655 ex
2798 4601 3038 4656 secundo
3064 4603 3317 4673 Antiatis,
3351 4606 3454 4662 hoc

181 4687 406 4768 enarrare
450 4719 742 4780 perttesus,
774 4717 972 4763 caetera
1009 4707 1087 4761 sic
1127 4705 1366 4761 scrictim
1395 4701 1703 4774 perstringit
1734 4719 1747 4754 :
1774 4687 1829 4756 D
1855 4706 1955 4761 eSt,
1988 4695 2128 4750 illius
2153 4694 2440 4749 Annalium
2468 4694 2607 4749 libro
2633 4699 2923 4764 excerpsit.
2954 4693 3030 4752 Ibi
3061 4711 3191 4752 vero
3214 4697 3303 4753 ille
3329 4713 3453 4752 nar-

187 4820 202 4853 t
231 4805 376 4861 Aiunt
402 4805 566 4861 iidem
591 4801 824 4873 theologi
851 4807 1081 4871 quatuor
1102 4813 1224 4854 esse
1247 4797 1536 4862 Vuleauos,
1563 4805 1618 4850 et
1644 4803 1756 4850 tres

184 4892 378 4964 Dianas,
408 4895 754 4965 Esculapios
799 4893 1021 4947 totidem
1041 4935 1057 4958 ,
1087 4903 1142 4946 et
1173 4889 1458 4960 Dionysios
1482 4888 1750 4958 quinque,

185 4995 252 5042 ter
285 4989 436 5047 binos
463 4988 721 5046 Hercules
741 5029 757 5053 ,
790 4996 847 5042 et
871 4995 1100 5056 quatuor
1135 4983 1398 5049 Veneres,
1433 4981 1530 5037 tria
1557 4995 1756 5052 genera

186 5077 462 5146 Castorum,
487 5079 819 5148 totidemque
845 5077 1138 5142 Musarum,
1172 5075 1514 5146 pinnatorum
1539 5071 1760 5143 Cupidi-

189 5184 294 5226 num
325 5174 514 5244 trigas,
557 5181 612 5228 et
656 5170 942 5241 quadrigas
981 5167 1374 5238 Apollinarium
1424 5165 1700 5222 nominum
1731 5184 1750 5216 ι

191 5261 405 5330 (Arnob-..
430 5265 519 5320 lib.
546 5279 618 5329 IV,
644 5280 764 5335 pag.
791 5261 939 5332 156).
965 5261 1035 5317 At
1055 5261 1245 5316 Cicero
1265 5275 1360 5315 eos
1385 5273 1597 5324 omnes,
1622 5258 1762 5312 sicut

193 5363 238 5406 et
258 5357 379 5412 alios
400 5357 606 5429 priores
627 5356 938 5427 singillatim
964 5362 1229 5409 recenset.
1255 5353 1410 5424 Apud
1435 5368 1559 5408 eum
1583 5353 1761 5421 itaque

194 5451 405 5516 reperies
443 5451 636 5506 horum
664 5451 904 5505 omnium
948 5458 1005 5506 et
1039 5449 1434 5520 expositionem
1471 5456 1526 5502 et
1570 5445 1762 5517 proba-

196 5540 391 5599 tionem.
422 5545 533 5601 Nos
562 5561 691 5601 vero
732 5544 857 5600 alibi
886 5543 952 5599 de
980 5543 1300 5614 quibusdam
1340 5541 1542 5612 aliquid
1587 5539 1765 5610 attigi-

197 5645 299 5690 mus
325 5636 531 5707 (Circa,
576 5639 666 5694 lib.
697 5653 753 5692 ut
794 5636 858 5713 de
889 5635 1080 5690 Natur.
1122 5636 1290 5702 deor.,
1323 5651 1444 5706 pag.
1496 5633 1626 5698 245,
1655 5630 1760 5686 247

200 5733 238 5775 el
261 5725 380 5794 248;
413 5739 534 5784 tom.
566 5746 580 5786 t
633 5731 910 5801 Apparat.,
935 5745 1057 5800 pag.
1081 5726 1232 5798 851).

258 5816 400 5875 Cotta
426 5833 623 5889 autem,
656 5823 810 5894 cujus
835 5822 1053 5878 nomine
1071 5821 1266 5878 Cicero
1294 5835 1358 5877 ea
1385 5819 1568 5876 omnia
1591 5819 1766 5890 expli—

203 5916 293 5976 cat,
314 5909 432 5969 inde
457 5914 595 5972 haud
622 5915 934 5976 dubitanter
963 5913 1236 5973 concludit
1263 5914 1351 5985 iis,
1373 5928 1497 5986 quae
1516 5928 1586 5969 ex
1607 5912 1764 5970 Crte-

1857 4787 2012 4842 rabat
2039 4787 2290 4855 Numam,
2323 4797 2384 4841 ut
2413 4785 2739 4856 procurandi
2769 4785 3010 4843 fulminis
3031 4788 3260 4844 scientia
3288 4791 3454 4845 infor-

1858 4891 2128 4948 maretur,
2177 4880 2384 4951 Egeriae
2443 4880 2646 4934 monitu
2695 4880 2937 4936 Faunum
2986 4890 3040 4937 et
3085 4881 3274 4938 Picum
3322 4882 3456 4939 deos

1859 4985 2139 5047 agrestes,
2185 4991 2307 5030 cum
2359 4973 2734 5046 extinguendre
2783 4974 2897 5030 sitis
2945 4990 3108 5031 causa
3157 4977 3221 5031 ad
3255 4977 3457 5034 fontem

1859 5067 2146 5139 quemdam
2193 5068 2506 5133 venissent,
2581 5066 2708 5122 dolo
2757 5077 2812 5122 et
2857 5076 2970 5122 arte
3018 5067 3348 5136 inebriatos,
3398 5084 3462 5123 ac

1863 5169 2048 5230 postea
2081 5161 2306 5229 sopitos,
2339 5174 2370 5213 a
2399 5159 2710 5226 duodecim,
2739 5176 2876 5230 quos
2903 5159 3074 5215 Numa
3107 5161 3220 5232 ipse
3247 5164 3298 5216 in
3330 5163 3463 5218 insi-

1863 5257 1966 5312 diis
2007 5264 2292 5327 posuerat,
2335 5257 2622 5327 juvenibus
2667 5259 2989 5312 constrictos
3021 5257 3184 5314 fuisse
3211 5260 3460 5317 vinculis.

1863 5349 1980 5404 Non
2008 5350 2157 5419 prius
2193 5359 2373 5405 autem
2408 5351 2528 5406 illos
2570 5351 2704 5406 solvi
2745 5350 2934 5417 voluit,
2977 5367 3134 5422 quam
3164 5368 3194 5407 a
3221 5353 3376 5425 Jove,
3409 5357 3467 5414 in

1868 5453 2041 5500 terras
2068 5454 2316 5512 evocato,
2348 5453 2404 5500 et
2433 5445 2594 5500 variis
2620 5445 2906 5500 verborum
2936 5445 3249 5517 ambagibus
3275 5447 3466 5506 deluso

1864 5538 2238 5601 extorsissent,
2271 5553 2430 5608 quam
2473 5553 2568 5593 rex
2595 5537 2764 5592 Numa
2797 5537 2935 5592 scire
2975 5539 3217 5607 volebat,
3247 5541 3468 5613 fulguris

1867 5633 2296 5700 procurationem,
2325 5645 2422 5686 seu
2451 5631 2830 5702 expiationem.
2859 5629 3157 5688 Procurare
3184 5633 3326 5688 enim
3371 5635 3468 5690 ful-

1869 5739 1992 5778 men
2023 5723 2162 5779 idem
2202 5732 2324 5790 est,
2357 5739 2421 5779 ac
2449 5724 2678 5780 solemni
2707 5723 2923 5794 expiare
2951 5724 3046 5780 illo
3088 5725 3192 5780 ritu
3222 5736 3276 5782 et
3302 5729 3470 5785 sacri-

1868 5815 2015 5880 ficio,
2045 5832 2151 5888 quo
2177 5817 2308 5873 illud
2337 5817 2654 5873 credebatur
2679 5818 2852 5872 arceri
2894 5827 2948 5873 et
2991 5821 3278 5876 removeri.
3315 5821 3470 5879 Unde

1872 5909 2118 5967 Seneca:
2157 5929 2175 5963 ι
2206 5910 2584 5980 Procuranda,
2620 5930 2639 5964 ι
2667 5910 2861 5984 inquit,
2907 5930 2927 5965 ι
2958 5913 3266 5972 existimant
3292 5914 3470 5972 {ulmi-
