3904 6326
418 326 517 384 591

1662 313 2115 380 DlSSERTATlO
2153 315 2434 378 PR/EVIA
3585 326 3673 384 59?.

418 465 488 505 na
510 491 524 515 ,
554 455 610 504 et
634 443 966 516 expiationes
1001 453 1107 497 non
1129 439 1376 497 dubitant
1403 440 1660 510 prodesse
1686 437 2008 510 aliquando,
2039 437 2092 498 A
2115 451 2268 494 suum
2311 439 2604 496 maximum
2653 445 2710 494 et
2752 439 3178 508 omnipotentem
3224 435 3432 508 penitus
3474 439 3670 500 infama-

419 541 489 595 ad
520 535 889 597 submovenda
925 533 1182 604 pericula,
1210 531 1498 602 aliquando
1525 531 1593 587 ad
1640 531 1886 596 levanda,
1918 529 2022 584 ali-

419 631 640 703 quando
691 628 756 682 ad
805 625 1117 683 dilferenda.
1161 645 1180 677 ι
1236 624 1470 696 (Senec.,
1516 623 1605 679 lib.
1653 640 1689 678 ιι
1733 623 1861 678 Nat.
1910 639 2018 694 qu.,

422 741 542 795 cap.
577 721 669 786 56,
701 736 820 792 pag.
851 717 1007 790 422.)

497 815 646 870 Hanc
672 827 834 884 porro
856 809 1134 865 historiam
1159 824 1266 865 non
1289 810 1461 865 solum
1491 810 1756 872 Antiates,
1783 808 1876 865 sed
1901 807 2025 863 Ovi-

418 909 544 965 dius
573 922 787 979 qttoque
813 914 868 961 et
894 905 1239 971 Plutarchus,
1264 913 1425 974 atque
1443 904 1530 959 hic
1555 903 1769 974 quidem
1788 903 2024 966 brevius,

416 1002 514 1058 ille
544 1016 674 1057 vero
718 999 888 1054 fusius
915 998 1342 1068 descripserunt.
1381 996 1562 1053 Livius
1594 1006 1774 1052 autem
1815 996 1933 1050 haec
1959 995 2028 1051 de

420 1096 596 1152 Numa
625 1096 842 1166 scriptis
888 1093 1146 1149 tradidit:
1184 1111 1203 1144 ι
1232 1093 1471 1164 Quaeque
1520 1092 1759 1163 prodigia
1792 1091 2027 1146 fulmini-

420 1189 543 1258 bus,
579 1191 754 1245 aliove
784 1204 892 1260 quo
920 1188 1036 1244 viso
1065 1187 1227 1244 missa
1257 1188 1661 1258 susciperentur
1685 1197 1845 1258 atque
1873 1200 2030 1242 cura—

423 1295 616 1340 rentur
649 1301 662 1337 :
701 1281 768 1337 ad
815 1297 880 1337 ea
925 1281 1186 1337 elicienda
1234 1297 1300 1336 ex
1345 1282 1616 1337 mentibus
1663 1281 1878 1346 divinis,
1909 1279 2030 1335 Jovi

421 1377 596 1433 Elicio
636 1392 786 1431 aram
832 1377 886 1431 in
930 1376 1198 1432 Aventino
1241 1374 1462 1430 dicavit.
1498 1396 1516 1428 ι
1570 1375 1782 1448 (ουἱι1.,
1839 1375 1930 1430 lib.
1973 1390 2031 1430 ιιι

423 1476 633 1544 fastor.,
653 1472 679 1544 §
696 1473 749 1536 5,
769 1489 888 1544 pag.
909 1470 1036 1534 5‘29,
1061 1481 1108 1524 ct
1125 1487 1262 1541 seqq.
1272 1489 1288 1534 ;
1312 1469 1605 1536 Platore/1.,
1628 1471 1683 1524 in
1707 1468 2028 1536 Vil.Numte,

423 1575 549 1620 (om.
584 1581 642 1630 ιι,
672 1582 792 1636 pag.
818 1565 920 1629 70;
952 1562 1092 1626 Liv.,
1123 1564 1212 1617 lib.
1241 1580 1278 1627 ι,
1311 1579 1427 1633 cap.
1461 1562 1582 1634 20.)

498 1658 699 1714 Verum
733 1658 1000 1713 Arnobius
1041 1657 1178 1712 hanc
1210 1657 1487 1712 historiam
1516 1657 1670 1723 nulli,
1701 1657 1837 1712 sicut
1867 1658 2032 1714 etiam

420 1751 621 1807 fatetur
650 1750 969 1805 Plutarchus
998 1748 1319 1821 (Platore-Ia,
1347 1751 1446 1804 loc.
1479 1750 1617 1820 cil.),
1644 1765 1768 1807 esse
1798 1752 2034 1809 credibi—

2123 529 2274 586 bant.
2320 533 2502 588 Palam
2541 533 2685 587 enim
2733 531 3038 588 fatebantur
3079 532 3229 587 illum
3275 533 3484 604 magicis
3510 552 3679 594 evoca-

2125 632 2239 680 tum
2269 640 2392 680 esse
2419 625 2770 689 carminibus,
2806 626 2979 698 iisque
3013 635 3258 682 coactum
3283 625 3488 694 cedere,
3520 644 3576 685 ac
3601 631 3679 687 do-

2130 735 2256 775 cere
2283 718 2527 775 fulminis
2552 719 3010 790 procurationem.

2198 811 2443 869 Secunda
2474 812 2679 885 Magna:
2717 813 2941 869 deorum
2984 812 3204 883 matris,
3234 812 3358 869 'sive
3397 810 3608 884 Cybeles
3640 825 3685 872 et

2129 907 2324 962 Attidis
2355 907 2578 962 historia
2609 908 2676 964 ab
2704 908 2979 976 Arnobio,
3014 909 3082 963 ad
3121 909 3498 978 sempiternum
3533 908 3684 964 ethni-

2128 1014 2314 1055 corum
2368 999 2532 1055 decus
2580 999 2776 1056 deinde
2820 1010 3144 1057 retractatur
3198 999 3458 1072 (Arnob,
3509 1001 3589 1056 lib.
3632 1019 3687 1067 v,

2131 1111 2252 1166 pag.
2289 1094 2391 1149 157
2419 1104 2466 1148 et
2489 1093 2672 1166 seqq.).
2709 1095 2838 1150 Eam
2868 1103 3048 1150 autem
3089 1110 3120 1149 a
3166 1095 3336 1165 prima
3376 1109 3468 1148 sua
3511 1095 3690 1166 origine

2131 1202 2196 1242 ex
2228 1185 2513 1243 Timotheo
2540 1203 2646 1242 non
2675 1187 2898 1258 ignobili
2923 1187 3194 1259 theologo,
3224 1197 3279 1242 et
3305 1186 3422 1242 aliis
3449 1187 3618 1252 etiam,
3639 1204 3692 1244 ac

2132 1281 2424 1338 reconditis
2462 1284 2841 1354 antiquitatum
2884 1283 3067 1349 libris,
3108 1293 3163 1338 et
3212 1283 3413 1338 intimis
3455 1284 3692 1355 mysteriis

2137 1386 2373 1442 erutam,
2405 1379 2484 1433 sic
2512 1378 2601 1433 ille
2629 1377 2917 1450 descripsit
2945 1397 2959 1434 :
2985 1377 3044 1434 In
3073 1377 3321 1450 Phrygiae
3348 1377 3534 1432 finibus
3568 1387 3693 1450 petra

2137 1481 2254 1527 erat
2293 1469 2547 1526 inauditae
2574 1472 2860 1539 vastitatis,
2889 1471 2976 1528 cui
3003 1471 3073 1526 ab
3107 1471 3344 1542 regionis
3370 1469 3507 1525 illius
3535 1471 3694 1525 incolis

2136 1579 2334 1620 nomen
2377 1564 2560 1636 Agdus
2592 1565 2920 1636 impositum.
2961 1565 3168 1636 Sumpti
3213 1563 3338 1620 inde
3390 1563 3605 1634 lapides,
3641 1579 3694 1619 ex

2135 1660 2332 1730 quibus
2362 1675 2391 1713 a
2424 1659 2749 1716 Deucalione
2779 1669 2834 1714 et
2860 1658 3063 1730 Pyrrha
3093 1658 3369 1713 Themidis
3392 1657 3537 1726 jussu
3557 1657 3696 1728 jacta-

2138 1755 2238 1819 tis,
2282 1769 2474 1824 magna
2502 1753 2673 1810 Mater
2699 1769 2820 1810 cum
2867 1754 3080 1809 caeteris
3124 1751 3428 1808 hominibus
3452 1760 3697 1824 procreata

421 1845 530 1901 lem
564 1844 724 1899 variis
755 1844 943 1914 probat
974 1844 1239 1898 rationum
1274 1843 1582 1898 momentis.
1614 1843 1712 1898 Cui
1743 1845 1910 1910 enim,
1946 1847 2027 1900 in-
2065 1827 2112 1886 Β
2139 1849 2259 1903 fuit.
2283 1849 2497 1920 Jupiter
2518 1864 2650 1904 vero
2672 1848 2817 1904 illius
2839 1857 3024 1918 postea
3047 1863 3234 1904 amore
3253 1856 3460 1918 captus,
3487 1861 3597 1901 cum
3617 1844 3697 1899 sibi

423 1939 562 2010 quit,
596 1953 847 2008 umquam
881 1937 1194 2006 persuaderi
1227 1938 1427 2008 poterit
1467 1935 1709 1991 Faunum
1739 1946 1794 1992 et
1821 1937 2031 2003 Picum,

423 2031 493 2087 ad
525 2031 749 2096 fontem,
796 2040 854 2085 ut
900 2031 1041 2085 sitim
1092 2031 1382 2099 sedarent,
1421 2033 1656 2098 venisse,
1707 2032 1889 2104 ibique
1929 2033 2036 2089 illis

421 2128 572 2189 vino,
605 2142 702 2197 pro
730 2141 870 2197 aqua
899 2134 1080 2195 potato
1120 2127 1430 2194 inebriatis,
1458 2137 1514 2182 et
1540 2143 1733 2182 somno
1759 2128 2036 2199 oppressis

421 2221 620 2292 injecta
659 2221 869 2275 vincula
889 2264 905 2289 ,
956 2235 1057 2276 nec
1093 2221 1171 2286 ab
1204 2220 1331 2286 alio,
1362 2236 1520 2291 quam
1549 2237 1577 2274 a
1605 2221 1741 2278 Jove
1769 2222 1904 2279 disci
1936 2239 2035 2293 po-

427 2315 599 2369 tuisse
644 2313 880 2368 fulminis
925 2314 1410 2384 procurationem?
1449 2313 1633 2385 Neque
1690 2315 1896 2370 facilius
1944 2317 2037 2371 ulli

423 2404 747 2476 probabitur
763 2404 1014 2461 eumdem
1037 2404 1252 2472 Jovem,
1278 2416 1335 2460 ut
1359 2406 1595 2462 remedia
1615 2417 1801 2462 contra
1825 2408 2026 2463 fulmen

425 2512 587 2552 suum
633 2496 1034 2569 suppeditaret,
1080 2498 1495 2554 incantamentis
1534 2510 1848 2563 evocatum,
1883 2512 1938 2556 et
1982 2503 2037 2557 in

427 2591 678 2644 verricula
697 2631 712 2655 ,
745 2589 820 2644 uti
851 2590 1088 2660 loquitur
1128 2590 1396 2646 Arnobius
1417 2631 1433 2657 ,
1461 2607 1556 2647 seu
1587 2608 1746 2662 parva
1775 2607 2033 2661 verruca,

428 2682 483 2737 id
515 2693 618 2749 est,
655 2684 772 2738 loco
819 2683 962 2737 edito
1008 2691 1063 2738 et
1105 2699 1319 2752 aspero,
1356 2685 1496 2740 sicut
1540 2699 1606 2739 ex
1635 2685 1841 2741 Catone
1879 2686 2041 2743 docet

429 2776 653 2842 Gellius,
687 2792 810 2832 cum
841 2776 1186 2831 honiunculis
1216 2787 1593 2834 conversatum
1617 2822 1631 2847 ,
1665 2789 1827 2852 atque
1868 2780 2041 2834 ambi-

431 2871 554 2940 guis
595 2872 810 2926 illorum
843 2872 1023 2927 verbis
1058 2871 1344 2944 deceptum
1378 2872 1545 2928 fuisse
1605 2872 1763 2946 (Gell.
1786 2915 1802 2940 ,
1845 2875 1936 2930 lib.
1980 2890 2037 2929 ιιι

435 2965 595 3021 Noct.
644 2965 823 3032 Attia,
868 2982 984 3036 cap.
1015 2965 1070 3030 8,
1104 2982 1222 3036 pag.
1256 2964 1410 3038 224).
1439 2965 1667 3022 Omnem
1699 2967 1934 3040 denique
1976 2967 2043 3021 fi-

435 3059 558 3116 dem
606 3069 829 3129 superat
869 3058 1083 3123 Jovem,
1116 3059 1275 3114 sicuti
1319 3060 1554 3124 aiebant,
1585 3061 1789 3117 crudeli
1823 3061 2041 3116 humani

435 3153 629 3223 capitis
647 3152 932 3218 sacrificio,
951 3152 1020 3208 de
1036 3167 1144 3222 quo
1163 3168 1264 3208 nos
1280 3167 1439 3224 supra
1459 3153 1810 3210 disseruimus
1828 3154 2040 3226 (Supr.,

437 3263 556 3318 cap.
586 3248 641 3310 li,
670 3256 770 3300 art.
804 3245 882 3316 l),
908 3255 1019 3300 tum
1047 3246 1288 3302 voluisse
1316 3247 1518 3303 fulmen
1545 3248 1770 3318 expiari.
1900 3255 1904 3259 ’

514 3341 682 3396 Porro
702 3349 882 3396 autem
911 3348 1061 3395 notat
1090 3340 1364 3395 Arnobius
1396 3341 1588 3396 factam
1623 3341 2043 3399 incantationem

437 3433 583 3488 illam
614 3434 756 3488 mola
785 3433 939 3499 falsa,
973 3433 1162 3499 thure,
1195 3434 1478 3504 sanguine,
1510 3437 1867 3491 verbenarum
1898 3436 2047 3491 suffi-

439 3526 604 3592 tione,
635 3535 689 3582 et
717 3526 1037 3587 terribilium.
1072 3525 1122 3580 id
1158 3535 1260 3592 est,
1294 3527 1648 3597 magicorum,
1680 3529 1902 3598 {remore
1938 3544 2048 3581 ver—

440 3621 642 3675 borum.
678 3622 745 3674 At
772 3618 1021 3690 qutedam
1047 3634 1113 3675 ex
1145 3618 1228 3674 his
1258 3635 1513 3689 espressa
1545 3619 1754 3676 videbis
1779 3619 1898 3675 istis
1931 3620 2048 3676 Vir-

442 3712 558 3784 gilii
588 3712 836 3769 versibus
861 3731 875 3766 :

535 3828 673 3892 EtTer
699 3841 892 3892 aquam,
917 3825 1116 3892 et_m_olli
1139 3829 1285 3890 cinge
1310 3829 1414 3878 haec
1433 3827 1604 3878 altaria
1626 3830 1766 3884 vitta.

537 3889 899 3954 Verbenasque
926 3889 1070 3954 adole
1093 3892 1324 3954 pingues,
1353 3897 1404 3940 et
1421 3891 1634 3941 mascula
1655 3895 1801 3942 thura
1828 3907 1838 3942 :

542 3955 775 4016 Conjugts
798 3953 851 4002 ut
870 3953 1075 4014 magicis
1094 3953 1241 4016 Sanos
1260 3961 1494 4003 avertere.
1513 3955 1667 4004 sacris

541 4015 790 4078 Experiar
804 4028 1012 4078 sensus;
1037 4015 1159 4078 nihil
1183 4016 1282 4074 hic,
1307 4017 1401 4066 nisi
1425 4019 1636 4066 carmina
1655 4017 1853 4069 desunt.

919 4074 1151 4142 (Virgil.,
1174 4078 1325 4141 cclog.
1346 4081 1396 4139 5,
1415 4092 1538 4130 vers.
1559 4079 1624 4130 64
1643 4087 1687 4131 et
1703 4080 1864 4147 seqq.)

446 4187 558 4246 Sed
587 4185 654 4242 de
681 4183 966 4258 praestigiis
990 4194 1045 4238 et
1072 4183 1295 4255 magicis
1321 4185 1526 4241 artibus
1548 4184 1660 4255 jam
1693 4185 1897 4257 aliquid
1925 4186 2054 4244 alibi

451 4278 830 4334 annotavimus
876 4278 1022 4347 (tam.
1071 4291 1090 4329 ι
1126 4275 1402 4346 Apporat.,
1454 4293 1576 4346 pag.
1648 4278 1834 4347 19.59).
1865 4279 2056 4334 Narrat

451 4382 634 4427 tamen
684 4370 1013 4440 Augustinus
1052 4367 1278 4423 Numam
1328 4368 1704 4441 hydromantia
1745 4387 1922 4439 usum,
1953 4383 2058 4430 tes-

453 4475 671 4536 temque
699 4465 831 4518 citat
856 4462 1176 4528 Varronem,
1218 4477 1246 4515 a
1284 4478 1392 4533 quo
1421 4462 1509 4516 ille
1535 4463 1732 4518 dicitur
1764 4465 2056 4536 nympham

460 4556 736 4628 Egeriam
757 4555 977 4612 duxisse
1004 4570 1258 4619 uxorem;
1292 4554 1410 4625 quia
1446 4571 1661 4625 aquam,
1691 4556 1832 4612 unde
1863 4557 2060 4629 hydroo

459 4651 719 4708 mantiam
765 4650 994 4717 faceret,
1027 4657 1330 4718 egesserat.
1366 4663 1463 4704 seu
1504 4658 1885 4718 exportaverat
1925 4649 2057 4721 (Λιι-

457 4755 624 4817 gust.,
662 4744 752 4798 lib.
783 4758 858 4798 vn
883 4742 946 4796 de
966 4741 1141 4806 Civil.,
1173 4758 1290 4810 cap.
1330 4741 1422 4804 55,
1458 4759 1576 4813 pag.
1613 4742 1764 4811 188).
1819 4742 2063 4802 Valerius

461 4847 642 4893 autem
673 4835 934 4891 Maximus
954 4876 970 4901 ,
1003 4833 1218 4900 Florus,
1249 4833 1501 4889 Aurelius
1532 4834 1744 4901 Victor,
1777 4835 2064 4909 Dionysius

463 4928 950 4991 Halicarnasseus,
1003 4926 1200 4996 aliique
1257 4927 1625 4983 traduntcum
1674 4929 1957 4987 simulasse
2006 4948 2066 4990 se

464 5025 650 5081 omnia
683 5037 836 5077 sacra
869 5022 1045 5076 facere
1083 5020 1266 5074 uxoris
1290 5036 1401 5076 sua:
1429 5022 1638 5093 Egeria:
1668 5025 1918 5096 nympha:
1947 5044 2065 5082 mo-

465 5119 596 5175 nitis
632 5125 688 5174 et
732 5116 974 5172 consiliis
1007 5113 1209 5181 (Valer.
1245 5113 1419 5178 Mosa,
1461 5133 1575 5187 cap.
1606 5118 1662 5185 2,
1702 5117 1730 5191 §
1768 5119 2062 5190 l;Florus,

466 5214 558 5269 lib.
583 5231 621 5275 ι,
650 5229 766 5284 cap.
796 5211 862 5276 2;
885 5210 1064 5265 Aurel.
1097 5209 1252 5271 Vicl.,
1276 5211 1340 5264 de
1373 5210 1479 5265 Vir.
1502 5213 1665 5269 illast.
1692 5232 1848 5284 rom.,
1871 5235 1987 5287 cap.
2006 5220 2065 5287 2;

466 5307 687 5380 Dionys.
729 5304 1025 5370 Halicarn.,
1063 5303 1152 5357 lib.
1184 5319 1220 5358 ιι
1278 5303 1527 5375 Antiqail.
1569 5324 1724 5374 rom.,
1758 5327 1877 5384 pag.
1914 5313 2066 5384 122).

466 5404 576 5461 Sed
603 5403 672 5459 de
700 5401 782 5455 his
807 5401 859 5454 in
885 5399 1130 5469 sequenti
1158 5397 1537 5456 dissertatione
1571 5399 1815 5474 (Dissert.
1861 5407 1914 5460 in
1937 5405 2069 5463 Lac-

469 5507 628 5560 tant..
651 5513 766 5566 cap.
793 5496 882 5559 50,
913 5502 1014 5548 art.
1046 5492 1128 5563 2).

543 5591 812 5647 Cancrum
853 5586 1008 5642 vides
1051 5600 1210 5656 quam
1252 5586 1440 5642 validis
1482 5591 1746 5645 rationum
1782 5598 2072 5652 momentis

473 5682 743 5739 Arnobius
789 5679 1040 5734 ostendat
1085 5695 1190 5750 qua
1238 5679 1542 5736 insulsitate
1593 5685 1823 5753 gentiles
1877 5689 2072 5746 annuis

475 5773 626 5831 festis
653 5791 715 5828 ea
749 5772 1119 5836 celebrarent;
1168 5788 1288 5844 qua:
1318 5772 1518 5828 nullam
1549 5789 1773 5845 prorsus
1801 5778 2073 5839 habebant

476 5866 588 5938 veri
630 5866 883 5938 speciem.
930 5864 988 5920 Si
1031 5871 1210 5921 autem
1259 5881 1380 5924 vera
1406 5881 1528 5926 esse
1557 5877 1838 5940 putarent,
1879 5873 2068 5932 Jovem

2138 1943 2402 2014 promissa
2437 1942 2726 2012 impetrare
2769 1942 3119 2012 nequivisset,
3151 1941 3479 2011 voluptatem
3508 1937 3628 1992 fudit
3652 1935 3696 1990 in

2139 2044 2381 2105 petram,
2415 2051 2481 2090 ex
2520 2050 2627 2106 qua
2661 2033 2874 2090 decimo
2907 2042 3028 2104 post
3057 2047 3252 2088 mense
3276 2041 3427 2087 ortus
3455 2039 3533 2086 est
3560 2043 3698 2099 puer,

2138 2129 2389 2200 Agdestis
2411 2129 2842 2201 cognominatus.
2868 2127 3060 2184 lnvicti
3084 2137 3264 2182 autem
3293 2127 3380 2182 hic
3403 2125 3498 2180 fuit
3524 2121 3702 2178 roboris

2137 2221 2407 2292 animique
2434 2222 2572 2277 adeo
2601 2221 2829 2287 ferocis,
2872 2230 2931 2275 ut
2961 2234 3062 2276 nec
3094 2219 3346 2275 homines
3373 2225 3594 2279 curaret.
3623 2228 3702 2270 nec

2138 2312 2303 2381 deos,
2345 2322 2509 2384 atque
2538 2313 2720 2368 omnia
2754 2329 2852 2383 pro
2892 2312 3120 2368 libidine
3158 2321 3214 2367 et
3249 2311 3430 2367 innata
3459 2305 3705 2366 ferocitate

2137 2418 2344 2479 ageret.
2401 2407 2746 2478 Quapmpter
2788 2415 3072 2478 postquam
3117 2405 3185 2462 de
3231 2404 3523 2476 frangenda
3567 2401 3705 2471 ipsius

2137 2502 2357 2558 audacia
2387 2502 2461 2557 dii
2490 2501 2906 2568 deliberassent,
2943 2500 3160 2556 tandem
3181 2501 3392 2556 artibus
3417 2497 3605 2558 Liberi,
3627 2491 3702 2565 qui

2137 2595 2187 2652 ei
2233 2597 2415 2650 vinum
2447 2611 2545 2666 pro
2584 2611 2722 2666 aqua
2767 2595 3182 2664 propinaverat,
3209 2592 3465 2648 virilitate
3491 2589 3698 2660 privatus

2139 2689 2261 2743 fuit.
2291 2689 2427 2744 Tum
2473 2705 2537 2743 ex
2571 2687 2872 2758 profluente
2909 2687 3026 2757 ejus
3053 2687 3320 2758 sanguine
3349 2684 3577 2741 nascitur
3609 2694 3701 2736 ma-

2140 2784 2252 2839 lum
2318 2785 2616 2854 punicum;
2680 2782 2835 2852 cujus
2899 2780 3360 2852 pulchritudinem
3409 2778 3582 2844 Nana,
3621 2773 3707 2828 ﬁlia

2145 2876 2388 2949 Sangarii
2411 2877 2575 2948 regis,
2604 2874 2888 2942 admirata,
2918 2891 2982 2930 ex
3009 2889 3182 2945 eoque
3204 2873 3258 2929 in
3281 2873 3458 2928 sinum
3479 2867 3704 2929 admisso.

2142 2983 2462 3040 praegnans,
2503 2978 2754 3038 tanquam
2795 2967 2978 3022 vitiata
3029 2967 3082 3022 in
3119 2981 3394 3022 carcerem
3437 2964 3570 3018 fame
3602 2973 3711 3014 ene-

2151 3063 2324 3121 cauda
2353 3063 2659 3134 conjicitur.
2704 3063 2748 3117 A
2794 3061 2954 3117 deum
2999 3070 3179 3116 autem
3211 3059 3383 3115 Matre
3424 3056 3587 3128 pomis
3611 3065 3712 3107 sus-

2148 3164 2387 3222 tentata,
2423 3154 2703 3226 parvulum
2736 3154 2896 3210 enixa
2925 3162 3039 3219 est,
3077 3166 3238 3224 quem
3279 3149 3566 3222 Sangarius
3588 3143 3714 3216 jubet

2071 3215 2121 3280 Ο
2150 3252 2353 3322 θχροιιὶ
2385 3269 2398 3305 :
2425 3215 2523 3306 sed
2553 3265 2584 3305 a
2612 3249 2823 3305 Phorba
2853 3249 2990 3304 lacte
3020 3215 3253 3302 nuiritus
3283 3247 3512 3310 hircino,
3542 3241 3714 3298 idcirco

2149 3347 2289 3401 Attis
2313 3344 2619 3415 appellatus
2643 3352 2746 3398 est.
2778 3341 2880 3399 Ubi
2908 3351 3087 3398 autem
3111 3341 3368 3404 adolevit,
3404 3339 3550 3396 illum
3577 3333 3718 3390 Mater

2149 3440 2308 3495 deum
2362 3448 2418 3495 et
2450 3437 2702 3510 Agdestis
2755 3435 2962 3493 nefarie
3003 3452 3067 3492 ac
3101 3435 3386 3508 deperdite
3414 3433 3714 3488 amaverunt.

2151 3533 2317 3589 Midas
2346 3547 2498 3599 vero,
2532 3547 2630 3587 rex
2660 3530 3054 3595 Pessinuntius,
3086 3538 3146 3585 ut
3174 3543 3402 3600 puerum
3435 3535 3538 3581 tam
3565 3515 3718 3578 infami

2151 3641 2339 3682 amore
2366 3625 2640 3687 liberaret,
2669 3623 2830 3680 filiam
2863 3638 3016 3678 suam
3043 3623 3101 3677 tn
3131 3619 3536 3677 matrimonium
3560 3613 3607 3671 ei
3631 3608 3722 3666 col-

2152 3719 2436 3776 locandam
2456 3717 2773 3776 destinavit.
2793 3715 2873 3774 Ne
2893 3716 3017 3786 quid
3041 3730 3206 3786 porro
3227 3715 3427 3771 indicta
3451 3708 3718 3781 nuptiarum

2154 3815 2242 3871 die
2273 3815 2378 3870 illis
2405 3812 2674 3870 accideret
2693 3811 2912 3878 funesti,
2935 3809 3098 3881 jussit
3127 3808 3279 3864 urbis
3313 3815 3495 3878 portas
3521 3793 3720 3857 occludi.

2155 3908 2260 3966 Sed
2295 3909 2462 3964 Deum
2492 3907 2698 3976 Mater,
2728 3903 2898 3960 muris
2939 3903 3172 3959 civitatis
3211 3901 3390 3973 capite
3430 3890 3720 3955 sublevatis,

2155 4004 2350 4061 urbem
2393 4004 2636 4074 ingressa
2665 4009 2768 4056 est.
2813 3998 2950 4054 Tum
2996 3996 3247 4053 omnibus
3291 3994 3362 4050 ab
3387 3987 3626 4063 Agdesti,
3661 3981 3722 4037 ira

2157 4101 2384 4170 percito,
2417 4097 2471 4151 in
2503 4097 2739 4151 furorem
2767 4102 2820 4148 et
2863 4090 3125 4147 insaniam
3156 4088 3292 4142 actis
3327 4106 3340 4142 :
3373 4085 3632 4142 Mammas,
3665 4074 3725 4170 ait

2159 4167 2454 4260 Arnobius,
2480 4192 2578 4246 sibi
2611 4189 2818 4245 demetit
2846 4186 2990 4242 Galli
3022 4185 3133 4255 ﬁlia
3160 4182 3382 4256 pellicis,
3411 4189 3468 4237 et
3498 4174 3623 4233 Attis
3645 4167 3724 4225 sub

2162 4289 2288 4358 pinu
2317 4285 2418 4340 sibi
2446 4293 2689 4355 amputat
2716 4280 2915 4344 virilia,
2953 4289 3009 4334 et
3038 4276 3287 4332 moritur.
3332 4275 3414 4331 Ex
3439 4281 3622 4329 cruore
3644 4276 3724 4318 au-

2162 4390 2271 4436 tem
2312 4379 2579 4440 virilium.
2626 4392 2746 4448 qua:
2775 4374 2945 4430 Mater
2973 4372 3131 4428 deum
3161 4379 3317 4427 veste
3347 4363 3582 4425 defuncti
3608 4363 3724 4415 tecta

2163 4477 2215 4530 in
2246 4486 2442 4530 terram
2472 4470 2747 4541 iniecerat,
2793 4467 2934 4523 viola
2964 4465 3221 4521 nascitur.
3257 4464 3471 4534 Sponsa
3500 4467 3619 4512 vero
3643 4450 3723 4505 At-

2166 4568 2324 4633 tidis,
2369 4579 2528 4636 quam
2563 4563 2806 4618 Valerius
2837 4559 3075 4632 pontifex
3104 4556 3215 4612 Iam
3256 4562 3450 4620 vocat,
3481 4547 3604 4606 fusis
3628 4552 3726 4636 cum

2165 4633 2683 4732 Agdesti—Iacrymis,
2716 4669 2777 4710 se
2805 4655 2976 4724 ipsam
3017 4649 3291 4715 interficit,
3319 4656 3374 4704 et
3399 4639 3609 4732 sanguis
3633 4633 3729 4700 eius

2165 4729 2391 4810 vertitur
2429 4751 2482 4805 in
2515 4748 2704 4804 violas.
2739 4745 2847 4801 Has
2874 4760 2996 4801 cum
3026 4742 3196 4798 Mater
3219 4739 3382 4796 deum
3419 4729 3727 4792 suffudisset.

2167 4847 2291 4903 inde
2333 4847 2506 4901 oritur
2549 4841 2888 4915 amygdalus.
2917 4838 3123 4895 Dehinc
3163 4836 3374 4907 pinum.
3405 4829 3557 4902 paulo
3580 4831 3730 4879 antea

2170 4942 2325 4997 nobis
2353 4947 2729 4997 memoratam,
2753 4934 2808 4989 in
2838 4942 3053 4988 antrum
3073 4929 3278 4997 defert,
3305 4937 3468 4997 atque
3497 4920 3563 4977 ibi
3589 4915 3664 4972 illa
3687 4916 3731 4964 et

2171 5033 2422 5104 Agdestis
2461 5032 2850 5100 lacrymantur,
2891 5035 3219 5094 tunsumque
3263 5028 3456 5091 pectus
3501 5009 3728 5070 sauciant.

2171 5127 2366 5183 Postea
2393 5123 2643 5194 Agdestis
2669 5121 2856 5176 Jovem
2891 5128 3066 5187 rogat,
3099 5124 3158 5170 ut
3186 5113 3355 5168 Attim
3387 5107 3453 5164 ad
3482 5106 3631 5160 vitam
3657 5108 3729 5149 re.

2174 5231 2351 5280 vocet.
2381 5218 2488 5276 Sed
2517 5217 2647 5273 nihil
2689 5214 2831 5270 aliud
2858 5213 2927 5268 ab
2960 5227 3026 5266 eo
3057 5205 3400 5280 impetravit;
3433 5198 3530 5255 nisi
3555 5203 3606 5251 ut
3628 5202 3730 5246 cor-

2175 5335 2276 5390 pus
2303 5317 2447 5372 illius
2474 5329 2578 5368 non
2610 5315 2964 5382 putresceret,
2994 5317 3165 5361 coma:
3193 5301 3501 5357 crescerent
3526 5292 3730 5390 semper.

2175 5384 2239 5468 ac
2265 5409 2517 5465 minimus
2544 5405 2743 5477 digitus
2777 5403 3002 5466 viveret,
3032 5405 3404 5472 perpetuoque
3425 5395 3566 5446 motu
3589 5384 3732 5450 θεῖαι·

2175 5514 2344 5561 τοίω.
3547 5568 3576 5572 __
3643 5561 3656 5572 .
3676 5559 3688 5572 .

2251 5597 2332 5654 Ad
2367 5611 2490 5652 eum
2521 5609 2655 5650 sane
2685 5591 2900 5649 modum
2934 5588 3049 5644 haec
3077 5584 3312 5659 Cybeles
3339 5591 3394 5636 et
3422 5568 3606 5632 Attidis
3643 5561 3732 5615 ltis-

2179 5693 2315 5747 toria
2357 5691 2426 5745 ab
2457 5687 2694 5745 Arnobio
2731 5682 3076 5740 describitur.
3109 5682 3181 5734 At
3207 5683 3356 5733 certe
3379 5660 3613 5741 quamvis
3633 5660 3732 5751 cem

2179 5800 2242 5841 ex
2273 5781 2570 5839 reconditis
2617 5787 2779 5850 atque
2801 5774 3002 5831 intimis
3023 5767 3360 5842 antiquitatis
3386 5752 3733 5850 monumeollfi‘

2177 5893 2206 5934 a
2238 5893 2298 5934 se
2327 5876 2635 5947 decerptam
2679 5846 2803 5928 esse
2831 5867 3131 5942 significet,
3175 5868 3382 5922 certum
3429 5846 3735 5909 nihilominli
