3904 6326
398 521 453 575 in
485 520 710 592 Hirrum,
751 540 867 595 cap.
898 525 992 594 20,
1031 537 1134 585 art.
1165 528 1243 603 2),
1274 532 1433 604 longe
1460 534 1620 591 aliter
1658 538 1889 593 narrari.
1920 536 2001 595 Ne

397 611 522 684 quis
546 622 728 671 tarnen
761 615 915 674 illum
954 621 1177 678 secretis
1214 633 1457 682 veterum
1484 631 1910 698 commentariis,
1946 644 2001 689 et

400 705 690 766 Timotheo
711 710 868 768 ﬁdem
896 712 1107 771 facilius
1130 719 1431 790 praebuisse
1451 733 1659 794 arguat,
1684 724 1824 781 alius
1842 726 1999 782 testis

396 802 812 872 antiquissimus
841 807 1194 877 proferendus
1217 822 1301 868 est
1329 813 1643 883 Pausanias,
1672 817 1765 888 qui
1789 818 1856 874 ad
1883 818 2001 890 ejus

394 896 769 955 narrationem
819 904 1032 960 caneris
1060 906 1309 964 omnibus
1338 909 1556 981 propius
1584 911 1832 967 accessit.
1858 911 1994 982 Quia

393 1004 529 1046 vero
575 991 790 1065 longius
832 995 972 1053 foret
1013 997 1171 1069 hujus
1217 1001 1379 1058 verba
1418 1011 1475 1058 et
1519 1018 1697 1075 grazce
1734 1015 1789 1061 et
1835 1005 2002 1063 latine

396 1088 792 1159 transcribere,
819 1090 933 1149 haec
962 1109 1080 1166 quae
1105 1096 1174 1151 ab
1199 1098 1450 1153 omnibus
1480 1099 1848 1172 intelligantur
1873 1116 2000 1172 pro-

386 1179 634 1240 feremus
664 1203 678 1239 :
712 1204 732 1238 ι
765 1187 939 1256 Alius,
970 1209 990 1242 ι
1024 1191 1216 1259 inquit,
1253 1212 1273 1244 ι
1301 1207 1481 1249 sermo
1506 1193 1575 1250 de
1599 1196 1723 1251 Atte
1748 1211 1834 1251 est
1858 1195 2001 1266 apud

385 1272 564 1346 ipsos,
600 1294 619 1327 ›
647 1274 802 1332 Gallo
822 1294 1027 1350 graecos
1052 1281 1392 1339 Pessinuntis
1413 1285 1640 1357 incolas,
1668 1304 1689 1338 ι
1718 1287 1999 1343 memoria:

385 1378 778 1427 consecratus.
808 1370 997 1429 Jovem
1030 1372 1336 1432 fabulantur
1362 1392 1460 1449 per
1488 1379 1757 1434 somnium
1794 1380 1845 1435 in
1885 1390 1999 1437 ter-

382 1474 510 1515 ram
540 1475 729 1520 semen
759 1466 1080 1536 profudi~se.
1108 1468 1186 1524 Ex
1214 1485 1282 1525 eo
1308 1481 1467 1527 terra:
1486 1481 1751 1544 c0uceptu
1780 1474 1996 1544 genium

381 1552 637 1611 humana
675 1557 892 1628 quidem
936 1560 1104 1633 ﬁgura
1124 1603 1139 1625 ,
1166 1561 1264 1619 sed
1294 1563 1545 1634 ambiguo
1572 1579 1704 1620 sexu
1736 1565 1790 1620 in
1820 1564 1996 1621 lucem

379 1650 688 1720 prodiisse,
716 1652 996 1724 Agdestim
1040 1655 1403 1727 appellatum;
1451 1657 1583 1714 deos
1613 1665 1859 1715 monstro
1898 1673 1997 1715 ex-

378 1743 617 1799 territos
636 1745 845 1801 virilem
871 1747 919 1804 ei
950 1758 1158 1820 partem
1184 1750 1521 1817 exsecuisse;
1554 1766 1623 1807 ex
1651 1766 1715 1808 ea
1741 1750 1999 1824 amygda-

1620 326 1690 385 IN
1717 326 2098 403 ABNOBIUM,
2136 332 2291 395 CAP.
2336 341 2524 401 XVIII.

2099 735 2398 804 praedicari.
2451 742 2520 799 Et
2566 760 2697 802 vero
2737 748 2949 808 Tullius
3002 753 3147 811 haud
3197 773 3421 829 prorsus
3468 764 3710 821 absimili

2101 829 2263 887 modo
2285 844 2406 904 post
2431 839 2755 910 explicatam
2790 845 3084 906 Democriti
3117 852 3261 912 illius
3304 855 3622 915 Abderitani
3651 863 3711 918 in

2101 924 2301 1023 sulsom
2338 928 2405 985 de
2449 931 2674 990 deorum
2698 948 2887 995 natura
2919 953 2971 997 et
3006 944 3330 1017 imaginibus
3368 953 3703 1023 opinionem,

2099 1014 2297 1084 adjecit
2311 1036 2339 1113 _:
2388 1039 2409 1072 ι
2437 1021 2569 1092 Quae
2585 1028 2803 1098 quidem
2830 1034 3010 1089 omnia
3036 1014 3164 1092 sunt
3186 1039 3355 1109 patria
3383 1014 3703 1113 Democriti,

2101 1122 2262 1176 quam
2309 1111 2619 1172 Democrito
2663 1119 2908 1191 digniora
2948 1144 2969 1177 ι
3001 1123 3213 1198 (Cicer.,
3261 1131 3348 1188 lib.
3409 1151 3428 1190 ι
3473 1135 3537 1191 de
3576 1111 3709 1194 Nat.

2101 1199 2270 1270 deor.,
2290 1221 2408 1277 pag.
2434 1205 2588 1283 212).

2172 1292 2282 1350 Nec
2319 1309 2436 1355 erat
2462 1317 2593 1359 sane
2620 1305 2761 1363 ullus
2791 1308 3025 1368 ethnicis
3046 1318 3410 1387 respondendi
3438 1321 3614 1391 locus,
3646 1326 3702 1382 in

2101 1395 2211 1443 tota
2242 1388 2332 1446 illa
2358 1393 2584 1451 historia
2609 1399 2740 1471 nihil
2772 1418 2996 1473 prorsus
3026 1409 3253 1467 subesse
3279 1415 3416 1469 veri.
3444 1388 3710 1474 Christia-

2101 1497 2293 1540 norum
2324 1487 2605 1547 enimvero
2634 1494 2769 1549 nihil
2814 1496 3042 1556 interest
3075 1512 3255 1559 utrum
3290 1505 3405 1562 haec
3450 1507 3580 1564 falsa
3612 1520 3709 1566 aut

2101 1590 2229 1671 vera
2251 1577 2483 1637 dicatur.
2507 1582 2640 1640 Nam
2681 1588 2726 1642 si
2756 1604 2887 1649 vera
2916 1594 3043 1661 sint,
3074 1610 3197 1666 qua:
3218 1597 3271 1651 in
3296 1613 3362 1653 ea
3388 1609 3704 1671 narrantur,

2215 1680 2363 1727 certe
2410 1675 2571 1731 irasci
2623 1692 2733 1734 non
2760 1678 2963 1738 debent
3014 1684 3362 1755 christianis,
3405 1692 3498 1762 qui
3529 1667 3709 1749 tantas

2104 1761 2321 1819 illorum
2362 1767 2725 1839 turpitudines
2755 1789 2856 1830 nec
2887 1776 3014 1832 ullis
3053 1794 3305 1852 umquam
3333 1761 3554 1855 scriptis
3573 1802 3707 1857 pro-

377 1835 500 1947 iam
545 1840 980 1947 ettoatam,.cujus
1024 1856 1145 1898 cum
1186 1850 1426 1947 maturos
1466 1842 1997 1947 fructus-appetisset
2028 1842 2076 1902 Β
2102 1855 2311 1926 didere,
2344 1835 2618 1919 nec‘ullibi
2638 1863 2929 1935 aliquando
2952 1835 3550 1941 ιιινυιεείι-υιίὶὲῖὲὲἶᾷ
3573 1835 3711 1947 lfalsa

374 1927 645 2000 Sangarii
672 1931 849 1987 amnis
871 1931 1000 1998 ﬁlia,
1023 1947 1225 2005 eosque
1247 1934 1301 1989 in
1329 1933 1508 1992 sinum
1531 1934 1848 2004 abdidisset,
1872 1952 1999 1991 eva-

370 2023 579 2078 nuisse
611 2022 731 2080 illos
767 2024 1017 2097 quidem,
1058 2042 1246 2083 verum
1285 2029 1518 2099 puellam
1559 2030 1834 2101 gravidam
1881 2028 1999 2086 fac-

371 2121 494 2168 tam
518 2156 536 2179 ,
571 2131 796 2186 puerum
837 2118 1092 2174 enixam:
1126 2122 1268 2178 hunc
1306 2121 1359 2176 in
1394 2121 1547 2194 sylva
1578 2123 1881 2194 expositum
1905 2165 1923 2191 ,
1966 2138 1999 2179 a

367 2209 603 2280 capella
632 2210 940 2281 educatum,
972 2229 1092 2270 cum
1125 2215 1468 2282 adolevisset,
1497 2216 1695 2273 eximia
1728 2216 1914 2283 fuisse,
1942 2226 2000 2274 et

370 2302 562 2357 multo
629 2319 788 2375 quam
854 2305 1085 2364 humana
1137 2309 1517 2367 excellentium
1566 2308 1987 2381 pulchritudine.

373 2394 661 2464 Quocirca
685 2398 803 2470 ejus
828 2415 1015 2457 amore
1043 2411 1257 2473 captum
1295 2402 1592 2474 Adgestim,
1620 2418 1742 2458 cum
1769 2402 1837 2459 ad
1863 2403 1992 2459 viri-

371 2487 494 2544 lem
523 2498 740 2547 :ctatem
769 2494 1128 2563 pervenisset,
1154 2495 1528 2551 Pessinuntem
1556 2511 1679 2550 eum
1709 2495 1995 2568 propinqui

370 2583 463 2637 sui
496 2582 790 2641 miserunt.
819 2585 896 2642 Ibi
925 2602 1047 2641 cum
1080 2586 1223 2658 regis
1246 2586 1412 2643 ﬁliam
1445 2602 1670 2643 uxorem
1698 2598 1841 2644 esset
1865 2587 1998 2644 duc-

372 2684 582 2743 turus,
626 2685 682 2734 et
714 2677 825 2748 jam
859 2679 1096 2750 nuptiale
1121 2694 1337 2736 carmen
1372 2689 1700 2744 cantaretur,
1744 2679 1998 2751 Agdestis

381 2767 790 2841 interveniens,
833 2780 1038 2828 tantum
1072 2772 1183 2827 Atti
1220 2772 1450 2827 immisit
1493 2769 1762 2837 furorem;
1795 2781 1852 2827 ut
1893 2771 1999 2828 sibi

373 2862 647 2934 pudenda
694 2865 1031 2935 praecideret.
1081 2864 1195 2921 Hoc
1224 2866 1354 2921 item
1395 2880 1554 2922 socer
1576 2864 1694 2936 ejus
1721 2863 1999 2936 fecit.Ag-

377 2956 591 3015 destim
636 2958 759 3016 facti
806 2961 1076 3033 paenituit.
1123 2960 1353 3030 Quarea
1382 2960 1515 3017 Jove
1546 2961 1886 3033 impetravit,
1928 2977 1998 3018 ne

376 3068 493 3120 qua
523 3057 771 3125 corporis
796 3054 935 3111 Atta:
965 3071 1089 3127 pars
1119 3064 1468 3127 putresceret,
1497 3064 1589 3110 aut
1616 3054 1935 3127 tabesceret.
1969 3077 1989 3109 ι

379 3142 654 3218 lntelligis
680 3162 813 3204 sane
841 3147 991 3219 plura
1016 3149 1085 3205 ibi
1115 3148 1338 3205 Arnobii
1383 3148 1678 3203 narrationi
1722 3148 1790 3205 de
1810 3148 1996 3205 Attide

382 3247 445 3295 et
472 3238 697 3310 Agdesti
726 3241 943 3308 similia,
975 3242 1219 3312 quaedam
1246 3256 1375 3298 vero
1402 3241 1638 3308 diversa,
1668 3256 1733 3300 ac
1764 3259 1995 3313 praeser-
2019 3225 2068 3291 Ο

382 3332 486 3385 tim
514 3331 684 3387 altum
732 3330 801 3388 de
840 3332 1065 3389 deorum
1096 3333 1263 3389 Matre
1288 3334 1584 3391 silentium.
1612 3332 1718 3390 Sed
1745 3350 1864 3405 quae
1893 3335 1995 3392 sibi

384 3424 626 3485 invicem
656 3425 1003 3493 conveniunt,
1032 3440 1094 3482 ea
1134 3436 1281 3482 certe
1312 3426 1542 3498 probant
1564 3426 1864 3483 Aruobium
1893 3442 1995 3484 nec

386 3529 622 3586 temere,
653 3534 753 3576 nec
780 3520 1050 3576 immerito
1080 3520 1313 3576 ethnicis
1341 3520 1634 3589 Timothei,
1663 3530 1718 3578 et
1742 3522 1990 3592 aliorum,

383 3625 527 3682 quos
551 3621 769 3668 εεευιιιέ
792 3622 895 3679 83!,
927 3612 1191 3683 Objecisse
1216 3614 1611 3670 auctoritatem.
1794 3604 1799 3609 ⁷
1833 3605 1863 3611 ”
1888 3603 1984 3614 ””“·

462 3705 543 3761 Ex
576 3708 827 3763 omnibus
860 3716 1039 3762 autem
1074 3706 1232 3778 hujus
1274 3707 1511 3761 historiae
1554 3707 1993 3778 circumstantiis,

382 3814 526 3868 quas
565 3800 659 3855 ille
686 3800 997 3872 singillatim
1027 3801 1271 3867 resumit,
1316 3815 1418 3855 nec
1453 3814 1483 3853 a
1513 3800 1669 3855 nobis
1699 3801 1868 3870 repeti
1894 3816 1995 3858 ne-

383 3907 548 3948 cesse
568 3904 671 3958 est,
704 3892 1107 3949 evidentissime
1136 3892 1474 3948 demonstrat
1501 3892 1635 3947 nihil
1668 3892 1826 3962 plane
1866 3892 1995 3965 ﬁngi

384 4001 553 4058 posse
580 4002 687 4043 non
710 3988 884 4044 solum
914 3988 1133 4043 cuilibet
1156 3986 1281 4056 deo,
1312 3986 1406 4043 sed
1432 3987 1751 4058 cuicumque
1770 3986 1996 4044 honesto

383 4083 784 4154 moderatoque
815 4082 1016 4137 homini
1049 4081 1219 4153 magis
1244 4081 1732 4147 contumeliosum,
1766 4094 1866 4136 nec
1886 4096 1994 4152 quo

383 4177 622 4249 proinde
658 4184 765 4232 tota
790 4175 1132 4230 ethnicorum
1160 4174 1350 4245 religio
1375 4173 1547 4245 magis
1580 4182 1908 4243 proteratur,
1941 4182 1996 4229 et

383 4269 656 4328 radicitus
677 4270 1039 4326 convellatur.
1064 4268 1203 4336 Quin
1234 4268 1400 4323 immo
1428 4267 1515 4323 vel
1541 4265 1595 4322 id
1623 4267 1819 4332 solum,
1849 4266 1993 4337 quod

382 4366 461 4420 de
486 4364 668 4420 Matris
694 4364 915 4420 deorum
939 4371 1061 4418 ortu
1077 4372 1129 4417 et
1148 4376 1362 4426 amore,
1397 4370 1453 4416 et
1481 4359 1728 4416 obscenis
1763 4358 1990 4415 aliorum

384 4457 552 4514 factis
581 4456 808 4523 dicitur,
844 4456 1043 4512 invicte
1070 4455 1262 4527 probat
1298 4469 1449 4521 eam,
1481 4461 1816 4524 caeterosque
1836 4453 1990 4520 deos,

385 4559 573 4603 ortum
600 4548 888 4620 aliquando
912 4547 1184 4614 habuisse,
1209 4555 1266 4602 et
1283 4546 1509 4602 infames
1537 4545 1700 4600 fuisse
1722 4544 1991 4612 homines,

2099 1951 2452 2024 sint,justam
2480 1970 2612 2013 sane
2656 1958 2886 2016 deorum
2914 1962 3051 2019 iram
3094 1965 3300 2023 ethnici
3345 1970 3708 2038 concitarunt,

2100 2047 2189 2116 qui
2212 2045 2331 2102 haec
2366 2048 2418 2104 in
2447 2064 2636 2106 eorum
2667 2054 3018 2123 Opprobrium
3048 2056 3245 2115 litteris
3273 2070 3328 2116 et
3357 2061 3707 2133 sempiterna:

2099 2140 2378 2195 memoriae
2427 2143 2687 2200 mandare
2714 2146 2832 2202 ausi
2874 2158 3021 2203 sunt.
3061 2151 3132 2205 At
3160 2151 3248 2207 dic
3279 2152 3519 2221 tandem,
3544 2155 3709 2212 obse-

2099 2248 2218 2302 cro,
2248 2250 2350 2305 qua
2390 2236 2481 2293 isti
2512 2238 2720 2295 ratione
2767 2255 3014 2299 asserere
3043 2255 3294 2315 p0terant
3338 2247 3455 2305 haec
3491 2249 3707 2322 aliaque

2099 2327 2330 2398 plurima
2355 2331 2434 2386 eis
2470 2332 2665 2388 similia
2705 2349 2827 2391 esse
2868 2336 3034 2406 falsa,
3063 2355 3207 2411 quae,
3244 2342 3404 2398 sicuti
3434 2345 3710 2403 Arnobius

2099 2420 2197 2486 ait,
2221 2434 2277 2477 et
2299 2437 2398 2478 nos
2426 2423 2551 2480 alibi
2575 2428 2977 2498 annotavimus,
3009 2432 3204 2487 annuis
3223 2432 3397 2500 festis,
3428 2444 3485 2491 et
3510 2437 3705 2505 sacris,

2099 2527 2163 2568 ac
2189 2515 2439 2583 solemni,
2476 2518 2549 2572 uti
2569 2519 2850 2589 Apuleius,
2875 2521 3241 2580 Tertullianus
3263 2536 3318 2582 et
3343 2527 3712 2602 HierOuymus

2100 2608 2477 2677 testiﬁcantur,
2525 2611 2769 2667 ciborum
2816 2614 3142 2671 abstinentia
3174 2618 3568 2676 celebrabant?
3593 2621 3706 2679 Sed

2099 2699 2219 2758 haec
2247 2703 2580 2780 Augustinus
2607 2703 2779 2762 fusius
2809 2707 3124 2775 insectatur,
3158 2711 3312 2781 cujus
3339 2712 3503 2768 verba
3523 2755 3538 2780 ,
3572 2730 3698 2785 qua:

2098 2793 2317 2864 quidem
2344 2795 2503 2868 longe
2532 2798 2682 2869 plura
2715 2810 2861 2868 sunt,
2890 2817 3050 2871 quam
3089 2801 3175 2859 hic
3204 2804 3396 2861 referri
3443 2805 3700 2873 debeant,

2101 2886 2157 2942 in
2185 2888 2305 2959 ejus
2348 2889 2499 2944 libris
2542 2902 2594 2946 te
2623 2892 2818 2965 legisse
2849 2911 2955 2950 non
2986 2897 3287 2967 paenitebit.
3322 2898 3569 2971 (Arnob.,
3612 2901 3705 2957 lib.

2098 2998 2137 3050 ι,
2167 3000 2288 3053 pag.
2320 2982 2388 3039 54
2410 2999 2426 3048 ;
2451 2995 2576 3039 tom.
2606 3002 2623 3040 ι
2656 2989 2932 3059 Apparat.,
2961 3006 3082 3062 pag.
3116 2991 3242 3058 759;
3268 2991 3487 3047 Dissert.
3518 2993 3572 3048 in
3596 2992 3708 3047 Mi-

2099 3091 2241 3143 nuc.,
2269 3093 2386 3148 cap.
2418 3077 2510 3142 20,
2542 3092 2642 3135 act.
2668 3079 2919 3152 2;Apul.,
2946 3084 3015 3137 lib
3043 3100 3078 3138 ιι
3108 3082 3347 3154 Metam,
3393 3103 3514 3159 pag.
3529 3086 3638 3142 206
3657 3096 3709 3142 et

2098 3167 2227 3235 209;
2246 3168 2494 3240 Tertull.,
2525 3172 2613 3227 lib.
2643 3174 2707 3229 de
2725 3172 2929 3247 Jejun.,
2959 3177 3166 3248 cap.2;
3199 3176 3529 3252 Hieronym.,
3549 3182 3703 3251 epist.

2100 3264 2156 3331 7,
2179 3264 2248 3318 ad
2273 3263 2491 3330 Laetam,
2524 3276 2571 3321 et
2621 3267 2710 3323 lib.
2740 3285 2775 3325 ιι
2802 3270 2921 3325 adv.
2949 3270 3152 3339 Jovin.,
3184 3291 3306 3348 pag.
3335 3274 3436 3343 9i;
3461 3275 3705 3350 August.,

2101 3356 2190 3414 lib.
2214 3374 2283 3414 vn
2315 3358 2379 3414 de
2406 3358 2582 3429 Civit.,
2605 3377 2723 3433 cap.
2747 3362 2840 3432 26,
2872 3380 2997 3437 pag.
3032 3364 3189 3440 172.)

2711 3517 3007 3561 Ακτιειιωε
3044 3519 3103 3561 II.

2096 3613 2460 3677 Expenduutur
2482 3614 2699 3677 vulgatae
2720 3616 2833 3668 alia:
2875 3617 3095 3669 historia;
3118 3619 3182 3670 de
3206 3618 3375 3670 Fauna
3407 3619 3583 3677 Fatua,
3610 3635 3703 3675 seu

2202 3658 2307 3747 ὄξᾶ
2315 3658 2838 3744 ἷιῐιᾷῖάίίὲἰέἶέ”νιῑξῑὶ
2875 3658 3020 3744 ἔέἑᾶξ
3033 3658 3229 3735 ’ἷῖἆὲ
3248 3658 3705 3747 miseriast

2158 3741 2298 3802 regis
2320 3748 2447 3791 ortu.

2170 3868 2391 3925 Fatetur
2418 3868 2689 3926 Arnobius
2709 3878 2766 3926 et
2786 3872 3049 3941 materiae,
3075 3887 3107 3927 a
3129 3887 3189 3929 se
3212 3873 3282 3930 de
3307 3890 3433 3932 vera
3460 3890 3525 3932 ac
3554 3876 3691 3934 falsa

2097 3963 2359 4034 religione
2407 3963 2726 4028 tractandae,
2766 3964 3067 4033 rationem,
3096 3976 3152 4022 et
3195 3976 3506 4039 susceptum
3545 3969 3697 4025 chri-

2096 4057 2287 4112 stianze
2335 4056 2613 4127 religionis
2662 4056 3001 4114 vindicanda:
3043 4074 3242 4116 munus
3280 4063 3587 4132 postulare;
3637 4074 3700 4120 ut

2097 4149 2234 4204 alias
2261 4148 2469 4204 similes
2511 4147 2769 4205 historias
2809 4151 2980 4207 sacris
3008 4152 3349 4209 ethnicorum
3396 4156 3696 4227 mysteriis,

2097 4256 2161 4297 ac
2185 4241 2334 4299 festis
2349 4240 2540 4297 diebus
2556 4252 2989 4312 repraesentatas,
3010 4254 3431 4316 prosequeretur
3446 4246 3691 4320 (Amob.,

2095 4333 2183 4388 lib.
2215 4348 2267 4398 v,
2297 4350 2417 4405 pag.
2447 4332 2595 4403 168).
2628 4333 2828 4390 Verum
2861 4350 2929 4391 ne
2960 4338 3266 4407 turpissima
3296 4352 3485 4394 earum
3516 4353 3695 4412 expo-

2095 4426 2294 4482 sitione
2315 4426 2431 4497 ipse
2456 4426 2657 4496 aliique
2681 4429 3200 4497 contaminarentur,
3231 4429 3417 4501 plures
3432 4431 3700 4502 judicavit

2093 4520 2347 4593 prudenti
2376 4521 2592 4576 silentio
2618 4537 2742 4579 esse
2770 4524 3189 4592 prmtereundas.
3214 4523 3504 4581 Rhetorica
3534 4526 3700 4598 igitur

383 4646 486 4714 qui
517 4641 716 4698 idcirco
744 4657 843 4698 nec
870 4652 1089 4697 :eternze
1119 4655 1220 4697 nec
1257 4638 1453 4695 divina:
1478 4648 1684 4696 natura:
1712 4647 1992 4711 compotes

2106 4615 2268 4688 ﬁgura
2307 4631 2368 4671 se
2397 4616 2729 4687 praimittere
2777 4616 3015 4683 simulat,
3065 4617 3208 4688 quod
3261 4618 3534 4680 breviter.
3560 4619 3697 4675 satis

390 4752 652 4807 umquam
684 4752 804 4793 esse
826 4745 1136 4809 potuerunt.
1198 4766 1201 4771 -

467 4828 597 4884 Jure
628 4828 787 4900 igitur
818 4828 1012 4883 merito
1049 4826 1368 4884 exclamavit
1409 4831 1598 4882 auctor
1624 4834 1810 4879 noster
1840 4840 1853 4877 :
1890 4842 1909 4875 ι
1947 4822 1992 4877 0

387 4922 632 4987 Abdera,
680 4920 913 4988 Abdera,
955 4920 1114 4977 dares
1143 4930 1371 4990 quantas
1399 4919 1515 4973 vias
1552 4916 1875 4973 mortalibus
1914 4917 1990 4971 ir-

385 5013 638 5079 ridendi,
673 5013 792 5069 talis
841 5015 886 5069 si
911 5014 1050 5084 apud
1081 5022 1132 5069 te
1158 5023 1303 5069 esset
1332 5010 1509 5067 fabula
1547 5011 1619 5066 ita
1665 5009 1931 5066 conﬂata?
1964 5029 1987 5065 ι

392 5108 643 5181 (Arnob..
672 5106 760 5162 lib.
792 5123 849 5173 v,
897 5125 1016 5179 pag.
1048 5105 1202 5178 164.)
1247 5104 1459 5161 Abdera
1494 5114 1675 5160 autem
1720 5103 1849 5158 urbs
1878 5112 1997 5159 erat

386 5200 672 5268 Thracia,
696 5199 985 5256 Democriti
1009 5197 1333 5269 philosophi,
1363 5207 1417 5254 et
1446 5196 1672 5253 aliorum
1703 5195 1993 5266 insignium

384 5296 635 5351 virorum
658 5293 849 5363 patria.
880 5291 985 5350 Sed
1003 5292 1095 5347 alii
1122 5291 1239 5363 ejus
1260 5291 1405 5346 cives
1431 5289 1804 5361 erantstupori
1831 5299 1995 5360 atque

388 5385 623 5445 insania).
647 5385 885 5442 obnoxii.
918 5384 1074 5442 Unde
1101 5383 1253 5453 illud,
1272 5382 1341 5440 de
1369 5398 1477 5454 quo
1497 5382 1753 5438 Erasmus
1778 5382 1995 5438 disserit

390 5479 643 5553 adagium
672 5498 690 5536 :
720 5480 1011 5535 Abderitica
1041 5496 1182 5534 mens
1205 5478 1461 5552 (Erasm.,
1486 5475 1678 5548 Δάας..
1709 5476 1832 5530 chil.
1865 5476 1920 5542 4,
1945 5488 1992 5531 et

388 5585 530 5634 cent.
561 5576 614 5642 6,
638 5577 791 5648 adag.
811 5575 905 5642 28,
932 5592 1051 5647 pag.
1077 5575 1226 5647 877);
1255 5583 1309 5629 et
1337 5573 1440 5628 hoc
1455 5569 1711 5627 Martialis
1726 5584 1945 5626 carmen
1975 5587 1990 5625 :

615 5690 931 5742 Abderitana:
956 5696 1157 5751 pectora
1174 5689 1342 5751 plebis
1360 5689 1535 5751 habes.

982 5747 1221 5814 Martiall,
1243 5749 1329 5804 lib.
1352 5764 1441 5811 xx,
1461 5747 1621 5815 cpigr.
1640 5748 1747 5814 25.)

2097 4719 2277 4764 tamen
2303 4707 2368 4763 ad
2398 4709 2732 4779 propositum
2754 4723 2908 4765 suum
2923 4721 3163 4776 enarrat,
3187 4709 3427 4767 Faunam
3440 4709 3691 4781 Fatuam,

2098 4820 2194 4863 seu
2224 4805 2428 4861 Bonam
2459 4804 2615 4860 deam
2645 4804 2870 4877 myrteis
2894 4804 3080 4877 virgis,
3114 4814 3252 4861 teste
3277 4805 3447 4862 Sexto
3473 4804 3693 4875 Clodio,

2100 4906 2383 4970 propterea
2423 4911 2618 4952 ctesam
2649 4896 2833 4963 fuisse,
2881 4898 3005 4968 quia
3045 4899 3241 4954 marito
3267 4913 3366 4955 suo
3396 4900 3693 4968 nesciente,

2105 4991 2318 5062 plenam
2340 4990 2452 5045 vini
2483 4989 2682 5045 seriam
2730 4989 2975 5046 bibisset.
3018 4989 3188 5062 Cujus
3225 4992 3445 5065 quidem
3476 4995 3532 5049 in
3568 4992 3699 5050 facti

2102 5081 2421 5138 memoriam
2477 5082 2739 5153 amphora
2792 5081 2901 5138 vini
2953 5084 3007 5139 in
3063 5084 3213 5141 illius
3257 5086 3533 5157 mysteriis
3591 5084 3694 5141 ob-

2101 5182 2244 5231 tecta
2293 5174 2673 5242 constituitur,
2707 5189 2808 5232 nec
2835 5176 2929 5232 ulli
2959 5176 3041 5234 fas
3086 5187 3171 5235 est
3212 5179 3278 5235 iis
3320 5178 3522 5235 inferre
3564 5193 3693 5235 ver-

2099 5266 2288 5325 bonas.

2172 5360 2479 5418 Macrobius
2504 5371 2684 5419 autem
2714 5362 2831 5421 haec
2853 5365 3011 5432 paulo
3040 5365 3345 5430 enodatius,
3377 5380 3487 5422 non
3514 5367 3695 5439 aliquo

2103 5463 2281 5509 tamen
2310 5453 2427 5511 sine
2469 5454 2811 5526 discrimine,
2859 5457 3107 5528 huncquc
3149 5458 3204 5513 in
3247 5458 3468 5514 modum
3512 5459 3702 5517 retulit

2101 5548 2385 5622 (Macrob.,
2417 5549 2533 5604 libr.
2562 5566 2579 5604 ι
2636 5550 2931 5617 Saturnal.,
2965 5566 3081 5622 cap.
3113 5548 3227 5623 12).
3272 5550 3476 5619 Fauna,
3500 5553 3693 5624 inquit,

2101 5653 2157 5701 et
2179 5643 2346 5700 Fatua
2374 5659 2405 5699 a
2437 5642 2781 5715 quibusdam,
2827 5658 2891 5700 ac
2928 5645 3267 5714 potissimum
3297 5645 3555 5703 Cornelio
3585 5646 3695 5703 La-

2102 5737 2296 5805 beone,
2324 5745 2380 5793 et
2420 5738 2475 5791 in
2508 5737 2825 5793 Pontiﬁcum
2872 5735 3025 5792 libris
3064 5738 3252 5795 eadem
3301 5740 3496 5797 dicitur
3535 5750 3697 5814 atque

389 5840 602 5898 Sensus
627 5840 807 5912 itaque
834 5839 1059 5896 Arnobii
1107 5847 1191 5894 est
1239 5835 1623 5902 Abderitanos,
1654 5831 2001 5908 quantumvis
2106 5831 2263 5901 Maia,
2308 5831 2456 5890 Bona
2488 5832 2611 5902 dea,
2654 5834 2785 5904 Ops,
2836 5830 3029 5904 Terra,
3057 5842 3111 5890 et
3150 5832 3336 5907 Magna
3386 5844 3578 5906 mater,
3610 5837 3701 5897 cui
