3904 6326
383 294 500 351 595

386 504 515 559 vina
541 503 737 575 agitur.
762 501 845 557 Ab
872 502 993 557 aliis
1021 510 1199 559 tamen
1218 502 1409 559 eadem
1428 517 1490 559 ac
1516 500 1685 558 Fauni
1718 503 1828 560 ﬁlia
1854 519 1979 561 cen-

382 606 562 664 setur,
593 610 713 666 qua:
740 609 863 650 cum
891 596 1058 667 patris
1088 595 1202 665 sui,
1235 611 1266 652 a
1297 611 1403 667 quo
1430 596 1640 668 perdite
1675 598 1976 665 amabatur,

382 688 653 746 voluntati
692 686 1019 756 obstitisset,
1048 687 1198 758 virga
1230 697 1436 760 myrtea
1476 688 1545 742 ab
1576 688 1669 743 illo
1697 689 1979 745 verberata

382 790 487 841 est.
518 781 658 838 Tum
686 781 779 837 ille
805 781 954 837 addit
986 799 999 835 :
1033 800 1052 833 ι
1087 782 1290 838 [lorum
1309 781 1549 838 omnium
1577 780 1681 838 hoc
1703 784 1982 855 proferunt

378 874 591 943 indicii,
617 875 761 946 quod
791 874 995 946 virgam
1024 883 1288 948 myrteam
1311 874 1366 929 in
1393 875 1593 947 templo
1614 874 1798 931 haberi
1832 876 1981 932 nefas

383 968 487 1035 sit;
537 967 683 1038 quod
731 981 894 1038 super
945 977 1108 1037 caput
1157 967 1277 1038 ejus
1324 965 1646 1022 extendatur
1698 968 1845 1033 vitis,
1878 982 1980 1039 qua

380 1063 623 1119 maxime
649 1075 767 1116 eam
799 1069 952 1130 pater
989 1059 1107 1130 ejus
1144 1059 1397 1131 decipere
1429 1059 1694 1127 tentavit;
1726 1060 1868 1131 quod
1901 1062 1975 1114 vi-

382 1173 518 1213 num
547 1156 602 1211 in
620 1155 882 1226 templum
906 1152 1026 1224 ejus
1056 1168 1164 1208 non
1196 1169 1293 1208 suo
1324 1154 1545 1209 nomine
1569 1153 1741 1210 soleat
1772 1151 1978 1221 inferri,

381 1249 482 1307 sed
509 1263 605 1305 vas
633 1249 687 1303 in
723 1262 832 1318 quo
860 1246 1046 1302 vinum
1091 1245 1318 1303 inditum
1355 1247 1447 1313 sit,
1474 1246 1780 1301 mellarium
1811 1248 1984 1301 nomi-

382 1350 566 1409 netur,
606 1349 661 1397 et
708 1341 891 1395 vinum
938 1341 1025 1394 lac
1071 1348 1434 1410 nuncupetur,
1487 1348 1880 1419 serpentesque
1927 1339 1983 1394 in

383 1435 593 1506 templo
622 1433 741 1504 ejus
767 1447 869 1490 nec
899 1442 1185 1501 terrentes,
1213 1449 1315 1489 nec
1336 1434 1588 1490 timentes
1610 1431 1983 1490 indifferenter

383 1536 704 1601 appareant.
746 1547 765 1579 ι

456 1620 779 1677 Plutarchus
818 1628 999 1677 autem
1056 1621 1322 1692 qumrenti
1358 1634 1455 1676 cur
1486 1629 1748 1677 matronae
1790 1620 1981 1676 dome-

384 1716 581 1772 sticum
613 1715 894 1772 muliebris
920 1714 1058 1783 deae,
1081 1730 1240 1787 quam
1268 1715 1472 1770 Bonam
1503 1715 1867 1786 appellavere,
1897 1729 1982 1771 sa-

1612 293 2067 361 DISSERTATIO
2103 296 2385 359 PREVIA

380 427 571 468 mense
598 411 765 477 Maio,
801 411 931 481 ipsis
962 409 1187 482 hujusce
1221 409 1422 466 mensis
1464 407 1737 479 Calendis,
1768 426 1856 468 res
1896 412 1979 469 di-
2004 424 2060 486 Α

2269 413 2373 491 aut
2386 413 2503 491 fuit,
2522 419 2608 491 aut
2630 417 2736 491 visa
2757 423 2853 491 est,
2879 416 2969 471 sed
2991 416 3086 491 fuit
3107 415 3191 491 illa
3210 421 3390 491 magis.

2174 473 2317 549 Iussa
2336 474 2441 549 foco
2459 473 2648 549 captiva
2671 478 2824 549 fovet,
2838 473 3121 549 conceptus
3138 478 3203 549 ab
3225 473 3312 533 illi

2265 538 2487 607 Servius,
2513 538 2538 590 ὁ
2556 540 2683 607 coelo
2700 544 2890 592 semina
2912 538 3079 607 gentis
3105 542 3275 595 habet.

2173 599 2325 671 Signa
2346 599 2485 675 dedit
2501 606 2699 676 genitor
2722 609 2843 663 tum.
2866 599 2976 659 ctt'm
2995 615 3145 670 caput
3164 609 3287 670 igne
3305 619 3510 659 corusco

2271 662 2504 728 Contigit,
2520 678 2672 731 mque
2690 680 2827 718 coma
2844 668 3099 719 ﬂammeus
3122 673 3243 734 arsit
3263 683 3409 734 apex.

2644 750 2831 817 (Ovid.,
2856 751 2941 805 lib.
2963 769 3011 805 vr
3030 753 3245 817 Fastor.,
3269 753 3296 821 §
3322 756 3430 820 ιδ.)

2081 850 2310 921 Quinam
2340 862 2541 922 autem,
2570 856 2672 912 nisi
2701 856 2849 930 impii
2882 874 3104 931 prorsus
3127 875 3191 917 ac
3215 861 3467 919 scelerati
3500 861 3681 917 homi-

2082 959 2201 1012 nes,
2242 943 2406 1002 hosce
2432 947 2584 1018 deos,
2619 949 2703 1005 vel
2732 952 2908 1021 petius
2939 952 3163 1009 deorum
3205 963 3471 1022 monstra,
3498 955 3685 1011 colere

2085 1041 2409 1107 potuerunt?
2440 1042 2545 1098 Sed
2578 1042 2694 1099 hrcc
2727 1060 2914 1107 eorum
2942 1046 3190 1118 impietas
3217 1063 3327 1104 non
3353 1049 3531 1107 minus
3563 1064 3685 1107 ma-

2083 1129 2277 1187 nifeste
2308 1135 2528 1204 patebat
2554 1152 2619 1191 ex
2643 1137 2974 1195 solemnibus
3002 1138 3154 1197 festis
3178 1150 3234 1197 et
3253 1142 3685 1215 mysteriis,qu:e

2084 1222 2139 1278 in
2180 1224 2391 1282 illorum
2422 1227 2706 1299 honorem,
2754 1241 2809 1286 et
2853 1231 3123 1292 factorum
3169 1236 3487 1297 memoriam
3539 1251 3685 1308 quo-

2085 1320 2264 1377 tannis
2317 1337 2481 1395 agere
2524 1337 2958 1395 consueverant,
3013 1344 3134 1399 qua:
3189 1327 3304 1400 iam
3354 1329 3685 1389 excutienda

2084 1426 2231 1471 sunt.

2670 1556 2897 1614 CAPUT
2935 1556 3079 1615 XIX.

2088 1691 2356 1760 Quomodo
2380 1694 2698 1751 ethnicorum
2727 1697 2967 1770 mysteria
3018 1707 3065 1752 et
3101 1697 3231 1769 festa
3259 1699 3314 1755 in
3337 1698 3549 1756 deorum
3579 1700 3685 1754 ho-

383 1808 586 1863 cellum
629 1814 886 1863 ornantes
908 1851 923 1875 ,
952 1816 1187 1880 myrtum
1238 1823 1346 1862 non
1379 1808 1639 1877 inserant,
1691 1808 1981 1881 respondet

2156 1801 2352 1855 norem,
2384 1797 2429 1841 et
2452 1805 2623 1843 rerum
2650 1790 2714 1843 ab
2740 1790 2803 1845 iis
2831 1799 3085 1863 gestarum
3114 1794 3409 1849 memoriam
3448 1793 3690 1848 instituta

384 1908 634 1971 apertam
665 1915 770 1956 non
802 1916 922 1957 esse
952 1901 1097 1955 illius
1136 1900 1273 1956 ritus
1298 1901 1597 1966 rationem;
1622 1899 1815 1956 fabulae
1847 1902 1987 1958 nihi-

387 1994 627 2050 lominus
667 1995 713 2050 si
740 2010 845 2067 qua
875 1993 1011 2050 ﬁdes
1056 1993 1301 2050 habenda
1329 1993 1434 2063 sit,
1467 2010 1590 2050 eum
1622 2010 1831 2050 morem
1861 1995 1987 2052 inde

384 2096 590 2156 ortum,
621 2088 766 2158 quod
804 2087 978 2143 Faulii
1006 2087 1168 2161 (forte
1194 2087 1387 2162 Fauni)
1417 2086 1698 2161 cujusdam
1722 2090 1988 2161 aruSpicis

385 2199 652 2250 uxorem,
684 2183 823 2239 clam
876 2195 1005 2254 poto
1051 2184 1198 2252 vino,
1250 2185 1415 2255 virgis
1468 2185 1694 2258 myrteis
1723 2200 1753 2239 a
1792 2186 1989 2242 marito

380 2291 581 2333 caesam
609 2274 776 2332 fuisse
803 2276 1115 2332 existiment
1138 2274 1461 2348 (Plutarch,
1508 2276 1703 2345 Quwst.
1734 2277 1983 2347 Romam,

383 2380 511 2427 10m.
541 2386 601 2438 ιι,
630 2386 751 2442 pag.
774 2368 929 2443 9.68).

459 2466 681 2523 Clodius
710 2482 843 2523 vero
868 2465 1009 2538 apud
1035 2465 1375 2523 Lactantium
1408 2467 1574 2524 refert
1600 2467 1840 2523 Faunam
1882 2469 1985 2525 Fa-

385 2570 558 2628 tuam,
606 2559 775 2615 Fauni
828 2577 1052 2618 uxorem
1085 2604 1101 2629 ,
1166 2571 1455 2633 propterea
1494 2563 1637 2637 quod
1686 2564 1845 2619 ollam
1880 2565 1988 2619 vini

385 2663 577 2709 contra
596 2670 805 2711 morem
835 2654 1109 2726 decusque
1136 2656 1342 2726 regium
1374 2655 1512 2712 clam
1544 2655 1825 2725 ebibisset,
1859 2657 1990 2712 fuis-

387 2756 581 2818 setqne
613 2747 899 2815 iuebriata,
931 2748 1095 2818 virgis
1137 2749 1360 2821 myrteis
1387 2765 1559 2820 usque
1589 2749 1655 2804 ad
1697 2758 1929 2805 mortem
1957 2765 1988 2804 a

384 2840 504 2894 viro
527 2839 865 2895 verberatam
903 2858 914 2893 :
947 2839 1041 2895 sed
1070 2856 1191 2896 cum
1222 2841 1369 2895 illum
1414 2852 1599 2912 postea
1641 2840 1767 2896 facti
1812 2843 1988 2913 ρωιιί-

387 2934 605 2999 luisset,
640 2948 739 2988 nec
771 2942 955 3002 posset
993 2933 1178 2988 uxoris
1201 2932 1346 2988 ferre
1374 2932 1735 3002 desiderium,
1778 2934 1990 2991 divinos

390 3026 629 3081 honores
656 3025 733 3080 illi
764 3025 1044 3093 detulisse,
1072 3035 1124 3082 et
1156 3024 1357 3080 idcirco
1388 3024 1441 3080 in
1469 3029 1589 3095 ejus
1617 3028 1788 3082 sacris
1814 3027 1988 3082 obvo-

384 3119 558 3173 lutam
578 3116 763 3172 ofl‘erri
781 3119 885 3179 vini
909 3121 1248 3188 amphoram.
1273 3119 1434 3176 Plura
1454 3119 1522 3176 de
1539 3120 1627 3175 illa
1655 3119 1716 3175 L.
1738 3120 1990 3177 Giraldus

2159 1899 2220 1934 ac
2247 1882 2498 1938 celebrata
2536 1885 2726 1954 falsam
2764 1884 3171 1945 demonstrarent
3197 1886 3407 1944 illorum
3435 1887 3692 1947 divinita-

2162 1983 2259 2028 tem
2269 2014 2281 2028 .

2626 2110 2919 2153 ARTICULUS
2943 2112 3152 2157 PRIIUS.

2088 2206 2246 2277 Quam
2280 2209 2574 2277 _evi_de_n_ter_
2587 2209 2925 2277 Bacchanalia,
2964 2226 3057 2277 seu
3103 2213 3429 2277 Omophagia.
3475 2211 3699 2277 Veneris

2151 2271 2338 2339 Cyprias
2363 2274 2519 2339 initia,
2544 2271 3198 2339 Sabazia,_TheSm0phoria.
3224 2271 3494 2339 Eleusinia,
3519 2280 3573 2327 et
3586 2274 3695 2325 Ali-

2149 2330 2335 2385 mentia
2357 2330 2698 2386 demonstrent
2718 2330 2866 2387 falsos
2888 2330 3279 2403 esse'gentilium
3298 2337 3436 2389 deos.

2158 2462 2279 2519 Non
2311 2463 2552 2521 infimum
2590 2466 2733 2524 inter
2760 2469 3071 2538 turpissima
3116 2470 3395 2540 gentilium
3425 2470 3686 2542 mysteria

2089 2569 2146 2623 et
2172 2558 2307 2619 festa
2332 2560 2509 2615 locum
2552 2559 2870 2621 obtinebant
2894 2563 3161 2627 immania.
3189 2572 3248 2627 ut
3274 2564 3348 2621 ait
3387 2563 3685 2630 Arnobius,

2089 2649 2471 2721 Bacchanalia,
2504 2669 2625 2724 quae
2668 2670 2846 2724 graeco
2875 2656 3095 2713 nomine
3124 2656 3443 2727 Omophagia
3473 2672 3688 2719 nuncu-

2089 2744 2377 2816 pabantur.
2417 2746 2625 2815 Quanta
2671 2760 2849 2805 autem
2878 2790 2895 2815 ,
2942 2764 3007 2804 ac
3035 2765 3198 2820 quam
3244 2750 3547 2807 execranda
3575 2761 3697 2807 tur-

2090 2839 2333 2917 pitudine
2362 2851 2671 2911 agerentur.
2702 2857 2768 2898 ex
2797 2841 2882 2897 bis
2902 2841 3124 2911 quilibet
3149 2857 3441 2913 agnoscere
3469 2843 3692 2911 poterit,

2091 2947 2212 3002 quae
2243 2931 2310 2987 de
2340 2932 2442 2988 illis
2470 2934 2523 2988 in
2553 2934 2733 3003 priore
2762 2933 3069 3004 Apparatus
3099 2935 3269 2993 nostri
3310 2944 3458 2999 tome
3500 2929 3665 3003 d‘ispu

2091 3023 2347 3083 lavimus.
2379 3024 2507 3080 Inde
2537 3025 2700 3080 etiam
2720 3025 2875 3081 facile
2896 3025 3161 3098 intelliget
3185 3026 3324 3093 haec,
3347 3042 3468 3097 quas
3485 3028 3695 3082 Auctor

2092 3126 2277 3174 noster
2307 3126 2542 3185 enarrat,
2601 3133 2667 3175 ex
2713 3116 3008 3179 Clementis
3038 3119 3389 3176 Alexandrini
3430 3119 3692 3191 decerpta

388 3222 445 3267 et
471 3212 732 3280 Vossius,
781 3226 917 3284 quos
961 3212 1111 3268 adire
1139 3214 1378 3283 poteris,
1407 3214 1563 3269 sicuti
1593 3214 1728 3270 alios
1755 3231 1785 3270 a
1831 3216 1984 3271 nobis
2015 3209 2060 3272 C
2091 3225 2210 3267 esse
2234 3210 2389 3266 libris
2443 3210 2618 3284 (Arn.,
2647 3213 2683 3267 ι.
2717 3228 2773 3280 v,
2809 3229 2925 3283 pag.
2971 3210 3103 3276 l69;
3159 3222 3280 3269 tam.
3312 3228 3332 3268 ι
3360 3212 3616 3284 Αρραναι.
3650 3215 3692 3267 ι.

387 3306 553 3376 paulo
593 3314 719 3360 ante
763 3306 957 3360 citatos
996 3305 1282 3381 (Lactant.,
1326 3307 1416 3361 lib.
1454 3323 1473 3361 ι
1515 3308 1579 3363 de
1608 3309 1729 3378 [αις.
1786 3308 1985 3381 Relig..

390 3413 510 3467 cap.
530 3396 623 3461 22,
652 3415 770 3469 pag.
818 3398 944 3463 127;
973 3397 1202 3466 Girald.,
1239 3396 1379 3453 Hist.
1413 3400 1579 3463 deor.,
1627 3411 1883 3472 synlagm.
1930 3404 1983 3469 4,

396 3509 518 3564 pag.
554 3493 653 3548 157
682 3502 737 3548 et
773 3508 915 3565 seq.:
988 3492 1154 3558 Vnam,
1191 3493 1279 3547 lib.
1330 3509 1351 3547 ι
1395 3494 1458 3548 de
1510 3493 1659 3565 Orig.
1707 3506 1752 3549 et
1797 3495 1983 3565 Progr.

388 3585 596 3651 idoloL,
625 3602 742 3658 cap.
773 3587 876 3651 12;
905 3603 1047 3655 ευρ..
1078 3602 1191 3656 cap.
1230 3587 1317 3653 li,
1344 3595 1443 3641 art.
1477 3586 1555 3659 5).

461 3677 634 3733 Porro
679 3688 859 3734 autem
910 3694 975 3747 es
1031 3679 1130 3733 hac
1172 3679 1443 3733 variorum
1485 3680 1821 3750 Scriptorum
1871 3698 1987 3738 nar-

389 3768 602 3825 ratione
631 3770 806 3840 quivis
839 3769 969 3825 illud
1012 3762 1315 3840 intelligere
1365 3770 1581 3840 poterit,
1616 3772 1760 3840 quod
1809 3776 1983 3830 Arno-

382 3862 510 3918 hius
537 3863 786 3918 ethnicos
832 3864 1110 3919 irridendo
1136 3866 1285 3934 prius
1326 3864 1536 3920 dixerat
1570 3883 1583 3920 :
1613 3883 1633 3916 ι
1672 3866 1850 3922 Fauna
1884 3869 1986 3923 Fa-

386 3964 502 4021 tua,
551 3954 723 4010 Fauni
753 3971 911 4021 uxor,
945 3957 1093 4012 Bona
1118 3957 1217 4012 dea
1265 3972 1385 4028 qua:
1415 3956 1631 4023 dicitur,
1666 3960 1761 4015 sed
1792 3961 1846 4016 in
1874 3962 1983 4017 vini

384 4047 579 4103 melior
623 4056 679 4103 et
704 4048 1024 4105 laudabilior
1066 4061 1252 4119 pom.»
1310 4049 1510 4121 (Aram,
1544 4052 1583 4106 ι.
1620 4065 1658 4115 ι,
1687 4068 1808 4124 pag.
1850 4052 1981 4128 20.)

386 4141 521 4208 Quis
548 4157 699 4215 ergo,
739 4144 822 4198 his
850 4142 1064 4208 auditis,
1098 4158 1219 4199 cum
1262 4144 1382 4213 ipso
1410 4158 1520 4199 non
1547 4144 1738 4212 rideat,
1769 4156 1863 4202 aut
1890 4164 1986 4219 po-

382 4237 496 4294 tius
526 4253 634 4292 non
661 4238 910 4309 deploret
933 4240 1178 4293 insanam
1209 4239 1551 4295 ethnicorum
1594 4243 1976 4311 temeritatem,

381 4333 479 4403 qui
501 4333 592 4388 tali
610 4332 844 4401 feminae,
861 4333 1093 4405 aliisque
1110 4334 1374 4389 similibus
1393 4334 1725 4391 divinitatem
1743 4338 1981 4396 tribuere

381 4440 495 4483 non
536 4427 951 4484 dubitaverunt?
976 4428 1083 4485 Sed
1132 4428 1183 4483 id
1228 4430 1335 4484 alio
1364 4429 1541 4486 adhuc
1582 4433 1831 4503 exemplo
1859 4450 1980 4505 per-

375 4521 573 4592 spicue
587 4518 943 4579 demonstrat.

2087 3321 2167 3372 ιιι,
2196 3305 2396 3362 dissert.
2438 3322 2474 3371 ι,
2508 3323 2626 3375 cap.
2652 3307 2707 3370 9.
2736 3318 2834 3363 art.
2858 3322 2899 3373 ι,
2921 3323 3042 3378 pag.
3079 3305 3222 3371 756;
3252 3304 3483 3363 Clemens
3509 3306 3689 3371 Alex"

2090 3400 2352 3459 Admonit.
2379 3404 2446 3457 ad
2471 3412 2634 3472 gent.,
2664 3419 2785 3473 pag.
2817 3401 2932 3469 ll).

2161 3494 2239 3551 Ex
2284 3493 2475 3561 eodem
2508 3493 2862 3563 proculdubio
2891 3493 3040 3551 fonte
3086 3493 3171 3547 illa
3225 3507 3441 3564 quoque
3484 3492 3686 3553 hausit.

2087 3602 2206 3655 quae
2228 3586 2295 3641 de
2323 3586 2444 3640 aliis
2470 3586 2917 3654 Bacchanalibus,
2943 3587 3031 3643 ubi
3074 3586 3254 3653 Liber,
3287 3602 3383 3649 seu
3410 3586 3678 3653 Bacchus,

2086 3694 2117 3732 a
2146 3679 2444 3745 Titanibus,
2462 3679 2538 3734 uti
2566 3681 2682 3751 ipse
2695 3680 2821 3736 alihi
2841 3681 3072 3745 dixerat,
3087 3695 3151 3735 ac
3172 3679 3438 3737 Diodorus
3464 3679 3681 3735 Siculus

2087 3780 2143 3826 et
2174 3772 2476 3827 Macrobius
2506 3781 2823 3841 memorant,
2861 3772 3200 3827 membratim
3230 3781 3411 3827 sectus
3439 3772 3685 3828 celebra-

2086 3865 2244 3920 batur
2281 3865 2457 3934 (ΑΜ,
2487 3865 2524 3920 ι.
2554 3881 2606 3929 v,
2640 3882 2761 3936 pag.
2792 3864 2918 3932 169,
2946 3875 2994 3920 et
3019 3866 3057 3921 ι.
3085 3881 3121 3929 ι,
3155 3882 3275 3936 pag.
3308 3864 3379 3919 25
3406 3875 3456 3920 et
3498 3880 3639 3933 seqq.
3665 3881 3685 3927 ;

2086 3957 2308 4016 Diodor.
2352 3960 2538 4027 Σίβαι,
2586 3961 2624 4014 ι.
2664 3975 2720 4015 ιιι
2758 3958 3025 4027 Bibliotlt.,
3085 3975 3205 4030 pag-
3237 3959 3375 4024 157;
3423 3956 3680 4020 Macrob.,

2085 4052 2124 4104 ι.
2169 4067 2185 4105 ι
2231 4053 2285 4106 in
2318 4051 2496 4107 Somn.
2546 4051 2715 4121 Scip.,
2758 4067 2875 4121 cap.
2927 4049 3036 4122 ιε).
3098 4051 3173 4104 De
3204 4048 3287 4104 his
3328 4057 3513 4105 autem
3558 4048 3683 4102 Bac-

2085 4145 2401 4202 chanalibus
2448 4155 2502 4200 et
2550 4143 2900 4215 Omophagiis
2941 4143 2987 4199 si
3029 4143 3181 4214 plura
3208 4184 3224 4205 .
3271 4158 3433 4214 quam
3472 4157 3504 4197 a
3531 4142 3681 4197 nobis

2083 4237 2227 4293 dicta
2254 4247 2380 4292 sunt
2411 4236 2557 4309 (tam.
2593 4236 2909 4307 tApparat.,
2933 4236 3034 4289 loc.
3088 4231 3227 4308 cit),
3258 4235 3438 4306 legere
3492 4232 3681 4304 aliquis

2084 4330 2434 4395 desiderabit,
2464 4330 2512 4384 is
2536 4328 2886 4385 adeatTitum
2912 4328 3143 4395 Livium,
3168 4328 3550 4399 Augustinum,
3585 4326 3680 4380 Ca—

2083 4423 2370 4480 stellanum
2390 4463 2408 4491 ,
2436 4438 2499 4478 ac
2526 4422 2826 4479 Iohannem
2865 4420 3105 4486 Nicolai,
3144 4430 3199 4477 et
3230 4420 3522 4481 Meursium
3546 4463 3561 4484 ,
3592 4419 3679 4490 qui

2082 4517 2151 4572 de
2170 4515 2276 4575 illis
2308 4516 2475 4573 libros
2502 4514 2792 4577 ediderunt
2813 4513 2977 4586 (Liv.,
3010 4514 3048 4569 Ι.
3081 4529 3273 4580 xxxnx,
3295 4512 3321 4585 §
3345 4513 3405 4567 ll
3431 4522 3481 4567 et
3516 4528 3676 4583 δαιᾳά

376 4618 407 4684 ξ
458 4614 540 4669 Ad
578 4616 946 4685 turpissimum
992 4615 1256 4689 siquidem
1302 4617 1473 4672 Servii
1512 4617 1676 4674 Tullii
1707 4618 1977 4676 Romano-

2092 4609 2325 4679 Angust.,
2355 4610 2391 4662 ι.
2435 4623 2504 4673 vtt
2531 4609 2592 4662 de
2613 4606 2787 4673 Civit.,
2844 4622 2960 4678 cap.
2988 4606 3079 4672 2i,
3127 4622 3249 4677 pag.
3279 4606 3415 4671 t77;
3442 4602 3672 4671 Castell.,

366 4722 503 4766 rem
542 4710 687 4779 regis
729 4719 907 4765 ortum
938 4711 1209 4767 delabitur
1257 4714 1277 4782 (
1311 4712 1462 4777 Arn.,
1494 4713 1531 4765 Ι.
1561 4729 1614 4780 v,
1646 4730 1765 4783 pag.
1798 4713 1976 4784 169);

376 4810 438 4857 et
463 4801 711 4870 quamvis
747 4801 899 4856 illum
925 4815 984 4857 se
1009 4804 1259 4859 omittere
1296 4805 1436 4860 velle
1472 4804 1757 4875 significet,
1794 4807 1976 4875 paucis

373 4903 559 4950 tamen
602 4895 784 4951 verbis
812 4908 875 4951 ea
902 4896 1182 4962 describit,
1215 4913 1337 4967 quae
1384 4898 1451 4952 ad
1495 4898 1973 4955 demonstrandam

378 4988 548 5058 hujus
589 4988 829 5045 historias
858 4987 1135 5043 infamiam
1171 4990 1387 5045 abunde
1413 4989 1707 5044 sufficiunt.
1736 4994 1807 5045 At
1847 4990 1972 5047 Dio-

374 5080 568 5151 nysius
600 5079 1042 5135 Halicarnasseus
1068 5095 1183 5135 rem
1215 5088 1382 5135 totam
1411 5082 1611 5150 retulit,
1648 5091 1806 5153 prout
1830 5084 1970 5154 apud

372 5172 574 5229 multos
601 5186 840 5227 romana:
877 5170 1124 5228 historiae
1152 5172 1445 5242 scriptores
1476 5176 1750 5230 memoria:
1779 5176 1970 5233 tradita

366 5264 545 5322 fuerat
563 5264 745 5339 (Dion.
773 5264 973 5332 Helia,
997 5266 1114 5319 init.
1135 5266 1171 5320 Ι.
1197 5280 1253 5320 tv
1281 5266 1451 5336 Antiq.
1473 5266 1720 5336 Romam,
1746 5288 1796 5340 p.
1816 5270 1971 5343 207).

364 5357 610 5415 Ovidius
641 5373 805 5429 porro
856 5358 989 5413 illud
1044 5356 1150 5423 his,
1200 5357 1397 5429 quibus
1445 5370 1672 5431 utraque
1726 5365 1969 5431 Arnobii,

371 5459 430 5506 et
458 5447 705 5520 Dionysii
734 5448 978 5504 narratio
1036 5447 1408 5517 confirmatur,
1442 5451 1689 5508 versibus
1718 5454 1920 5510 cecinit
1952 5473 1967 5510 :

464 5559 1292 5629 NamquepaterTulliVulcanus,
1313 5562 1519 5629 chesla
1543 5573 1720 5629 mater,

554 5625 967 5688 Praesi’gnisgfacie
986 5626 1306 5677 Corniculana
1328 5625 1439 5677 fuit.

459 5689 599 5755 Hanc
623 5686 790 5755 secum
816 5686 1075 5755 Tanaquil,
1095 5691 1248 5755 sacris
1265 5689 1330 5755 de
1355 5703 1492 5755 more
1513 5693 1713 5755 paratis,

552 5748 708 5798 Jussit
725 5753 771 5799 in
797 5748 1021 5800 ornatu—ni
1042 5748 1256 5801 fundere
1280 5752 1393 5801 vina
1417 5748 1594 5804 focum.

459 5812 553 5864 Hic
574 5812 706 5863 inter
727 5813 929 5863 cineres
944 5813 1147 5865 obsceni
1170 5816 1323 5865 forma
1338 5813 1497 5867 virilis

2081 4701 2149 4755 ad
2174 4700 2307 4755 verb.
2342 4700 2617 4770 Διονυσία).

2151 4791 2283 4859 Qum
2338 4791 2535 4849 dehinc
2579 4796 2784 4851 Auctor
2830 4799 3015 4846 noster
3066 4789 3251 4846 retulit
3294 4789 3362 4846 de
3414 4788 3671 4846 abstrusis

2079 4882 2291 4958 Cypria:
2327 4883 2551 4940 Veneris
2574 4884 2739 4943 initiis
2770 4893 2824 4940 et
2852 4883 3041 4952 sacris,
3066 4897 3365 4955 eorumque
3403 4882 3671 4937 conditore

2018 4974 2023 4980 ’
2076 4978 2299 5051 Cinyra,
2335 4979 2450 5033 haec
2470 4993 2684 5051 quoque
2710 4993 2777 5033 ex
2795 4975 2985 5032 eodem
3007 4976 3304 5032 Clementis
3325 4971 3665 5031 Alexandrini

2079 5071 2218 5128 libro
2244 5072 2526 5145 desumpta
2552 5080 2698 5126 sunt.
2720 5070 2891 5126 Julius
2916 5081 3097 5126 autem
3118 5069 3382 5126 Firmieus
3407 5068 3568 5125 dehis
3592 5065 3667 5122 sic

2077 5165 2315 5237 loquitur
2339 5183 2354 5221 :
2386 5185 2405 5217 ‹
2441 5163 2611 5221 Audio
2636 5162 2889 5236 Cyniram
2918 5163 3173 5236 Cyprium
3199 5163 3461 5233 templum
3489 5161 3663 5216 amiczc

2077 5260 2349 5319 meretrici
2397 5256 2653 5323 donasse,
2682 5258 2731 5325 ei
2776 5266 2895 5313 erat
2923 5256 3107 5312 Venus
3155 5271 3379 5313 nomen.
3431 5256 3663 5311 [uitiasse

2079 5352 2241 5411 etiam
2268 5350 2480 5423 Cypria:
2510 5350 2703 5406 Veneri
2731 5351 3012 5422 plurimos,
3042 5359 3097 5406 et
3121 5349 3283 5407 variis
3310 5346 3664 5405 consecratio-

2078 5446 2235 5515 nibus
2294 5444 2598 5512 deputasse.
2659 5442 2926 5499 Statuisse
2966 5443 3176 5513 ,etiam,
3239 5450 3301 5505 ut
3356 5442 3662 5513 quicumque

2075 5536 2276 5609 initiari
2302 5536 2485 5601 vellet,
2511 5545 2724 5592 secreto
2750 5536 2851 5591 sibi
2894 5534 3118 5591 Veneris
3148 5534 3377 5601 tradito,
3406 5547 3578 5589 assem
3610 5532 3658 5586 in

2078 5643 2241 5682 manu
2283 5627 2549 5683 mercedis
2596 5627 2815 5682 nomine
2864 5627 2978 5682 deae
3008 5627 3196 5695 daret,
3229 5628 3373 5699 quod
3404 5635 3657 5683 secretum

2078 5720 2237 5792 quale
2260 5722 2349 5788 sit,
2367 5736 2559 5777 omnes
2578 5720 3191 5792 intelligeredebemus;
3224 5721 3348 5792 quia
3374 5719 3477 5776 hoc
3495 5721 3657 5789 ipsum

2083 5820 2306 5884 propter
2336 5813 2723 5885 turpitudinem
2749 5813 3025 5884 explicare
3052 5830 3163 5873 non
3186 5828 3495 5885 possumus.
3523 5811 3657 5868 Bene
