3904 6326
267 294 373 350 597

1487 300 1554 357 IN
1595 300 1978 375 sanemus,
2019 302 2175 363 car.
2219 302 2363 365 xxx.
2406 299 2442 307 "

3461 309 3567 367 598

267 422 478 475 amator
507 414 733 489 Cyniras
755 417 1076 474 meretriciis
1096 416 1304 491 legibus
1320 417 1509 484 servit,
1527 425 1861 477 consecrata:
1888 429 1943 504 Α
1970 417 2233 477 sacriﬁcia
2259 462 2275 487 ,
2333 427 2388 475 et
2465 420 2668 477 cultum
2743 429 3010 479 nocturno
3078 430 3285 499 tantum
3327 432 3571 496 tempore

266 505 529 563 Veneria
573 506 946 567 sacerdotibus
996 512 1109 575 suis
1163 514 1359 583 stipem
1412 509 1526 567 dari
1567 506 1757 580 jussit,
1814 520 1872 564 ut
1977 526 2041 567 ac
2071 520 2322 580 secreto,
2356 522 2576 583 propter
2604 530 2790 569 eorum
2843 514 3226 587 turpitudinem
3259 516 3571 573 introduce-

264 610 472 657 scorto.
504 620 525 655 ι
557 599 694 675 (Jul.
727 598 871 672 Fir.,
910 604 972 659 de
995 603 1179 659 Error.
1209 608 1347 679 prof.
1378 604 1553 673 relig.,
1600 622 1721 677 pag.
1754 601 1869 678 15.)

263 690 647 753 Theodoretus
668 710 798 751 vero
819 696 887 751 de
911 696 1107 771 Cynira
1137 695 1253 751 hmo
1276 695 1473 751 litteris
1494 695 1828 767 consignavit
1853 714 1868 752 :

262 788 364 845 Τὴν
400 783 457 841 δὲ
503 808 561 860 γε
588 785 878 865 Ἀφροδίτην
926 788 1038 844 οὐδέ
1090 772 1381 864 adamas-ia;
1430 790 1566 849 τινὸς
1614 782 1867 864 ἄρξασαν,

260 878 391 933 ἀλλὰ
417 882 505 934 καὶ
531 880 809 945 ἀκολάσίας
823 884 1153 957 γεγενημένην
1175 878 1495 937 διδάσκαλον.
1522 882 1869 954 χαμαιτύπην

259 972 361 1049 ’γὰρ
412 973 572 1030 αὐτὴν
602 974 689 1027 καὶ
729 972 936 1053 ἑταίραν
981 967 1281 1051 γεγενῆσθαί
1311 997 1439 1048 φασι
1481 978 1568 1028 καὶ
1614 975 1868 1053 ἐρωμένην

258 1067 499 1139 Κινύρου,
530 1068 641 1122 θεὰν
661 1071 961 1141 ὠνομάκασι.
992 1066 1343 1140 (Theodorel.,
1384 1079 1485 1123 tom
1539 1084 1608 1132 Iv,
1630 1085 1779 1121 serm.
1812 1068 1867 1133 5,

261 1157 326 1211 de
351 1159 539 1230 Angel.
565 1170 612 1215 et
639 1160 884 1225 dantem,
914 1178 1014 1234 pag
1036 1158 1186 1232 5H.)
1225 1179 1243 1211 ι
1281 1162 1349 1214 At
1380 1158 1641 1215 Venerem
1672 1160 1872 1214 nullius

258 1252 517 1310 beneﬁcii
567 1263 865 1323 auctorem,
925 1255 1021 1311 sed
1080 1254 1511 1329 intemperantia:
1557 1254 1865 1326 magistram

261 1346 569 1421 (prostituti
599 1350 864 1423 siquidem
888 1350 1133 1423 corporis
1156 1350 1496 1407 meretricem
1522 1349 1684 1406 fuisse
1697 1351 1866 1416 aiunt,

260 1460 327 1499 ac
357 1442 575 1518 Cynirm
623 1443 909 1519 amasiam)
958 1445 1114 1500 deam
1168 1453 1349 1507 tamen
1400 1442 1756 1517 appellantes.
1794 1445 1870 1501 De

262 1534 464 1610 Cynira
494 1553 686 1607 porro,
727 1554 790 1594 ac
829 1537 1042 1595 Venere
1073 1537 1324 1593 Vossium
1357 1538 1601 1603 consule,
1636 1538 1682 1593 si
1712 1538 1864 1593 velis.

265 1628 471 1701 (Voss,
499 1630 538 1688 l.
557 1648 605 1686 vr
632 1631 695 1685 de
718 1629 865 1709 Orig.
890 1639 937 1685 et
961 1628 1147 1700 Progr.
1167 1628 1333 1697 ldol.,
1351 1645 1467 1701 cap.
1496 1629 1585 1694 17,
1610 1645 1730 1703 pag.
1752 1626 1868 1701 71.)

259 1718 375 1776 Nos
404 1736 535 1776 vero
560 1721 628 1777 de
666 1722 773 1777 illis
799 1722 923 1778 alibi
953 1721 1307 1787 disseruimus
1360 1721 1505 1794 (tom.
1541 1738 1557 1776 ι
1587 1721 1866 1797 Apparat.,

1974 604 2123 660 bant.
2168 602 2322 660 Unde
2362 621 2548 661 rursus
2580 606 2768 661 Cicero
2803 626 2816 661 :
2867 628 2885 660 ι
2923 607 3106 664 Novos
3131 608 3285 676 deos,
3322 628 3342 661 ι
3375 609 3570 680 inquit,

1982 716 2002 749 ι
2023 707 2077 752 et
2092 698 2145 752 in
2165 696 2246 751 his
2260 699 2500 753 colendis
2516 710 2805 756 nocturnas
2820 701 3258 772 pervigilationes
3270 703 3347 759 sic
3361 702 3571 761 Aristo-

1975 791 2204 862 phanes,
2235 792 2591 849 facetissimus
2623 804 2776 863 poeta
2810 798 3005 851 veteris
3035 795 3348 863 comoediae,
3389 806 3571 863 vexat,

1974 895 2033 940 ut
2060 888 2201 957 apud
2243 903 2363 941 eum
2406 887 2680 949 Sabasius.
2713 900 2766 949 et
2794 889 3009 963 quidam
3049 890 3140 944 alii
3182 890 3255 945 dii
3299 891 3572 961 peregrini

1972 977 2215 1048 iudicati,
2236 996 2267 1036 e
2289 980 2498 1035 civitate
2514 980 2814 1052 ojiciantur.
2847 1001 2865 1033 ι
2886 980 3094 1050 (Cicer,
3116 983 3203 1036 lib.
3221 999 3256 1037 ιι
3279 984 3342 1037 de
3365 983 3569 1054 Legib.,

1975 1087 2097 1142 pag.
2144 1071 2268 1136 557,
2298 1073 2391 1131 lin.
2438 1071 2557 1147 44.)
2601 1073 2840 1144 Denique
2873 1085 2930 1131 ut
2965 1074 3284 1132 Strabonem
3328 1077 3574 1147 aliosque

1975 1166 2171 1220 missos
2201 1165 2479 1233 faciamus,
2529 1169 2722 1223 Suidas
2769 1180 2953 1240 aperte
2981 1170 3224 1226 declarat
3262 1171 3567 1238 Sebasium,

1976 1259 2249 1326 Σαϐἀσιον,
2285 1260 2530 1316 eumdem
2560 1278 2681 1317 esse
2706 1277 2768 1316 ac
2799 1263 3108 1335 Dionysium
3128 1305 3143 1331 ,
3173 1279 3270 1319 seu
3301 1264 3568 1319 Bacchum

1980 1350 2203 1421 (Strab,
2232 1353 2322 1407 lib.
2346 1352 2445 1408 XX
2476 1355 2661 1424 Ceogr.
2687 1397 2703 1422 ,
2733 1372 2853 1428 pag.
2885 1355 2994 1412 470
3021 1369 3067 1411 et
3091 1373 3257 1429 seqq.;
3306 1358 3480 1426 Suid.,
3513 1358 3579 1414 ad

1978 1444 2112 1498 verb.
2143 1446 2410 1515 σεϐἀσιος)
2423 1491 2436 1503 .

2048 1536 2229 1608 Neque
2254 1539 2454 1595 dixeris
2480 1541 2530 1595 in
2561 1542 2783 1597 Arnobii
2812 1543 2979 1598 nostri
3011 1552 3158 1598 textu
3182 1543 3368 1599 haberi
3404 1543 3573 1600 Saba-

1977 1630 2108 1695 diis,
2151 1643 2276 1697 aut,
2329 1643 2387 1687 ut
2439 1635 2653 1705 quidam
2709 1645 2926 1705 putant,
2976 1635 3233 1691 Sebadiis.
3277 1635 3407 1691 Nam
3435 1638 3575 1706 apud

1977 1725 2261 1795 Apuleium
2295 1726 2520 1796 legimus
2555 1748 2566 1781 :
2602 1728 2825 1784 Sanctus
2880 1729 3137 1783 Sabadius
3166 1772 3181 1796 ,
3229 1730 3369 1785 haud
3413 1730 3576 1785 dubie

264 1830 392 1884 pag.
441 1812 548 1868 729
590 1825 637 1869 et
668 1814 845 1879 H76;
874 1813 1092 1881 Arnob,
1126 1814 1214 1871 lib.
1247 1830 1305 1883 v,
1336 1832 1437 1885 pag
1466 1811 1616 1887 169).
1654 1813 1724 1870 At
1750 1816 1871 1887 quis
1902 1824 1954 1885 Β
1980 1817 2245 1875 Bacchus.
2284 1819 2437 1891 Apud
2475 1820 2800 1878 Macrobium
2830 1838 2958 1877 vero
2988 1841 3001 1877 :
3036 1842 3054 1874 ι
3083 1821 3141 1877 ln
3172 1823 3399 1880 Thracia
3421 1839 3573 1878 cum-

262 1920 376 1960 non
400 1905 580 1960 videat
602 1906 686 1962 his
704 1904 1027 1977 turpissimis
1049 1905 1547 1978 crudelissimisque
1568 1907 1867 1985 mysteriis,

260 2003 322 2053 et
350 1996 504 2053 festis
534 1997 788 2063 radicitus
826 1999 987 2054 evelli
1029 2014 1215 2053 eorum
1246 1998 1603 2064 divinitatem,
1637 2014 1866 2068 quorum

258 2090 319 2145 in
361 2089 646 2161 honorem,
693 2089 859 2146 immo
905 2091 1253 2167 ignominiam
1303 2091 1711 2162 sempiternam,
1741 2107 1867 2164 age»

257 2184 482 2241 bantur.

333 2278 578 2336 Breviter
600 2279 817 2351 [deinde
846 2288 1036 2339 auctor
1084 2289 1269 2336 noster
1298 2280 1475 2352 attigit
1513 2294 1666 2339 sacra
1697 2281 1865 2354 Cory-

250 2370 463 2439 bantia,
493 2372 688 2447 quibus
719 2368 901 2428 fratris
938 2390 968 2427 a
1004 2373 1172 2430 fratre
1199 2374 1451 2431 trucidati
1481 2390 1627 2431 mors
1657 2390 1861 2455 reprae—

255 2468 468 2524 sentari
501 2469 731 2531 solebat.
778 2468 884 2533 Sed
931 2470 998 2524 de
1029 2469 1110 2524 his
1141 2471 1196 2525 in
1224 2470 1401 2547 primo
1430 2460 1733 2540 Apparatus
1764 2485 1863 2531 no-

252 2560 361 2617 stri
412 2570 559 2617 torno
600 2560 1024 2639 disputavimus,
1055 2577 1119 2618 ac
1162 2563 1208 2619 si
1248 2563 1368 2635 quis
1407 2577 1469 2617 ea
1500 2563 1680 2635 legere
1711 2563 1859 2629 velit.

245 2654 544 2710 confestim
587 2655 886 2726 comperiet
937 2653 1237 2721 Arnobium
1286 2654 1373 2712 hic
1415 2670 1604 2717 rursus
1643 2656 1695 2711 in
1742 2652 1861 2717 Cle-

247 2747 464 2802 mentis
484 2746 835 2802 Alexandrini
855 2747 1111 2814 insistere
1121 2747 1359 2817 vestigiis
1375 2746 1522 2821 (lom.
1548 2748 1855 2825 tApparat.,

242 2857 382 2911 pag.
415 2838 521 2896 655
564 2849 611 2893 et
653 2839 757 2896 758
776 2857 796 2907 ;
834 2837 1273 2911 Clemens-Alcm,
1306 2838 1569 2892 Admonit.
1601 2839 1669 2892 ad
1695 2848 1859 2908 gent.,

242 2948 380 3003 pag.
406 2930 520 3006 {9).
685 2948 694 2957 ‘
1650 3000 1659 3005 .

332 3019 473 3077 Tum
516 3021 715 3079 deinde
759 3022 1056 3080 fmdissima
1089 3022 1203 3091 illa,
1231 3024 1427 3097 quibus
1469 3024 1712 3099 Phryges
1753 3022 1859 3079 ini-

242 3115 537 3172 tiabantur
560 3159 576 3183 ,
622 3119 876 3188 mysteria
918 3114 1088 3173 fusius
1118 3116 1359 3188 quidem,
1402 3117 1495 3173 sed
1528 3126 1747 3191 propter
1780 3118 1862 3172 in-

1975 1908 2098 1966 dem
2129 1911 2312 1967 haberi
2339 1912 2522 1968 Solem
2560 1922 2722 1985 atque
2760 1913 3015 1970 Liberum
3060 1916 3384 1985 accipimus;
3414 1931 3574 1989 quem

1972 2005 2260 2062 Sebadium
2336 2016 2707 2081 nuncupantes
2784 2009 3066 2082 magniﬁca
3115 2010 3376 2077 religione
3422 2009 3572 2066 cele-

1972 2101 2132 2157 hrant
2178 2123 2198 2155 ι
2242 2102 2447 2176 (Apul.,
2480 2104 2569 2159 lib.
2616 2122 2706 2160 vtn
2742 2104 2977 2170 Metam,
3027 2124 3081 2176 p.
3120 2106 3263 2170 11ος
3313 2104 3571 2173 Macrob.,

1970 2193 2041 2248 lib
2089 2210 2144 2249 ιιι
2188 2194 2481 2264 Saturnal.,
2529 2213 2646 2269 cap.
2705 2196 2793 2264 18,
2850 2214 2967 2268 pag.
3015 2194 3171 2268 264).
3202 2196 3369 2252 Vides
3398 2196 3578 2267 itaque

1970 2284 2238 2341 Bacchum
2263 2287 2330 2341 ab
2367 2287 2430 2342 iis
2456 2294 2510 2342 et
2545 2285 2845 2355 Sebadium,
2870 2297 2925 2343 et
2950 2286 3257 2353 Sabadium,
3288 2287 3573 2361 mysteria-

1969 2395 2073 2448 que
2096 2377 2212 2449 ejus
2238 2379 2465 2436 Sabadia
2497 2381 2889 2453 cognominari.
2907 2380 3017 2437 Cur
3036 2396 3187 2453 ergo,
3211 2381 3573 2452 inquies,ipsa

1969 2482 2184 2541 quoque
2219 2472 2473 2543 mysteria
2499 2514 2514 2539 ,
2540 2472 2732 2542 quibus
2763 2472 2974 2543 Jupiter
3002 2473 3263 2542 imprimis
3292 2472 3570 2529 colebatur

1967 2562 2190 2618 Sabasia
2204 2564 2544 2634 appellantur
2564 2565 2589 2617 ?
2615 2564 2886 2635 Numquid
2909 2564 3112 2625 idcirco
3130 2566 3250 2636 quia
3267 2564 3385 2620 Jovi
3408 2566 3571 2621 etiam

1968 2650 2194 2709 Sabasia
2231 2670 2529 2725 cognomen
2571 2656 2687 2710 fuit.
2733 2654 2868 2710 Nam
2902 2655 3207 2711 Grutherus
3224 2656 3572 2712 variasexhi-

1967 2745 2059 2802 bet
2090 2747 2490 2818 inscriptiones,
2521 2747 2641 2804 Jovr
2673 2749 2919 2805 Ssassm.
2963 2752 3033 2803 At
3081 2749 3348 2814 nonnulli,
3376 2764 3570 2822 quem-

1966 2840 2253 2897 admodum
2312 2841 2550 2911 Vossius,
2591 2842 2902 2898 existimant
2931 2842 3120 2898 Jovem
3167 2844 3417 2899 eumdem
3449 2858 3570 2899 esse

1966 2952 2030 2992 ac
2069 2935 2337 3005 Bacchum
2380 2952 2476 2992 seu
2518 2934 2771 2999 Liberum
2801 2936 3007 3009 (Voss.,
3043 2937 3130 2991 lib.
3177 2938 3303 2992 nde
3330 2936 3478 3009 Orig.
3517 2946 3565 2992 et

1974 3028 2157 3100 Progr.
2212 3028 2416 3096 idolol.,
2440 3046 2556 3099 cap.
2593 3029 2682 3095 11,
2723 3047 2843 3100 pag.
2872 3028 3027 3100 241).
3056 3029 3195 3097 Quid
3220 3044 3348 3102 ergo
3369 3030 3564 3084 mirum

1963 3124 2009 3177 si
2051 3122 2354 3192 turpissima
2379 3122 2467 3176 illa
2496 3122 2774 3194 mysteria,
2802 3122 2995 3193 quibus
3024 3123 3220 3195 duplex
3239 3122 3393 3179 Jovis
3417 3123 3568 3178 adul-

237 3211 585 3285 terpositum
606 3211 753 3267 Jovis
782 3226 1003 3279 nomen,
1038 3212 1234 3266 invitus
1256 3212 1487 3282 explicat
1528 3211 1698 3283 (Am,
1727 3210 1767 3271 ι,
1799 3227 1852 3264 v.
1967 3210 2157 3273 terium
2199 3216 2598 3282 celebrabatur,
2630 3218 2853 3273 Sabasia
2887 3219 3253 3275 vocarentur?
3280 3216 3396 3274 Huc
3435 3217 3566 3274 illud

234 3321 380 3375 pag.
411 3302 515 3358 170
543 3314 591 3359 et
618 3304 807 3378 seqq.).
840 3304 1098 3358 Ethnicos
1126 3304 1287 3383 igitur
1315 3315 1375 3358 ut
1402 3302 1590 3358 Jovem
1619 3303 1863 3379 aliosque

234 3399 392 3453 deos
422 3410 551 3452 suos
580 3398 1094 3453 obscenissimorum
1123 3396 1391 3453 scelerum
1439 3396 1732 3466 ignominia
1775 3394 1859 3450 in-

233 3492 469 3550 famare
500 3491 747 3562 puderet,
801 3490 1039 3546 breviter
1066 3490 1286 3559 exponit
1315 3487 1589 3559 quomodo
1620 3488 1672 3555 in
1710 3487 1863 3547 hisce

233 3584 535 3659 mysteriis
564 3585 1034 3655 repraesentabant
1078 3583 1412 3639 efframatam
1442 3582 1685 3654 ejusdem
1713 3578 1862 3636 lovis

232 3677 565 3745 libidinem,
611 3674 704 3748 qui
757 3676 925 3732 variis
967 3677 1171 3732 artibus
1198 3677 1433 3746 primum
1478 3676 1757 3741 Cererem,
1802 3688 1864 3728 ac

230 3772 458 3831 deinde
505 3772 917 3844 Proserpinam,
967 3787 1034 3829 ex
1080 3770 1250 3841 ipsius
1296 3786 1419 3825 cum
1469 3769 1560 3826 illa
1599 3767 1864 3825 adulterio

232 3865 598 3941 progenitam
627 3865 1018 3935 constupravit.
1048 3864 1178 3933 Qute
1206 3872 1385 3919 autem
1418 3864 1489 3920 ibi
1520 3870 1722 3929 narrat,
1749 3860 1866 3918 haec

232 3963 298 4019 si
330 3977 459 4017 cum
486 3960 597 4032 jam
639 3964 807 4015 citato
845 3959 1142 4015 Clementis
1174 3958 1522 4013 Alexandrini
1571 3957 1710 4012 libro
1738 3971 1865 4011 con-

236 4058 403 4114 ferre
445 4054 714 4120 volueris,
764 4052 890 4108 inde
926 4050 1156 4107 delibata
1205 4066 1327 4105 esse
1359 4049 1515 4104 facile
1570 4048 1866 4120 perspicies

235 4144 517 4227 (Clemens
559 4144 871 4212 Almanam,
918 4146 1181 4202 Admonil.
1221 4143 1289 4197 ad
1343 4153 1508 4215 gent.,
1549 4161 1670 4215 pag.
1704 4142 1773 4197 10
1819 4151 1867 4196 et

238 4240 449 4317 seqq)
490 4241 565 4296 De
593 4241 678 4296 his
704 4255 865 4312 porro
893 4238 1164 4315 mysteriis
1191 4240 1242 4293 in
1265 4239 1532 4308 superiori
1564 4236 1868 4308 Apparatus

240 4335 432 4391 nostri
463 4342 610 4388 tomn
641 4333 994 4388 disseruimus
1036 4331 1181 4404 (tam.
1213 4346 1228 4385 ι
1259 4331 1508 4400 Apparat.
1529 4374 1543 4399 ,
1587 4348 1706 4404 pag.
1744 4328 1868 4386 .759

243 4439 299 4484 et
342 4426 508 4498 seq.),
564 4426 852 4496 pluresque
895 4426 966 4480 ibi
1005 4425 1290 4480 citavimus
1319 4424 1641 4494 scriptores,
1673 4422 1764 4495 qui
1804 4439 1868 4480 ea

243 4519 556 4578 enucleare
586 4517 762 4573 conati
794 4527 939 4573 sunt.

1966 3310 2206 3385 accedit},
2240 3310 2383 3379 quod
2412 3310 2466 3365 in
2498 3310 2583 3365 his
2613 3311 2908 3385 mysteriis,
2950 3313 3027 3366 uti
3059 3309 3307 3369 Clemens
3337 3312 3569 3368 Alexan-

2250 3362 2271 3379 τ
2300 3362 2333 3364 η
2358 3362 2383 3364 η
2499 3362 2579 3365 νη
2953 3362 3027 3366 ---
3068 3362 3304 3369 ww”---
3337 3362 3542 3368 --ηπ---

1966 3403 2153 3458 drinus
2176 3362 2483 3467 iinnotavit,
2524 3400 2893 3477 Corybantum
2924 3415 2979 3460 et
3009 3405 3206 3461 Bacchi
3245 3407 3446 3461 mentio
3474 3406 3569 3461 lie-

1966 3494 2057 3551 bat
2087 3494 2338 3568 (Clemens
2359 3496 2665 3565 Alexandr.,
2688 3497 2946 3553 Admonit.
2979 3499 3046 3551 ad
3102 3510 3264 3570 gent.,
3291 3516 3411 3569 pag.
3447 3496 3562 3572 11).

2034 3588 2166 3655 Quae
2191 3603 2320 3643 vero
2350 3588 2419 3653 de
2449 3590 2570 3644 aliis
2603 3590 2875 3660 mysteriis
2901 3632 2916 3656 ,
2949 3606 3069 3662 quae
3097 3590 3270 3646 δι’ωοὶ
3298 3588 3566 3645 Thesmo-

1965 3679 2154 3751 phoria
2184 3680 2584 3752 nuncupabant,
2618 3681 2891 3735 Arnobius
2910 3690 3094 3752 postea
3122 3690 3323 3747 narrat,
3338 3679 3454 3735 haec
3478 3680 3569 3736 ille

1967 3789 2157 3829 rursus
2204 3789 2271 3829 ex
2328 3774 2606 3852 Clemente
2652 3773 3016 3830 Alexandrino
3054 3775 3368 3846 deprompta
3396 3816 3414 3843 ,
3457 3775 3570 3830 suis

1966 3866 2145 3922 verbis
2194 3866 2426 3923 reddidit
2485 3868 2726 3940 (Arnob.,
2774 3868 2866 3923 lib.
2894 3886 2948 3934 v,
3002 3886 3123 3939 pag.
3156 3871 3301 3935 175;
3335 3869 3567 3926 Clemens

1966 3960 2274 4026 Alexandr.,
2305 3960 2403 4015 loc.
2436 3962 2574 4032 cit.).
2607 3962 2783 4023 Pauca
2814 3963 3124 4032 tamenlillis
3137 3963 3353 4034 adjecit,
3373 3962 3568 4033 quibus

1968 4042 2342 4123 exagitandam
2366 4069 2488 4110 esse
2516 4057 2721 4121 putavit
2747 4056 3009 4112 horumce
3041 4058 3422 4129 mysteriorum
3457 4068 3569 4112 tur-

1969 4146 2289 4217 pitudinem,
2323 4155 2378 4203 et
2402 4147 2742 4213 ethnicorum
2771 4163 2833 4206 ea
2860 4149 3249 4207 celebrantium
3263 4151 3566 4207 edacitatem

1968 4251 2130 4310 atque
2175 4236 2590 4312 impudentiam.
2626 4242 2735 4299 Nos
2769 4259 2900 4300 vero
2937 4245 2992 4303 in
3036 4245 3213 4313 primo
3261 4247 3568 4316 Apparatus

1969 4334 2137 4388 nostri
2168 4341 2315 4388 tomo
2348 4333 2417 4390 de
2443 4334 2548 4389 illis
2571 4334 2962 4406 disputavimus
3016 4335 3189 4408 (Tom.
3214 4342 3229 4390 i
3257 4338 3512 4408 Apparet.
3545 4379 3563 4403 ,

1969 4428 2057 4482 lib.
2085 4441 2164 4494 ιιι,
2196 4426 2398 4482 dissert.
2422 4444 2460 4494 ι,
2484 4444 2599 4498 cap.
2617 4429 2671 4494 9,
2694 4439 2796 4485 art.
2820 4430 2876 4496 2,
2908 4447 3028 4503 pag.
3063 4429 3167 4487 759
3180 4439 3227 4485 et
3248 4429 3433 4504 seqq)
3452 4431 3573 4488 Suf-

1971 4519 2113 4575 flciat
2158 4520 2337 4589 itaque
2369 4520 2815 4577 animadvertisse
2857 4522 2932 4577 ibi
2980 4523 3132 4577 citari
3168 4522 3415 4594 quaedam
3442 4539 3567 4579 car-

324 4612 454 4668 Non
483 4608 602 4667 sine
623 4610 800 4691 aliqua
834 4619 1014 4667 tamen
1038 4610 1419 4667 observatione
1442 4610 1864 4681 prmtermltten-
1890 4606 1947 4671 D
1970 4613 2114 4668 mina
2156 4614 2317 4685 graeci
2355 4623 2528 4684 poeta:
2548 4656 2563 4678 ,
2593 4630 2752 4686 quem
2773 4614 3027 4671 Clemens
3055 4615 3453 4673 Alexandrinus
3472 4616 3574 4674 Or-

245 4706 387 4761 dum
415 4713 502 4759 est
524 4703 607 4757 his
626 4703 902 4775 mysteriis
919 4703 1101 4758 datum
1133 4721 1161 4757 a
1192 4700 1475 4759 Clemente
1504 4702 1870 4759 Alexandrino

245 4796 526 4861 Σαϐαζὶων
549 4800 850 4869 μυστηρίων
877 4809 1093 4862 nomen,
1122 4794 1486 4851 etabauctore
1511 4805 1698 4850 nostro
1724 4795 1828 4849 diei
1854 4812 1870 4851 :

251 4909 275 4943 ι
310 4889 531 4958 Quibus
557 4888 804 4944 Sabadiis
832 4904 1026 4943 nomen
1054 4900 1135 4943 est
1172 4908 1192 4941 ι
1218 4887 1392 4960 (Am,
1417 4891 1452 4942 ι.
1486 4904 1543 4955 v,
1571 4906 1688 4959 pag.
1716 4886 1869 4961 171).

248 4982 299 5038 Α
335 4978 586 5050 pluribus
630 4989 809 5034 autem
854 4988 1168 5034 annotatum
1216 4978 1316 5034 fuit
1367 4979 1638 5035 Bacchum
1688 4982 1869 5036 vocari

246 5072 573 5138 Sabasium,
601 5084 664 5128 ac
684 5073 938 5145 mysteria
958 5074 1075 5145 ejus
1101 5074 1343 5130 Sabasia.
1380 5076 1531 5144 Apud
1555 5074 1870 5129 Ciceronem

253 5169 472 5245 quippe
499 5164 756 5236 scriptum
784 5164 1011 5237 legimus
1038 5182 1051 5219 :
1085 5185 1105 5217 ‹
1138 5160 1380 5221 Tertium
1412 5165 1750 5241 Dionysium,
1775 5181 1872 5221 seu

258 5258 573 5324 Bacchum,
595 5256 794 5327 Caprio
824 5266 977 5331 patre
1013 5268 1220 5325 natum,
1255 5274 1485 5330 eumque
1516 5269 1697 5330 regem
1729 5260 1873 5315 Asiae

255 5351 555 5425 praefuisse
565 5350 767 5416 dicunt,
787 5351 941 5421 cujus
953 5352 1172 5408 Sabasia
1188 5359 1313 5407 sunt
1326 5351 1567 5407 instituta
1577 5392 1591 5405 .
1619 5368 1637 5404 ι
1657 5350 1843 5424 (Cicer.
1854 5395 1871 5418 ,

256 5448 299 5501 l.
334 5460 374 5499 ιι
412 5442 479 5497 de
519 5439 711 5507 Natur,
739 5445 906 5509 deor.,
946 5459 1069 5513 pag.
1094 5442 1226 5506 248,
1256 5444 1296 5497 l.
1325 5440 1443 5513 25.)
1473 5444 1671 5499 Scribit
1708 5444 1870 5498 etiam

260 5536 539 5593 Diodorus
574 5535 787 5592 Siculus
829 5532 1095 5606 (Dioclen,
1129 5536 1167 5593 l.
1199 5551 1278 5601 ιιι,
1321 5552 1440 5607 pag.
1473 5537 1601 5606 148)
1642 5537 1869 5591 alterum

261 5627 506 5700 proferri
536 5626 869 5702 Dionysium,
916 5629 1034 5685 sive
1076 5628 1369 5694 Bacchum,
1400 5628 1534 5684 Jove
1562 5639 1617 5683 et
1648 5629 1872 5683 Proser-

260 5724 396 5795 pina
450 5732 652 5789 ortum,
684 5727 771 5780 τὸν
817 5725 919 5781 ὑπὸ
982 5742 1129 5780 τινων
1182 5725 1431 5781 Σαϐἀσιον
1480 5723 1869 5796 ὀνομαζόμενον,

268 5835 422 5889 quem
448 5818 686 5874 nonnulli
717 5818 989 5875 Sabasium
1016 5818 1301 5889 appellant,
1330 5831 1394 5874 ac
1444 5815 1598 5886 cujus
1648 5824 1825 5873 ortum
1857 5858 1874 5885 ,

1973 4707 2205 4779 pheum.
2248 4716 2303 4762 et
2342 4707 2547 4764 Auctor
2580 4718 2765 4765 noster
2789 4709 3060 4779 Calliopes
3090 4710 3260 4765 ﬁlium
3293 4711 3567 4781 appellat,

1976 4800 2116 4856 haud
2157 4800 2318 4856 dubie
2355 4802 2479 4870 quia
2521 4800 2767 4871 Orpheus
2790 4843 2806 4869 ,
2841 4812 2899 4856 ut
2942 4803 3087 4857 canit
3127 4802 3382 4874 Virgilius
3408 4844 3421 4868 ,
3455 4802 3576 4859 Cal-

1976 4894 2118 4963 liope
2147 4907 2300 4947 musa
2325 4903 2484 4949 natus
2512 4893 2780 4950 ferebatur
2802 4883 3040 4966 (Virgil.,
3060 4894 3243 4966 Eclog.
3267 4895 3321 4961 Δ,
3347 4895 3400 4948 in
3428 4895 3571 4965 βω).

1980 4982 2052 5039 Ea
2082 4994 2260 5040 autem
2309 4987 2377 5041 ab
2432 4987 2525 5041 illo
2568 5001 2744 5057 graece
2770 4985 3113 5052 exhibentur,
3144 4994 3199 5042 et
3229 4986 3298 5041 ab
3327 4987 3571 5043 Arnobio

1976 5077 2142 5131 latine
2170 5086 2373 5132 tantum
2401 5093 2418 5135 :
2448 5087 2628 5133 utrum
2656 5087 2835 5133 autem
2866 5094 2932 5132 eo
2961 5078 3079 5146 ipso
3105 5078 3420 5147 interprete,
3449 5078 3570 5148 quis

1976 5170 2205 5226 deﬁnire
2233 5171 2492 5229 audebit?
2522 5175 2592 5227 At
2617 5180 2824 5228 certum
2852 5182 2936 5227 est
2961 5172 3014 5226 in
3047 5172 3197 5243 regio
3226 5170 3411 5227 codice
3455 5186 3574 5225 ma-

1978 5265 2256 5335 nuscripto
2283 5266 2538 5322 mendose
2565 5267 2822 5337 scriptum
2853 5266 3204 5338 sanguinibus,
3230 5265 3421 5321 melius
3445 5281 3576 5323 vero

1976 5357 2032 5411 in
2058 5356 2221 5412 editis
2237 5358 2548 5430 inguinibus,
2580 5360 2675 5416 sed
2699 5361 2876 5414 minus
2901 5361 3147 5426 honeste,
3167 5373 3325 5429 quam
3357 5359 3413 5413 in
3438 5373 3577 5430 gras-

1977 5448 2058 5505 cis
2077 5449 2407 5505 carminibus
2429 5466 2442 5502 :
2477 5449 2593 5507 ω)δὲ
2616 5455 2884 5529 πρέποντα
2902 5454 3088 5508 τύπον.

2051 5541 2256 5597 Rursus
2282 5556 2411 5597 vero
2443 5543 2710 5599 Arnobius
2748 5559 2813 5599 ex
2843 5544 3035 5600 eodem
3059 5542 3338 5599 Clemente
3364 5557 3428 5600 ea
3456 5558 3579 5599 mu-

1979 5644 2157 5690 tuatus
2212 5644 2291 5691 est
2365 5650 2485 5707 qua:
2529 5636 2598 5692 de
2640 5636 2934 5691 Eleusinlis
2978 5635 3252 5708 mysteriis
3305 5635 3582 5706 subjunxit

1981 5728 2225 5799 (Arnob.,
2256 5726 2413 5797 lib.v,
2447 5745 2568 5800 pag.
2602 5728 2744 5796 175;
2773 5728 3004 5784 Clemens
3046 5727 3352 5797 Alexandr”
3386 5728 3578 5784 Admo-

1984 5824 2078 5879 τισι.
2112 5824 2179 5879 ad
2212 5831 2374 5894 gent,
2407 5840 2525 5895 pag.
2559 5824 2669 5895 15).
2703 5825 2771 5881 At
2804 5822 2850 5880 si
2876 5824 3041 5895 quisa
3064 5822 3218 5882 nobis
3233 5822 3465 5896 inquirat
3484 5834 3582 5881 cur
