3904 6326
442 309 549 367 599

1663 312 2118 372 DlSSERTATIO
2156 315 2439 373 eum
3560 286 3567 293 ”
3612 328 3696 384 nn

438 423 513 478 ibi
560 434 781 496 uterque
820 425 1265 483 Erechtlridarum
1296 430 1491 484 lecerit
1520 432 1881 497 mentionem;
1912 431 2036 488 huic
2065 451 2121 510 Α
2143 435 2418 491 naturales
2440 478 2457 503 ,
2488 450 2622 507 quas
2652 437 2865 494 illorum
2897 449 3168 507 auctores,
3218 449 3377 512 atque
3411 457 3475 499 ex
3504 444 3563 499 iis
3584 457 3700 517 post-

441 526 564 586 post
618 517 907 572 Diodornm
960 517 1199 573 Siculum
1249 520 1697 592 reSpondehimus
1754 523 2035 579 advectam

435 608 855 666 Atheniensibus
882 611 1178 667 sterilitatis
1206 621 1449 685 tempore
1476 615 1752 687 ingentem
1794 618 2034 672 frumen-

430 705 470 759 ti
524 706 733 774 c0piam
781 706 850 760 ab
898 707 1206 763 Erechtheo
1260 708 1549 780 Egyptio,
1610 727 1766 778 quem
1828 721 2032 767 tantum

430 807 653 867 prapter
680 796 1000 853 beneﬁcium
1031 815 1210 871 regem
1235 812 1557 857 creaverunt
1584 801 2028 872 (Diodor.Sicul.,

430 888 523 943 lib.
572 907 586 944 ι
639 889 908 960 Biblioth.,
935 910 1053 965 pag.
1092 893 1207 965 l7).
1237 893 1457 950 Summa
1487 911 1668 952 autem
1723 913 1904 953 rerum
1932 914 2031 970 po-

424 985 577 1051 titus,
607 986 897 1055 Eleusinia,
924 990 1039 1044 sive
1072 987 1287 1053 Cereris
1315 994 1568 1065 mysteria
1587 1036 1603 1059 ,
1634 993 1825 1050 ritibus
1847 1011 1912 1050 ex
1938 994 2033 1050 1E-

431 1088 598 1148 gypto
640 1081 900 1137 traductis
929 1124 945 1149 ,
999 1083 1252 1138 instituit.
1283 1083 1624 1156 QuaprOpter
1672 1087 2033 1146 Athenienses

430 1170 795 1240 Erechthidae,
828 1192 926 1231 seu
946 1178 1392 1235 Ereclitbidarum
1429 1182 1632 1251 populi,
1656 1184 1725 1238 ab
1754 1181 2034 1240 Clemente

429 1271 819 1335 Alexandrino,
852 1274 1088 1331 Aruobin
1116 1284 1172 1329 et
1201 1276 1321 1331 aliis
1348 1287 1628 1332 vocantur.
1676 1280 1749 1333 De
1781 1279 1888 1335 illis
1933 1296 2028 1335 au-

431 1375 539 1420 tem
573 1350 861 1421 Eleusiniis
890 1368 1163 1438 mysteriis
1192 1385 1221 1423 a
1246 1370 1397 1425 nobis
1444 1371 1495 1424 in
1527 1371 1807 1442 superiore
1848 1377 2032 1445 Appa-

420 1468 589 1514 ratus'
620 1461 789 1516 nostri
850 1471 996 1518 tomo
1037 1473 1217 1519 actum
1270 1474 1354 1519 est
1384 1463 1511 1537 (lant
1558 1465 1881 1535 tApparat.,
1938 1469 2028 1523 lib.

428 1560 544 1623 cit.,
570 1578 692 1632 pag.
720 1562 870 1635 '7th).

494 1653 810 1711 Execranda
846 1657 1091 1723 tandem,
1139 1674 1238 1712 nec
1267 1659 1399 1714 satis
1446 1675 1679 1731 unquam
1707 1660 2033 1717 detestanda

429 1745 722 1803 Alimentia
746 1750 999 1822 mysteria
1027 1751 1319 1820 Arnobius,
1351 1752 1643 1808 Clementis
1674 1754 2027 1809 Alexandrini

2138 526 2360 583 modum
2415 527 2621 584 Natalis
2671 527 2869 585 Comes
2894 541 2949 586 et
2979 531 3204 589 Vossius
3240 533 3515 591 enucleare
3540 539 3697 594 conati

2138 626 2284 673 sunt.
2303 618 2371 674 Et
2403 631 2550 676 certe
2570 636 2636 677 ex
2663 620 2925 679 Cicerone
2937 622 3196 680 discimus
3214 625 3348 682 hanc
3372 626 3533 698 ipsam
3558 627 3697 686 fuisse

2138 710 2425 784 Chrysippi
2445 714 2780 786 aliorumque
2797 717 3262 789 philosophorum,
3292 721 3378 792 qui
3409 719 3600 794 physici
3624 738 3700 781 vu-

2141 805 2423 871 cabantur,
2460 806 2770 877 opinionem
2798 824 2861 865 ac
2889 826 3233 882 responsum.
3263 813 3319 868 ln
3357 815 3582 870 secundo
3604 825 3698 873 ete-

2139 898 2251 952 nim
2281 898 2425 955 illius
2453 899 2523 955 de
2540 899 2740 955 Natura
2765 900 2993 958 deorum
3024 903 3162 960 libro
3182 904 3397 972 Balbus,
3428 905 3698 964 Stoicorum

2139 994 2390 1061 nomine,
2423 994 2676 1051 latentem
2703 996 2757 1050 in
2789 995 3031 1053 historiis
3059 999 3191 1067 illis,
3218 1009 3274 1055 et
3301 1000 3559 1074 mysteriis
3586 1002 3698 1074 phy-

2138 1086 2310 1141 sicum
2338 1087 2799 1159 allegoricnmque
2844 1105 3061 1146 sensum
3120 1108 3313 1149 eruere
3348 1105 3401 1149 et
3445 1095 3701 1164 explanare

2138 1178 2343 1234 nititur.
2378 1180 2666 1251 Postquam
2694 1197 2826 1237 vero
2849 1184 3067 1254 planum
3095 1184 3166 1241 ibi
3191 1187 3333 1253 fecit,
3364 1186 3486 1257 quid
3513 1185 3702 1245 Saturni

2136 1284 2167 1324 a
2195 1270 2328 1327 Jove
2359 1272 2521 1327 vincti
2551 1315 2566 1338 ,
2610 1283 2665 1330 et
2692 1274 2922 1330 aliorum
2952 1276 3192 1346 ejusdem
3232 1279 3446 1349 generis
3473 1279 3699 1335 factorum

2136 1363 2444 1420 nominibus
2478 1364 2700 1438 physice
2726 1378 2782 1422 et
2809 1367 3102 1436 allegorice
3136 1369 3487 1440 signiﬁcetur,
3518 1371 3703 1427 buncin

2136 1455 2355 1510 modum
2395 1457 2698 1513 concludit:
2732 1478 2753 1512 ‹
2777 1458 3054 1515 Videtisne
3074 1461 3234 1531 igitur
3256 1469 3314 1516 ut
3335 1479 3363 1514 a
3383 1462 3604 1533 physicis
3629 1478 3700 1519 re-

2133 1547 2398 1612 bus,bene
2413 1559 2573 1621 atque
2593 1551 2792 1607 utiliter
2817 1552 3245 1623 inventis,tracta
3262 1554 3400 1609 ratio
3418 1555 3486 1612 sit
3504 1556 3564 1611 ad
3576 1570 3704 1612 com-

2138 1641 2416 1694 mentitios
2442 1650 2499 1697 et
2544 1640 2699 1697 ﬁctos
2745 1642 2911 1699 deos?
2941 1642 3072 1712 Quae
3101 1660 3187 1701 res
3212 1648 3396 1718 genuit
3422 1647 3572 1704 falsas
3608 1649 3702 1720 opi-

2137 1734 2352 1801 niones,
2408 1750 2738 1810 erroresque
2791 1739 3127 1797 turbulentos
3151 1781 3167 1809 ,
3224 1753 3281 1798 et
3323 1744 3701 1815 superstitiones

427 1850 708 1911 sequester
739 1840 914 1899 adhuc
944 1853 997 1899 et
1040 1844 1329 1915 interpres,
1360 1861 1457 1915 pro
1491 1846 1688 1901 merito
1734 1847 2029 1902 insectatur

2145 1840 2275 1896 pene
2293 1828 2486 1883 aniles.
2523 1848 2543 1881 ι
2592 1829 2804 1901 (Cicera,
2846 1831 2935 1887 lib.
2993 1848 3010 1886 ι
3053 1832 3117 1888 de
3164 1831 3359 1888 Natur.
3397 1836 3554 1901 deor.,
3605 1854 3704 1908 pag.

428 1933 672 2003 (Arnob.,
709 1934 797 1991 lib.
826 1952 880 2001 ν,
911 1953 1027 2009 pag.
1066 1937 1171 1994 176
1190 1948 1237 1994 et
1261 1954 1409 2006 seq.,°
1465 1938 1697 1995 Clemens
1726 1939 2030 2006 Alexandr.,

424 2026 689 2099 Admouil.
724 2028 792 2083 ad
820 2040 960 2100 gent.
988 2072 1002 2095 ,
1033 2014 1153 2102 pag.
1183 2031 1248 2086 21
1281 2041 1329 2085 et
1350 2031 1466 2103 22).
1496 2032 1604 2090 Nos
1636 2049 1765 2088 vero
1785 2034 1853 2088 de
1884 2033 2036 2091 hisce

428 2118 597 2173 sacris
623 2117 940 2177 foedissimis
968 2132 1023 2177 et
1053 2132 1255 2181 acterna
1280 2124 1573 2188 oblivione.
1602 2127 1705 2182 nisi
1749 2127 1815 2182 ad
1839 2127 2035 2184 confu-

425 2210 621 2265 tandos
634 2212 864 2281 gentiles
886 2255 902 2279 ,
933 2229 1137 2284 eosque
1166 2232 1195 2269 a
1226 2218 1604 2285 superstitioso
1630 2219 1858 2276 deorum
1889 2220 2036 2277 cultu

427 2299 496 2355 ad
545 2318 727 2358 veram
780 2306 1095 2376 religionem
1145 2308 1513 2378 adducendus,
1548 2310 1907 2382 damnandis,
1936 2329 2037 2370 nos

426 2396 556 2453 alibi
583 2397 972 2468 diSpntavimus
1000 2399 1161 2475 (Eod.
1213 2413 1337 2458 tam.
1384 2420 1403 2459 ι
1438 2405 1713 2477 Apparat.,
1738 2424 1858 2480 pag.
1886 2408 1993 2466 774
2015 2451 2031 2475 ,

435 2498 485 2542 et
513 2490 700 2562 seqq).

505 2582 677 2640 Porro
697 2595 875 2643 autem
901 2591 1020 2660 quis
1036 2604 1185 2645 sana:
1215 2590 1414 2647 mentis
1435 2591 1598 2650 homo
1622 2593 1767 2650 illam
1798 2604 1875 2651 tot
1901 2604 2038 2652 tam-

436 2688 544 2746 que
584 2674 976 2735 horrcndorum
1011 2682 1397 2752 mysteriorum
1420 2686 1817 2743 enarrationem
1852 2687 2038 2745 audire

427 2778 629 2839 potest,
678 2773 805 2842 quin
854 2778 1035 2830 statim
1063 2790 1186 2831 cum
1236 2780 1471 2834 Auctore
1512 2788 1699 2835 nostro
1749 2782 2039 2840 concludat

430 2878 698 2919 summam
730 2881 852 2921 csse
878 2868 1219 2925 ethnicorum
1252 2871 1589 2941 iniquitatem
1604 2888 1668 2930 ac
1680 2873 2033 2941 dementiam,

440 2955 528 3021 qui
559 2955 624 3010 ad
655 2956 790 3012 deos
830 2960 990 3013 tantis
1038 2961 1282 3032 adeoque
1313 2961 1560 3019 nefandis
1583 2965 1878 3022 sceleribus
1902 2968 2039 3023 infa-

438 3061 558 3103 mes
584 3050 876 3113 colendos,
906 3064 1067 3123 atque
1096 3053 1164 3109 ad
1215 3063 1324 3110 tam
1356 3057 1587 3113 obscena
1621 3074 1683 3115 ac
1702 3058 2040 3118 detestabilia

431 3143 692 3223 mysteria
721 3144 1021 3215 peragenda
1051 3148 1197 3203 omni
1222 3148 1609 3220 suppliciorum
1631 3167 1832 3223 genere
1857 3153 2033 3210 chris-

2135 1916 2247 1974 ἥδ
2270 1932 2320 1973 et
2345 1936 2478 1991 seq.;
2505 1929 2551 1975 et
2579 1920 2667 1978 lib.
2702 1939 2718 1977 ι
2775 1940 2897 1996 pag.
2926 1923 3077 1998 9.0L)
3109 1924 3398 1982 Contendit
3433 1928 3601 2000 itaque
3625 1943 3697 1985 res

2138 2010 2390 2083 physicas
2434 2023 2489 2069 et
2518 2015 2815 2082 naturales,
2854 2034 3064 2073 summa
3091 2032 3371 2090 poetarum
3413 2021 3710 2094 aliorumque

2139 2100 2356 2160 licentia
2384 2147 2398 2171 ,
2431 2105 2497 2161 ad
2541 2106 2676 2163 deos
2712 2109 2876 2164 falsos
2925 2120 2982 2165 et
3023 2114 3430 2170 commentitios
3461 2114 3712 2172 translatas

2141 2194 2330 2263 fuisse,
2353 2205 2512 2267 atque
2533 2199 2586 2253 in
2609 2214 2705 2255 eos
2731 2211 3060 2273 praepostere
3088 2204 3516 2264 transformatas.
3542 2205 3710 2264 Contra

2144 2299 2324 2345 tamen
2357 2289 2619 2347 Eusebius
2642 2292 2881 2365 (Euseb.,
2928 2297 3017 2351 lib.
3052 2314 3090 2352 ιι
3114 2295 3360 2371 Ρηεραν.
3389 2318 3588 2373 evang.,
3614 2319 3708 2371 cap.

2143 2379 2194 2448 6,
2227 2398 2349 2454 pag.
2384 2383 2500 2455 74),
2533 2384 2754 2441 Diodori
2783 2386 2954 2444 Siculi
2975 2399 3029 2444 et
3059 2388 3357 2447 Clementis
3396 2393 3709 2449 Alexandrini

2141 2476 2465 2532 auctoritate
2513 2474 2708 2545 fretus,
2758 2480 3038 2536 contendit
3077 2484 3224 2552 prius
3254 2483 3325 2540 ab
3363 2485 3711 2556 antiquiSsitnis

2142 2567 2435 2639 gentilibus
2465 2567 2850 2627 disseminatas
2877 2572 3046 2631 fuisse
3074 2575 3541 2645 turpissimasillas
3557 2576 3711 2634 dediis

2143 2660 2256 2716 suis
2272 2660 2574 2732 upiuiones,
2606 2665 2690 2719 vel
2724 2664 2901 2736 potius
2930 2667 3245 2736 opinionum
3276 2680 3519 2726 monstra
3539 2684 3596 2725 ac
3610 2684 3713 2742 pur-

2145 2764 2313 2810 tenta.
2349 2754 2597 2811 Posthtcc
2627 2772 2757 2813 vero
2785 2774 2906 2815 cum
2937 2761 3271 2817 recentiores
3306 2773 3567 2819 tantarum
3596 2806 3611 2831 ,
3646 2763 3714 2817 in-

2143 2849 2282 2920 quit,
2315 2849 2761 2922 obscoenitatum,
2794 2853 2848 2908 in
2869 2853 2951 2907 bis
2978 2863 3089 2909 tam
3118 2855 3352 2925 turpiter
3378 2868 3716 2927 expressarum

2144 2946 2392 3017 puderet,
2422 2964 2524 3004 nec
2552 2962 2615 3004 ea
2640 2957 2821 3004 tamen
2845 2959 3070 3021 possent
3096 2951 3324 3008 omnino
3354 2964 3448 3009 aut
3476 2952 3680 3025 rejicere
3701 2994 3714 3017 ,

2144 3049 2238 3095 aut
2281 3040 2509 3097 inlicial'i
2540 3084 2556 3109 ,
2608 3043 2675 3097 ad
2723 3042 3006 3116 physicum
3037 3044 3502 3133 allegoricumqup
3529 3060 3717 3104 sensum

2147 3136 2446 3206 confugere
2467 3139 2638 3193 coacti
2667 3147 2813 3193 sunt.

429 3231 611 3288 tianns
635 3237 966 3306 compellere
993 3241 1375 3296 conabantur?
1399 3242 1540 3312 Quid
1567 3247 1711 3301 enim
1743 3248 1914 3320 magis
1933 3248 2037 3305 ini—
2066 3232 2112 3295 C
2217 3228 2748 3304 νοτυωωιειιηιίιυε
2769 3247 2857 3289 res
2872 3248 2932 3288 se
2948 3232 3218 3301 habue’i‘t
3250 3247 3465 3293 consm
3484 3252 3607 3295 sane
3620 3234 3714 3292 hac

435 3338 622 3394 quum,
673 3342 835 3396 quam
896 3343 992 3384 eos
1056 3330 1259 3386 idcirco
1309 3335 1708 3406 condemnare,
1764 3348 2039 3411 tamquam

441 3416 692 3473 atheismi
723 3421 1039 3478 convictos?
1088 3423 1278 3481 Nonne
1323 3427 1420 3497 ipsi
1447 3431 1676 3499 gentiles
1705 3433 1896 3501 potiori
1920 3433 2044 3505 jure

440 3509 585 3565 athei
615 3511 827 3567 dicendi
860 3525 1045 3583 erant,
1100 3518 1211 3588 qui,
1241 3519 1445 3589 rejecto
1473 3523 1582 3576 veri
1615 3522 1712 3580 Dei
1743 3526 1912 3592 cultu,
1946 3543 2045 3598 pu-

439 3600 600 3655 blicis
625 3603 676 3657 in
703 3603 856 3660 festis
881 3617 932 3661 et
962 3610 1234 3680 mysteriis
1262 3610 1480 3669 ﬁctitios
1505 3613 1756 3672 colebant
1775 3616 1930 3688 deos,
1950 3622 2041 3692 qui

436 3698 739 3754 execranda
787 3716 883 3757 sua
911 3703 980 3759 ob
1010 3701 1206 3775 ﬂagitia
1247 3721 1346 3762 nec
1391 3706 1669 3767 hominum
1698 3710 1847 3784 digni
1887 3723 2043 3771 erant

440 3789 699 3847 nomine?

1052 3973 1352 4016 ARTICULUS
1382 3975 1435 4017 11.

445 4088 699 4167 Quomodo
718 4096 1025 4167 ethnicorum
1046 4102 1320 4167 responsio,
1347 4115 1445 4167 qua
1462 4106 1712 4167 Amysteria
1734 4105 1816 4155 illa
1839 4118 1899 4156 ac
1935 4114 2042 4159 tur-

503 4157 730 4217 pissimas
746 4159 957 4229 deorum
974 4157 1173 4229 suorum
1192 4157 1418 4229 historias
1432 4157 1703 4229 allegorice
1729 4157 2045 4229 explicandas

507 4231 622 4269 esse
646 4222 1034 4283 contendebant,
1057 4223 1121 4273 ab
1137 4224 1354 4276 Arnohio
1369 4222 1589 4279 funditus
1609 4222 1883 4282 evertatur.

519 4369 634 4426 Non
674 4387 863 4444 magna
905 4374 1025 4430 sine
1060 4375 1224 4431 animi
1250 4380 1611 4436 commotione
1642 4383 2047 4452 persentiebant

446 4448 669 4531 ethnici,
699 4480 858 4535 quam
890 4466 1169 4525 evidenter
1196 4469 1418 4527 deorum
1446 4488 1669 4529 suorum
1712 4473 1867 4539 festa.
1893 4491 2044 4548 mys-

447 4557 609 4623 teria,
641 4567 803 4629 atque
831 4561 995 4615 etiam
1028 4561 1288 4631 historize,
1321 4581 1456 4637 quas
1483 4568 1537 4623 in
1576 4570 1840 4639 superiori
1869 4571 2046 4641 capite

445 4650 821 4707 recensuimus
843 4695 858 4717 ,
911 4652 1103 4710 falsam
1127 4670 1313 4712 eorum
1343 4657 1678 4718 divinitatem
1699 4662 2042 4720 demonstra-

446 4754 572 4800 rent
621 4746 861 4816 (Arnob.,
914 4748 1003 4804 lib.
1034 4765 1088 4817 ν,
1118 4768 1240 4825 pag.
1274 4753 1420 4826 179).
1472 4754 1832 4824 Quamobrem
1884 4771 2045 4829 argu-

441 4848 624 4896 menta
651 4856 718 4897 ex
766 4843 832 4897 iis
857 4842 1019 4899 ducta
1039 4887 1056 4913 ,
1086 4860 1303 4917 quoquo
1330 4847 1549 4904 tandem
1580 4849 1741 4906 modo
1768 4848 2046 4909 inﬁrmare

438 4934 875 4992 connitebantur.
910 4936 1097 5008 Itaque
1134 4938 1532 5010 respondebant
1556 4956 1620 4996 ea
1669 4956 1791 5011 qua:
1816 4942 1921 4999 sibi
1948 4943 2043 4999 ob-

431 5026 782 5096 jiciebantur,
816 5046 916 5086 nec
940 5046 1140 5104 negare
1156 5041 1250 5087 aut
1272 5032 1613 5090 dissimulare
1633 5042 1901 5105 poterant,
1931 5045 2043 5094 tur-

444 5123 531 5195 pia
555 5120 779 5178 deorum
796 5139 1014 5181 suorum
1033 5128 1237 5183 scelera
1256 5127 1307 5180 in
1340 5128 1613 5197 mysteriis
1636 5139 2040 5200 repraesentata,

438 5214 755 5285 neutiquam
781 5217 1037 5274 debuisse
1064 5219 1132 5273 ad
1163 5219 1418 5281 litteram.
1449 5218 1545 5274 sed
1570 5219 1863 5291 allegorian
1887 5221 2042 5278 altio-

438 5311 594 5380 rique
640 5323 801 5365 sensu
834 5310 1081 5381 intelligi.
1113 5310 1404 5367 Peritiores
1438 5312 1640 5367 etenim
1675 5312 1943 5370 docebant
1984 5312 2038 5368 in

432 5402 505 5459 iis
541 5404 832 5469 omnibus,
869 5405 1265 5476 quantumlibet
1307 5404 1481 5475 turpia
1529 5406 1869 5477 obscenaque
1892 5404 2041 5462 vide-

438 5498 661 5559 rentur,
711 5495 977 5552 contineri
1025 5496 1294 5567 physicas,
1326 5497 1608 5569 mysticas,
1656 5496 1928 5554 mirabiles
1974 5511 2040 5553 ac

440 5587 627 5656 paucis
656 5588 898 5658 cognitas
928 5589 1187 5646 rationes.
1216 5587 1347 5644 Nam
1361 5587 1537 5654 Jovis,
1565 5588 2034 5660 inquiebant,cum

440 5672 660 5745 Cerere,
691 5688 785 5733 aut
817 5679 924 5735 ﬁlia
964 5696 1061 5736 sua
1090 5679 1433 5747 concubitus,
1464 5689 1649 5749 raptus
1675 5679 2032 5751 Proserpina,

441 5774 497 5821 et
526 5768 627 5822 alia
654 5770 904 5838 qumlibet
947 5771 1031 5827 his
1055 5772 1250 5829 similia
1277 5772 1412 5829 nihil
1440 5769 1814 5842 signiﬁcabant
1842 5772 1987 5829 aliud
2014 5818 2030 5843 ,

439 5861 542 5918 nisi
567 5861 821 5933 pluviam,
848 5865 1119 5934 tellurem,
1150 5868 1402 5936 imbrem,
1430 5868 1657 5935 semina,
1687 5868 1928 5941 aliasque
1948 5883 2036 5925 res

2144 3323 2485 3379 ethnicorum
2504 3340 2784 3397 responsa,
2827 3343 3104 3401 vanasque
3134 3329 3526 3401 explicationes
3551 3330 3616 3387 ab
3635 3330 3717 3386 Ar-

2144 3420 2310 3476 nobio
2335 3432 2524 3476 nostro
2553 3420 2783 3492 aliisque
2810 3420 3067 3478 Ecclesiae
3096 3423 3352 3480 Patribus
3393 3425 3621 3494 stirpitus
3643 3437 3717 3479 ex-

2146 3510 2308 3567 trahi.
2338 3511 2457 3582 Quo
2486 3512 2631 3568 enim
2662 3523 2818 3582 pacto
2846 3555 2862 3579 ,
2910 3514 2987 3568 ait
3013 3524 3204 3569 auctor
3221 3526 3435 3585 noster,
3468 3517 3546 3571 ba:
3576 3515 3718 3570 inter-

2144 3606 2474 3678 pretationes
2496 3606 2785 3679 prohibere
2808 3617 3032 3677 possunt
3054 3606 3295 3681 (Arnob.,
3321 3610 3410 3666 lib.
3430 3627 3482 3680 v,
3506 3627 3618 3684 pug.
3633 3606 3716 3664 l80

2146 3711 2194 3755 et
2243 3700 2409 3773 seqq.)
2454 3700 2585 3772 quin
2627 3715 2727 3766 ea,
2775 3716 2893 3771 quae
2944 3700 3013 3756 de
3068 3701 3171 3756 diis
3217 3704 3420 3775 scripta
3474 3704 3713 3775 legimus,

2145 3806 2308 3870 prout
2338 3796 2497 3853 verba
2515 3807 2731 3866 sonant,
2761 3803 2869 3853 sint
2895 3797 3159 3870 ﬂagitiosa
3205 3816 3269 3856 ac
3296 3800 3517 3857 omnino
3538 3796 3711 3871 impia?

2144 3892 2278 3963 Quis
2308 3908 2438 3951 vero
2457 3909 2520 3951 ea
2545 3894 2834 3966 allegorica
2852 3904 3059 3950 tantum
3089 3910 3254 3952 sensu
3271 3896 3584 3967 explicanda
3605 3904 3707 3950 esse

2146 3986 2385 4056 probare
2427 3985 2664 4059 poterit?
2689 3986 2745 4042 Si
2774 3987 2859 4043 hic
2889 3987 3168 4044 enimvero
3194 4003 3422 4057 sensus,
3455 3986 3603 4045 sicuti
3624 3984 3713 4040 aie—

2145 4078 2313 4145 bant,
2371 4078 2614 4134 occultus
2653 4087 2778 4149 est,
2807 4079 2927 4149 quis
2952 4079 3103 4134 illtun
3132 4080 3424 4151 gentilibus
3456 4076 3715 4152 patefecit?

2144 4171 2337 4229 Nonne
2363 4175 2525 4230 etiam
2557 4174 2742 4245 plures
2767 4172 2950 4230 aﬁerri
2972 4185 3199 4245 possunt
3222 4175 3384 4230 unius
3409 4185 3463 4231 ct
3501 4170 3715 4244 ejusdem

2147 4264 2387 4321 historia:
2417 4308 2433 4334 ,
2476 4267 2627 4323 verbi
2658 4268 2851 4339 gratia,
2883 4267 2952 4323 de
2976 4266 3110 4325 Jove
3138 4277 3193 4323 et
3220 4267 3423 4326 Cerere
3439 4264 3715 4341 explicatio-

2149 4364 2286 4419 nes?
2313 4363 2446 4432 Quis
2473 4380 2605 4436 ergo
2633 4381 2793 4420 unam
2819 4365 3019 4436 potius,
3048 4380 3208 4435 quam
3239 4366 3426 4434 aliam,
3459 4377 3627 4422 verant
3648 4373 3718 4432 ge

2150 4456 2486 4527 nuinamque
2513 4471 2637 4513 esse
2666 4467 2818 4512 certo
2849 4458 3008 4513 nobis
3034 4457 3324 4528 probabit?

2219 4548 2335 4621 Age
2366 4565 2528 4616 vero;
2568 4550 2827 4622 numquid
2864 4565 3057 4607 omnes
3084 4549 3331 4620 ejusdem
3357 4549 3592 4607 historia:
3620 4559 3718 4618 par-

2068 4626 2122 4688 D
2147 4648 2229 4698 tes
2257 4656 2419 4698 sensu
2442 4642 2736 4713 allegorica
2764 4641 3127 4715 intelligenda:
3155 4652 3283 4698 sunt
3302 4642 3327 4695 ?
3347 4628 3536 4716 (Ibid,
3558 4658 3607 4705 ρ.
3628 4635 3714 4694 189

2150 4745 2196 4790 et
2219 4734 2382 4807 seqq.)
2413 4734 2518 4793 Sed
2551 4737 2671 4807 quis
2701 4735 2857 4794 nobis
2888 4752 3143 4808 umquam
3172 4737 3570 4795 edisseruitaut
3600 4730 3718 4788 edis‘

2150 4842 2337 4885 serere
2376 4829 2550 4900 potuit
2576 4829 2705 4901 quid
2751 4830 2954 4896 Brimo,
2984 4829 3114 4903 quid
3144 4830 3355 4896 Baubo,
3386 4828 3514 4901 quid
3546 4825 3716 4882 Henna:

2146 4938 2337 4980 nemus
2359 4932 2414 4980 et
2443 4922 2623 4994 tiores,
2652 4923 2783 4996 quid
2824 4923 3007 4981 Aitnae
3045 4924 3185 4997 ignis
3213 4936 3269 4981 et
3295 4926 3467 4992 faces,
3496 4919 3615 4996 quid
3638 4918 3716 4973 At-

2149 5017 2255 5071 tica
2284 5017 2454 5088 regio,
2480 5015 2609 5087 quid
2640 5031 2808 5088 pagus
2836 5016 3170 5082 Eleusinius,
3199 5026 3253 5071 et
3282 5017 3388 5073 alia
3418 5006 3714 5087 ejuscemodi

2148 5109 2540 5181 propemodum
2563 5110 2768 5166 inﬁnita
2793 5111 3086 5182 allegorice
3109 5109 3455 5183 signiﬁcent?

2218 5206 2289 5261 At
2312 5204 2443 5261 illud
2471 5205 2716 5276 inprimis
2761 5206 3063 5263 attentione
3079 5205 3324 5278 dignum,
3361 5203 3505 5277 quod
3530 5202 3581 5258 in
3605 5198 3710 5254 illo-

2146 5315 2266 5356 rum
2298 5300 2613 5356 memoriam
2646 5302 2776 5356 festa
2836 5310 2892 5356 et
2932 5301 3208 5373 mysteria,
3240 5299 3439 5355 annuis
3477 5311 3538 5354 ac
3580 5293 3710 5350 statis

2147 5391 2472 5461 quihusdam
2502 5390 2695 5448 diebus
2718 5433 2736 5460 ,
2770 5392 2839 5448 ab
2863 5392 3117 5448 omnibus
3143 5391 3379 5448 ethnicis
3409 5386 3709 5461 perageban-

2145 5498 2233 5546 tur
2262 5488 2449 5563 (Ibid.,
2501 5464 2633 5561 ‘pag.
2675 5488 2779 5545 48L
2823 5496 2870 5543 et
2912 5487 3064 5560 δρψ).
3092 5484 3556 5556 Quemadmodum
3598 5491 3708 5549 ergo

2142 5592 2290 5640 certa
2320 5593 2375 5638 et
2396 5592 2673 5648 constans,
2704 5595 2768 5638 ac
2794 5581 2987 5652 insigni
3020 5578 3164 5636 tacto
3192 5579 3378 5651 aliquo
3401 5576 3609 5634 fundata
3630 5585 3706 5626 es-

2140 5692 2202 5734 se
2228 5677 2457 5734 debebat
2481 5676 2740 5733 horumce
2771 5674 3032 5732 festorum
3053 5673 3263 5731 dierum
3291 5672 3442 5744 origo
3473 5689 3489 5726 :
3516 5671 3582 5725 ita
3604 5676 3705 5735 que

2139 5772 2389 5830 solebant
2425 5772 2480 5829 in
2523 5772 2604 5829 eis
2632 5769 2903 5838 exhiberi,
2925 5768 3127 5842 aliquid
3158 5782 3353 5840 reapse
3371 5776 3528 5822 antea
3549 5768 3703 5817 actum

2142 5865 2622 5937 repraesentabant.
2650 5863 2883 5920 Necesse
2905 5863 3064 5933 igitur
3082 5861 3252 5920 fuitut
3271 5862 3512 5935 quadam
3533 5854 3700 5913 saltem
