3904 6326
278 361 377 417 601

1484 357 1552 414 ΙΝ
1589 352 1966 421 ARNOBIUM,
2008 349 2161 409 CAP.
2202 352 2346 411 XIX.

3466 347 3573 404 602

269 475 622 534 historiarum
643 476 857 533 illarum
887 484 1067 550 partes
1098 474 1398 531 naturalem
1429 483 1485 529 et
1513 472 1735 528 minime
1791 470 1866 524 al-
1894 474 1951 532 Α
1973 472 2125 541 tiani,
2162 484 2273 529 tum
2310 473 2534 544 ethnici,
2560 473 2682 531 illos
2711 489 2777 531 ex
2801 475 2899 532 hac
2939 472 3219 532 levissima
3250 468 3569 529 defensione

289 574 566 643 egoricum
622 585 842 627 sensum
884 570 1188 627 habuerint.
1218 572 1287 625 At
1316 568 1364 625 si
1399 566 1644 639 quaedam
1681 575 1865 636 partes

268 664 503 719 naturali
543 675 600 720 et
646 664 768 721 alia:
813 664 1106 734 allegorica
1136 678 1300 719 sensu
1332 669 1459 717 sunt
1484 656 1811 729 accipiendae
1839 696 1855 722 ,

267 756 392 825 quis
418 771 513 811 eas
544 766 688 812 recte
715 756 1026 813 discernet?
1051 755 1210 810 Nulla
1242 754 1521 810 enimvero
1551 761 1709 820 nuta,
1747 748 1865 804 nul-

268 847 492 917 lumque
516 850 725 919 signum
758 858 843 905 est
863 864 970 920 quo
1002 863 1104 903 una
1131 848 1199 903 ab
1224 847 1330 901 alia
1352 855 1690 901 secernatur.

342 939 452 996 Sed
492 942 739 997 ethnicos
772 940 948 996 adhuc
968 941 1144 996 acrius
1175 947 1328 1009 urget
1363 936 1653 992 Arnobius.
1688 932 1868 990 Gratis

267 1038 417 1092 enim
444 1047 496 1092 et
514 1037 806 1093 liberaliter
831 1038 938 1094 illis
964 1033 1213 1091 concedit
1239 1033 1337 1088 has
1369 1032 1646 1097 historias,
1664 1038 1718 1084 et
1745 1043 1865 1096 qua:

265 1129 324 1184 in
347 1130 625 1201 mysteriis
653 1129 855 1185 fiebant
874 1170 890 1196 ,
931 1128 1241 1197 neutiquam
1271 1123 1510 1187 litterali,
1541 1121 1636 1176 sed
1666 1121 1867 1191 allego-

266 1224 383 1280 rico
416 1235 622 1280 tantum
664 1239 826 1279 sensu
859 1237 1017 1294 posse
1047 1219 1330 1293 explicari.
1361 1221 1429 1273 At
1458 1230 1565 1272 non
1591 1213 1715 1269 inde
1746 1227 1868 1283 pro-

264 1313 433 1384 fecto,
463 1317 641 1387 arguit
673 1316 781 1383 ille,
828 1316 1009 1369 minor
1039 1315 1093 1368 in
1143 1312 1275 1367 deos
1321 1308 1587 1366 redundat
1622 1305 1865 1361 infamia.

266 1404 388 1474 Quo
409 1409 552 1462 enim
575 1408 809 1478 graviori
839 1406 1085 1461 convicio
1110 1402 1384 1461 verberari
1418 1409 1685 1474 poterant,
1706 1411 1865 1468 quam

264 1499 388 1556 illos
427 1499 628 1556 idcirco
673 1499 984 1571 nominibus
1031 1497 1304 1569 appellare
1343 1494 1541 1567 ﬂagitia
1582 1502 1636 1548 et
1660 1491 1867 1546 scelera

261 1595 608 1665 apertissime
636 1592 1086 1665 signiﬁcantibus,
1117 1591 1239 1660 quia
1264 1590 1447 1660 plures
1476 1580 1866 1659 garriebantiis

262 1702 355 1744 res
375 1688 653 1745 naturales
679 1688 908 1760 mystico
937 1700 1100 1741 sensu
1128 1682 1351 1739 indicari
1378 1681 1403 1737 Ἰ

333 1782 473 1851 Quid
512 1782 700 1839 iisdem
730 1783 833 1839 diis
860 1785 1029 1854 magis
1058 1778 1510 1837 contumeliosum
1560 1789 1722 1846 quam
1753 1783 1866 1828 tur-

1970 565 2301 636 dejecerunt.

2040 674 2230 734 Cicero
2257 679 2519 748 siquidem
2544 680 2597 736 in
2624 682 2784 737 tertio
2814 682 2884 737 de
2920 681 3123 738 Natura
3157 681 3388 738 deorum
3428 679 3569 738 libro

1967 767 2234 839 Balbum,
2297 771 2382 827 his
2430 773 2878 842 explicationibus
2918 775 3202 846 opiniones
3269 774 3568 832 stoicorum

1972 875 2424 938 propugnantem,
2448 866 2617 923 Cottae
2636 867 2943 924 Academici
2970 869 3211 935 nomine,
3228 869 3310 925 sic
3329 867 3528 926 refellit
3551 886 3565 924 :

1975 976 1995 1010 ι
2023 958 2140 1014 Jam
2179 975 2307 1015 vero
2343 960 2469 1030 quid
2499 975 2629 1025 vos,
2667 981 2687 1013 ι
2722 962 2914 1034 inquit,
2944 980 2965 1014 ι
3001 964 3090 1018 illa
3118 962 3354 1020 delectat
3376 962 3555 1034 expli-

1968 1053 2110 1107 catio
2139 1052 2473 1121 fabularum‘,
2517 1065 2573 1110 et
2607 1055 2863 1111 enodatio
2885 1057 3286 1113 nominum.....
3316 1057 3565 1129 Magnam

1968 1142 2271 1200 molestiam
2303 1151 2570 1216 suscepit,
2622 1156 2677 1201 et
2705 1148 2925 1204 minime
2953 1150 3322 1206 necessariam
3352 1152 3563 1223 primus

1968 1236 2135 1298 Zeno.
2169 1251 2289 1308 poSt
2328 1238 2637 1307 Cleanthes,
2660 1240 2856 1298 deinde
2882 1240 3217 1315 Chrysippus
3241 1285 3259 1312 ,
3285 1258 3568 1300 commen-

1971 1331 2206 1387 titiarum
2238 1332 2541 1390 fabularum
2565 1335 2793 1392 reddere
2815 1338 3081 1395 rationem
3110 1356 3126 1409 ;
3152 1340 3561 1409 vocabulorum,

1968 1440 2067 1482 cur
2110 1429 2344 1501 quidque
2392 1431 2464 1486 ita
2516 1432 2840 1502 explicatum
2881 1434 2990 1501 sit,
3028 1448 3222 1491 causas
3266 1435 3563 1501 explicare.

1969 1521 2121 1589 Quod
2153 1536 2275 1577 cum
2309 1521 2485 1579 facitis
2507 1566 2521 1590 ,
2579 1525 2710 1580 illud
2757 1528 2998 1596 profecto
3023 1528 3357 1585 confitemini
3395 1530 3564 1601 longe

1966 1614 2121 1671 aliter
2136 1631 2195 1670 se
2224 1632 2339 1672 rem
2371 1616 2572 1674 habere
2596 1628 2757 1688 atque
2781 1618 3063 1675 hominum
3091 1619 3275 1690 opinio
3299 1620 3409 1686 sit;
3459 1633 3555 1675 eos

1968 1708 2133 1774 enim,
2164 1708 2255 1779 qui
2280 1709 2355 1765 dii
2405 1711 2766 1782 appelluntur,
2804 1728 2985 1769 rerum
3013 1724 3233 1770 naturas
3258 1727 3381 1769 esse
3407 1756 3423 1781 ,
3454 1728 3564 1771 non

1971 1800 2168 1872 figuras
2188 1802 2434 1858 deorum.
2467 1802 2566 1871 Qui
2597 1813 2775 1861 tantus
2807 1820 2963 1862 error
2992 1807 3118 1873 fuit;
3153 1815 3210 1869 ut
3244 1806 3565 1877 perniciosis

261 1879 490 1950 pissima
522 1878 737 1934 illorum
765 1878 899 1933 facta
929 1878 1101 1950 palam
1130 1885 1184 1932 et
1206 1875 1402 1946 ubique
1423 1867 1862 1970 etpraedicando,
1894 1861 1942 1922 B
1968 1861 2130 1951 eam
2164 1896 2324 1952 rebus
2351 1912 2460 1952 non
2476 1861 2653 1953 "modo
2685 1914 2881 1955 name"
2914 1900 3139 1955 deorum
3188 1861 3517 1958 ,ri‘buemmr
3545 1943 3561 1970 ,

264 1983 323 2031 et
365 1973 829 2043 repraesentando,
876 1987 964 2028 res
1014 1971 1154 2027 velle
1202 1967 1494 2040 significari
1540 1979 1732 2038 graves
1766 1978 1869 2018 nec

263 2063 618 2121 inhonestas?
666 2064 748 2121 Eo
801 2067 999 2137 quippe
1044 2062 1281 2120 absurdo
1343 2060 1555 2131 penitus
1612 2056 1869 2128 loquendi

262 2158 427 2214 modo
452 2159 729 2230 turpitudo
747 2161 894 2230 prius
925 2158 1183 2223 animum,
1220 2171 1379 2229 quam
1407 2169 1597 2210 sensus
1627 2153 1770 2208 illius
1788 2154 1867 2206 al-

261 2250 557 2323 legoricus,
611 2261 665 2308 et
722 2252 995 2325 religionis
1020 2250 1311 2307 auctoritas
1360 2247 1691 2320 perstringit.
1734 2245 1866 2314 Quis

266 2346 433 2403 etiam
482 2344 690 2403 inﬁcias
742 2348 823 2404 ire
881 2346 1077 2402 audeat
1130 2345 1291 2416 longe
1338 2346 1506 2399 satius
1542 2342 1707 2398 fuisse
1750 2355 1865 2396 rem

255 2441 556 2512 quamlibet
585 2440 819 2497 naturali
844 2456 967 2508 suo,
1008 2456 1167 2512 quam
1202 2438 1360 2495 ullius
1382 2437 1603 2493 obsceni
1633 2445 1725 2491 aut
1743 2450 1866 2490 cru-

254 2535 398 2592 delis
421 2535 648 2593 deorum
679 2536 935 2592 facinoris
972 2536 1192 2592 nomine
1218 2533 1439 2599 vocari?
1464 2530 1602 2587 Tum
1631 2531 1773 2586 enim
1799 2544 1864 2586 ea

255 2640 315 2684 et
354 2630 572 2701 cognitu
623 2628 818 2695 facilis,
858 2638 916 2687 et
952 2629 1123 2685 illaesa
1179 2636 1394 2684 servata
1436 2625 1627 2682 fuisset
1669 2623 1863 2681 coales-

254 2723 394 2779 tium
422 2722 700 2777 numinum
726 2721 987 2793 dignitas.
1824 2784 1829 2787 _

324 2815 446 2872 Non
496 2818 678 2889 itaque
724 2816 977 2873 audiendi
1009 2815 1239 2887 amplius
1263 2815 1498 2887 gentiles
1522 2857 1537 2881 ,
1564 2813 1658 2886 qui
1684 2811 1863 2869 adhuc

248 2909 603 2981 obiectabant
625 2909 758 2967 deos
797 2910 944 2967 nolle
972 2925 1068 2965 sua
1106 2910 1232 2966 sciri
1274 2910 1529 2982 mysteria
1550 2950 1565 2976 ,
1596 2919 1758 2980 atque
1786 2921 1851 2964 ea

244 3003 496 3070 idcirco,
554 3012 610 3060 et
658 3004 872 3060 illorum
919 3002 1174 3060 historias
1197 3002 1501 3073 allegoricis
1532 3011 1701 3057 tectas
1738 3014 1860 3057 esse

248 3095 575 3168 ambagibus
624 3094 786 3170 (Ibid.
818 3137 834 3163 ,
890 3113 1011 3168 pag.
1047 3093 1195 3167 l87).
1224 3095 1353 3163 Quis
1382 3094 1659 3150 enimvero
1699 3107 1860 3149 nosse

245 3192 431 3262 potuit
483 3190 554 3246 ita
579 3189 685 3247 diis
720 3189 890 3247 fuisse
924 3189 1228 3263 placitum?
1265 3187 1427 3245 Certo
1466 3200 1645 3244 autem
1701 3187 1856 3243 nobis

244 3292 591 3354 compertum
620 3294 704 3340 est
726 3285 860 3341 deos
889 3300 1179 3355 numquam
1210 3283 1451 3341 voluisse
1492 3286 1667 3364 turpia
1694 3282 1762 3339 de
1791 3298 1853 3340 se

238 3376 356 3432 dici
376 3386 433 3433 et
459 3376 757 3448 praedicari.
782 3377 922 3445 Quid
949 3378 1095 3434 enim
1136 3378 1240 3443 sol,
1268 3377 1419 3434 verbi
1444 3393 1604 3434 causa
1624 3422 1639 3445 ,
1667 3376 1848 3446 tellus,

241 3467 485 3538 aliasque
509 3484 599 3524 res
620 3469 918 3535 naturales,
952 3471 996 3524 si
1043 3470 1289 3540 quaedam
1319 3471 1427 3526 sint
1457 3471 1699 3538 numina,
1735 3486 1850 3527 me-

238 3572 477 3617 ruerunt
507 3570 566 3616 ut
588 3561 657 3616 ab
681 3562 933 3629 ethnicis,
977 3562 1178 3618 Attidis
1197 3605 1214 3629 ,
1244 3563 1299 3617 id
1326 3573 1432 3630 est,
1464 3563 1700 3620 hominis
1731 3579 1844 3620 cas-

239 3655 373 3711 trati
399 3665 459 3712 et
477 3656 739 3724 semiviri,
784 3657 1124 3728 aliorumque
1153 3657 1543 3713 sceleratorum
1574 3657 1854 3714 hominum

239 3751 562 3806 nominibus
614 3753 1089 3822 nuncuparentur?
1133 3752 1381 3823 Denique
1422 3766 1529 3807 non
1579 3753 1754 3807 solum
1776 3750 1850 3810 dii

242 3844 355 3917 ipsi
381 3846 624 3911 colendi,
654 3845 753 3903 sed
794 3848 1010 3903 illorum
1038 3847 1201 3902 etiam
1239 3846 1457 3902 nomina
1505 3849 1851 3902 veneratione

242 3949 302 3996 et
333 3939 546 3996 honore
589 3938 749 4011 digna
802 3949 947 4004 sunt,
989 3955 1164 4011 neque
1205 3939 1294 3994 illa
1337 3938 1460 3994 aliis
1500 3938 1852 4008 proculdubio

240 4032 484 4087 terrenis
506 4041 562 4087 et
590 4031 835 4102 abjectis,
856 4032 1133 4103 multoque
1153 4031 1332 4086 minus
1350 4030 1594 4099 turpibus
1613 4045 1677 4086 ac
1695 4030 1852 4087 foedis

238 4125 414 4181 rebus
438 4125 788 4195 imponenda.
818 4124 951 4194 Quis
977 4140 1106 4196 ergo
1134 4124 1218 4179 his
1263 4124 1560 4180 rationibus
1600 4125 1702 4179 rite
1730 4139 1851 4192 ner—

236 4219 454 4288 pensis,
479 4233 588 4274 non
619 4218 768 4274 videt
791 4234 952 4289 quam
978 4228 1127 4274 recte
1165 4217 1434 4274 Arnobius
1456 4217 1764 4287 probaverit
1782 4218 1851 4274 ab

239 4309 341 4375 iis,
366 4311 459 4381 qui
479 4310 706 4367 deorum
747 4326 970 4367 suorum
1003 4311 1259 4367 historias
1287 4320 1342 4366 et
1366 4309 1623 4383 mysteria
1651 4310 1850 4381 allego-

239 4404 368 4458 rico
410 4406 748 4474 mysticoque
771 4420 933 4460 sensu
965 4405 1311 4475 explicabant
1334 4445 1350 4469 ,
1395 4419 1500 4460 non
1529 4408 1699 4475 magis
1720 4404 1852 4460 reli-

238 4497 501 4565 gionihus
524 4499 639 4555 suis
664 4499 837 4563 fuisse
857 4500 1185 4566 consultum,
1209 4513 1368 4570 quam
1398 4500 1468 4556 ab
1485 4498 1625 4565 aliis,
1644 4499 1737 4570 qui
1756 4514 1850 4554 eas

238 4587 468 4647 litterali
490 4593 758 4664 obvioque
783 4609 947 4650 sensu
980 4594 1355 4666 intelligendas
1393 4608 1517 4649 esse
1546 4592 1845 4663 opinaban-

242 4683 385 4738 tur?
412 4684 605 4741 Parem
630 4686 908 4742 enimvero
954 4687 1170 4757 utrique
1196 4686 1299 4742 diis
1331 4686 1446 4742 suis
1473 4685 1677 4742 faciunt
1698 4687 1844 4758 inju-

243 4774 388 4832 riam
407 4819 424 4846 ,
463 4794 791 4852 omnemque
826 4780 1193 4853 imprudentes
1217 4782 1298 4839 eis
1323 4781 1567 4838 adimunt
1596 4780 1846 4839 divinita-

245 4875 382 4923 tem.

845 4982 1136 5025 ARTICULUS
1167 4984 1246 5025 111.

246 5072 497 5133 Quomodo
519 5080 701 5148 eadem,
716 5083 979 5148 gentilium
1005 5086 1264 5148 responsio
1286 5085 1351 5135 ab
1385 5082 1495 5136 aliis
1524 5085 1848 5148 scriptoribus

589 5146 791 5208 penitus
810 5145 1104 5199 iuﬁrmetur‘
1128 5158 1179 5199 et
1197 5148 1501 5199 destruatur.

323 5248 683 5321 Erposuimus
721 5268 882 5323 quam
927 5254 1147 5311 brevius
1173 5254 1480 5324 clariusque
1509 5252 1625 5310 fieri
1645 5254 1847 5310 anobis

244 5343 452 5409 potuit,
479 5346 660 5399 omnia
692 5346 919 5402 Arnobii
951 5355 1140 5402 contra
1170 5347 1328 5402 datas
1352 5349 1420 5402 ab
1449 5349 1741 5420 gentilibus
1769 5350 1847 5404 al-

248 5430 513 5503 legorica:
551 5448 606 5492 et
638 5443 892 5510 mysticas
921 5440 1146 5496 deorum
1186 5440 1679 5512 mysteriorumque
1719 5457 1845 5498 suo-

247 5540 368 5580 rum
401 5527 898 5600 interpretatiOnes,
930 5541 1244 5602 argumenta
1272 5548 1286 5597 ;
1322 5541 1380 5586 ut
1407 5547 1597 5588 omnes
1630 5533 1838 5591 facilius

245 5617 546 5690 intelligant
578 5621 697 5678 illas
729 5632 879 5679 tante
903 5623 1115 5694 planius
1140 5624 1210 5679 ab
1236 5638 1302 5679 eo
1333 5623 1627 5690 confutari,
1656 5641 1833 5696 quan-

250 5721 305 5766 to
332 5714 531 5782 θεωρίας
556 5715 760 5772 ethnici
787 5716 855 5772 ad
882 5731 975 5772 eas
1005 5726 1259 5786 tanquam
1287 5718 1355 5772 ad
1380 5718 1677 5774 maximum
1707 5719 1837 5777 reli-

246 5804 421 5875 gionis
463 5821 576 5862 suae
603 5810 1060 5882 propugnaculum
1091 5810 1486 5883 confugiebant.
1528 5811 1647 5868 Non
1686 5814 1836 5870 solus

250 5908 426 5952 tamen
456 5899 745 5967 Arnobius,
770 5901 863 5957 sed
894 5903 983 5958 alii
1006 5903 1166 5959 etiam
1192 5903 1485 5974 scriptores
1508 5919 1630 5960 cum
1668 5905 1838 5962 chris-

1966 1986 2064 2043 sed
2087 1992 2247 2043 etiam
2273 2004 2427 2044 sacra
2452 1992 2930 2048 constituerentur.
2964 1991 3158 2050 Febris
3195 1996 3342 2050 enim
3373 1993 3561 2051 fanum

1969 2078 2024 2135 in
2052 2082 2369 2151 palatio.....
2393 2083 2581 2140 Omnis
2618 2086 2781 2156 igitur
2809 2086 2932 2143 talis
2961 2102 2990 2141 a
3020 2086 3363 2159 philosophia
3392 2089 3564 2161 pella-

1967 2182 2055 2229 tur
2073 2189 2262 2239 error;
2294 2185 2350 2230 ut
2370 2191 2493 2232 ctnn
2511 2177 2578 2234 de
2598 2177 2700 2234 diis
2725 2178 3081 2251 disputamus,
3112 2181 3356 2238 dicamus
3384 2183 3554 2255 digna

1967 2266 2070 2322 diis
2101 2268 2491 2325 immortalibus
2524 2288 2538 2326 :
2566 2270 2635 2327 de
2673 2274 2869 2343 quibus
2920 2274 3095 2343 habeo
3121 2275 3250 2347 quid
3276 2277 3509 2334 sentiam
3540 2318 3557 2345 ,

1969 2374 2076 2415 non
2116 2360 2290 2417 habeo
2341 2374 2519 2419 autem
2544 2364 2688 2435 quod
2742 2367 2837 2421 tibi
2866 2367 3136 2423 assentiar
3170 2386 3191 2421 ι
3216 2367 3428 2439 (Cicer.,
3461 2368 3553 2424 lib.

1967 2469 2003 2509 ιι
2033 2454 2097 2509 de
2129 2455 2322 2510 Natur.
2377 2457 2544 2526 deum,
2569 2476 2691 2531 pug.
2713 2459 2819 2516 248
2848 2469 2897 2517 et
2925 2459 3079 2533 καφ).
3133 2462 3372 2519 Audisne
3398 2478 3562 2535 quam

1966 2559 2114 2606 recte
2139 2550 2346 2607 Tullius
2392 2550 2490 2609 has
2525 2553 2821 2610 stoicorum
2872 2555 3347 2626 interpretationes
3373 2597 3390 2622 ,
3420 2567 3562 2613 tam-

1965 2659 2126 2714 quam
2154 2644 2449 2701 absurdum
2478 2647 2692 2717 penitus
2712 2663 2980 2714 errorem,
3018 2664 3048 2703 a
3093 2649 3430 2722 philosophia
3472 2667 3559 2709 re-

1967 2739 2299 2809 pellendum,
2327 2740 2620 2811 explodat?
2644 2739 2756 2797 Nec
2780 2742 2989 2798 minore
3025 2742 3281 2800 facilitate
3314 2744 3562 2801 animad-

1966 2833 2173 2889 vertisti
2199 2844 2402 2905 quanta
2453 2834 2720 2892 evidentia
2761 2836 3099 2893 demonstret
3148 2838 3213 2893 iis
3252 2838 3428 2905 nihil,
3482 2841 3560 2896 uti

1962 2928 2124 2984 etiam
2167 2929 2438 2985 Arnobius
2471 2930 2786 2999 contendit,
2828 2930 2942 2989 Deo
2988 2931 3288 2988 immortali
3337 2931 3559 3003 dignum

1963 3022 2213 3092 proferri.

2034 3155 2296 3213 Eusebius
2346 3173 2505 3225 vero,
2546 3167 2602 3215 et
2637 3167 2760 3232 post
2799 3174 2924 3215 eum
2980 3159 3385 3228 Theodoretus,
3415 3170 3562 3218 tran-

1882 3250 1930 3317 ρ
1960 3252 2176 3324 scriptis
2219 3253 2455 3308 Platonis
2481 3269 2550 3310 ex
2577 3255 2744 3327 ipsius
2784 3254 2991 3310 Timteo
3042 3255 3221 3311 verbis
3267 3255 3561 3312 ostendunt

1956 3345 2109 3401 illum
2160 3346 2361 3403 diserte
2390 3356 2444 3402 et
2477 3349 2743 3419 explicate
2787 3348 3039 3405 docuisse
3068 3349 3316 3421 vulgares
3342 3349 3462 3405 illas
3491 3349 3560 3406 de

1955 3436 2057 3493 diis
2087 3437 2311 3508 fabulas,
2344 3441 2457 3496 sive
2481 3439 2750 3507 historias,
2787 3455 3082 3513 omnesque
3106 3442 3427 3514 allegoricos
3450 3458 3547 3498 ea-

1954 3547 2073 3586 rum
2096 3546 2307 3602 sensus,
2328 3550 2459 3604 quos
2488 3533 2701 3589 Ethnici
2729 3533 2796 3590 ad
2829 3534 3223 3606 philosophiam
3252 3550 3560 3593 accommo-

1954 3623 2107 3679 datus
2159 3639 2280 3680 esse
2337 3626 2625 3693 rebantur,
2677 3625 3043 3682 excludendOs
3088 3641 3211 3682 esse
3248 3643 3473 3699 prorsus
3502 3638 3558 3683 et

1954 3717 2283 3773 coercendos
2327 3716 2563 3790 (Euseb.,
2624 3718 2713 3774 lib.
2744 3734 2779 3773 ιι
2834 3717 3073 3787 Prwpar.
3098 3736 3311 3790 evang.,
3340 3735 3455 3793 cap.
3488 3722 3554 3788 7,

1954 3824 2075 3880 pag.
2106 3808 2175 3863 76
2203 3818 2248 3863 et
2274 3824 2418 3878 seq.;
2455 3807 2709 3864 Theudor.
2732 3850 2747 3876 ,
2789 3826 2940 3865 sentt.
2971 3811 3037 3878 3,
3081 3810 3143 3864 de
3168 3811 3349 3882 Auget.
3382 3821 3427 3866 et
3451 3811 3557 3866 da:-

1955 3915 2120 3967 mon.,
2153 3908 2276 3954 tom.
2310 3916 2385 3965 tv,
2414 3917 2535 3972 pag.
2566 3899 2673 3957 512
2691 3911 2737 3956 et
2765 3891 2918 3974 ἀρφ).
2979 3901 3060 3956 Ad
3104 3901 3217 3957 hac
3249 3917 3381 3957 vero
3412 3901 3553 3957 idem

1955 3991 2242 4059 Eusebius,
2281 3993 2521 4067 Dionysii
2552 3994 2949 4050 Halicarnassei
2977 3993 3191 4062 verbis,
3225 4010 3289 4050 ex
3317 3994 3556 4051 secundo

1953 4084 2099 4140 illius
2153 4085 2543 4156 Antiquitatum
2615 4102 2958 4143 romanarum
3018 4087 3156 4143 libro
3208 4088 3551 4159 desumptis,

1956 4178 2191 4245 probata
2213 4180 2401 4248 priscis
2427 4180 2685 4236 Romanis
2712 4190 2966 4236 statutum
2996 4180 3181 4245 fuisse,
3219 4192 3277 4235 ut
3302 4183 3552 4238 universa

1953 4269 2043 4323 illa
2090 4269 2401 4326 Graecorum
2454 4264 2807 4345 physioloigia,
2861 4282 3113 4343 tanquam
3145 4273 3299 4345 plane
3329 4274 3552 4345 inutilis,

1954 4378 2055 4417 nec
2081 4361 2182 4418 sibi
2214 4362 2532 4432 cohaerens,
2584 4366 2652 4421 ab
2706 4364 2971 4422 universis
3026 4365 3312 4439 theologia:
3359 4367 3554 4426 finibus

1953 4456 2240 4527 ejiceretur
2268 4459 2843 4533 exterminareturque.

2021 4593 2141 4652 Non
2167 4596 2362 4652 mirum
2390 4598 2592 4670 itaque,
2623 4599 2670 4655 si
2692 4598 3053 4671 antiquissimi
3077 4599 3335 4656 Ecclesiae
3360 4610 3545 4672 patres

1955 4699 2102 4747 tanto
2127 4692 2295 4759 animi
2321 4692 2517 4750 ardore
2538 4694 2763 4751 eosdem
2801 4695 3120 4766 allegoricos
3148 4709 3340 4752 sensus
3370 4696 3549 4753 insec-

1955 4786 2047 4841 tati
2089 4796 2234 4842 sunt.
2280 4786 2415 4842 Nam
2444 4798 2503 4843 ut
2530 4788 2975 4859 Recognitionum
3002 4789 3298 4846 Clementis
3334 4792 3552 4848 nomine

1952 4876 2330 4950 inscriptarum
2351 4888 2409 4935 et
2430 4879 2884 4937 Cletnentinarum
2924 4890 3201 4938 auctorem
3229 4883 3321 4952 qui
3351 4898 3445 4940 eas
3474 4885 3552 4939 si—

1953 4969 2170 5025 milibus
2192 4980 2356 5041 atque
2381 4973 2652 5029 Arnobius
2676 4983 2863 5031 noster
2897 4976 3196 5031 rationibus
3237 4976 3548 5047 impugnat,

1954 5067 2181 5120 missum
2201 5065 2480 5134 faciamus,
2511 5068 2884 5139 Athenagoras
2908 5069 3188 5126 evidenter
3213 5070 3549 5126 demonstrat

1956 5157 2224 5223 ethnicos,
2256 5173 2319 5214 ac
2349 5159 2668 5217 nominatim
2719 5164 2918 5220 stoicos
2966 5164 3115 5219 hisce
3161 5163 3434 5234 allegoriis
3481 5179 3551 5220 ne

1956 5251 2122 5307 hilum
2167 5253 2382 5323 quidem
2426 5256 2495 5309 ad
2543 5257 2819 5329 religionis
2845 5273 2956 5314 sua:
2981 5258 3352 5316 defensionem
3380 5258 3547 5331 profi-

1954 5359 2101 5400 cere.
2117 5342 2335 5401 Certum
2362 5348 2560 5418 quippe
2588 5363 2712 5406 esse
2739 5348 2902 5407 debet
2926 5351 2992 5407 iis
3019 5351 3356 5407 divinitatem
3387 5351 3549 5408 rebus

1951 5438 2229 5495 dumtaxat
2262 5442 2459 5496 creatis
2492 5451 2547 5496 et
2570 5443 2844 5513 corporeis
2895 5443 3134 5499 attribui.
3188 5441 3315 5498 Veri
3365 5452 3546 5499 autem

1951 5527 2047 5585 Dei
2080 5544 2182 5586 una
2211 5541 2414 5585 tantum
2442 5545 2565 5587 esse
2595 5542 2771 5601 potest
2811 5534 3080 5603 ingenita,
3135 5535 3450 5605 incorporea
3492 5544 3548 5591 et

1949 5629 2152 5677 aeterna
2207 5622 2528 5680 substantia.
2559 5626 2629 5680 At
2668 5623 2796 5680 hinc
2837 5625 2996 5696 plane
3029 5626 3313 5682 conficitur
3353 5628 3543 5685 Satur-

1947 5730 2112 5782 num,
2138 5714 2361 5783 Jovem,
2399 5727 2454 5771 et
2476 5717 2614 5772 alios
2660 5716 2994 5787 ejuscemodi
3026 5736 3319 5792 numquam
3374 5720 3543 5778 fuisse

1945 5806 2078 5864 deus
2107 5806 2470 5881 (Clem.,lib.x
2508 5808 2762 5883 Βασίμα,
2780 5827 2897 5882 cap.
2928 5811 2998 5869 55
3024 5822 3071 5868 et
3094 5830 3223 5885 seq.,
3253 5831 3376 5888 pag.
3401 5804 3543 5883 517}

1945 5900 2205 5971 Clement.,
2242 5904 2379 5959 liam.
2413 5904 2468 5972 4,
2496 5920 2613 5973 cap.
2639 5905 2710 5961 2i
2735 5914 2781 5960 et
2804 5923 2933 5978 δρψ,
2958 5925 3077 5980 pag.
3107 5907 3231 5978 607,
3255 5920 3302 5966 et
3319 5911 3458 5968 Ιιοιη.
3482 5912 3536 5980 6,
