  <div class='ocr_page' id='page_1' title='image "/cluster/home/n/w/nwhite01/storage/ocr_20150623/5/hvd.32044015466758/305.png"; bbox 0 0 3904 6326; ppageno 0'>
   <div class='ocr_carea' id='block_1_1' title="bbox 408 291 514 350">
    <p class='ocr_par' dir='ltr' id='par_1_1' title="bbox 408 291 514 350">
     <span class='ocr_line' id='line_1_1' title="bbox 408 291 514 350; baseline 0.028 -3"><span class='ocrx_word' id='word_1_1' title='bbox 408 291 514 350; x_wconf 82' lang='grc'><strong>605</strong></span> 
     </span>
    </p>
   </div>
   <div class='ocr_carea' id='block_1_2' title="bbox 1659 300 2429 370">
    <p class='ocr_par' dir='ltr' id='par_1_2' title="bbox 1659 300 2429 370">
     <span class='ocr_line' id='line_1_2' title="bbox 1659 300 2429 370; baseline 0.001 -11"><span class='ocrx_word' id='word_1_2' title='bbox 1659 300 2112 370; x_wconf 71' lang='grc' dir='ltr'><strong>ὓιεδΕΒΤᾼΤιΟ</strong></span> <span class='ocrx_word' id='word_1_3' title='bbox 2148 304 2429 363; x_wconf 72' lang='lat' dir='ltr'><strong>PRIEVIA</strong></span> 
     </span>
    </p>
   </div>
   <div class='ocr_carea' id='block_1_3' title="bbox 3603 307 3702 363">
    <p class='ocr_par' dir='ltr' id='par_1_3' title="bbox 3603 307 3702 363">
     <span class='ocr_line' id='line_1_3' title="bbox 3603 307 3702 363; baseline 0 -1"><span class='ocrx_word' id='word_1_4' title='bbox 3603 307 3702 363; x_wconf 68' lang='grc' dir='ltr'><strong>ὕοι</strong></span> 
     </span>
    </p>
   </div>
   <div class='ocr_carea' id='block_1_4' title="bbox 409 411 3706 498">
    <p class='ocr_par' dir='ltr' id='par_1_4' title="bbox 409 411 3706 498">
     <span class='ocr_line' id='line_1_4' title="bbox 409 411 3706 498; baseline 0.005 -34"><span class='ocrx_word' id='word_1_5' title='bbox 409 426 527 481; x_wconf 87' lang='lat' dir='ltr'><strong><em>cap.</em></strong></span> <span class='ocrx_word' id='word_1_6' title='bbox 556 411 622 467; x_wconf 83' lang='lat' dir='ltr'><strong>i7</strong></span> <span class='ocrx_word' id='word_1_7' title='bbox 651 419 698 466; x_wconf 91' lang='lat' dir='ltr'><strong>et</strong></span> <span class='ocrx_word' id='word_1_8' title='bbox 724 427 827 486; x_wconf 73' lang='lat' dir='ltr'><strong>seq.</strong></span> <span class='ocrx_word' id='word_1_9' title='bbox 851 454 865 481; x_wconf 93' lang='lat'><strong>,</strong></span> <span class='ocrx_word' id='word_1_10' title='bbox 913 430 1033 486; x_wconf 83' lang='lat' dir='ltr'><strong><em>pag.</em></strong></span> <span class='ocrx_word' id='word_1_11' title='bbox 1059 414 1164 471; x_wconf 80' lang='lat'><strong>625</strong></span> <span class='ocrx_word' id='word_1_12' title='bbox 1185 423 1232 470; x_wconf 88' lang='lat' dir='ltr'><strong>et</strong></span> <span class='ocrx_word' id='word_1_13' title='bbox 1255 431 1396 485; x_wconf 79' lang='lat' dir='ltr'><strong>seq.;</strong></span> <span class='ocrx_word' id='word_1_14' title='bbox 1443 415 1719 488; x_wconf 79' lang='lat' dir='ltr'><strong>Athenag.,</strong></span> <span class='ocrx_word' id='word_1_15' title='bbox 1752 415 1876 488; x_wconf 89' lang='lat' dir='ltr'><strong>Leg.</strong></span> <span class='ocrx_word' id='word_1_16' title='bbox 1910 435 2001 490; x_wconf 88' lang='lat' dir='ltr'><strong>pro</strong></span> <span class='ocrx_word' id='word_1_17' title='bbox 2033 425 2080 498; x_wconf 67' lang='grc' dir='ltr'><strong>ᾼ</strong></span> <span class='ocrx_word' id='word_1_18' title='bbox 2108 429 2367 486; x_wconf 88' lang='lat' dir='ltr'><strong>meretur,</strong></span> <span class='ocrx_word' id='word_1_19' title='bbox 2396 428 2450 475; x_wconf 91' lang='lat' dir='ltr'><strong>et</strong></span> <span class='ocrx_word' id='word_1_20' title='bbox 2475 420 2620 491; x_wconf 91' lang='lat' dir='ltr'><strong>quod</strong></span> <span class='ocrx_word' id='word_1_21' title='bbox 2668 429 2890 476; x_wconf 84' lang='lat' dir='ltr'><strong>externe</strong></span> <span class='ocrx_word' id='word_1_22' title='bbox 2939 421 3106 476; x_wconf 89' lang='lat' dir='ltr'><strong>oculis</strong></span> <span class='ocrx_word' id='word_1_23' title='bbox 3135 421 3404 492; x_wconf 88' lang='lat' dir='ltr'><strong>objicitur,</strong></span> <span class='ocrx_word' id='word_1_24' title='bbox 3439 422 3706 479; x_wconf 83' lang='lat' dir='ltr'><strong>funestum</strong></span> 
     </span>
    </p>
   </div>
   <div class='ocr_carea' id='block_1_5' title="bbox 409 503 1202 579">
    <p class='ocr_par' dir='ltr' id='par_1_5' title="bbox 409 503 1202 579">
     <span class='ocr_line' id='line_1_5' title="bbox 409 503 1202 579; baseline 0.008 -21"><span class='ocrx_word' id='word_1_25' title='bbox 409 503 698 570; x_wconf 80' lang='lat' dir='ltr'><strong>christian.,</strong></span> <span class='ocrx_word' id='word_1_26' title='bbox 730 523 850 577; x_wconf 91' lang='lat' dir='ltr'><strong><em>pag.</em></strong></span> <span class='ocrx_word' id='word_1_27' title='bbox 879 506 950 561; x_wconf 85' lang='lat'><strong>22</strong></span> <span class='ocrx_word' id='word_1_28' title='bbox 974 518 1021 561; x_wconf 85' lang='lat' dir='ltr'><strong>et</strong></span> <span class='ocrx_word' id='word_1_29' title='bbox 1050 512 1202 579; x_wconf 77' lang='lat' dir='ltr'><strong>seq.).</strong></span> 
     </span>
    </p>
   </div>
   <div class='ocr_carea' id='block_1_6' title="bbox 484 597 2006 674">
    <p class='ocr_par' dir='ltr' id='par_1_6' title="bbox 484 597 2006 674">
     <span class='ocr_line' id='line_1_6' title="bbox 484 597 2006 674; baseline 0.004 -22"><span class='ocrx_word' id='word_1_30' title='bbox 484 597 686 653; x_wconf 89' lang='lat' dir='ltr'><strong>Eodem</strong></span> <span class='ocrx_word' id='word_1_31' title='bbox 737 615 949 672; x_wconf 90' lang='lat' dir='ltr'><strong>quoque</strong></span> <span class='ocrx_word' id='word_1_32' title='bbox 1002 602 1162 656; x_wconf 91' lang='lat' dir='ltr'><strong>modo</strong></span> <span class='ocrx_word' id='word_1_33' title='bbox 1218 601 1506 668; x_wconf 87' lang='lat' dir='ltr'><strong>Tatianus,</strong></span> <span class='ocrx_word' id='word_1_34' title='bbox 1557 603 2006 674; x_wconf 90' lang='lat' dir='ltr'><strong>quemadmodum</strong></span> 
     </span>
    </p>
   </div>
   <div class='ocr_carea' id='block_1_7' title="bbox 411 689 2010 769">
    <p class='ocr_par' dir='ltr' id='par_1_7' title="bbox 411 689 2010 769">
     <span class='ocr_line' id='line_1_7' title="bbox 411 689 2010 769; baseline 0.006 -25"><span class='ocrx_word' id='word_1_35' title='bbox 411 689 540 745; x_wconf 83' lang='lat' dir='ltr'><strong>alibi</strong></span> <span class='ocrx_word' id='word_1_36' title='bbox 569 695 943 750; x_wconf 88' lang='lat' dir='ltr'><strong>annotavimus</strong></span> <span class='ocrx_word' id='word_1_37' title='bbox 967 737 982 762; x_wconf 90' lang='lat'><strong>,</strong></span> <span class='ocrx_word' id='word_1_38' title='bbox 1012 696 1238 766; x_wconf 77' lang='lat' dir='ltr'><strong>corripit</strong></span> <span class='ocrx_word' id='word_1_39' title='bbox 1274 697 1502 767; x_wconf 75' lang='lat' dir='ltr'><strong>gentiles</strong></span> <span class='ocrx_word' id='word_1_40' title='bbox 1522 739 1536 763; x_wconf 89' lang='lat'><strong>,</strong></span> <span class='ocrx_word' id='word_1_41' title='bbox 1591 713 1654 752; x_wconf 88' lang='lat' dir='ltr'><strong>ac</strong></span> <span class='ocrx_word' id='word_1_42' title='bbox 1712 701 2010 769; x_wconf 74' lang='lat' dir='ltr'><strong>przesertim</strong></span> 
     </span>
    </p>
   </div>
   <div class='ocr_carea' id='block_1_8' title="bbox 411 781 2011 858">
    <p class='ocr_par' dir='ltr' id='par_1_8' title="bbox 411 781 2011 858">
     <span class='ocr_line' id='line_1_8' title="bbox 411 781 2011 858; baseline 0.004 -20"><span class='ocrx_word' id='word_1_43' title='bbox 411 781 773 839; x_wconf 75' lang='lat' dir='ltr'><strong>Metrodorum</strong></span> <span class='ocrx_word' id='word_1_44' title='bbox 801 785 1250 857; x_wconf 88' lang='lat' dir='ltr'><strong>Lampsacenum,</strong></span> <span class='ocrx_word' id='word_1_45' title='bbox 1275 791 1362 858; x_wconf 91' lang='lat' dir='ltr'><strong>qui</strong></span> <span class='ocrx_word' id='word_1_46' title='bbox 1395 805 1583 844; x_wconf 91' lang='lat' dir='ltr'><strong>omnes</strong></span> <span class='ocrx_word' id='word_1_47' title='bbox 1613 789 1762 858; x_wconf 88' lang='lat' dir='ltr'><strong>deos,</strong></span> <span class='ocrx_word' id='word_1_48' title='bbox 1798 807 2011 845; x_wconf 87' lang='lat' dir='ltr'><strong>eorum-</strong></span> 
     </span>
    </p>
   </div>
   <div class='ocr_carea' id='block_1_9' title="bbox 411 875 2010 951">
    <p class='ocr_par' dir='ltr' id='par_1_9' title="bbox 411 875 2010 951">
     <span class='ocr_line' id='line_1_9' title="bbox 411 875 2010 951; baseline 0.006 -22"><span class='ocrx_word' id='word_1_49' title='bbox 411 890 518 945; x_wconf 85' lang='lat' dir='ltr'><strong>que</strong></span> <span class='ocrx_word' id='word_1_50' title='bbox 549 875 824 945; x_wconf 76' lang='lat' dir='ltr'><strong>historias,</strong></span> <span class='ocrx_word' id='word_1_51' title='bbox 857 879 924 934; x_wconf 91' lang='lat' dir='ltr'><strong>ad</strong></span> <span class='ocrx_word' id='word_1_52' title='bbox 954 880 1301 951; x_wconf 82' lang='lat' dir='ltr'><strong>ailegoricum</strong></span> <span class='ocrx_word' id='word_1_53' title='bbox 1329 896 1547 936; x_wconf 85' lang='lat' dir='ltr'><strong>sensum</strong></span> <span class='ocrx_word' id='word_1_54' title='bbox 1597 883 1811 937; x_wconf 82' lang='lat' dir='ltr'><strong>trahere</strong></span> <span class='ocrx_word' id='word_1_55' title='bbox 1841 883 2010 938; x_wconf 91' lang='lat' dir='ltr'><strong>moliti</strong></span> 
     </span>
    </p>
   </div>
   <div class='ocr_carea' id='block_1_10' title="bbox 413 965 2011 1044">
    <p class='ocr_par' dir='ltr' id='par_1_10' title="bbox 413 965 2011 1044">
     <span class='ocr_line' id='line_1_10' title="bbox 413 965 2011 1044; baseline 0.007 -24"><span class='ocrx_word' id='word_1_56' title='bbox 413 976 541 1021; x_wconf 87' lang='lat' dir='ltr'><strong>sunt</strong></span> <span class='ocrx_word' id='word_1_57' title='bbox 562 965 732 1034; x_wconf 89' lang='lat' dir='ltr'><strong>(Tom.</strong></span> <span class='ocrx_word' id='word_1_58' title='bbox 758 985 776 1024; x_wconf 81' lang='grc' dir='ltr'><strong><em>ι</em></strong></span> <span class='ocrx_word' id='word_1_59' title='bbox 824 971 1103 1041; x_wconf 84' lang='lat' dir='ltr'><strong>Apparat.,</strong></span> <span class='ocrx_word' id='word_1_60' title='bbox 1121 990 1241 1044; x_wconf 90' lang='lat' dir='ltr'><strong><em>pag.</em></strong></span> <span class='ocrx_word' id='word_1_61' title='bbox 1263 973 1370 1028; x_wconf 76' lang='lat'><strong>522</strong></span> <span class='ocrx_word' id='word_1_62' title='bbox 1391 984 1436 1027; x_wconf 83' lang='lat' dir='ltr'><strong>et</strong></span> <span class='ocrx_word' id='word_1_63' title='bbox 1459 973 1563 1029; x_wconf 82' lang='grc'>550</span> <span class='ocrx_word' id='word_1_64' title='bbox 1583 990 1600 1039; x_wconf 89' lang='grc'><strong><em>;</em></strong></span> <span class='ocrx_word' id='word_1_65' title='bbox 1623 973 1831 1028; x_wconf 88' lang='lat' dir='ltr'><strong>Tatian.</strong></span> <span class='ocrx_word' id='word_1_66' title='bbox 1861 974 2011 1032; x_wconf 80' lang='lat' dir='ltr'><strong>Orat.</strong></span> 
     </span>
    </p>
   </div>
   <div class='ocr_carea' id='block_1_11' title="bbox 413 1059 1125 1136">
    <p class='ocr_par' dir='ltr' id='par_1_11' title="bbox 413 1059 1125 1136">
     <span class='ocr_line' id='line_1_11' title="bbox 413 1059 1125 1136; baseline 0.01 -24"><span class='ocrx_word' id='word_1_67' title='bbox 413 1067 578 1114; x_wconf 84' lang='lat' dir='ltr'><strong>contr.</strong></span> <span class='ocrx_word' id='word_1_68' title='bbox 606 1059 800 1129; x_wconf 59' lang='lat' dir='ltr'><strong>Greca,</strong></span> <span class='ocrx_word' id='word_1_69' title='bbox 832 1081 954 1136; x_wconf 86' lang='lat' dir='ltr'><strong>pag.</strong></span> <span class='ocrx_word' id='word_1_70' title='bbox 975 1066 1098 1134; x_wconf 81' lang='grc'><strong>160)</strong></span> <span class='ocrx_word' id='word_1_71' title='bbox 1113 1106 1125 1119; x_wconf 94' lang='grc'><strong>.</strong></span> 
     </span>
    </p>
   </div>
   <div class='ocr_carea' id='block_1_12' title="bbox 487 1155 2011 1232">
    <p class='ocr_par' dir='ltr' id='par_1_12' title="bbox 487 1155 2011 1232">
     <span class='ocr_line' id='line_1_12' title="bbox 487 1155 2011 1232; baseline 0.006 -22"><span class='ocrx_word' id='word_1_72' title='bbox 487 1155 557 1210; x_wconf 87' lang='lat' dir='ltr'><strong>At</strong></span> <span class='ocrx_word' id='word_1_73' title='bbox 585 1155 846 1213; x_wconf 75' lang='lat' dir='ltr'><strong>Eusebius</strong></span> <span class='ocrx_word' id='word_1_74' title='bbox 873 1160 993 1215; x_wconf 87' lang='lat' dir='ltr'><strong>aliis</strong></span> <span class='ocrx_word' id='word_1_75' title='bbox 1027 1161 1203 1217; x_wconf 91' lang='lat' dir='ltr'><strong>adhuc</strong></span> <span class='ocrx_word' id='word_1_76' title='bbox 1256 1163 1553 1218; x_wconf 84' lang='lat' dir='ltr'><strong>rationibus</strong></span> <span class='ocrx_word' id='word_1_77' title='bbox 1609 1162 1747 1218; x_wconf 85' lang='lat' dir='ltr'><strong>hanc</strong></span> <span class='ocrx_word' id='word_1_78' title='bbox 1795 1179 2011 1232; x_wconf 85' lang='lat' dir='ltr'><strong>novam,</strong></span> 
     </span>
    </p>
   </div>
   <div class='ocr_carea' id='block_1_13' title="bbox 415 1249 2014 1322">
    <p class='ocr_par' dir='ltr' id='par_1_13' title="bbox 415 1249 2014 1322">
     <span class='ocr_line' id='line_1_13' title="bbox 415 1249 2014 1322; baseline 0.006 -20"><span class='ocrx_word' id='word_1_79' title='bbox 415 1249 492 1303; x_wconf 93' lang='lat' dir='ltr'><strong>uti</strong></span> <span class='ocrx_word' id='word_1_80' title='bbox 519 1249 778 1322; x_wconf 85' lang='lat' dir='ltr'><strong>loquitur,</strong></span> <span class='ocrx_word' id='word_1_81' title='bbox 807 1262 862 1308; x_wconf 91' lang='lat' dir='ltr'><strong>et</strong></span> <span class='ocrx_word' id='word_1_82' title='bbox 887 1255 1206 1310; x_wconf 87' lang='lat' dir='ltr'><strong>insolentem</strong></span> <span class='ocrx_word' id='word_1_83' title='bbox 1249 1257 1589 1312; x_wconf 86' lang='lat' dir='ltr'><strong>ethnicorum</strong></span> <span class='ocrx_word' id='word_1_84' title='bbox 1623 1259 2014 1312; x_wconf 77' lang='lat' dir='ltr'><strong>contumaciam</strong></span> 
     </span>
    </p>
   </div>
   <div class='ocr_carea' id='block_1_14' title="bbox 416 1344 2013 1422">
    <p class='ocr_par' dir='ltr' id='par_1_14' title="bbox 416 1344 2013 1422">
     <span class='ocr_line' id='line_1_14' title="bbox 416 1344 2013 1422; baseline 0.006 -26"><span class='ocrx_word' id='word_1_85' title='bbox 416 1344 662 1412; x_wconf 77' lang='lat' dir='ltr'><strong>reprimit</strong></span> <span class='ocrx_word' id='word_1_86' title='bbox 717 1345 737 1416; x_wconf 92' lang='lat'>(</span> <span class='ocrx_word' id='word_1_87' title='bbox 763 1344 950 1401; x_wconf 73' lang='lat' dir='ltr'><strong>Euseb.</strong></span> <span class='ocrx_word' id='word_1_88' title='bbox 974 1390 989 1414; x_wconf 96' lang='lat'><strong>,</strong></span> <span class='ocrx_word' id='word_1_89' title='bbox 1035 1349 1122 1403; x_wconf 95' lang='lat' dir='ltr'><strong>lib.</strong></span> <span class='ocrx_word' id='word_1_90' title='bbox 1181 1365 1216 1404; x_wconf 91' lang='lat' dir='ltr'><strong>Il</strong></span> <span class='ocrx_word' id='word_1_91' title='bbox 1256 1349 1495 1420; x_wconf 76' lang='lat' dir='ltr'><strong>Prtepar.</strong></span> <span class='ocrx_word' id='word_1_92' title='bbox 1527 1349 1728 1422; x_wconf 86' lang='lat' dir='ltr'><strong><em>Evang.</em></strong></span> <span class='ocrx_word' id='word_1_93' title='bbox 1753 1393 1768 1416; x_wconf 94' lang='lat'><strong>,</strong></span> <span class='ocrx_word' id='word_1_94' title='bbox 1799 1368 1915 1421; x_wconf 88' lang='lat' dir='ltr'><strong>cap.</strong></span> <span class='ocrx_word' id='word_1_95' title='bbox 1947 1351 2013 1418; x_wconf 86' lang='lat'><strong>6,</strong></span> 
     </span>
    </p>
   </div>
   <div class='ocr_carea' id='block_1_15' title="bbox 419 1437 2020 1516">
    <p class='ocr_par' dir='ltr' id='par_1_15' title="bbox 419 1437 2020 1516">
     <span class='ocr_line' id='line_1_15' title="bbox 419 1437 2020 1516; baseline 0.007 -28"><span class='ocrx_word' id='word_1_96' title='bbox 419 1451 542 1507; x_wconf 86' lang='lat' dir='ltr'><strong><em>pag.</em></strong></span> <span class='ocrx_word' id='word_1_97' title='bbox 572 1437 688 1510; x_wconf 76' lang='grc'><strong>74).</strong></span> <span class='ocrx_word' id='word_1_98' title='bbox 738 1439 867 1495; x_wconf 83' lang='lat' dir='ltr'><strong>Post</strong></span> <span class='ocrx_word' id='word_1_99' title='bbox 918 1443 1161 1497; x_wconf 87' lang='lat' dir='ltr'><strong>inventas</strong></span> <span class='ocrx_word' id='word_1_100' title='bbox 1214 1444 1490 1500; x_wconf 87' lang='lat' dir='ltr'><strong>enimvero</strong></span> <span class='ocrx_word' id='word_1_101' title='bbox 1538 1446 1658 1500; x_wconf 88' lang='lat' dir='ltr'><strong>illas</strong></span> <span class='ocrx_word' id='word_1_102' title='bbox 1705 1445 2020 1516; x_wconf 84' lang='lat' dir='ltr'><strong>allegoricas</strong></span> 
     </span>
    </p>
   </div>
   <div class='ocr_carea' id='block_1_16' title="bbox 419 1528 2021 1610">
    <p class='ocr_par' dir='ltr' id='par_1_16' title="bbox 419 1528 2021 1610">
     <span class='ocr_line' id='line_1_16' title="bbox 419 1528 2021 1610; baseline 0.009 -29"><span class='ocrx_word' id='word_1_103' title='bbox 419 1528 777 1602; x_wconf 81' lang='lat' dir='ltr'><strong>physicasque</strong></span> <span class='ocrx_word' id='word_1_104' title='bbox 822 1534 1321 1605; x_wconf 86' lang='lat' dir='ltr'><strong>interpretationes,</strong></span> <span class='ocrx_word' id='word_1_105' title='bbox 1366 1539 1528 1594; x_wconf 91' lang='lat' dir='ltr'><strong>iidem</strong></span> <span class='ocrx_word' id='word_1_106' title='bbox 1576 1539 1774 1594; x_wconf 89' lang='lat' dir='ltr'><strong>ethnici</strong></span> <span class='ocrx_word' id='word_1_107' title='bbox 1821 1542 2021 1610; x_wconf 91' lang='lat' dir='ltr'><strong>patrios</strong></span> 
     </span>
    </p>
   </div>
   <div class='ocr_carea' id='block_1_17' title="bbox 420 1625 2022 1702">
    <p class='ocr_par' dir='ltr' id='par_1_17' title="bbox 420 1625 2022 1702">
     <span class='ocr_line' id='line_1_17' title="bbox 420 1625 2022 1702; baseline 0.007 -24"><span class='ocrx_word' id='word_1_108' title='bbox 420 1625 771 1681; x_wconf 87' lang='lat' dir='ltr'><strong>colendorum</strong></span> <span class='ocrx_word' id='word_1_109' title='bbox 792 1627 1018 1685; x_wconf 89' lang='lat' dir='ltr'><strong>deorum</strong></span> <span class='ocrx_word' id='word_1_110' title='bbox 1045 1631 1180 1686; x_wconf 89' lang='lat' dir='ltr'><strong>ritus</strong></span> <span class='ocrx_word' id='word_1_111' title='bbox 1205 1647 1314 1687; x_wconf 93' lang='lat' dir='ltr'><strong>non</strong></span> <span class='ocrx_word' id='word_1_112' title='bbox 1341 1642 1639 1689; x_wconf 82' lang='lat' dir='ltr'><strong>mutavere.</strong></span> <span class='ocrx_word' id='word_1_113' title='bbox 1686 1634 1823 1702; x_wconf 87' lang='lat' dir='ltr'><strong>Quin</strong></span> <span class='ocrx_word' id='word_1_114' title='bbox 1858 1634 2022 1689; x_wconf 90' lang='lat' dir='ltr'><strong>immo</strong></span> 
     </span>
    </p>
   </div>
   <div class='ocr_carea' id='block_1_18' title="bbox 421 1718 2020 1800">
    <p class='ocr_par' dir='ltr' id='par_1_18' title="bbox 421 1718 2020 1800">
     <span class='ocr_line' id='line_1_18' title="bbox 421 1718 2020 1800; baseline 0.007 -28"><span class='ocrx_word' id='word_1_115' title='bbox 421 1718 679 1788; x_wconf 87' lang='lat' dir='ltr'><strong>pecudes,</strong></span> <span class='ocrx_word' id='word_1_116' title='bbox 715 1721 960 1778; x_wconf 88' lang='lat' dir='ltr'><strong>homines</strong></span> <span class='ocrx_word' id='word_1_117' title='bbox 980 1767 994 1791; x_wconf 95' lang='lat'><strong>,</strong></span> <span class='ocrx_word' id='word_1_118' title='bbox 1024 1725 1276 1797; x_wconf 88' lang='lat' dir='ltr'><strong>ipsasque</strong></span> <span class='ocrx_word' id='word_1_119' title='bbox 1307 1726 1524 1782; x_wconf 84' lang='lat' dir='ltr'><strong>humani</strong></span> <span class='ocrx_word' id='word_1_120' title='bbox 1547 1727 1788 1798; x_wconf 88' lang='lat' dir='ltr'><strong>corporis</strong></span> <span class='ocrx_word' id='word_1_121' title='bbox 1817 1737 2020 1800; x_wconf 90' lang='lat' dir='ltr'><strong>partes,</strong></span> 
     </span>
    </p>
   </div>
   <div class='ocr_carea' id='block_1_19' title="bbox 2112 513 3709 586">
    <p class='ocr_par' dir='ltr' id='par_1_19' title="bbox 2112 513 3709 586">
     <span class='ocr_line' id='line_1_19' title="bbox 2112 513 3709 586; baseline 0.001 -20"><span class='ocrx_word' id='word_1_122' title='bbox 2112 522 2166 566; x_wconf 88' lang='lat' dir='ltr'><strong>et</strong></span> <span class='ocrx_word' id='word_1_123' title='bbox 2193 513 2475 567; x_wconf 76' lang='lat' dir='ltr'><strong>exitiosum</strong></span> <span class='ocrx_word' id='word_1_124' title='bbox 2527 522 2627 567; x_wconf 89' lang='lat' dir='ltr'><strong>est.</strong></span> <span class='ocrx_word' id='word_1_125' title='bbox 2667 533 2686 565; x_wconf 75' lang='grc' dir='ltr'><strong><em>ι</em></strong></span> <span class='ocrx_word' id='word_1_126' title='bbox 2729 513 2908 586; x_wconf 86' lang='lat' dir='ltr'><strong>(Greg.</strong></span> <span class='ocrx_word' id='word_1_127' title='bbox 2969 513 3105 568; x_wconf 77' lang='lat' dir='ltr'><strong>Naz.</strong></span> <span class='ocrx_word' id='word_1_128' title='bbox 3136 557 3151 583; x_wconf 93' lang='lat'><strong>,</strong></span> <span class='ocrx_word' id='word_1_129' title='bbox 3198 516 3451 581; x_wconf 82' lang='lat' dir='ltr'><strong>orat.-59,</strong></span> <span class='ocrx_word' id='word_1_130' title='bbox 3485 517 3621 570; x_wconf 78' lang='lat' dir='ltr'><strong>seut</strong></span> <span class='ocrx_word' id='word_1_131' title='bbox 3660 516 3709 568; x_wconf 81' lang='lat' dir='ltr'><strong>in</strong></span> 
     </span>
    </p>
   </div>
   <div class='ocr_carea' id='block_1_20' title="bbox 2111 601 3712 678">
    <p class='ocr_par' dir='ltr' id='par_1_20' title="bbox 2111 601 3712 678">
     <span class='ocr_line' id='line_1_20' title="bbox 2111 601 3712 678; baseline 0.002 -20"><span class='ocrx_word' id='word_1_132' title='bbox 2111 601 2333 673; x_wconf 83' lang='lat' dir='ltr'><strong>Julian.,</strong></span> <span class='ocrx_word' id='word_1_133' title='bbox 2367 624 2485 677; x_wconf 94' lang='lat' dir='ltr'><strong><em>pag.</em></strong></span> <span class='ocrx_word' id='word_1_134' title='bbox 2515 604 2668 674; x_wconf 81' lang='lat'><strong>250.)</strong></span> <span class='ocrx_word' id='word_1_135' title='bbox 2713 605 2869 661; x_wconf 90' lang='lat' dir='ltr'><strong>Prius</strong></span> <span class='ocrx_word' id='word_1_136' title='bbox 2917 624 3044 662; x_wconf 89' lang='lat' dir='ltr'><strong>vero</strong></span> <span class='ocrx_word' id='word_1_137' title='bbox 3087 606 3342 678; x_wconf 84' lang='lat' dir='ltr'><strong>Origenes</strong></span> <span class='ocrx_word' id='word_1_138' title='bbox 3386 608 3475 663; x_wconf 92' lang='lat' dir='ltr'><strong>ubi</strong></span> <span class='ocrx_word' id='word_1_139' title='bbox 3524 618 3712 662; x_wconf 81' lang='lat' dir='ltr'><strong>contra</strong></span> 
     </span>
    </p>
   </div>
   <div class='ocr_carea' id='block_1_21' title="bbox 2113 696 3711 771">
    <p class='ocr_par' dir='ltr' id='par_1_21' title="bbox 2113 696 3711 771">
     <span class='ocr_line' id='line_1_21' title="bbox 2113 696 3711 771; baseline 0.003 -19"><span class='ocrx_word' id='word_1_140' title='bbox 2113 696 2324 752; x_wconf 82' lang='lat' dir='ltr'><strong>Celsum</strong></span> <span class='ocrx_word' id='word_1_141' title='bbox 2352 697 2609 770; x_wconf 84' lang='lat' dir='ltr'><strong>disputat,</strong></span> <span class='ocrx_word' id='word_1_142' title='bbox 2635 700 2768 754; x_wconf 87' lang='lat' dir='ltr'><strong>scite</strong></span> <span class='ocrx_word' id='word_1_143' title='bbox 2789 700 3004 771; x_wconf 82' lang='lat' dir='ltr'><strong>quidem</strong></span> <span class='ocrx_word' id='word_1_144' title='bbox 3035 701 3269 755; x_wconf 85' lang='lat' dir='ltr'><strong>ostendit</strong></span> <span class='ocrx_word' id='word_1_145' title='bbox 3295 701 3711 756; x_wconf 83' lang='lat' dir='ltr'><strong>Christianorum</strong></span> 
     </span>
    </p>
   </div>
   <div class='ocr_carea' id='block_1_22' title="bbox 2113 792 3714 865">
    <p class='ocr_par' dir='ltr' id='par_1_22' title="bbox 2113 792 3714 865">
     <span class='ocr_line' id='line_1_22' title="bbox 2113 792 3714 865; baseline 0.002 -18"><span class='ocrx_word' id='word_1_146' title='bbox 2113 792 2502 862; x_wconf 84' lang='lat' dir='ltr'><strong>gentiliumque</strong></span> <span class='ocrx_word' id='word_1_147' title='bbox 2539 795 2823 864; x_wconf 81' lang='lat' dir='ltr'><strong>allegorias</strong></span> <span class='ocrx_word' id='word_1_148' title='bbox 2854 811 2919 850; x_wconf 91' lang='lat' dir='ltr'><strong>eo</strong></span> <span class='ocrx_word' id='word_1_149' title='bbox 2945 795 3084 849; x_wconf 90' lang='lat' dir='ltr'><strong>inter</strong></span> <span class='ocrx_word' id='word_1_150' title='bbox 3104 811 3162 850; x_wconf 91' lang='lat' dir='ltr'><strong>se</strong></span> <span class='ocrx_word' id='word_1_151' title='bbox 3190 794 3424 860; x_wconf 73' lang='lat' dir='ltr'><strong>dilierre,</strong></span> <span class='ocrx_word' id='word_1_152' title='bbox 3459 796 3602 865; x_wconf 86' lang='lat' dir='ltr'><strong>quod</strong></span> <span class='ocrx_word' id='word_1_153' title='bbox 3631 796 3714 852; x_wconf 64' lang='lat' dir='ltr'><strong>ha:</strong></span> 
     </span>
    </p>
   </div>
   <div class='ocr_carea' id='block_1_23' title="bbox 2115 885 3714 960">
    <p class='ocr_par' dir='ltr' id='par_1_23' title="bbox 2115 885 3714 960">
     <span class='ocr_line' id='line_1_23' title="bbox 2115 885 3714 960; baseline 0.003 -20"><span class='ocrx_word' id='word_1_154' title='bbox 2115 885 2510 942; x_wconf 76' lang='lat' dir='ltr'><strong>Dcioﬂ‘endant</strong></span> <span class='ocrx_word' id='word_1_155' title='bbox 2560 888 2894 957; x_wconf 86' lang='lat' dir='ltr'><strong>majestatem</strong></span> <span class='ocrx_word' id='word_1_156' title='bbox 2945 890 3242 960; x_wconf 82' lang='lat' dir='ltr'><strong>(0rigen.,</strong></span> <span class='ocrx_word' id='word_1_157' title='bbox 3293 891 3379 945; x_wconf 91' lang='lat' dir='ltr'><strong>lib.</strong></span> <span class='ocrx_word' id='word_1_158' title='bbox 3435 907 3489 946; x_wconf 84' lang='lat' dir='ltr'><strong>tv</strong></span> <span class='ocrx_word' id='word_1_159' title='bbox 3549 902 3714 945; x_wconf 85' lang='lat' dir='ltr'><strong>contr.</strong></span> 
     </span>
    </p>
   </div>
   <div class='ocr_carea' id='block_1_24' title="bbox 2115 976 3716 1054">
    <p class='ocr_par' dir='ltr' id='par_1_24' title="bbox 2115 976 3716 1054">
     <span class='ocr_line' id='line_1_24' title="bbox 2115 976 3716 1054; baseline 0.004 -23"><span class='ocrx_word' id='word_1_160' title='bbox 2115 976 2274 1045; x_wconf 84' lang='lat' dir='ltr'><strong>Cels.,</strong></span> <span class='ocrx_word' id='word_1_161' title='bbox 2308 997 2426 1050; x_wconf 87' lang='lat' dir='ltr'><strong><em>pag.</em></strong></span> <span class='ocrx_word' id='word_1_162' title='bbox 2456 979 2579 1054; x_wconf 78' lang='grc'><strong>196)</strong></span> <span class='ocrx_word' id='word_1_163' title='bbox 2612 999 2626 1036; x_wconf 89' lang='lat'><strong>:</strong></span> <span class='ocrx_word' id='word_1_164' title='bbox 2678 982 2783 1036; x_wconf 75' lang='lat' dir='ltr'><strong>illa:</strong></span> <span class='ocrx_word' id='word_1_165' title='bbox 2832 998 2959 1037; x_wconf 85' lang='lat' dir='ltr'><strong>vero</strong></span> <span class='ocrx_word' id='word_1_166' title='bbox 3007 985 3256 1038; x_wconf 87' lang='lat' dir='ltr'><strong>omnibus</strong></span> <span class='ocrx_word' id='word_1_167' title='bbox 3293 985 3406 1038; x_wconf 87' lang='lat' dir='ltr'><strong>sive</strong></span> <span class='ocrx_word' id='word_1_168' title='bbox 3449 984 3716 1050; x_wconf 89' lang='lat' dir='ltr'><strong>indoctis,</strong></span> 
     </span>
    </p>
   </div>
   <div class='ocr_carea' id='block_1_25' title="bbox 2114 1073 3721 1148">
    <p class='ocr_par' dir='ltr' id='par_1_25' title="bbox 2114 1073 3721 1148">
     <span class='ocr_line' id='line_1_25' title="bbox 2114 1073 3721 1148; baseline 0.003 -21"><span class='ocrx_word' id='word_1_169' title='bbox 2114 1075 2227 1128; x_wconf 86' lang='lat' dir='ltr'><strong>sive</strong></span> <span class='ocrx_word' id='word_1_170' title='bbox 2255 1073 2446 1140; x_wconf 90' lang='lat' dir='ltr'><strong>doctis,</strong></span> <span class='ocrx_word' id='word_1_171' title='bbox 2499 1091 2562 1130; x_wconf 89' lang='lat' dir='ltr'><strong>ac</strong></span> <span class='ocrx_word' id='word_1_172' title='bbox 2591 1076 3036 1148; x_wconf 88' lang='lat' dir='ltr'><strong>quibuscumque,</strong></span> <span class='ocrx_word' id='word_1_173' title='bbox 3076 1080 3166 1148; x_wconf 91' lang='lat' dir='ltr'><strong>qui</strong></span> <span class='ocrx_word' id='word_1_174' title='bbox 3196 1079 3416 1148; x_wconf 90' lang='lat' dir='ltr'><strong>cupiunt</strong></span> <span class='ocrx_word' id='word_1_175' title='bbox 3441 1094 3600 1132; x_wconf 84' lang='lat' dir='ltr'><strong>veros</strong></span> <span class='ocrx_word' id='word_1_176' title='bbox 3633 1094 3721 1132; x_wconf 84' lang='lat' dir='ltr'><strong>sa-</strong></span> 
     </span>
    </p>
   </div>
   <div class='ocr_carea' id='block_1_26' title="bbox 2116 1165 3721 1242">
    <p class='ocr_par' dir='ltr' id='par_1_26' title="bbox 2116 1165 3721 1242">
     <span class='ocr_line' id='line_1_26' title="bbox 2116 1165 3721 1242; baseline 0.001 -20"><span class='ocrx_word' id='word_1_177' title='bbox 2116 1181 2222 1222; x_wconf 87' lang='lat' dir='ltr'><strong>cr.c</strong></span> <span class='ocrx_word' id='word_1_178' title='bbox 2273 1165 2566 1236; x_wconf 67' lang='lat' dir='ltr'><strong>Scriptura:</strong></span> <span class='ocrx_word' id='word_1_179' title='bbox 2606 1183 2795 1222; x_wconf 85' lang='lat' dir='ltr'><strong>sensus</strong></span> <span class='ocrx_word' id='word_1_180' title='bbox 2840 1172 3098 1236; x_wconf 90' lang='lat' dir='ltr'><strong>scrutari,</strong></span> <span class='ocrx_word' id='word_1_181' title='bbox 3131 1171 3331 1242; x_wconf 90' lang='lat' dir='ltr'><strong>optimc</strong></span> <span class='ocrx_word' id='word_1_182' title='bbox 3358 1171 3721 1236; x_wconf 87' lang='lat' dir='ltr'><strong>conveniant,</strong></span> 
     </span>
    </p>
   </div>
   <div class='ocr_carea' id='block_1_27' title="bbox 2119 1261 3727 1334">
    <p class='ocr_par' dir='ltr' id='par_1_27' title="bbox 2119 1261 3727 1334">
     <span class='ocr_line' id='line_1_27' title="bbox 2119 1261 3727 1334; baseline 0.001 -20"><span class='ocrx_word' id='word_1_183' title='bbox 2119 1270 2277 1332; x_wconf 87' lang='lat' dir='ltr'><strong>atque</strong></span> <span class='ocrx_word' id='word_1_184' title='bbox 2302 1271 2358 1316; x_wconf 88' lang='lat' dir='ltr'><strong>ut</strong></span> <span class='ocrx_word' id='word_1_185' title='bbox 2376 1275 2442 1314; x_wconf 83' lang='lat' dir='ltr'><strong>ex</strong></span> <span class='ocrx_word' id='word_1_186' title='bbox 2461 1261 2762 1330; x_wconf 81' lang='lat' dir='ltr'><strong>Augustino</strong></span> <span class='ocrx_word' id='word_1_187' title='bbox 2787 1263 3110 1329; x_wconf 80' lang='lat' dir='ltr'><strong>audivimus,</strong></span> <span class='ocrx_word' id='word_1_188' title='bbox 3133 1280 3237 1317; x_wconf 91' lang='lat' dir='ltr'><strong>non</strong></span> <span class='ocrx_word' id='word_1_189' title='bbox 3269 1261 3565 1334; x_wconf 87' lang='lat' dir='ltr'><strong>impediant</strong></span> <span class='ocrx_word' id='word_1_190' title='bbox 3590 1278 3727 1334; x_wconf 87' lang='lat' dir='ltr'><strong>quo-</strong></span> 
     </span>
    </p>
   </div>
   <div class='ocr_carea' id='block_1_28' title="bbox 2121 1354 3725 1428">
    <p class='ocr_par' dir='ltr' id='par_1_28' title="bbox 2121 1354 3725 1428">
     <span class='ocr_line' id='line_1_28' title="bbox 2121 1354 3725 1428; baseline 0.003 -21"><span class='ocrx_word' id='word_1_191' title='bbox 2121 1356 2297 1408; x_wconf 83' lang='lat' dir='ltr'><strong>minus</strong></span> <span class='ocrx_word' id='word_1_192' title='bbox 2326 1369 2485 1408; x_wconf 88' lang='lat' dir='ltr'><strong>verus</strong></span> <span class='ocrx_word' id='word_1_193' title='bbox 2515 1354 2693 1423; x_wconf 85' lang='lat' dir='ltr'><strong>Deus,</strong></span> <span class='ocrx_word' id='word_1_194' title='bbox 2725 1371 2789 1411; x_wconf 88' lang='lat' dir='ltr'><strong>eo</strong></span> <span class='ocrx_word' id='word_1_195' title='bbox 2811 1396 2825 1420; x_wconf 90' lang='lat'><strong>,</strong></span> <span class='ocrx_word' id='word_1_196' title='bbox 2878 1373 3037 1427; x_wconf 87' lang='lat' dir='ltr'><strong>quem</strong></span> <span class='ocrx_word' id='word_1_197' title='bbox 3083 1356 3270 1424; x_wconf 87' lang='lat' dir='ltr'><strong>decet,</strong></span> <span class='ocrx_word' id='word_1_198' title='bbox 3321 1357 3428 1412; x_wconf 91' lang='lat' dir='ltr'><strong>ritu</strong></span> <span class='ocrx_word' id='word_1_199' title='bbox 3455 1357 3725 1428; x_wconf 85' lang='lat' dir='ltr'><strong>modoque</strong></span> 
     </span>
    </p>
   </div>
   <div class='ocr_carea' id='block_1_29' title="bbox 2121 1445 2350 1500">
    <p class='ocr_par' dir='ltr' id='par_1_29' title="bbox 2121 1445 2350 1500">
     <span class='ocr_line' id='line_1_29' title="bbox 2121 1445 2350 1500; baseline 0 0"><span class='ocrx_word' id='word_1_200' title='bbox 2121 1445 2350 1500; x_wconf 92' lang='lat' dir='ltr'><strong>colatur.</strong></span> 
     </span>
    </p>
   </div>
   <div class='ocr_carea' id='block_1_30' title="bbox 2724 1539 3108 1598">
    <p class='ocr_par' dir='ltr' id='par_1_30' title="bbox 2724 1539 3108 1598">
     <span class='ocr_line' id='line_1_30' title="bbox 2724 1539 3108 1598; baseline 0.003 -4"><span class='ocrx_word' id='word_1_201' title='bbox 2724 1539 2952 1598; x_wconf 82' lang='lat' dir='ltr'><strong>CAPUT</strong></span> <span class='ocrx_word' id='word_1_202' title='bbox 2992 1539 3108 1596; x_wconf 83' lang='grc' dir='ltr'><strong>ΧΧ.</strong></span> 
     </span>
    </p>
   </div>
   <div class='ocr_carea' id='block_1_31' title="bbox 2127 1631 3731 1705">
    <p class='ocr_par' dir='ltr' id='par_1_31' title="bbox 2127 1631 3731 1705">
     <span class='ocr_line' id='line_1_31' title="bbox 2127 1631 3731 1705; baseline 0.004 -22"><span class='ocrx_word' id='word_1_203' title='bbox 2127 1631 2295 1698; x_wconf 83' lang='lat' dir='ltr'><strong>Quam</strong></span> <span class='ocrx_word' id='word_1_204' title='bbox 2335 1636 2528 1702; x_wconf 78' lang='lat' dir='ltr'><strong>frustra</strong></span> <span class='ocrx_word' id='word_1_205' title='bbox 2554 1633 2740 1688; x_wconf 80' lang='lat' dir='ltr'><strong>ethnici</strong></span> <span class='ocrx_word' id='word_1_206' title='bbox 2772 1650 2834 1688; x_wconf 75' lang='lat' dir='ltr'><strong>ea:</strong></span> <span class='ocrx_word' id='word_1_207' title='bbox 2860 1634 3164 1705; x_wconf 81' lang='lat' dir='ltr'><strong>quibusdam</strong></span> <span class='ocrx_word' id='word_1_208' title='bbox 3218 1634 3512 1702; x_wconf 82' lang='lat' dir='ltr'><strong>miraculis,</strong></span> <span class='ocrx_word' id='word_1_209' title='bbox 3549 1645 3641 1688; x_wconf 84' lang='lat' dir='ltr'><strong>aut</strong></span> <span class='ocrx_word' id='word_1_210' title='bbox 3673 1636 3731 1691; x_wconf 82' lang='lat' dir='ltr'><strong>de</strong></span> 
     </span>
    </p>
   </div>
   <div class='ocr_carea' id='block_1_32' title="bbox 2195 1726 3733 1802">
    <p class='ocr_par' dir='ltr' id='par_1_32' title="bbox 2195 1726 3733 1802">
     <span class='ocr_line' id='line_1_32' title="bbox 2195 1726 3733 1802; baseline 0.005 -24"><span class='ocrx_word' id='word_1_211' title='bbox 2195 1742 2250 1780; x_wconf 88' lang='lat' dir='ltr'><strong>re</strong></span> <span class='ocrx_word' id='word_1_212' title='bbox 2275 1726 2448 1796; x_wconf 89' lang='lat' dir='ltr'><strong>aliqua</strong></span> <span class='ocrx_word' id='word_1_213' title='bbox 2473 1732 2650 1798; x_wconf 79' lang='lat' dir='ltr'><strong>futura</strong></span> <span class='ocrx_word' id='word_1_214' title='bbox 2680 1731 2938 1800; x_wconf 78' lang='lat' dir='ltr'><strong>responsis</strong></span> <span class='ocrx_word' id='word_1_215' title='bbox 2961 1773 2975 1797; x_wconf 92' lang='lat'><strong>,</strong></span> <span class='ocrx_word' id='word_1_216' title='bbox 3019 1731 3235 1802; x_wconf 87' lang='lat' dir='ltr'><strong>probare</strong></span> <span class='ocrx_word' id='word_1_217' title='bbox 3259 1732 3579 1784; x_wconf 86' lang='lat' dir='ltr'><strong>conabantur</strong></span> <span class='ocrx_word' id='word_1_218' title='bbox 3612 1732 3733 1786; x_wconf 72' lang='lat' dir='ltr'><strong>deos</strong></span> 
     </span>
    </p>
   </div>
   <div class='ocr_carea' id='block_1_33' title="bbox 421 1813 2786 1893">
    <p class='ocr_par' dir='ltr' id='par_1_33' title="bbox 421 1813 2786 1893">
     <span class='ocr_line' id='line_1_33' title="bbox 421 1813 2786 1893; baseline 0.006 -30"><span class='ocrx_word' id='word_1_219' title='bbox 421 1825 557 1879; x_wconf 88' lang='lat' dir='ltr'><strong>quas</strong></span> <span class='ocrx_word' id='word_1_220' title='bbox 577 1813 858 1869; x_wconf 89' lang='lat' dir='ltr'><strong>nominare</strong></span> <span class='ocrx_word' id='word_1_221' title='bbox 883 1815 1066 1886; x_wconf 90' lang='lat' dir='ltr'><strong>pudet,</strong></span> <span class='ocrx_word' id='word_1_222' title='bbox 1091 1818 1282 1873; x_wconf 92' lang='lat' dir='ltr'><strong>iisdem</strong></span> <span class='ocrx_word' id='word_1_223' title='bbox 1310 1818 1503 1875; x_wconf 71' lang='lat' dir='ltr'><strong>divinis</strong></span> <span class='ocrx_word' id='word_1_224' title='bbox 1531 1821 1846 1886; x_wconf 87' lang='lat' dir='ltr'><strong>honoribus,</strong></span> <span class='ocrx_word' id='word_1_225' title='bbox 1870 1825 2022 1893; x_wconf 87' lang='lat' dir='ltr'><strong>hym-</strong></span> <span class='ocrx_word' id='word_1_226' title='bbox 2054 1815 2099 1885; x_wconf 86' lang='lat' dir='ltr'><strong>B</strong></span> <span class='ocrx_word' id='word_1_227' title='bbox 2197 1837 2318 1875; x_wconf 71' lang='lat' dir='ltr'><strong>suos</strong></span> <span class='ocrx_word' id='word_1_228' title='bbox 2345 1838 2520 1877; x_wconf 86' lang='lat' dir='ltr'><strong>revera</strong></span> <span class='ocrx_word' id='word_1_229' title='bbox 2551 1824 2786 1877; x_wconf 72' lang='lat' dir='ltr'><strong>existere.</strong></span> 
     </span>
    </p>
   </div>
   <div class='ocr_carea' id='block_1_34' title="bbox 422 1903 2024 1986">
    <p class='ocr_par' dir='ltr' id='par_1_34' title="bbox 422 1903 2024 1986">
     <span class='ocr_line' id='line_1_34' title="bbox 422 1903 2024 1986; baseline 0.009 -30"><span class='ocrx_word' id='word_1_230' title='bbox 422 1903 538 1971; x_wconf 87' lang='lat' dir='ltr'><strong>nis,</strong></span> <span class='ocrx_word' id='word_1_231' title='bbox 581 1905 858 1962; x_wconf 87' lang='lat' dir='ltr'><strong>sacriﬁciis</strong></span> <span class='ocrx_word' id='word_1_232' title='bbox 879 1951 893 1975; x_wconf 91' lang='lat'><strong>,</strong></span> <span class='ocrx_word' id='word_1_233' title='bbox 917 1909 1144 1981; x_wconf 91' lang='lat' dir='ltr'><strong>aliisque</strong></span> <span class='ocrx_word' id='word_1_234' title='bbox 1171 1912 1434 1984; x_wconf 83' lang='lat' dir='ltr'><strong>religiosis</strong></span> <span class='ocrx_word' id='word_1_235' title='bbox 1464 1915 1656 1969; x_wconf 90' lang='lat' dir='ltr'><strong>ritibus</strong></span> <span class='ocrx_word' id='word_1_236' title='bbox 1682 1927 1805 1972; x_wconf 89' lang='lat' dir='ltr'><strong>sunt</strong></span> <span class='ocrx_word' id='word_1_237' title='bbox 1833 1930 2024 1986; x_wconf 86' lang='lat' dir='ltr'><strong>prose-</strong></span> 
     </span>
    </p>
   </div>
   <div class='ocr_carea' id='block_1_35' title="bbox 422 1995 2024 2078">
    <p class='ocr_par' dir='ltr' id='par_1_35' title="bbox 422 1995 2024 2078">
     <span class='ocr_line' id='line_1_35' title="bbox 422 1995 2024 2078; baseline 0.008 -30"><span class='ocrx_word' id='word_1_238' title='bbox 422 1995 553 2050; x_wconf 88' lang='lat' dir='ltr'><strong>cuti.</strong></span> <span class='ocrx_word' id='word_1_239' title='bbox 612 1998 660 2053; x_wconf 86' lang='lat' dir='ltr'><strong>A</strong></span> <span class='ocrx_word' id='word_1_240' title='bbox 697 1996 840 2055; x_wconf 87' lang='lat' dir='ltr'><strong>Julio</strong></span> <span class='ocrx_word' id='word_1_241' title='bbox 881 2009 1059 2056; x_wconf 86' lang='lat' dir='ltr'><strong>autem</strong></span> <span class='ocrx_word' id='word_1_242' title='bbox 1109 2003 1342 2058; x_wconf 85' lang='lat' dir='ltr'><strong>Firmico</strong></span> <span class='ocrx_word' id='word_1_243' title='bbox 1389 2005 1577 2060; x_wconf 85' lang='lat' dir='ltr'><strong>eadem</strong></span> <span class='ocrx_word' id='word_1_244' title='bbox 1635 2007 2024 2078; x_wconf 85' lang='lat' dir='ltr'><strong>propemodum</strong></span> 
     </span>
    </p>
   </div>
   <div class='ocr_carea' id='block_1_36' title="bbox 424 2086 2023 2172">
    <p class='ocr_par' dir='ltr' id='par_1_36' title="bbox 424 2086 2023 2172">
     <span class='ocr_line' id='line_1_36' title="bbox 424 2086 2023 2172; baseline 0.008 -31"><span class='ocrx_word' id='word_1_245' title='bbox 424 2086 691 2144; x_wconf 89' lang='lat' dir='ltr'><strong>rationum</strong></span> <span class='ocrx_word' id='word_1_246' title='bbox 720 2102 990 2147; x_wconf 87' lang='lat' dir='ltr'><strong>momenta</strong></span> <span class='ocrx_word' id='word_1_247' title='bbox 1021 2105 1206 2149; x_wconf 89' lang='lat' dir='ltr'><strong>contra</strong></span> <span class='ocrx_word' id='word_1_248' title='bbox 1235 2096 1483 2152; x_wconf 90' lang='lat' dir='ltr'><strong>ethnicos</strong></span> <span class='ocrx_word' id='word_1_249' title='bbox 1536 2097 1860 2154; x_wconf 90' lang='lat' dir='ltr'><strong>adhibentur</strong></span> <span class='ocrx_word' id='word_1_250' title='bbox 1889 2098 2023 2172; x_wconf 87' lang='lat' dir='ltr'><strong>(Jul.</strong></span> 
     </span>
    </p>
   </div>
   <div class='ocr_carea' id='block_1_37' title="bbox 423 2178 1537 2262">
    <p class='ocr_par' dir='ltr' id='par_1_37' title="bbox 423 2178 1537 2262">
     <span class='ocr_line' id='line_1_37' title="bbox 423 2178 1537 2262; baseline 0.01 -28"><span class='ocrx_word' id='word_1_251' title='bbox 423 2178 617 2248; x_wconf 79' lang='lat' dir='ltr'><strong>Firm.,</strong></span> <span class='ocrx_word' id='word_1_252' title='bbox 645 2185 709 2238; x_wconf 84' lang='lat' dir='ltr'><strong>de</strong></span> <span class='ocrx_word' id='word_1_253' title='bbox 741 2185 916 2240; x_wconf 85' lang='lat' dir='ltr'><strong>Error.</strong></span> <span class='ocrx_word' id='word_1_254' title='bbox 950 2190 1084 2258; x_wconf 75' lang='lat' dir='ltr'><strong>prof.</strong></span> <span class='ocrx_word' id='word_1_255' title='bbox 1113 2190 1286 2261; x_wconf 79' lang='lat' dir='ltr'><strong>relig.,</strong></span> <span class='ocrx_word' id='word_1_256' title='bbox 1315 2208 1432 2262; x_wconf 89' lang='lat' dir='ltr'><strong><em>pag.</em></strong></span> <span class='ocrx_word' id='word_1_257' title='bbox 1457 2190 1537 2262; x_wconf 64' lang='grc' dir='ltr'><strong>εἱ).</strong></span> 
     </span>
    </p>
   </div>
   <div class='ocr_carea' id='block_1_38' title="bbox 496 2275 2021 2355">
    <p class='ocr_par' dir='ltr' id='par_1_38' title="bbox 496 2275 2021 2355">
     <span class='ocr_line' id='line_1_38' title="bbox 496 2275 2021 2355; baseline 0.007 -26"><span class='ocrx_word' id='word_1_258' title='bbox 496 2275 854 2344; x_wconf 83' lang='lat' dir='ltr'><strong>Quamobrem</strong></span> <span class='ocrx_word' id='word_1_259' title='bbox 908 2281 1237 2352; x_wconf 80' lang='lat' dir='ltr'><strong>Augustinus</strong></span> <span class='ocrx_word' id='word_1_260' title='bbox 1267 2289 1401 2339; x_wconf 85' lang='lat' dir='ltr'><strong>scite</strong></span> <span class='ocrx_word' id='word_1_261' title='bbox 1448 2285 1606 2340; x_wconf 91' lang='lat' dir='ltr'><strong>docet</strong></span> <span class='ocrx_word' id='word_1_262' title='bbox 1637 2301 1758 2340; x_wconf 87' lang='lat' dir='ltr'><strong>emn</strong></span> <span class='ocrx_word' id='word_1_263' title='bbox 1790 2286 1878 2355; x_wconf 87' lang='lat' dir='ltr'><strong>qui</strong></span> <span class='ocrx_word' id='word_1_264' title='bbox 1910 2300 2021 2340; x_wconf 87' lang='lat' dir='ltr'><strong>sce-</strong></span> 
     </span>
    </p>
   </div>
   <div class='ocr_carea' id='block_1_39' title="bbox 427 2368 2026 2446">
    <p class='ocr_par' dir='ltr' id='par_1_39' title="bbox 427 2368 2026 2446">
     <span class='ocr_line' id='line_1_39' title="bbox 427 2368 2026 2446; baseline 0.006 -23"><span class='ocrx_word' id='word_1_265' title='bbox 427 2368 576 2424; x_wconf 90' lang='lat' dir='ltr'><strong>lestis</strong></span> <span class='ocrx_word' id='word_1_266' title='bbox 604 2373 955 2446; x_wconf 87' lang='lat' dir='ltr'><strong>turpibusque</strong></span> <span class='ocrx_word' id='word_1_267' title='bbox 980 2376 1164 2443; x_wconf 87' lang='lat' dir='ltr'><strong>rebus,</strong></span> <span class='ocrx_word' id='word_1_268' title='bbox 1189 2393 1277 2434; x_wconf 91' lang='lat' dir='ltr'><strong>res</strong></span> <span class='ocrx_word' id='word_1_269' title='bbox 1298 2378 1432 2433; x_wconf 88' lang='lat' dir='ltr'><strong>alias</strong></span> <span class='ocrx_word' id='word_1_270' title='bbox 1458 2380 1731 2434; x_wconf 88' lang='lat' dir='ltr'><strong>naturales</strong></span> <span class='ocrx_word' id='word_1_271' title='bbox 1758 2379 1907 2445; x_wconf 91' lang='lat' dir='ltr'><strong>colit,</strong></span> <span class='ocrx_word' id='word_1_272' title='bbox 1941 2377 2026 2432; x_wconf 91' lang='lat' dir='ltr'><strong>bis</strong></span> 
     </span>
    </p>
   </div>
   <div class='ocr_carea' id='block_1_40' title="bbox 428 2467 2027 2542">
    <p class='ocr_par' dir='ltr' id='par_1_40' title="bbox 428 2467 2027 2542">
     <span class='ocr_line' id='line_1_40' title="bbox 428 2467 2027 2542; baseline 0.008 -26"><span class='ocrx_word' id='word_1_273' title='bbox 428 2477 654 2532; x_wconf 83' lang='lat' dir='ltr'><strong>peccare</strong></span> <span class='ocrx_word' id='word_1_274' title='bbox 707 2467 1023 2538; x_wconf 72' lang='lat' dir='ltr'><strong>(Augustin.</strong></span> <span class='ocrx_word' id='word_1_275' title='bbox 1057 2513 1072 2538; x_wconf 90' lang='lat'><strong>,</strong></span> <span class='ocrx_word' id='word_1_276' title='bbox 1135 2471 1224 2525; x_wconf 87' lang='lat' dir='ltr'><strong>lib.</strong></span> <span class='ocrx_word' id='word_1_277' title='bbox 1280 2488 1354 2527; x_wconf 82' lang='lat' dir='ltr'><strong>vn</strong></span> <span class='ocrx_word' id='word_1_278' title='bbox 1403 2473 1466 2527; x_wconf 85' lang='lat' dir='ltr'><strong>de</strong></span> <span class='ocrx_word' id='word_1_279' title='bbox 1508 2471 1740 2539; x_wconf 82' lang='lat' dir='ltr'><strong>Ciuitat.,</strong></span> <span class='ocrx_word' id='word_1_280' title='bbox 1775 2490 1888 2542; x_wconf 91' lang='lat' dir='ltr'><strong><em>cap.</em></strong></span> <span class='ocrx_word' id='word_1_281' title='bbox 1919 2473 2027 2541; x_wconf 78' lang='lat'><strong>27,</strong></span> 
     </span>
    </p>
   </div>
   <div class='ocr_carea' id='block_1_41' title="bbox 427 2557 2028 2636">
    <p class='ocr_par' dir='ltr' id='par_1_41' title="bbox 427 2557 2028 2636">
     <span class='ocr_line' id='line_1_41' title="bbox 427 2557 2028 2636; baseline 0.008 -28"><span class='ocrx_word' id='word_1_282' title='bbox 427 2573 549 2627; x_wconf 88' lang='lat' dir='ltr'><strong><em>pag.</em></strong></span> <span class='ocrx_word' id='word_1_283' title='bbox 579 2557 739 2624; x_wconf 75' lang='lat'><strong>183):</strong></span> <span class='ocrx_word' id='word_1_284' title='bbox 767 2571 875 2614; x_wconf 91' lang='lat' dir='ltr'><strong>tum</strong></span> <span class='ocrx_word' id='word_1_285' title='bbox 898 2561 1018 2632; x_wconf 89' lang='lat' dir='ltr'><strong>quia</strong></span> <span class='ocrx_word' id='word_1_286' title='bbox 1042 2578 1227 2619; x_wconf 90' lang='lat' dir='ltr'><strong>verum</strong></span> <span class='ocrx_word' id='word_1_287' title='bbox 1263 2565 1428 2620; x_wconf 87' lang='lat' dir='ltr'><strong>Deum</strong></span> <span class='ocrx_word' id='word_1_288' title='bbox 1457 2580 1562 2619; x_wconf 92' lang='lat' dir='ltr'><strong>non</strong></span> <span class='ocrx_word' id='word_1_289' title='bbox 1585 2566 1732 2631; x_wconf 89' lang='lat' dir='ltr'><strong>colit,</strong></span> <span class='ocrx_word' id='word_1_290' title='bbox 1765 2574 1873 2619; x_wconf 91' lang='lat' dir='ltr'><strong>tum</strong></span> <span class='ocrx_word' id='word_1_291' title='bbox 1905 2566 2028 2636; x_wconf 92' lang='lat' dir='ltr'><strong>quia</strong></span> 
     </span>
    </p>
   </div>
   <div class='ocr_carea' id='block_1_42' title="bbox 428 2648 2071 2728">
    <p class='ocr_par' dir='ltr' id='par_1_42' title="bbox 428 2648 2071 2728">
     <span class='ocr_line' id='line_1_42' title="bbox 428 2648 2071 2728; baseline 0.006 -26"><span class='ocrx_word' id='word_1_292' title='bbox 428 2648 580 2704; x_wconf 90' lang='lat' dir='ltr'><strong>illum</strong></span> <span class='ocrx_word' id='word_1_293' title='bbox 609 2665 675 2706; x_wconf 87' lang='lat' dir='ltr'><strong>eo</strong></span> <span class='ocrx_word' id='word_1_294' title='bbox 697 2653 859 2708; x_wconf 90' lang='lat' dir='ltr'><strong>modo</strong></span> <span class='ocrx_word' id='word_1_295' title='bbox 890 2670 995 2709; x_wconf 88' lang='lat' dir='ltr'><strong>non</strong></span> <span class='ocrx_word' id='word_1_296' title='bbox 1021 2656 1169 2720; x_wconf 90' lang='lat' dir='ltr'><strong>colit,</strong></span> <span class='ocrx_word' id='word_1_297' title='bbox 1199 2672 1305 2728; x_wconf 92' lang='lat' dir='ltr'><strong>quo</strong></span> <span class='ocrx_word' id='word_1_298' title='bbox 1331 2657 1588 2712; x_wconf 87' lang='lat' dir='ltr'><strong>colendus</strong></span> <span class='ocrx_word' id='word_1_299' title='bbox 1614 2667 1714 2712; x_wconf 89' lang='lat' dir='ltr'><strong>est.</strong></span> <span class='ocrx_word' id='word_1_300' title='bbox 1743 2658 1882 2712; x_wconf 91' lang='lat' dir='ltr'><strong>Alibi</strong></span> <span class='ocrx_word' id='word_1_301' title='bbox 1902 2672 2031 2712; x_wconf 90' lang='lat' dir='ltr'><strong>vero</strong></span> <span class='ocrx_word' id='word_1_302' title='bbox 2067 2684 2071 2692; x_wconf 92' lang='lat'><strong><em>-</em></strong></span> 
     </span>
    </p>
   </div>
   <div class='ocr_carea' id='block_1_43' title="bbox 428 2740 2033 2822">
    <p class='ocr_par' dir='ltr' id='par_1_43' title="bbox 428 2740 2033 2822">
     <span class='ocr_line' id='line_1_43' title="bbox 428 2740 2033 2822; baseline 0.008 -28"><span class='ocrx_word' id='word_1_303' title='bbox 428 2740 548 2795; x_wconf 86' lang='lat' dir='ltr'><strong>illas</strong></span> <span class='ocrx_word' id='word_1_304' title='bbox 573 2743 891 2814; x_wconf 79' lang='lat' dir='ltr'><strong>allegoricas</strong></span> <span class='ocrx_word' id='word_1_305' title='bbox 915 2758 969 2801; x_wconf 91' lang='lat' dir='ltr'><strong>et</strong></span> <span class='ocrx_word' id='word_1_306' title='bbox 997 2747 1248 2820; x_wconf 85' lang='lat' dir='ltr'><strong>physicas</strong></span> <span class='ocrx_word' id='word_1_307' title='bbox 1279 2751 1516 2820; x_wconf 88' lang='lat' dir='ltr'><strong>turpium</strong></span> <span class='ocrx_word' id='word_1_308' title='bbox 1544 2750 1768 2806; x_wconf 90' lang='lat' dir='ltr'><strong>deorum</strong></span> <span class='ocrx_word' id='word_1_309' title='bbox 1797 2751 2033 2822; x_wconf 86' lang='lat' dir='ltr'><strong>explica-</strong></span> 
     </span>
    </p>
   </div>
   <div class='ocr_carea' id='block_1_44' title="bbox 429 2835 2029 2914">
    <p class='ocr_par' dir='ltr' id='par_1_44' title="bbox 429 2835 2029 2914">
     <span class='ocr_line' id='line_1_44' title="bbox 429 2835 2029 2914; baseline 0.006 -26"><span class='ocrx_word' id='word_1_310' title='bbox 429 2835 605 2892; x_wconf 87' lang='lat' dir='ltr'><strong>tiones</strong></span> <span class='ocrx_word' id='word_1_311' title='bbox 632 2853 662 2892; x_wconf 87' lang='lat' dir='ltr'><strong>a</strong></span> <span class='ocrx_word' id='word_1_312' title='bbox 690 2837 1024 2895; x_wconf 87' lang='lat' dir='ltr'><strong>doctioribus</strong></span> <span class='ocrx_word' id='word_1_313' title='bbox 1055 2842 1243 2897; x_wconf 85' lang='lat' dir='ltr'><strong>allatas</strong></span> <span class='ocrx_word' id='word_1_314' title='bbox 1273 2843 1512 2912; x_wconf 79' lang='lat' dir='ltr'><strong>explodit</strong></span> <span class='ocrx_word' id='word_1_315' title='bbox 1532 2886 1547 2909; x_wconf 97' lang='lat'><strong>,</strong></span> <span class='ocrx_word' id='word_1_316' title='bbox 1577 2844 1699 2914; x_wconf 87' lang='lat' dir='ltr'><strong>quia</strong></span> <span class='ocrx_word' id='word_1_317' title='bbox 1731 2859 1919 2914; x_wconf 87' lang='lat' dir='ltr'><strong>parum</strong></span> <span class='ocrx_word' id='word_1_318' title='bbox 1947 2845 2029 2898; x_wconf 89' lang='lat' dir='ltr'><strong>in-</strong></span> 
     </span>
    </p>
   </div>
   <div class='ocr_carea' id='block_1_45' title="bbox 430 2934 2031 3008">
    <p class='ocr_par' dir='ltr' id='par_1_45' title="bbox 430 2934 2031 3008">
     <span class='ocr_line' id='line_1_45' title="bbox 430 2934 2031 3008; baseline 0.006 -25"><span class='ocrx_word' id='word_1_319' title='bbox 430 2938 600 2986; x_wconf 82' lang='lat' dir='ltr'><strong>terest</strong></span> <span class='ocrx_word' id='word_1_320' title='bbox 643 2941 820 2988; x_wconf 90' lang='lat' dir='ltr'><strong>utrum</strong></span> <span class='ocrx_word' id='word_1_321' title='bbox 859 2953 879 2985; x_wconf 75' lang='lat' dir='ltr'><strong>t</strong></span> <span class='ocrx_word' id='word_1_322' title='bbox 911 2934 1044 3003; x_wconf 90' lang='lat' dir='ltr'><strong>hoc,</strong></span> <span class='ocrx_word' id='word_1_323' title='bbox 1081 2956 1100 2989; x_wconf 73' lang='grc' dir='ltr'>ι</span> <span class='ocrx_word' id='word_1_324' title='bbox 1140 2937 1345 3008; x_wconf 90' lang='lat' dir='ltr'><strong>inquit,</strong></span> <span class='ocrx_word' id='word_1_325' title='bbox 1395 2956 1415 2990; x_wconf 70' lang='grc' dir='ltr'><strong><em>ι</em></strong></span> <span class='ocrx_word' id='word_1_326' title='bbox 1451 2938 1500 2992; x_wconf 92' lang='lat' dir='ltr'><strong>in</strong></span> <span class='ocrx_word' id='word_1_327' title='bbox 1549 2939 1829 2993; x_wconf 89' lang='lat' dir='ltr'><strong>vcracibus</strong></span> <span class='ocrx_word' id='word_1_328' title='bbox 1881 2938 2031 2993; x_wconf 90' lang='lat' dir='ltr'><strong>libris</strong></span> 
     </span>
    </p>
   </div>
   <div class='ocr_carea' id='block_1_46' title="bbox 431 3023 2030 3101">
    <p class='ocr_par' dir='ltr' id='par_1_46' title="bbox 431 3023 2030 3101">
     <span class='ocr_line' id='line_1_46' title="bbox 431 3023 2030 3101; baseline 0.004 -23"><span class='ocrx_word' id='word_1_329' title='bbox 431 3023 681 3081; x_wconf 90' lang='lat' dir='ltr'><strong>homines</strong></span> <span class='ocrx_word' id='word_1_330' title='bbox 710 3027 940 3083; x_wconf 90' lang='lat' dir='ltr'><strong>instruat</strong></span> <span class='ocrx_word' id='word_1_331' title='bbox 966 3030 1245 3101; x_wconf 88' lang='lat' dir='ltr'><strong>religiosos</strong></span> <span class='ocrx_word' id='word_1_332' title='bbox 1265 3074 1280 3098; x_wconf 97' lang='lat'><strong>,</strong></span> <span class='ocrx_word' id='word_1_333' title='bbox 1329 3032 1457 3086; x_wconf 91' lang='lat' dir='ltr'><strong>illud</strong></span> <span class='ocrx_word' id='word_1_334' title='bbox 1498 3032 1548 3085; x_wconf 93' lang='lat' dir='ltr'><strong>in</strong></span> <span class='ocrx_word' id='word_1_335' title='bbox 1581 3030 1860 3086; x_wconf 81' lang='lat' dir='ltr'><strong>fallacibus</strong></span> <span class='ocrx_word' id='word_1_336' title='bbox 1892 3031 2030 3085; x_wconf 86' lang='lat' dir='ltr'><strong>ludis</strong></span> 
     </span>
    </p>
   </div>
   <div class='ocr_carea' id='block_1_47' title="bbox 428 3119 2029 3194">
    <p class='ocr_par' dir='ltr' id='par_1_47' title="bbox 428 3119 2029 3194">
     <span class='ocr_line' id='line_1_47' title="bbox 428 3119 2029 3194; baseline 0 -18"><span class='ocrx_word' id='word_1_337' title='bbox 428 3119 702 3178; x_wconf 64' lang='lat' dir='ltr'><strong>daemones</strong></span> <span class='ocrx_word' id='word_1_338' title='bbox 741 3122 966 3178; x_wconf 88' lang='lat' dir='ltr'><strong>delectet</strong></span> <span class='ocrx_word' id='word_1_339' title='bbox 1011 3125 1285 3193; x_wconf 89' lang='lat' dir='ltr'><strong>impuros,</strong></span> <span class='ocrx_word' id='word_1_340' title='bbox 1319 3139 1455 3194; x_wconf 91' lang='lat' dir='ltr'><strong>quos</strong></span> <span class='ocrx_word' id='word_1_341' title='bbox 1485 3132 1662 3178; x_wconf 89' lang='lat' dir='ltr'><strong>tamen</strong></span> <span class='ocrx_word' id='word_1_342' title='bbox 1696 3124 1769 3178; x_wconf 90' lang='lat' dir='ltr'><strong>illi</strong></span> <span class='ocrx_word' id='word_1_343' title='bbox 1793 3123 2029 3192; x_wconf 76' lang='lat' dir='ltr'><strong>religiosi</strong></span> 
     </span>
    </p>
   </div>
   <div class='ocr_carea' id='block_1_48' title="bbox 2665 1931 3204 1972">
    <p class='ocr_par' dir='ltr' id='par_1_48' title="bbox 2665 1931 3204 1972">
     <span class='ocr_line' id='line_1_48' title="bbox 2665 1931 3204 1972; baseline 0.002 -3"><span class='ocrx_word' id='word_1_344' title='bbox 2665 1931 2962 1972; x_wconf 81' lang='lat' dir='ltr'><strong>ARTICULUS</strong></span> <span class='ocrx_word' id='word_1_345' title='bbox 2992 1931 3204 1972; x_wconf 73' lang='lat' dir='ltr'><strong>PRIMUS.</strong></span> 
     </span>
    </p>
   </div>
   <div class='ocr_carea' id='block_1_49' title="bbox 2129 2005 3736 2070">
    <p class='ocr_par' dir='ltr' id='par_1_49' title="bbox 2129 2005 3736 2070">
     <span class='ocr_line' id='line_1_49' title="bbox 2129 2005 3736 2070; baseline -0.001 -14"><span class='ocrx_word' id='word_1_346' title='bbox 2129 2006 2318 2066; x_wconf 83' lang='lat' dir='ltr'><strong>Quanta</strong></span> <span class='ocrx_word' id='word_1_347' title='bbox 2350 2005 2987 2070; x_wconf 86' lang='lat' dir='ltr'><strong>perspicuitate_Arnobius</strong></span> <span class='ocrx_word' id='word_1_348' title='bbox 3030 2007 3187 2056; x_wconf 88' lang='lat' dir='ltr'><strong>diluat</strong></span> <span class='ocrx_word' id='word_1_349' title='bbox 3227 2007 3539 2056; x_wconf 85' lang='lat' dir='ltr'><strong>ethnicorum</strong></span> <span class='ocrx_word' id='word_1_350' title='bbox 3585 2020 3736 2070; x_wconf 79' lang='lat' dir='ltr'><strong>argu-</strong></span> 
     </span>
    </p>
   </div>
   <div class='ocr_carea' id='block_1_50' title="bbox 2190 2067 3736 2132">
    <p class='ocr_par' dir='ltr' id='par_1_50' title="bbox 2190 2067 3736 2132">
     <span class='ocr_line' id='line_1_50' title="bbox 2190 2067 3736 2132; baseline 0.001 -15"><span class='ocrx_word' id='word_1_351' title='bbox 2190 2067 2408 2118; x_wconf 82' lang='lat' dir='ltr'><strong>mentum</strong></span> <span class='ocrx_word' id='word_1_352' title='bbox 2439 2067 2500 2117; x_wconf 75' lang='lat' dir='ltr'><strong>ex</strong></span> <span class='ocrx_word' id='word_1_353' title='bbox 2532 2067 2780 2132; x_wconf 77' lang='lat' dir='ltr'><strong>miraculis</strong></span> <span class='ocrx_word' id='word_1_354' title='bbox 2815 2071 3039 2132; x_wconf 85' lang='lat' dir='ltr'><strong>petitum,</strong></span> <span class='ocrx_word' id='word_1_355' title='bbox 3066 2072 3172 2118; x_wconf 85' lang='lat' dir='ltr'><strong>sive</strong></span> <span class='ocrx_word' id='word_1_356' title='bbox 3207 2083 3316 2118; x_wconf 91' lang='lat' dir='ltr'><strong>cum</strong></span> <span class='ocrx_word' id='word_1_357' title='bbox 3359 2071 3520 2132; x_wconf 84' lang='lat' dir='ltr'><strong>pestis</strong></span> <span class='ocrx_word' id='word_1_358' title='bbox 3565 2067 3736 2118; x_wconf 78' lang='lat' dir='ltr'><strong>sedata</strong></span> 
     </span>
    </p>
   </div>
   <div class='ocr_carea' id='block_1_51' title="bbox 2193 2131 3734 2190">
    <p class='ocr_par' dir='ltr' id='par_1_51' title="bbox 2193 2131 3734 2190">
     <span class='ocr_line' id='line_1_51' title="bbox 2193 2131 3734 2190; baseline 0 -8"><span class='ocrx_word' id='word_1_359' title='bbox 2193 2139 2289 2190; x_wconf 88' lang='lat' dir='ltr'><strong>est,</strong></span> <span class='ocrx_word' id='word_1_360' title='bbox 2309 2132 2415 2179; x_wconf 88' lang='lat' dir='ltr'><strong>sive</strong></span> <span class='ocrx_word' id='word_1_361' title='bbox 2435 2143 2545 2179; x_wconf 91' lang='lat' dir='ltr'><strong>cum</strong></span> <span class='ocrx_word' id='word_1_362' title='bbox 2570 2131 2689 2188; x_wconf 88' lang='lat' dir='ltr'><strong>ludi,</strong></span> <span class='ocrx_word' id='word_1_363' title='bbox 2729 2139 2964 2180; x_wconf 85' lang='lat' dir='ltr'><strong>monente</strong></span> <span class='ocrx_word' id='word_1_364' title='bbox 2993 2131 3137 2187; x_wconf 86' lang='lat' dir='ltr'><strong>Jove,</strong></span> <span class='ocrx_word' id='word_1_365' title='bbox 3183 2134 3458 2188; x_wconf 84' lang='lat' dir='ltr'><strong>instaurati,</strong></span> <span class='ocrx_word' id='word_1_366' title='bbox 3490 2133 3599 2180; x_wconf 82' lang='lat' dir='ltr'><strong>sive</strong></span> <span class='ocrx_word' id='word_1_367' title='bbox 3625 2146 3734 2182; x_wconf 88' lang='lat' dir='ltr'><strong>cum</strong></span> 
     </span>
    </p>
   </div>
   <div class='ocr_carea' id='block_1_52' title="bbox 2192 2191 3732 2304">
    <p class='ocr_par' dir='ltr' id='par_1_52' title="bbox 2192 2191 3732 2304">
     <span class='ocr_line' id='line_1_52' title="bbox 2192 2191 3732 2304; baseline 0 -60"><span class='ocrx_word' id='word_1_368' title='bbox 2192 2191 2452 2304; x_wconf 62' lang='lat' dir='ltr'><strong>IEscqlapii</strong></span> <span class='ocrx_word' id='word_1_369' title='bbox 2475 2191 2788 2242; x_wconf 87' lang='lat' dir='ltr'><strong>simulacrum</strong></span> <span class='ocrx_word' id='word_1_370' title='bbox 2805 2195 2856 2243; x_wconf 92' lang='lat' dir='ltr'><strong>iu</strong></span> <span class='ocrx_word' id='word_1_371' title='bbox 2888 2193 3092 2243; x_wconf 89' lang='lat' dir='ltr'><strong>insulam</strong></span> <span class='ocrx_word' id='word_1_372' title='bbox 3117 2194 3156 2244; x_wconf 84' lang='grc' dir='ltr'>Τ</span> <span class='ocrx_word' id='word_1_373' title='bbox 3161 2193 3402 2244; x_wconf 83' lang='lat' dir='ltr'><strong>iberinam</strong></span> <span class='ocrx_word' id='word_1_374' title='bbox 3424 2201 3732 2258; x_wconf 85' lang='lat' dir='ltr'><strong>transporta-</strong></span> 
     </span>
     <span class='ocr_line' id='line_1_53' title="bbox 2192 2265 2429 2304; baseline 0 0"><span class='ocrx_word' id='word_1_375' title='bbox 2192 2265 2294 2304; x_wconf 88' lang='lat' dir='ltr'><strong>tum</strong></span> <span class='ocrx_word' id='word_1_376' title='bbox 2339 2271 2390 2304; x_wconf 81' lang='grc' dir='ltr'>ω</span> <span class='ocrx_word' id='word_1_377' title='bbox 2417 2293 2429 2304; x_wconf 91' lang='grc'><strong>.</strong></span> 
     </span>
    </p>
   </div>
   <div class='ocr_carea' id='block_1_53' title="bbox 2191 2258 2429 2308">
    <p class='ocr_par' dir='ltr' id='par_1_53' title="bbox 2191 2258 2429 2308">
     <span class='ocr_line' id='line_1_54' title="bbox 2191 2258 2429 2308; baseline -0.017 0"><span class='ocrx_word' id='word_1_378' title='bbox 2191 2265 2294 2308; x_wconf 84' lang='lat' dir='ltr'><strong>tum</strong></span> <span class='ocrx_word' id='word_1_379' title='bbox 2321 2258 2429 2306; x_wconf 83' lang='lat' dir='ltr'><strong>fuit.</strong></span> 
     </span>
    </p>
   </div>
   <div class='ocr_carea' id='block_1_54' title="bbox 2206 2358 3737 2432">
    <p class='ocr_par' dir='ltr' id='par_1_54' title="bbox 2206 2358 3737 2432">
     <span class='ocr_line' id='line_1_55' title="bbox 2206 2358 3737 2432; baseline -0.001 -17"><span class='ocrx_word' id='word_1_380' title='bbox 2206 2358 2430 2415; x_wconf 90' lang='lat' dir='ltr'><strong>Unicum</strong></span> <span class='ocrx_word' id='word_1_381' title='bbox 2475 2360 2704 2416; x_wconf 89' lang='lat' dir='ltr'><strong>ethnicis</strong></span> <span class='ocrx_word' id='word_1_382' title='bbox 2761 2368 2946 2416; x_wconf 87' lang='lat' dir='ltr'><strong>contra</strong></span> <span class='ocrx_word' id='word_1_383' title='bbox 2990 2369 3064 2415; x_wconf 91' lang='lat' dir='ltr'><strong>tot</strong></span> <span class='ocrx_word' id='word_1_384' title='bbox 3095 2360 3515 2415; x_wconf 89' lang='lat' dir='ltr'><strong>christianorum</strong></span> <span class='ocrx_word' id='word_1_385' title='bbox 3572 2376 3737 2432; x_wconf 84' lang='lat' dir='ltr'><strong>argu-</strong></span> 
     </span>
    </p>
   </div>
   <div class='ocr_carea' id='block_1_55' title="bbox 2133 2453 3737 2524">
    <p class='ocr_par' dir='ltr' id='par_1_55' title="bbox 2133 2453 3737 2524">
     <span class='ocr_line' id='line_1_56' title="bbox 2133 2453 3737 2524; baseline 0.001 -16"><span class='ocrx_word' id='word_1_386' title='bbox 2133 2456 2335 2518; x_wconf 87' lang='lat' dir='ltr'><strong>menta,</strong></span> <span class='ocrx_word' id='word_1_387' title='bbox 2367 2469 2594 2524; x_wconf 86' lang='lat' dir='ltr'><strong>quorum</strong></span> <span class='ocrx_word' id='word_1_388' title='bbox 2624 2454 2709 2509; x_wconf 92' lang='lat' dir='ltr'><strong>vel</strong></span> <span class='ocrx_word' id='word_1_389' title='bbox 2735 2470 2840 2508; x_wconf 94' lang='lat' dir='ltr'><strong>uno</strong></span> <span class='ocrx_word' id='word_1_390' title='bbox 2871 2453 2989 2508; x_wconf 90' lang='lat' dir='ltr'><strong>solo</strong></span> <span class='ocrx_word' id='word_1_391' title='bbox 3012 2455 3186 2508; x_wconf 91' lang='lat' dir='ltr'><strong>omnis</strong></span> <span class='ocrx_word' id='word_1_392' title='bbox 3213 2453 3432 2508; x_wconf 89' lang='lat' dir='ltr'><strong>deorum</strong></span> <span class='ocrx_word' id='word_1_393' title='bbox 3455 2455 3660 2522; x_wconf 89' lang='lat' dir='ltr'><strong>cultus,</strong></span> <span class='ocrx_word' id='word_1_394' title='bbox 3684 2465 3737 2510; x_wconf 86' lang='lat' dir='ltr'><strong>et</strong></span> 
     </span>
    </p>
   </div>
   <div class='ocr_carea' id='block_1_56' title="bbox 2133 2545 3741 2616">
    <p class='ocr_par' dir='ltr' id='par_1_56' title="bbox 2133 2545 3741 2616">
     <span class='ocr_line' id='line_1_57' title="bbox 2133 2545 3741 2616; baseline -0.001 -15"><span class='ocrx_word' id='word_1_395' title='bbox 2133 2555 2241 2601; x_wconf 78' lang='lat' dir='ltr'><strong>tom</strong></span> <span class='ocrx_word' id='word_1_396' title='bbox 2274 2547 2488 2601; x_wconf 89' lang='lat' dir='ltr'><strong>illorum</strong></span> <span class='ocrx_word' id='word_1_397' title='bbox 2520 2547 2710 2613; x_wconf 80' lang='lat' dir='ltr'><strong>religio</strong></span> <span class='ocrx_word' id='word_1_398' title='bbox 2739 2545 2976 2600; x_wconf 80' lang='lat' dir='ltr'><strong>funditus</strong></span> <span class='ocrx_word' id='word_1_399' title='bbox 3023 2546 3400 2612; x_wconf 86' lang='lat' dir='ltr'><strong>evertebatur,</strong></span> <span class='ocrx_word' id='word_1_400' title='bbox 3458 2557 3741 2616; x_wconf 85' lang='lat' dir='ltr'><strong>supererat</strong></span> 
     </span>
    </p>
   </div>
   <div class='ocr_carea' id='block_1_57' title="bbox 2134 2639 3738 2709">
    <p class='ocr_par' dir='ltr' id='par_1_57' title="bbox 2134 2639 3738 2709">
     <span class='ocr_line' id='line_1_58' title="bbox 2134 2639 3738 2709; baseline 0.002 -17"><span class='ocrx_word' id='word_1_401' title='bbox 2134 2639 2443 2709; x_wconf 71' lang='lat' dir='ltr'><strong>prmsidinm</strong></span> <span class='ocrx_word' id='word_1_402' title='bbox 2468 2680 2483 2704; x_wconf 94' lang='lat'><strong>,</strong></span> <span class='ocrx_word' id='word_1_403' title='bbox 2530 2639 2672 2709; x_wconf 91' lang='lat' dir='ltr'><strong>quod</strong></span> <span class='ocrx_word' id='word_1_404' title='bbox 2701 2639 2971 2694; x_wconf 85' lang='lat' dir='ltr'><strong>Arnobius</strong></span> <span class='ocrx_word' id='word_1_405' title='bbox 3002 2640 3213 2709; x_wconf 87' lang='lat' dir='ltr'><strong>penitus</strong></span> <span class='ocrx_word' id='word_1_406' title='bbox 3235 2639 3396 2694; x_wconf 90' lang='lat' dir='ltr'><strong>diruit</strong></span> <span class='ocrx_word' id='word_1_407' title='bbox 3423 2655 3485 2694; x_wconf 90' lang='lat' dir='ltr'><strong>ac</strong></span> <span class='ocrx_word' id='word_1_408' title='bbox 3507 2639 3738 2696; x_wconf 87' lang='lat' dir='ltr'><strong>demoli-</strong></span> 
     </span>
    </p>
   </div>
   <div class='ocr_carea' id='block_1_58' title="bbox 2136 2732 3736 2802">
    <p class='ocr_par' dir='ltr' id='par_1_58' title="bbox 2136 2732 3736 2802">
     <span class='ocr_line' id='line_1_59' title="bbox 2136 2732 3736 2802; baseline 0 -16"><span class='ocrx_word' id='word_1_409' title='bbox 2136 2741 2239 2787; x_wconf 89' lang='lat' dir='ltr'><strong>tur.</strong></span> <span class='ocrx_word' id='word_1_410' title='bbox 2293 2733 2634 2802; x_wconf 89' lang='lat' dir='ltr'><strong>Objiciebant</strong></span> <span class='ocrx_word' id='word_1_411' title='bbox 2663 2735 2804 2788; x_wconf 92' lang='lat' dir='ltr'><strong>enim</strong></span> <span class='ocrx_word' id='word_1_412' title='bbox 2838 2732 3002 2787; x_wconf 89' lang='lat' dir='ltr'><strong>multa</strong></span> <span class='ocrx_word' id='word_1_413' title='bbox 3029 2747 3059 2786; x_wconf 90' lang='lat' dir='ltr'><strong>a</strong></span> <span class='ocrx_word' id='word_1_414' title='bbox 3088 2732 3189 2785; x_wconf 83' lang='lat' dir='ltr'><strong>diis</strong></span> <span class='ocrx_word' id='word_1_415' title='bbox 3219 2740 3428 2801; x_wconf 89' lang='lat' dir='ltr'><strong>patrata</strong></span> <span class='ocrx_word' id='word_1_416' title='bbox 3456 2733 3736 2796; x_wconf 85' lang='lat' dir='ltr'><strong>miracula,</strong></span> 
     </span>
    </p>
   </div>
   <div class='ocr_carea' id='block_1_59' title="bbox 2133 2825 3736 2895">
    <p class='ocr_par' dir='ltr' id='par_1_59' title="bbox 2133 2825 3736 2895">
     <span class='ocr_line' id='line_1_60' title="bbox 2133 2825 3736 2895; baseline 0.001 -13"><span class='ocrx_word' id='word_1_417' title='bbox 2133 2835 2187 2882; x_wconf 91' lang='lat' dir='ltr'><strong>et</strong></span> <span class='ocrx_word' id='word_1_418' title='bbox 2214 2827 2420 2882; x_wconf 84' lang='lat' dir='ltr'><strong>reddita</strong></span> <span class='ocrx_word' id='word_1_419' title='bbox 2450 2827 2517 2880; x_wconf 88' lang='lat' dir='ltr'><strong>de</strong></span> <span class='ocrx_word' id='word_1_420' title='bbox 2560 2825 2754 2881; x_wconf 81' lang='lat' dir='ltr'><strong>futuris</strong></span> <span class='ocrx_word' id='word_1_421' title='bbox 2784 2827 2944 2880; x_wconf 90' lang='lat' dir='ltr'><strong>rebus</strong></span> <span class='ocrx_word' id='word_1_422' title='bbox 2972 2840 3262 2895; x_wconf 88' lang='lat' dir='ltr'><strong>responsa,</strong></span> <span class='ocrx_word' id='word_1_423' title='bbox 3297 2825 3491 2894; x_wconf 88' lang='lat' dir='ltr'><strong>quibus</strong></span> <span class='ocrx_word' id='word_1_424' title='bbox 3524 2841 3621 2881; x_wconf 89' lang='lat' dir='ltr'><strong>eos</strong></span> <span class='ocrx_word' id='word_1_425' title='bbox 3655 2843 3736 2885; x_wconf 81' lang='lat' dir='ltr'><strong>re.-</strong></span> 
     </span>
    </p>
   </div>
   <div class='ocr_carea' id='block_1_60' title="bbox 2133 2918 3736 2990">
    <p class='ocr_par' dir='ltr' id='par_1_60' title="bbox 2133 2918 3736 2990">
     <span class='ocr_line' id='line_1_61' title="bbox 2133 2918 3736 2990; baseline -0.001 -15"><span class='ocrx_word' id='word_1_426' title='bbox 2133 2935 2255 2978; x_wconf 87' lang='lat' dir='ltr'><strong>vera</strong></span> <span class='ocrx_word' id='word_1_427' title='bbox 2289 2922 2521 2977; x_wconf 82' lang='lat' dir='ltr'><strong>existere</strong></span> <span class='ocrx_word' id='word_1_428' title='bbox 2548 2930 2601 2975; x_wconf 91' lang='lat' dir='ltr'><strong>et</strong></span> <span class='ocrx_word' id='word_1_429' title='bbox 2628 2921 2905 2975; x_wconf 88' lang='lat' dir='ltr'><strong>hominum</strong></span> <span class='ocrx_word' id='word_1_430' title='bbox 2959 2918 3325 2974; x_wconf 83' lang='lat' dir='ltr'><strong>satisfactione</strong></span> <span class='ocrx_word' id='word_1_431' title='bbox 3363 2927 3525 2990; x_wconf 88' lang='lat' dir='ltr'><strong>atque</strong></span> <span class='ocrx_word' id='word_1_432' title='bbox 3570 2919 3736 2975; x_wconf 87' lang='lat' dir='ltr'><strong>sacri-</strong></span> 
     </span>
    </p>
   </div>
   <div class='ocr_carea' id='block_1_61' title="bbox 2137 3011 3736 3082">
    <p class='ocr_par' dir='ltr' id='par_1_61' title="bbox 2137 3011 3736 3082">
     <span class='ocr_line' id='line_1_62' title="bbox 2137 3011 3736 3082; baseline -0.001 -15"><span class='ocrx_word' id='word_1_433' title='bbox 2137 3013 2274 3067; x_wconf 85' lang='lat' dir='ltr'><strong>ﬁciis</strong></span> <span class='ocrx_word' id='word_1_434' title='bbox 2307 3012 2527 3082; x_wconf 88' lang='lat' dir='ltr'><strong>placari,</strong></span> <span class='ocrx_word' id='word_1_435' title='bbox 2561 3027 2661 3066; x_wconf 81' lang='lat' dir='ltr'><strong>nec</strong></span> <span class='ocrx_word' id='word_1_436' title='bbox 2690 3012 2858 3067; x_wconf 90' lang='lat' dir='ltr'><strong>semel</strong></span> <span class='ocrx_word' id='word_1_437' title='bbox 2891 3027 2988 3066; x_wconf 88' lang='lat' dir='ltr'><strong>nec</strong></span> <span class='ocrx_word' id='word_1_438' title='bbox 3029 3011 3258 3066; x_wconf 90' lang='lat' dir='ltr'><strong>obscure</strong></span> <span class='ocrx_word' id='word_1_439' title='bbox 3310 3011 3736 3066; x_wconf 88' lang='lat' dir='ltr'><strong>demonstratum</strong></span> 
     </span>
    </p>
   </div>
   <div class='ocr_carea' id='block_1_62' title="bbox 2140 3105 2562 3161">
    <p class='ocr_par' dir='ltr' id='par_1_62' title="bbox 2140 3105 2562 3161">
     <span class='ocr_line' id='line_1_63' title="bbox 2140 3105 2562 3161; baseline -0.009 0"><span class='ocrx_word' id='word_1_440' title='bbox 2140 3105 2562 3161; x_wconf 86' lang='lat' dir='ltr'><strong>arbitrabantur.</strong></span> 
     </span>
    </p>
   </div>
   <div class='ocr_carea' id='block_1_63' title="bbox 432 3195 3738 3286">
    <p class='ocr_par' dir='ltr' id='par_1_63' title="bbox 432 3195 3738 3286">
     <span class='ocr_line' id='line_1_64' title="bbox 432 3195 3738 3286; baseline -0.001 -32"><span class='ocrx_word' id='word_1_441' title='bbox 432 3218 686 3284; x_wconf 68' lang='lat' dir='ltr'><strong>tanquam</strong></span> <span class='ocrx_word' id='word_1_442' title='bbox 715 3211 846 3268; x_wconf 76' lang='lat' dir='ltr'><strong>deos</strong></span> <span class='ocrx_word' id='word_1_443' title='bbox 885 3215 1102 3282; x_wconf 67' lang='lat' dir='ltr'><strong>colum;</strong></span> <span class='ocrx_word' id='word_1_444' title='bbox 1134 3226 1327 3270; x_wconf 61' lang='lat' dir='ltr'><strong>mcum</strong></span> <span class='ocrx_word' id='word_1_445' title='bbox 1350 3216 1417 3274; x_wconf 69' lang='lat' dir='ltr'><strong>de</strong></span> <span class='ocrx_word' id='word_1_446' title='bbox 1440 3217 1548 3272; x_wconf 73' lang='lat' dir='ltr'><strong>mis</strong></span> <span class='ocrx_word' id='word_1_447' title='bbox 1574 3216 1688 3272; x_wconf 67' lang='grc' dir='ltr'><strong>ιιωε</strong></span> <span class='ocrx_word' id='word_1_448' title='bbox 1713 3225 1924 3286; x_wconf 51' lang='lat' dir='ltr'><strong>negant,</strong></span> <span class='ocrx_word' id='word_1_449' title='bbox 1964 3215 2032 3270; x_wconf 66' lang='lat' dir='ltr'><strong>ab</strong></span> <span class='ocrx_word' id='word_1_450' title='bbox 2208 3200 2445 3255; x_wconf 88' lang='lat' dir='ltr'><strong>Primum</strong></span> <span class='ocrx_word' id='word_1_451' title='bbox 2477 3199 2658 3270; x_wconf 88' lang='lat' dir='ltr'><strong>itaque</strong></span> <span class='ocrx_word' id='word_1_452' title='bbox 2683 3196 3189 3253; x_wconf 88' lang='lat' dir='ltr'><strong>narrabanteditum</strong></span> <span class='ocrx_word' id='word_1_453' title='bbox 3213 3197 3380 3252; x_wconf 78' lang='lat' dir='ltr'><strong>fuisse</strong></span> <span class='ocrx_word' id='word_1_454' title='bbox 3401 3195 3738 3264; x_wconf 86' lang='lat' dir='ltr'><strong>miraculum,</strong></span> 
     </span>
    </p>
   </div>
   <div class='ocr_carea' id='block_1_64' title="bbox 430 3306 2032 3382">
    <p class='ocr_par' dir='ltr' id='par_1_64' title="bbox 430 3306 2032 3382">
     <span class='ocr_line' id='line_1_65' title="bbox 430 3306 2032 3382; baseline 0.004 -26"><span class='ocrx_word' id='word_1_455' title='bbox 430 3306 576 3358; x_wconf 89' lang='lat' dir='ltr'><strong>omni</strong></span> <span class='ocrx_word' id='word_1_456' title='bbox 603 3320 697 3360; x_wconf 90' lang='lat' dir='ltr'><strong>eos</strong></span> <span class='ocrx_word' id='word_1_457' title='bbox 729 3307 952 3363; x_wconf 88' lang='lat' dir='ltr'><strong>crimine</strong></span> <span class='ocrx_word' id='word_1_458' title='bbox 977 3323 1206 3378; x_wconf 85' lang='lat' dir='ltr'><strong>purgare</strong></span> <span class='ocrx_word' id='word_1_459' title='bbox 1234 3324 1342 3364; x_wconf 93' lang='lat' dir='ltr'><strong>non</strong></span> <span class='ocrx_word' id='word_1_460' title='bbox 1373 3319 1632 3379; x_wconf 91' lang='lat' dir='ltr'><strong>possunt;</strong></span> <span class='ocrx_word' id='word_1_461' title='bbox 1669 3310 1919 3382; x_wconf 89' lang='lat' dir='ltr'><strong>quoniam</strong></span> <span class='ocrx_word' id='word_1_462' title='bbox 1950 3309 2032 3362; x_wconf 92' lang='lat' dir='ltr'><strong>ln-</strong></span> 
     </span>
    </p>
   </div>
   <div class='ocr_carea' id='block_1_65' title="bbox 429 3394 2034 3472">
    <p class='ocr_par' dir='ltr' id='par_1_65' title="bbox 429 3394 2034 3472">
     <span class='ocr_line' id='line_1_66' title="bbox 429 3394 2034 3472; baseline 0.003 -23"><span class='ocrx_word' id='word_1_463' title='bbox 429 3394 529 3450; x_wconf 92' lang='lat' dir='ltr'><strong>dos</strong></span> <span class='ocrx_word' id='word_1_464' title='bbox 560 3397 624 3450; x_wconf 91' lang='lat' dir='ltr'><strong>iis</strong></span> <span class='ocrx_word' id='word_1_465' title='bbox 651 3399 842 3454; x_wconf 90' lang='lat' dir='ltr'><strong>ritibus</strong></span> <span class='ocrx_word' id='word_1_466' title='bbox 868 3400 1164 3468; x_wconf 78' lang='lat' dir='ltr'><strong>exhibent,</strong></span> <span class='ocrx_word' id='word_1_467' title='bbox 1214 3402 1301 3456; x_wconf 89' lang='lat' dir='ltr'><strong>ubi</strong></span> <span class='ocrx_word' id='word_1_468' title='bbox 1355 3403 1580 3471; x_wconf 90' lang='lat' dir='ltr'><strong>turpiter</strong></span> <span class='ocrx_word' id='word_1_469' title='bbox 1635 3411 1883 3471; x_wconf 80' lang='lat' dir='ltr'><strong>aguntur,</strong></span> <span class='ocrx_word' id='word_1_470' title='bbox 1913 3416 2034 3472; x_wconf 78' lang='lat' dir='ltr'><strong>qua:</strong></span> 
     </span>
    </p>
   </div>
   <div class='ocr_carea' id='block_1_66' title="bbox 429 3489 2033 3565">
    <p class='ocr_par' dir='ltr' id='par_1_66' title="bbox 429 3489 2033 3565">
     <span class='ocr_line' id='line_1_67' title="bbox 429 3489 2033 3565; baseline 0.003 -24"><span class='ocrx_word' id='word_1_471' title='bbox 429 3489 576 3544; x_wconf 90' lang='lat' dir='ltr'><strong>velut</strong></span> <span class='ocrx_word' id='word_1_472' title='bbox 598 3492 870 3560; x_wconf 89' lang='lat' dir='ltr'><strong>sapienter</strong></span> <span class='ocrx_word' id='word_1_473' title='bbox 897 3504 1195 3564; x_wconf 78' lang='lat' dir='ltr'><strong>negantur;</strong></span> <span class='ocrx_word' id='word_1_474' title='bbox 1228 3502 1282 3549; x_wconf 90' lang='lat' dir='ltr'><strong>et</strong></span> <span class='ocrx_word' id='word_1_475' title='bbox 1310 3493 1393 3548; x_wconf 89' lang='lat' dir='ltr'><strong>his</strong></span> <span class='ocrx_word' id='word_1_476' title='bbox 1421 3495 1570 3548; x_wconf 82' lang='lat' dir='ltr'><strong>l‘alsis</strong></span> <span class='ocrx_word' id='word_1_477' title='bbox 1597 3510 1658 3548; x_wconf 91' lang='lat' dir='ltr'><strong>ac</strong></span> <span class='ocrx_word' id='word_1_478' title='bbox 1689 3495 1934 3565; x_wconf 91' lang='lat' dir='ltr'><strong>turpibus</strong></span> <span class='ocrx_word' id='word_1_479' title='bbox 1960 3494 2033 3547; x_wconf 91' lang='lat' dir='ltr'><strong>dii</strong></span> 
     </span>
    </p>
   </div>
   <div class='ocr_carea' id='block_1_67' title="bbox 429 3581 2033 3653">
    <p class='ocr_par' dir='ltr' id='par_1_67' title="bbox 429 3581 2033 3653">
     <span class='ocr_line' id='line_1_68' title="bbox 429 3581 2033 3653; baseline 0.002 -17"><span class='ocrx_word' id='word_1_480' title='bbox 429 3581 743 3653; x_wconf 77' lang='lat' dir='ltr'><strong>placantur,</strong></span> <span class='ocrx_word' id='word_1_481' title='bbox 789 3584 876 3643; x_wconf 91' lang='lat' dir='ltr'><strong>ubi</strong></span> <span class='ocrx_word' id='word_1_482' title='bbox 918 3586 1017 3642; x_wconf 88' lang='lat' dir='ltr'><strong>etsi</strong></span> <span class='ocrx_word' id='word_1_483' title='bbox 1059 3586 1240 3642; x_wconf 81' lang='lat' dir='ltr'><strong>fabula</strong></span> <span class='ocrx_word' id='word_1_484' title='bbox 1282 3595 1463 3646; x_wconf 86' lang='lat' dir='ltr'><strong>cantat</strong></span> <span class='ocrx_word' id='word_1_485' title='bbox 1501 3586 1704 3644; x_wconf 90' lang='lat' dir='ltr'><strong>crimen</strong></span> <span class='ocrx_word' id='word_1_486' title='bbox 1752 3587 2033 3646; x_wconf 86' lang='lat' dir='ltr'><strong>numinum</strong></span> 
     </span>
    </p>
   </div>
   <div class='ocr_carea' id='block_1_68' title="bbox 429 3674 2038 3746">
    <p class='ocr_par' dir='ltr' id='par_1_68' title="bbox 429 3674 2038 3746">
     <span class='ocr_line' id='line_1_69' title="bbox 429 3674 2038 3746; baseline 0.004 -18"><span class='ocrx_word' id='word_1_487' title='bbox 429 3674 656 3739; x_wconf 74' lang='lat' dir='ltr'><strong>falsum,</strong></span> <span class='ocrx_word' id='word_1_488' title='bbox 688 3677 942 3733; x_wconf 89' lang='lat' dir='ltr'><strong>delectari</strong></span> <span class='ocrx_word' id='word_1_489' title='bbox 984 3687 1160 3736; x_wconf 91' lang='lat' dir='ltr'><strong>tamen</strong></span> <span class='ocrx_word' id='word_1_490' title='bbox 1203 3678 1340 3734; x_wconf 76' lang='lat' dir='ltr'><strong>falso</strong></span> <span class='ocrx_word' id='word_1_491' title='bbox 1389 3680 1650 3746; x_wconf 73' lang='lat' dir='ltr'><strong>crimine},</strong></span> <span class='ocrx_word' id='word_1_492' title='bbox 1701 3680 1904 3734; x_wconf 88' lang='lat' dir='ltr'><strong>crimen</strong></span> <span class='ocrx_word' id='word_1_493' title='bbox 1956 3693 2038 3735; x_wconf 88' lang='lat' dir='ltr'><strong>est</strong></span> 
     </span>
    </p>
   </div>
   <div class='ocr_carea' id='block_1_69' title="bbox 431 3769 2035 3846">
    <p class='ocr_par' dir='ltr' id='par_1_69' title="bbox 431 3769 2035 3846">
     <span class='ocr_line' id='line_1_70' title="bbox 431 3769 2035 3846; baseline 0 -22"><span class='ocrx_word' id='word_1_494' title='bbox 431 3783 616 3824; x_wconf 80' lang='lat' dir='ltr'><strong>verum</strong></span> <span class='ocrx_word' id='word_1_495' title='bbox 652 3788 672 3824; x_wconf 70' lang='grc' dir='ltr'><strong><em>ι</em></strong></span> <span class='ocrx_word' id='word_1_496' title='bbox 717 3769 936 3842; x_wconf 84' lang='lat' dir='ltr'><strong>(ldem.,</strong></span> <span class='ocrx_word' id='word_1_497' title='bbox 964 3771 1115 3834; x_wconf 83' lang='lat' dir='ltr'><strong>ibid.,</strong></span> <span class='ocrx_word' id='word_1_498' title='bbox 1134 3771 1249 3826; x_wconf 85' lang='lat' dir='ltr'><strong>libr.</strong></span> <span class='ocrx_word' id='word_1_499' title='bbox 1274 3787 1462 3843; x_wconf 77' lang='lat' dir='ltr'><strong>xxvut,</strong></span> <span class='ocrx_word' id='word_1_500' title='bbox 1488 3787 1606 3846; x_wconf 86' lang='lat' dir='ltr'><strong><em>cap.</em></strong></span> <span class='ocrx_word' id='word_1_501' title='bbox 1634 3769 1719 3834; x_wconf 79' lang='lat' dir='ltr'><strong>i2,</strong></span> <span class='ocrx_word' id='word_1_502' title='bbox 1742 3769 2035 3844; x_wconf 74' lang='lat' dir='ltr'><strong>pag.497).</strong></span> 
     </span>
    </p>
   </div>
   <div class='ocr_carea' id='block_1_70' title="bbox 501 3862 2040 3941">
    <p class='ocr_par' dir='ltr' id='par_1_70' title="bbox 501 3862 2040 3941">
     <span class='ocr_line' id='line_1_71' title="bbox 501 3862 2040 3941; baseline -0.001 -24"><span class='ocrx_word' id='word_1_503' title='bbox 501 3862 670 3920; x_wconf 85' lang='lat' dir='ltr'><strong>Nobis</strong></span> <span class='ocrx_word' id='word_1_504' title='bbox 717 3879 880 3934; x_wconf 90' lang='lat' dir='ltr'><strong>porro</strong></span> <span class='ocrx_word' id='word_1_505' title='bbox 927 3865 1130 3920; x_wconf 88' lang='lat' dir='ltr'><strong>ethnici</strong></span> <span class='ocrx_word' id='word_1_506' title='bbox 1178 3864 1412 3941; x_wconf 70' lang='lat' dir='ltr'><strong>obiicere</strong></span> <span class='ocrx_word' id='word_1_507' title='bbox 1439 3879 1544 3918; x_wconf 90' lang='lat' dir='ltr'><strong>non</strong></span> <span class='ocrx_word' id='word_1_508' title='bbox 1579 3873 1828 3933; x_wconf 89' lang='lat' dir='ltr'><strong>poterant</strong></span> <span class='ocrx_word' id='word_1_509' title='bbox 1859 3878 2040 3918; x_wconf 90' lang='lat' dir='ltr'><strong>sacra-</strong></span> 
     </span>
    </p>
   </div>
   <div class='ocr_carea' id='block_1_71' title="bbox 433 3957 2038 4029">
    <p class='ocr_par' dir='ltr' id='par_1_71' title="bbox 433 3957 2038 4029">
     <span class='ocr_line' id='line_1_72' title="bbox 433 3957 2038 4029; baseline 0 -19"><span class='ocrx_word' id='word_1_510' title='bbox 433 3971 551 4010; x_wconf 89' lang='lat' dir='ltr'><strong>rum</strong></span> <span class='ocrx_word' id='word_1_511' title='bbox 576 3971 790 4028; x_wconf 90' lang='lat' dir='ltr'><strong>quoque</strong></span> <span class='ocrx_word' id='word_1_512' title='bbox 820 3966 1126 4016; x_wconf 84' lang='lat' dir='ltr'><strong>nostrarum</strong></span> <span class='ocrx_word' id='word_1_513' title='bbox 1185 3957 1584 4029; x_wconf 86' lang='lat' dir='ltr'><strong>Scripturarum</strong></span> <span class='ocrx_word' id='word_1_514' title='bbox 1634 3957 1932 4021; x_wconf 86' lang='lat' dir='ltr'><strong>abstrusos,</strong></span> <span class='ocrx_word' id='word_1_515' title='bbox 1965 3957 2038 4010; x_wconf 85' lang='lat' dir='ltr'><strong>la-</strong></span> 
     </span>
    </p>
   </div>
   <div class='ocr_carea' id='block_1_72' title="bbox 434 4047 2039 4120">
    <p class='ocr_par' dir='ltr' id='par_1_72' title="bbox 434 4047 2039 4120">
     <span class='ocr_line' id='line_1_73' title="bbox 434 4047 2039 4120; baseline 0.001 -20"><span class='ocrx_word' id='word_1_516' title='bbox 434 4055 609 4104; x_wconf 90' lang='lat' dir='ltr'><strong>tentes</strong></span> <span class='ocrx_word' id='word_1_517' title='bbox 633 4090 648 4114; x_wconf 94' lang='lat'><strong>,</strong></span> <span class='ocrx_word' id='word_1_518' title='bbox 677 4057 729 4104; x_wconf 89' lang='lat' dir='ltr'><strong>et</strong></span> <span class='ocrx_word' id='word_1_519' title='bbox 759 4048 1080 4120; x_wconf 83' lang='lat' dir='ltr'><strong>allegoricos</strong></span> <span class='ocrx_word' id='word_1_520' title='bbox 1110 4063 1230 4104; x_wconf 85' lang='lat' dir='ltr'><strong>esse</strong></span> <span class='ocrx_word' id='word_1_521' title='bbox 1256 4063 1466 4104; x_wconf 89' lang='lat' dir='ltr'><strong>sensus.</strong></span> <span class='ocrx_word' id='word_1_522' title='bbox 1502 4047 1634 4103; x_wconf 86' lang='lat' dir='ltr'><strong>Nam</strong></span> <span class='ocrx_word' id='word_1_523' title='bbox 1663 4047 1717 4102; x_wconf 93' lang='lat' dir='ltr'><strong>hi</strong></span> <span class='ocrx_word' id='word_1_524' title='bbox 1745 4047 1902 4118; x_wconf 89' lang='lat' dir='ltr'><strong>plane</strong></span> <span class='ocrx_word' id='word_1_525' title='bbox 1944 4061 2039 4118; x_wconf 88' lang='lat' dir='ltr'><strong>pe-</strong></span> 
     </span>
    </p>
   </div>
   <div class='ocr_carea' id='block_1_73' title="bbox 436 4140 2041 4218">
    <p class='ocr_par' dir='ltr' id='par_1_73' title="bbox 436 4140 2041 4218">
     <span class='ocr_line' id='line_1_74' title="bbox 436 4140 2041 4218; baseline 0 -23"><span class='ocrx_word' id='word_1_526' title='bbox 436 4140 687 4213; x_wconf 89' lang='lat' dir='ltr'><strong>nitusque</strong></span> <span class='ocrx_word' id='word_1_527' title='bbox 717 4141 785 4195; x_wconf 90' lang='lat' dir='ltr'><strong>ab</strong></span> <span class='ocrx_word' id='word_1_528' title='bbox 817 4143 1029 4198; x_wconf 90' lang='lat' dir='ltr'><strong>illorum</strong></span> <span class='ocrx_word' id='word_1_529' title='bbox 1053 4142 1479 4212; x_wconf 86' lang='lat' dir='ltr'><strong>expositionibus</strong></span> <span class='ocrx_word' id='word_1_530' title='bbox 1498 4142 1826 4218; x_wconf 87' lang='lat' dir='ltr'><strong>discrepant,</strong></span> <span class='ocrx_word' id='word_1_531' title='bbox 1847 4157 2041 4212; x_wconf 87' lang='lat' dir='ltr'><strong>quem-</strong></span> 
     </span>
    </p>
   </div>
   <div class='ocr_carea' id='block_1_74' title="bbox 432 4232 2040 4306">
    <p class='ocr_par' dir='ltr' id='par_1_74' title="bbox 432 4232 2040 4306">
     <span class='ocr_line' id='line_1_75' title="bbox 432 4232 2040 4306; baseline 0 -20"><span class='ocrx_word' id='word_1_532' title='bbox 432 4232 720 4289; x_wconf 90' lang='lat' dir='ltr'><strong>admodum</strong></span> <span class='ocrx_word' id='word_1_533' title='bbox 759 4233 1054 4306; x_wconf 80' lang='lat' dir='ltr'><strong>Gregorius</strong></span> <span class='ocrx_word' id='word_1_534' title='bbox 1118 4233 1519 4299; x_wconf 85' lang='lat' dir='ltr'><strong>Nazianzenus,</strong></span> <span class='ocrx_word' id='word_1_535' title='bbox 1576 4234 1725 4288; x_wconf 91' lang='lat' dir='ltr'><strong>hisce</strong></span> <span class='ocrx_word' id='word_1_536' title='bbox 1748 4233 1928 4288; x_wconf 88' lang='lat' dir='ltr'><strong>verbis</strong></span> <span class='ocrx_word' id='word_1_537' title='bbox 1954 4233 2040 4288; x_wconf 91' lang='lat' dir='ltr'><strong>di-</strong></span> 
     </span>
    </p>
   </div>
   <div class='ocr_carea' id='block_1_75' title="bbox 436 4326 2037 4400">
    <p class='ocr_par' dir='ltr' id='par_1_75' title="bbox 436 4326 2037 4400">
     <span class='ocr_line' id='line_1_76' title="bbox 436 4326 2037 4400; baseline 0 -19"><span class='ocrx_word' id='word_1_538' title='bbox 436 4327 735 4384; x_wconf 88' lang='lat' dir='ltr'><strong>sertissime</strong></span> <span class='ocrx_word' id='word_1_539' title='bbox 789 4328 1058 4398; x_wconf 79' lang='lat' dir='ltr'><strong>explicat:</strong></span> <span class='ocrx_word' id='word_1_540' title='bbox 1096 4346 1114 4378; x_wconf 75' lang='grc' dir='ltr'><strong><em>ι</em></strong></span> <span class='ocrx_word' id='word_1_541' title='bbox 1148 4326 1302 4398; x_wconf 82' lang='lat' dir='ltr'><strong>Apud</strong></span> <span class='ocrx_word' id='word_1_542' title='bbox 1351 4343 1449 4400; x_wconf 86' lang='lat' dir='ltr'><strong>nos</strong></span> <span class='ocrx_word' id='word_1_543' title='bbox 1499 4343 1742 4399; x_wconf 83' lang='lat' dir='ltr'><strong>quoque,</strong></span> <span class='ocrx_word' id='word_1_544' title='bbox 1777 4347 1796 4379; x_wconf 77' lang='grc' dir='ltr'><strong><em>ι</em></strong></span> <span class='ocrx_word' id='word_1_545' title='bbox 1843 4327 2037 4398; x_wconf 86' lang='lat' dir='ltr'><strong>inquit,</strong></span> 
     </span>
    </p>
   </div>
   <div class='ocr_carea' id='block_1_76' title="bbox 444 4404 2038 4490">
    <p class='ocr_par' dir='ltr' id='par_1_76' title="bbox 444 4404 2038 4490">
     <span class='ocr_line' id='line_1_77' title="bbox 444 4404 2038 4490; baseline 0.002 -20"><span class='ocrx_word' id='word_1_546' title='bbox 444 4437 461 4470; x_wconf 77' lang='grc' dir='ltr'>ι</span> <span class='ocrx_word' id='word_1_547' title='bbox 497 4420 661 4474; x_wconf 84' lang='lat' dir='ltr'><strong>abditi</strong></span> <span class='ocrx_word' id='word_1_548' title='bbox 692 4421 908 4490; x_wconf 89' lang='lat' dir='ltr'><strong>quidem</strong></span> <span class='ocrx_word' id='word_1_549' title='bbox 940 4431 993 4475; x_wconf 88' lang='lat' dir='ltr'><strong>et</strong></span> <span class='ocrx_word' id='word_1_550' title='bbox 1016 4404 1248 4476; x_wconf 84' lang='lat' dir='ltr'><strong>abstrusi</strong></span> <span class='ocrx_word' id='word_1_551' title='bbox 1277 4435 1559 4476; x_wconf 88' lang='lat' dir='ltr'><strong>sermones</strong></span> <span class='ocrx_word' id='word_1_552' title='bbox 1584 4429 1741 4486; x_wconf 90' lang='lat' dir='ltr'><strong>sunt;</strong></span> <span class='ocrx_word' id='word_1_553' title='bbox 1774 4435 1873 4476; x_wconf 89' lang='lat' dir='ltr'><strong>nec</strong></span> <span class='ocrx_word' id='word_1_554' title='bbox 1897 4419 2038 4474; x_wconf 89' lang='lat' dir='ltr'><strong>enim</strong></span> 
     </span>
    </p>
   </div>
   <div class='ocr_carea' id='block_1_77' title="bbox 437 4510 2043 4582">
    <p class='ocr_par' dir='ltr' id='par_1_77' title="bbox 437 4510 2043 4582">
     <span class='ocr_line' id='line_1_78' title="bbox 437 4510 2043 4582; baseline -0.001 -16"><span class='ocrx_word' id='word_1_555' title='bbox 437 4510 644 4566; x_wconf 87' lang='lat' dir='ltr'><strong>inlicias</strong></span> <span class='ocrx_word' id='word_1_556' title='bbox 685 4513 857 4567; x_wconf 87' lang='lat' dir='ltr'><strong>ivero.</strong></span> <span class='ocrx_word' id='word_1_557' title='bbox 887 4513 1086 4568; x_wconf 83' lang='lat' dir='ltr'><strong>Verum</strong></span> <span class='ocrx_word' id='word_1_558' title='bbox 1117 4528 1362 4582; x_wconf 80' lang='lat' dir='ltr'><strong>quaenam</strong></span> <span class='ocrx_word' id='word_1_559' title='bbox 1386 4511 1613 4581; x_wconf 86' lang='lat' dir='ltr'><strong>duplicis</strong></span> <span class='ocrx_word' id='word_1_560' title='bbox 1637 4527 1822 4565; x_wconf 90' lang='lat' dir='ltr'><strong>eorum</strong></span> <span class='ocrx_word' id='word_1_561' title='bbox 1851 4525 2043 4564; x_wconf 88' lang='lat' dir='ltr'><strong>sensus</strong></span> 
     </span>
    </p>
   </div>
   <div class='ocr_carea' id='block_1_78' title="bbox 2135 3292 3735 3363">
    <p class='ocr_par' dir='ltr' id='par_1_78' title="bbox 2135 3292 3735 3363">
     <span class='ocr_line' id='line_1_79' title="bbox 2135 3292 3735 3363; baseline -0.001 -14"><span class='ocrx_word' id='word_1_562' title='bbox 2135 3310 2256 3349; x_wconf 93' lang='lat' dir='ltr'><strong>cum</strong></span> <span class='ocrx_word' id='word_1_563' title='bbox 2307 3304 2524 3363; x_wconf 85' lang='lat' dir='ltr'><strong>propter</strong></span> <span class='ocrx_word' id='word_1_564' title='bbox 2567 3294 2720 3348; x_wconf 89' lang='lat' dir='ltr'><strong>ludos</strong></span> <span class='ocrx_word' id='word_1_565' title='bbox 2763 3295 3063 3358; x_wconf 88' lang='lat' dir='ltr'><strong>circenses,</strong></span> <span class='ocrx_word' id='word_1_566' title='bbox 3112 3294 3201 3362; x_wconf 91' lang='lat' dir='ltr'><strong>qui</strong></span> <span class='ocrx_word' id='word_1_567' title='bbox 3225 3293 3276 3347; x_wconf 91' lang='lat' dir='ltr'><strong>in</strong></span> <span class='ocrx_word' id='word_1_568' title='bbox 3298 3292 3446 3346; x_wconf 78' lang='lat' dir='ltr'><strong>Jovis</strong></span> <span class='ocrx_word' id='word_1_569' title='bbox 3475 3294 3735 3348; x_wconf 89' lang='lat' dir='ltr'><strong>honorem</strong></span> 
     </span>
    </p>
   </div>
   <div class='ocr_carea' id='block_1_79' title="bbox 2137 3383 3729 3454">
    <p class='ocr_par' dir='ltr' id='par_1_79' title="bbox 2137 3383 3729 3454">
     <span class='ocr_line' id='line_1_80' title="bbox 2137 3383 3729 3454; baseline -0.002 -15"><span class='ocrx_word' id='word_1_570' title='bbox 2137 3385 2365 3440; x_wconf 91' lang='lat' dir='ltr'><strong>instituti</strong></span> <span class='ocrx_word' id='word_1_571' title='bbox 2396 3395 2568 3450; x_wconf 89' lang='lat' dir='ltr'><strong>erant,</strong></span> <span class='ocrx_word' id='word_1_572' title='bbox 2601 3401 2705 3438; x_wconf 91' lang='lat' dir='ltr'><strong>non</strong></span> <span class='ocrx_word' id='word_1_573' title='bbox 2737 3383 2838 3438; x_wconf 91' lang='lat' dir='ltr'><strong>rite</strong></span> <span class='ocrx_word' id='word_1_574' title='bbox 2869 3384 3058 3449; x_wconf 82' lang='lat' dir='ltr'><strong>factos,</strong></span> <span class='ocrx_word' id='word_1_575' title='bbox 3081 3385 3245 3452; x_wconf 89' lang='lat' dir='ltr'><strong>pestis</strong></span> <span class='ocrx_word' id='word_1_576' title='bbox 3271 3384 3457 3438; x_wconf 89' lang='lat' dir='ltr'><strong>urbem</strong></span> <span class='ocrx_word' id='word_1_577' title='bbox 3488 3383 3729 3454; x_wconf 82' lang='lat' dir='ltr'><strong>depopu-</strong></span> 
     </span>
    </p>
   </div>
   <div class='ocr_carea' id='block_1_80' title="bbox 2135 3475 3728 3550">
    <p class='ocr_par' dir='ltr' id='par_1_80' title="bbox 2135 3475 3728 3550">
     <span class='ocr_line' id='line_1_81' title="bbox 2135 3475 3728 3550; baseline -0.001 -18"><span class='ocrx_word' id='word_1_578' title='bbox 2135 3477 2344 3532; x_wconf 88' lang='lat' dir='ltr'><strong>labatur</strong></span> <span class='ocrx_word' id='word_1_579' title='bbox 2373 3475 2611 3550; x_wconf 81' lang='lat' dir='ltr'><strong>(Aruob.,</strong></span> <span class='ocrx_word' id='word_1_580' title='bbox 2643 3477 2730 3531; x_wconf 89' lang='lat' dir='ltr'><strong>lib.</strong></span> <span class='ocrx_word' id='word_1_581' title='bbox 2761 3493 2854 3544; x_wconf 86' lang='lat' dir='ltr'><strong>vn,</strong></span> <span class='ocrx_word' id='word_1_582' title='bbox 2888 3495 3007 3547; x_wconf 85' lang='lat' dir='ltr'><strong><em>pag.</em></strong></span> <span class='ocrx_word' id='word_1_583' title='bbox 3036 3475 3144 3530; x_wconf 73' lang='lat'><strong>242</strong></span> <span class='ocrx_word' id='word_1_584' title='bbox 3169 3485 3215 3530; x_wconf 87' lang='lat' dir='ltr'><strong>et</strong></span> <span class='ocrx_word' id='word_1_585' title='bbox 3236 3477 3392 3546; x_wconf 59' lang='grc' dir='ltr'><strong>δρψ).</strong></span> <span class='ocrx_word' id='word_1_586' title='bbox 3443 3475 3537 3530; x_wconf 81' lang='lat' dir='ltr'><strong>His</strong></span> <span class='ocrx_word' id='word_1_587' title='bbox 3590 3478 3728 3531; x_wconf 87' lang='lat' dir='ltr'><strong>enim</strong></span> 
     </span>
    </p>
   </div>
   <div class='ocr_carea' id='block_1_81' title="bbox 2136 3567 3734 3638">
    <p class='ocr_par' dir='ltr' id='par_1_81' title="bbox 2136 3567 3734 3638">
     <span class='ocr_line' id='line_1_82' title="bbox 2136 3567 3734 3638; baseline -0.003 -13"><span class='ocrx_word' id='word_1_588' title='bbox 2136 3570 2279 3625; x_wconf 90' lang='lat' dir='ltr'><strong>ludis</strong></span> <span class='ocrx_word' id='word_1_589' title='bbox 2320 3585 2387 3625; x_wconf 92' lang='lat' dir='ltr'><strong>eo</strong></span> <span class='ocrx_word' id='word_1_590' title='bbox 2427 3585 2585 3638; x_wconf 90' lang='lat' dir='ltr'><strong>quem</strong></span> <span class='ocrx_word' id='word_1_591' title='bbox 2637 3569 2795 3623; x_wconf 90' lang='lat' dir='ltr'><strong>alibis</strong></span> <span class='ocrx_word' id='word_1_592' title='bbox 2849 3568 3218 3638; x_wconf 86' lang='lat' dir='ltr'><strong>exposuimus.</strong></span> <span class='ocrx_word' id='word_1_593' title='bbox 3246 3567 3398 3624; x_wconf 73' lang='lat' dir='ltr'><strong>lovis</strong></span> <span class='ocrx_word' id='word_1_594' title='bbox 3426 3569 3637 3622; x_wconf 92' lang='lat' dir='ltr'><strong>monitu</strong></span> <span class='ocrx_word' id='word_1_595' title='bbox 3667 3570 3734 3621; x_wconf 88' lang='lat' dir='ltr'><strong>iu-</strong></span> 
     </span>
    </p>
   </div>
   <div class='ocr_carea' id='block_1_82' title="bbox 2137 3661 3736 3734">
    <p class='ocr_par' dir='ltr' id='par_1_82' title="bbox 2137 3661 3736 3734">
     <span class='ocr_line' id='line_1_83' title="bbox 2137 3661 3736 3734; baseline -0.004 -14"><span class='ocrx_word' id='word_1_596' title='bbox 2137 3662 2411 3727; x_wconf 86' lang='lat' dir='ltr'><strong>stanratis,</strong></span> <span class='ocrx_word' id='word_1_597' title='bbox 2440 3663 2555 3717; x_wconf 89' lang='lat' dir='ltr'><strong>lues</strong></span> <span class='ocrx_word' id='word_1_598' title='bbox 2584 3661 2868 3717; x_wconf 83' lang='lat' dir='ltr'><strong>confestim</strong></span> <span class='ocrx_word' id='word_1_599' title='bbox 2923 3662 3155 3717; x_wconf 85' lang='lat' dir='ltr'><strong>cessavit</strong></span> <span class='ocrx_word' id='word_1_600' title='bbox 3188 3661 3432 3734; x_wconf 78' lang='lat' dir='ltr'><strong>(Dissert.</strong></span> <span class='ocrx_word' id='word_1_601' title='bbox 3465 3663 3518 3715; x_wconf 87' lang='lat' dir='ltr'><strong>in</strong></span> <span class='ocrx_word' id='word_1_602' title='bbox 3546 3663 3736 3716; x_wconf 75' lang='lat' dir='ltr'><strong>Minue.</strong></span> 
     </span>
    </p>
   </div>
   <div class='ocr_carea' id='block_1_83' title="bbox 2143 3753 2870 3826">
    <p class='ocr_par' dir='ltr' id='par_1_83' title="bbox 2143 3753 2870 3826">
     <span class='ocr_line' id='line_1_84' title="bbox 2143 3753 2870 3826; baseline -0.001 -18"><span class='ocrx_word' id='word_1_603' title='bbox 2143 3753 2352 3818; x_wconf 84' lang='lat' dir='ltr'><strong>0ctau.,</strong></span> <span class='ocrx_word' id='word_1_604' title='bbox 2383 3773 2500 3824; x_wconf 88' lang='lat' dir='ltr'><strong>cap.</strong></span> <span class='ocrx_word' id='word_1_605' title='bbox 2539 3755 2627 3820; x_wconf 82' lang='lat' dir='ltr'><strong>i7,</strong></span> <span class='ocrx_word' id='word_1_606' title='bbox 2657 3765 2758 3809; x_wconf 88' lang='lat' dir='ltr'><strong>art.</strong></span> <span class='ocrx_word' id='word_1_607' title='bbox 2791 3756 2870 3826; x_wconf 82' lang='grc'><strong>5).</strong></span> 
     </span>
    </p>
   </div>
   <div class='ocr_carea' id='block_1_84' title="bbox 2213 3849 3737 3919">
    <p class='ocr_par' dir='ltr' id='par_1_84' title="bbox 2213 3849 3737 3919">
     <span class='ocr_line' id='line_1_85' title="bbox 2213 3849 3737 3919; baseline -0.001 -15"><span class='ocrx_word' id='word_1_608' title='bbox 2213 3849 2370 3904; x_wconf 82' lang='lat' dir='ltr'><strong>Aliud</strong></span> <span class='ocrx_word' id='word_1_609' title='bbox 2399 3851 2716 3904; x_wconf 91' lang='lat' dir='ltr'><strong>miraculum</strong></span> <span class='ocrx_word' id='word_1_610' title='bbox 2741 3849 2941 3904; x_wconf 82' lang='lat' dir='ltr'><strong>factum</strong></span> <span class='ocrx_word' id='word_1_611' title='bbox 2969 3849 3133 3904; x_wconf 82' lang='lat' dir='ltr'><strong>fuisse</strong></span> <span class='ocrx_word' id='word_1_612' title='bbox 3154 3850 3386 3918; x_wconf 78' lang='lat' dir='ltr'><strong>gentiles</strong></span> <span class='ocrx_word' id='word_1_613' title='bbox 3407 3849 3737 3919; x_wconf 87' lang='lat' dir='ltr'><strong>jactitabant,</strong></span> 
     </span>
    </p>
   </div>
   <div class='ocr_carea' id='block_1_85' title="bbox 2141 3942 3738 4013">
    <p class='ocr_par' dir='ltr' id='par_1_85' title="bbox 2141 3942 3738 4013">
     <span class='ocr_line' id='line_1_86' title="bbox 2141 3942 3738 4013; baseline -0.001 -17"><span class='ocrx_word' id='word_1_614' title='bbox 2141 3942 2356 4012; x_wconf 85' lang='lat' dir='ltr'><strong>quando</strong></span> <span class='ocrx_word' id='word_1_615' title='bbox 2403 3943 2474 3997; x_wconf 84' lang='lat' dir='ltr'><strong>ob</strong></span> <span class='ocrx_word' id='word_1_616' title='bbox 2515 3943 2862 3997; x_wconf 86' lang='lat' dir='ltr'><strong>simulacrum</strong></span> <span class='ocrx_word' id='word_1_617' title='bbox 2920 3942 3219 4012; x_wconf 65' lang='lat' dir='ltr'><strong>Esculapii</strong></span> <span class='ocrx_word' id='word_1_618' title='bbox 3272 3942 3582 4013; x_wconf 86' lang='lat' dir='ltr'><strong>Epidauro,</strong></span> <span class='ocrx_word' id='word_1_619' title='bbox 3631 3957 3738 4011; x_wconf 65' lang='lat' dir='ltr'><strong>qua?</strong></span> 
     </span>
    </p>
   </div>
   <div class='ocr_carea' id='block_1_86' title="bbox 2142 4035 3739 4106">
    <p class='ocr_par' dir='ltr' id='par_1_86' title="bbox 2142 4035 3739 4106">
     <span class='ocr_line' id='line_1_87' title="bbox 2142 4035 3739 4106; baseline -0.002 -15"><span class='ocrx_word' id='word_1_620' title='bbox 2142 4035 2507 4106; x_wconf 85' lang='lat' dir='ltr'><strong>Peloponnesi</strong></span> <span class='ocrx_word' id='word_1_621' title='bbox 2537 4035 2732 4090; x_wconf 88' lang='lat' dir='ltr'><strong>civitas</strong></span> <span class='ocrx_word' id='word_1_622' title='bbox 2759 4044 2864 4103; x_wconf 86' lang='lat' dir='ltr'><strong>est,</strong></span> <span class='ocrx_word' id='word_1_623' title='bbox 2887 4036 2942 4090; x_wconf 90' lang='lat' dir='ltr'><strong>in</strong></span> <span class='ocrx_word' id='word_1_624' title='bbox 2964 4035 3278 4090; x_wconf 78' lang='lat' dir='ltr'><strong>Tiberinum</strong></span> <span class='ocrx_word' id='word_1_625' title='bbox 3311 4035 3548 4089; x_wconf 89' lang='lat' dir='ltr'><strong>insulam</strong></span> <span class='ocrx_word' id='word_1_626' title='bbox 3579 4046 3739 4090; x_wconf 83' lang='lat' dir='ltr'><strong>trans-</strong></span> 
     </span>
    </p>
   </div>
   <div class='ocr_carea' id='block_1_87' title="bbox 2143 4129 3739 4202">
    <p class='ocr_par' dir='ltr' id='par_1_87' title="bbox 2143 4129 3739 4202">
     <span class='ocr_line' id='line_1_88' title="bbox 2143 4129 3739 4202; baseline -0.001 -16"><span class='ocrx_word' id='word_1_627' title='bbox 2143 4139 2449 4202; x_wconf 90' lang='lat' dir='ltr'><strong>portatum,</strong></span> <span class='ocrx_word' id='word_1_628' title='bbox 2482 4130 2654 4202; x_wconf 90' lang='lat' dir='ltr'><strong>pestis</strong></span> <span class='ocrx_word' id='word_1_629' title='bbox 2706 4129 2885 4184; x_wconf 89' lang='lat' dir='ltr'><strong>adhuc</strong></span> <span class='ocrx_word' id='word_1_630' title='bbox 2911 4130 3099 4185; x_wconf 89' lang='lat' dir='ltr'><strong>sedata</strong></span> <span class='ocrx_word' id='word_1_631' title='bbox 3123 4129 3223 4184; x_wconf 79' lang='lat' dir='ltr'><strong>iuit</strong></span> <span class='ocrx_word' id='word_1_632' title='bbox 3250 4132 3269 4200; x_wconf 97' lang='lat'><strong>(</strong></span> <span class='ocrx_word' id='word_1_633' title='bbox 3288 4129 3512 4195; x_wconf 79' lang='lat' dir='ltr'><strong>Arnob.,</strong></span> <span class='ocrx_word' id='word_1_634' title='bbox 3546 4131 3633 4185; x_wconf 87' lang='lat' dir='ltr'><strong>lib.</strong></span> <span class='ocrx_word' id='word_1_635' title='bbox 3657 4145 3739 4196; x_wconf 75' lang='lat' dir='ltr'><strong>vn,</strong></span> 
     </span>
    </p>
   </div>
   <div class='ocr_carea' id='block_1_88' title="bbox 2146 4221 3737 4295">
    <p class='ocr_par' dir='ltr' id='par_1_88' title="bbox 2146 4221 3737 4295">
     <span class='ocr_line' id='line_1_89' title="bbox 2146 4221 3737 4295; baseline 0 -20"><span class='ocrx_word' id='word_1_636' title='bbox 2146 4239 2266 4292; x_wconf 88' lang='lat' dir='ltr'><strong><em>pag.</em></strong></span> <span class='ocrx_word' id='word_1_637' title='bbox 2297 4221 2407 4276; x_wconf 59' lang='lat'><strong>248</strong></span> <span class='ocrx_word' id='word_1_638' title='bbox 2437 4231 2484 4274; x_wconf 88' lang='lat' dir='ltr'><strong>et</strong></span> <span class='ocrx_word' id='word_1_639' title='bbox 2514 4222 2718 4295; x_wconf 85' lang='lat' dir='ltr'><strong>seqq.</strong></span> <span class='ocrx_word' id='word_1_640' title='bbox 2747 4223 2856 4278; x_wconf 83' lang='lat' dir='ltr'><strong>Res</strong></span> <span class='ocrx_word' id='word_1_641' title='bbox 2885 4231 3066 4277; x_wconf 86' lang='lat' dir='ltr'><strong>autem</strong></span> <span class='ocrx_word' id='word_1_642' title='bbox 3108 4230 3217 4275; x_wconf 87' lang='lat' dir='ltr'><strong>tota</strong></span> <span class='ocrx_word' id='word_1_643' title='bbox 3247 4221 3424 4276; x_wconf 87' lang='lat' dir='ltr'><strong>Ovidii</strong></span> <span class='ocrx_word' id='word_1_644' title='bbox 3468 4223 3737 4278; x_wconf 82' lang='lat' dir='ltr'><strong>decantata</strong></span> 
     </span>
    </p>
   </div>
   <div class='ocr_carea' id='block_1_89' title="bbox 2145 4314 3737 4386">
    <p class='ocr_par' dir='ltr' id='par_1_89' title="bbox 2145 4314 3737 4386">
     <span class='ocr_line' id='line_1_90' title="bbox 2145 4314 3737 4386; baseline -0.001 -16"><span class='ocrx_word' id='word_1_645' title='bbox 2145 4317 2482 4370; x_wconf 88' lang='lat' dir='ltr'><strong>carminibus</strong></span> <span class='ocrx_word' id='word_1_646' title='bbox 2524 4315 2696 4383; x_wconf 91' lang='lat' dir='ltr'><strong>hunc,</strong></span> <span class='ocrx_word' id='word_1_647' title='bbox 2731 4317 2773 4370; x_wconf 91' lang='lat' dir='ltr'><strong>si</strong></span> <span class='ocrx_word' id='word_1_648' title='bbox 2802 4331 2923 4386; x_wconf 78' lang='lat' dir='ltr'><strong>qute</strong></span> <span class='ocrx_word' id='word_1_649' title='bbox 2951 4315 3006 4370; x_wconf 88' lang='lat' dir='ltr'><strong>ei</strong></span> <span class='ocrx_word' id='word_1_650' title='bbox 3037 4314 3205 4378; x_wconf 83' lang='lat' dir='ltr'><strong>ﬁdes,</strong></span> <span class='ocrx_word' id='word_1_651' title='bbox 3239 4329 3298 4369; x_wconf 90' lang='lat' dir='ltr'><strong>se</strong></span> <span class='ocrx_word' id='word_1_652' title='bbox 3330 4314 3521 4370; x_wconf 87' lang='lat' dir='ltr'><strong>habuit</strong></span> <span class='ocrx_word' id='word_1_653' title='bbox 3547 4317 3599 4370; x_wconf 89' lang='lat' dir='ltr'><strong>in</strong></span> <span class='ocrx_word' id='word_1_654' title='bbox 3633 4330 3737 4370; x_wconf 81' lang='lat' dir='ltr'><strong>mo-</strong></span> 
     </span>
    </p>
   </div>
   <div class='ocr_carea' id='block_1_90' title="bbox 2145 4406 3732 4479">
    <p class='ocr_par' dir='ltr' id='par_1_90' title="bbox 2145 4406 3732 4479">
     <span class='ocr_line' id='line_1_91' title="bbox 2145 4406 3732 4479; baseline -0.003 -15"><span class='ocrx_word' id='word_1_655' title='bbox 2145 4409 2273 4464; x_wconf 90' lang='lat' dir='ltr'><strong>dum</strong></span> <span class='ocrx_word' id='word_1_656' title='bbox 2307 4409 2518 4479; x_wconf 85' lang='lat' dir='ltr'><strong>(Ovid.,</strong></span> <span class='ocrx_word' id='word_1_657' title='bbox 2549 4410 2638 4464; x_wconf 88' lang='lat' dir='ltr'><strong>lib.</strong></span> <span class='ocrx_word' id='word_1_658' title='bbox 2667 4427 2730 4464; x_wconf 87' lang='lat' dir='ltr'><strong>xv</strong></span> <span class='ocrx_word' id='word_1_659' title='bbox 2755 4407 2995 4474; x_wconf 69' lang='lat' dir='ltr'><strong>Metam,</strong></span> <span class='ocrx_word' id='word_1_660' title='bbox 3030 4425 3153 4478; x_wconf 87' lang='lat' dir='ltr'><strong><em>pag.</em></strong></span> <span class='ocrx_word' id='word_1_661' title='bbox 3180 4407 3291 4463; x_wconf 73' lang='lat'><strong>580</strong></span> <span class='ocrx_word' id='word_1_662' title='bbox 3315 4418 3361 4462; x_wconf 83' lang='lat' dir='ltr'><strong>et</strong></span> <span class='ocrx_word' id='word_1_663' title='bbox 3387 4406 3554 4478; x_wconf 72' lang='lat' dir='ltr'><strong>seqq.)</strong></span> <span class='ocrx_word' id='word_1_664' title='bbox 3575 4425 3588 4462; x_wconf 92' lang='lat'>:</span> <span class='ocrx_word' id='word_1_665' title='bbox 3613 4408 3732 4462; x_wconf 90' lang='lat' dir='ltr'><strong>Cum</strong></span> 
     </span>
    </p>
   </div>
   <div class='ocr_carea' id='block_1_91' title="bbox 2145 4500 3735 4572">
    <p class='ocr_par' dir='ltr' id='par_1_91' title="bbox 2145 4500 3735 4572">
     <span class='ocr_line' id='line_1_92' title="bbox 2145 4500 3735 4572; baseline -0.002 -17"><span class='ocrx_word' id='word_1_666' title='bbox 2145 4501 2421 4556; x_wconf 85' lang='lat' dir='ltr'><strong>dirissima</strong></span> <span class='ocrx_word' id='word_1_667' title='bbox 2461 4503 2632 4572; x_wconf 88' lang='lat' dir='ltr'><strong>pestis</strong></span> <span class='ocrx_word' id='word_1_668' title='bbox 2661 4502 2889 4556; x_wconf 84' lang='lat' dir='ltr'><strong>Romam</strong></span> <span class='ocrx_word' id='word_1_669' title='bbox 2923 4500 3242 4571; x_wconf 85' lang='lat' dir='ltr'><strong>vicinasque</strong></span> <span class='ocrx_word' id='word_1_670' title='bbox 3276 4502 3531 4570; x_wconf 76' lang='lat' dir='ltr'><strong>regiones</strong></span> <span class='ocrx_word' id='word_1_671' title='bbox 3559 4500 3735 4555; x_wconf 80' lang='lat' dir='ltr'><strong>devas-</strong></span> 
     </span>
    </p>
   </div>
   <div class='ocr_carea' id='block_1_92' title="bbox 436 4595 3735 4675">
    <p class='ocr_par' dir='ltr' id='par_1_92' title="bbox 436 4595 3735 4675">
     <span class='ocr_line' id='line_1_93' title="bbox 436 4595 3735 4675; baseline -0.004 -17"><span class='ocrx_word' id='word_1_672' title='bbox 436 4612 521 4658; x_wconf 86' lang='lat' dir='ltr'><strong>est</strong></span> <span class='ocrx_word' id='word_1_673' title='bbox 545 4604 703 4670; x_wconf 89' lang='lat' dir='ltr'><strong>ratio,</strong></span> <span class='ocrx_word' id='word_1_674' title='bbox 735 4615 791 4659; x_wconf 89' lang='lat' dir='ltr'><strong>et</strong></span> <span class='ocrx_word' id='word_1_675' title='bbox 815 4621 936 4674; x_wconf 65' lang='lat' dir='ltr'><strong>quae</strong></span> <span class='ocrx_word' id='word_1_676' title='bbox 970 4606 1071 4671; x_wconf 89' lang='lat' dir='ltr'><strong>vis,</strong></span> <span class='ocrx_word' id='word_1_677' title='bbox 1102 4621 1222 4675; x_wconf 69' lang='lat' dir='ltr'><strong>qua:</strong></span> <span class='ocrx_word' id='word_1_678' title='bbox 1244 4604 1505 4659; x_wconf 76' lang='lat' dir='ltr'><strong>facultas?</strong></span> <span class='ocrx_word' id='word_1_679' title='bbox 1530 4603 1640 4657; x_wconf 85' lang='lat' dir='ltr'><strong>Nec</strong></span> <span class='ocrx_word' id='word_1_680' title='bbox 1666 4609 1886 4656; x_wconf 84' lang='lat' dir='ltr'><strong>externa</strong></span> <span class='ocrx_word' id='word_1_681' title='bbox 1919 4617 2043 4671; x_wconf 88' lang='lat' dir='ltr'><strong>spe-</strong></span> <span class='ocrx_word' id='word_1_682' title='bbox 2070 4597 2124 4663; x_wconf 86' lang='lat' dir='ltr'><strong>D</strong></span> <span class='ocrx_word' id='word_1_683' title='bbox 2149 4606 2319 4662; x_wconf 89' lang='lat' dir='ltr'><strong>taret,</strong></span> <span class='ocrx_word' id='word_1_684' title='bbox 2353 4597 2582 4651; x_wconf 85' lang='lat' dir='ltr'><strong>Romani</strong></span> <span class='ocrx_word' id='word_1_685' title='bbox 2611 4604 2736 4666; x_wconf 85' lang='lat' dir='ltr'><strong>post</strong></span> <span class='ocrx_word' id='word_1_686' title='bbox 2761 4595 2998 4651; x_wconf 89' lang='lat' dir='ltr'><strong>adhibita</strong></span> <span class='ocrx_word' id='word_1_687' title='bbox 3028 4595 3306 4652; x_wconf 87' lang='lat' dir='ltr'><strong>incassum</strong></span> <span class='ocrx_word' id='word_1_688' title='bbox 3365 4595 3598 4649; x_wconf 86' lang='lat' dir='ltr'><strong>humana</strong></span> <span class='ocrx_word' id='word_1_689' title='bbox 3632 4608 3735 4647; x_wconf 87' lang='lat' dir='ltr'><strong>me-</strong></span> 
     </span>
    </p>
   </div>
   <div class='ocr_carea' id='block_1_93' title="bbox 437 4695 2045 4765">
    <p class='ocr_par' dir='ltr' id='par_1_93' title="bbox 437 4695 2045 4765">
     <span class='ocr_line' id='line_1_94' title="bbox 437 4695 2045 4765; baseline -0.002 -11"><span class='ocrx_word' id='word_1_690' title='bbox 437 4701 549 4756; x_wconf 88' lang='lat' dir='ltr'><strong>cies</strong></span> <span class='ocrx_word' id='word_1_691' title='bbox 599 4700 853 4755; x_wconf 88' lang='lat' dir='ltr'><strong>indecora</strong></span> <span class='ocrx_word' id='word_1_692' title='bbox 898 4709 953 4754; x_wconf 91' lang='lat' dir='ltr'><strong>et</strong></span> <span class='ocrx_word' id='word_1_693' title='bbox 1005 4700 1290 4754; x_wconf 85' lang='lat' dir='ltr'><strong>inhonesta</strong></span> <span class='ocrx_word' id='word_1_694' title='bbox 1338 4707 1448 4765; x_wconf 89' lang='lat' dir='ltr'><strong>est;</strong></span> <span class='ocrx_word' id='word_1_695' title='bbox 1493 4705 1548 4751; x_wconf 89' lang='lat' dir='ltr'><strong>et</strong></span> <span class='ocrx_word' id='word_1_696' title='bbox 1573 4695 1718 4765; x_wconf 89' lang='lat' dir='ltr'><strong>quod</strong></span> <span class='ocrx_word' id='word_1_697' title='bbox 1743 4695 2045 4750; x_wconf 79' lang='lat' dir='ltr'><strong>occultatur</strong></span> 
     </span>
    </p>
   </div>
   <div class='ocr_carea' id='block_1_94' title="bbox 438 4788 2044 4862">
    <p class='ocr_par' dir='ltr' id='par_1_94' title="bbox 438 4788 2044 4862">
     <span class='ocr_line' id='line_1_95' title="bbox 438 4788 2044 4862; baseline -0.005 -12"><span class='ocrx_word' id='word_1_698' title='bbox 438 4793 812 4850; x_wconf 85' lang='lat' dir='ltr'><strong>admirandum</strong></span> <span class='ocrx_word' id='word_1_699' title='bbox 857 4801 976 4859; x_wconf 86' lang='lat' dir='ltr'><strong>est,</strong></span> <span class='ocrx_word' id='word_1_700' title='bbox 1023 4794 1195 4862; x_wconf 90' lang='lat' dir='ltr'><strong>iisque</strong></span> <span class='ocrx_word' id='word_1_701' title='bbox 1221 4792 1310 4862; x_wconf 91' lang='lat' dir='ltr'><strong>qui</strong></span> <span class='ocrx_word' id='word_1_702' title='bbox 1340 4791 1391 4846; x_wconf 91' lang='lat' dir='ltr'><strong>in</strong></span> <span class='ocrx_word' id='word_1_703' title='bbox 1423 4788 1716 4860; x_wconf 85' lang='lat' dir='ltr'><strong>penetralia</strong></span> <span class='ocrx_word' id='word_1_704' title='bbox 1749 4791 1864 4857; x_wconf 88' lang='lat' dir='ltr'><strong>ipsa</strong></span> <span class='ocrx_word' id='word_1_705' title='bbox 1896 4789 2044 4843; x_wconf 90' lang='lat' dir='ltr'><strong>ineu-</strong></span> 
     </span>
    </p>
   </div>
   <div class='ocr_carea' id='block_1_95' title="bbox 438 4881 2043 4957">
    <p class='ocr_par' dir='ltr' id='par_1_95' title="bbox 438 4881 2043 4957">
     <span class='ocr_line' id='line_1_96' title="bbox 438 4881 2043 4957; baseline -0.006 -11"><span class='ocrx_word' id='word_1_706' title='bbox 438 4891 655 4955; x_wconf 91' lang='lat' dir='ltr'><strong>duntur,</strong></span> <span class='ocrx_word' id='word_1_707' title='bbox 705 4889 842 4943; x_wconf 91' lang='lat' dir='ltr'><strong>mire</strong></span> <span class='ocrx_word' id='word_1_708' title='bbox 890 4886 1266 4957; x_wconf 88' lang='lat' dir='ltr'><strong>splendidum,</strong></span> <span class='ocrx_word' id='word_1_709' title='bbox 1299 4901 1361 4939; x_wconf 88' lang='lat' dir='ltr'><strong>ac</strong></span> <span class='ocrx_word' id='word_1_710' title='bbox 1391 4883 1738 4954; x_wconf 89' lang='lat' dir='ltr'><strong>pulcherrimi</strong></span> <span class='ocrx_word' id='word_1_711' title='bbox 1765 4881 2043 4953; x_wconf 85' lang='lat' dir='ltr'><strong>cujusdam</strong></span> 
     </span>
    </p>
   </div>
   <div class='ocr_carea' id='block_1_96' title="bbox 437 4977 2035 5055">
    <p class='ocr_par' dir='ltr' id='par_1_96' title="bbox 437 4977 2035 5055">
     <span class='ocr_line' id='line_1_97' title="bbox 437 4977 2035 5055; baseline -0.007 -14"><span class='ocrx_word' id='word_1_712' title='bbox 437 4983 682 5055; x_wconf 89' lang='lat' dir='ltr'><strong>corporis</strong></span> <span class='ocrx_word' id='word_1_713' title='bbox 725 4984 928 5048; x_wconf 84' lang='lat' dir='ltr'><strong>instar,</strong></span> <span class='ocrx_word' id='word_1_714' title='bbox 962 4981 1102 5036; x_wconf 87' lang='lat' dir='ltr'><strong>haud</strong></span> <span class='ocrx_word' id='word_1_715' title='bbox 1132 4979 1467 5052; x_wconf 85' lang='lat' dir='ltr'><strong>aspernanda</strong></span> <span class='ocrx_word' id='word_1_716' title='bbox 1517 4988 1670 5034; x_wconf 89' lang='lat' dir='ltr'><strong>veste</strong></span> <span class='ocrx_word' id='word_1_717' title='bbox 1709 4977 2035 5048; x_wconf 77' lang='lat' dir='ltr'><strong>contegitur.</strong></span> 
     </span>
    </p>
   </div>
   <div class='ocr_carea' id='block_1_97' title="bbox 440 5071 2042 5144">
    <p class='ocr_par' dir='ltr' id='par_1_97' title="bbox 440 5071 2042 5144">
     <span class='ocr_line' id='line_1_98' title="bbox 440 5071 2042 5144; baseline -0.006 -11"><span class='ocrx_word' id='word_1_718' title='bbox 440 5078 640 5133; x_wconf 82' lang='lat' dir='ltr'><strong>Rerum</strong></span> <span class='ocrx_word' id='word_1_719' title='bbox 673 5074 816 5128; x_wconf 90' lang='lat' dir='ltr'><strong>enim</strong></span> <span class='ocrx_word' id='word_1_720' title='bbox 843 5073 1180 5141; x_wconf 88' lang='lat' dir='ltr'><strong>divinarum,</strong></span> <span class='ocrx_word' id='word_1_721' title='bbox 1232 5089 1352 5128; x_wconf 90' lang='lat' dir='ltr'><strong>mea</strong></span> <span class='ocrx_word' id='word_1_722' title='bbox 1379 5071 1598 5144; x_wconf 88' lang='lat' dir='ltr'><strong>quidem</strong></span> <span class='ocrx_word' id='word_1_723' title='bbox 1629 5071 1929 5132; x_wconf 85' lang='lat' dir='ltr'><strong>sententia,</strong></span> <span class='ocrx_word' id='word_1_724' title='bbox 1975 5085 2042 5125; x_wconf 92' lang='lat' dir='ltr'><strong>ne</strong></span> 
     </span>
    </p>
   </div>
   <div class='ocr_carea' id='block_1_98' title="bbox 439 5163 2045 5239">
    <p class='ocr_par' dir='ltr' id='par_1_98' title="bbox 439 5163 2045 5239">
     <span class='ocr_line' id='line_1_99' title="bbox 439 5163 2045 5239; baseline -0.007 -13"><span class='ocrx_word' id='word_1_725' title='bbox 439 5171 797 5227; x_wconf 87' lang='lat' dir='ltr'><strong>indicationes</strong></span> <span class='ocrx_word' id='word_1_726' title='bbox 823 5168 1040 5239; x_wconf 89' lang='lat' dir='ltr'><strong>quidem</strong></span> <span class='ocrx_word' id='word_1_727' title='bbox 1072 5167 1213 5237; x_wconf 76' lang='lat' dir='ltr'><strong>ipsas</strong></span> <span class='ocrx_word' id='word_1_728' title='bbox 1243 5175 1604 5234; x_wconf 81' lang='lat' dir='ltr'><strong>externasque</strong></span> <span class='ocrx_word' id='word_1_729' title='bbox 1642 5166 1851 5236; x_wconf 88' lang='lat' dir='ltr'><strong>species</strong></span> <span class='ocrx_word' id='word_1_730' title='bbox 1891 5163 2045 5218; x_wconf 87' lang='lat' dir='ltr'><strong>inho-</strong></span> 
     </span>
    </p>
   </div>
   <div class='ocr_carea' id='block_1_99' title="bbox 441 5258 2038 5330">
    <p class='ocr_par' dir='ltr' id='par_1_99' title="bbox 441 5258 2038 5330">
     <span class='ocr_line' id='line_1_100' title="bbox 441 5258 2038 5330; baseline -0.006 -10"><span class='ocrx_word' id='word_1_731' title='bbox 441 5273 626 5321; x_wconf 85' lang='lat' dir='ltr'><strong>nestas</strong></span> <span class='ocrx_word' id='word_1_732' title='bbox 662 5277 783 5318; x_wconf 81' lang='lat' dir='ltr'><strong>esse</strong></span> <span class='ocrx_word' id='word_1_733' title='bbox 824 5261 1096 5324; x_wconf 83' lang='lat' dir='ltr'><strong>convenit,</strong></span> <span class='ocrx_word' id='word_1_734' title='bbox 1128 5262 1396 5330; x_wconf 88' lang='lat' dir='ltr'><strong>rebusque</strong></span> <span class='ocrx_word' id='word_1_735' title='bbox 1426 5259 1738 5330; x_wconf 78' lang='lat' dir='ltr'><strong>signiﬁcatis</strong></span> <span class='ocrx_word' id='word_1_736' title='bbox 1769 5258 2038 5330; x_wconf 80' lang='lat' dir='ltr'><strong>indignas,</strong></span> 
     </span>
    </p>
   </div>
   <div class='ocr_carea' id='block_1_100' title="bbox 441 5351 2048 5427">
    <p class='ocr_par' dir='ltr' id='par_1_100' title="bbox 441 5351 2048 5427">
     <span class='ocr_line' id='line_1_101' title="bbox 441 5351 2048 5427; baseline -0.005 -13"><span class='ocrx_word' id='word_1_737' title='bbox 441 5374 504 5414; x_wconf 87' lang='lat' dir='ltr'><strong>ac</strong></span> <span class='ocrx_word' id='word_1_738' title='bbox 554 5357 788 5427; x_wconf 87' lang='lat' dir='ltr'><strong>denique</strong></span> <span class='ocrx_word' id='word_1_739' title='bbox 838 5356 1007 5418; x_wconf 88' lang='lat' dir='ltr'><strong>tales,</strong></span> <span class='ocrx_word' id='word_1_740' title='bbox 1054 5363 1106 5407; x_wconf 93' lang='lat' dir='ltr'><strong>ut</strong></span> <span class='ocrx_word' id='word_1_741' title='bbox 1142 5353 1390 5407; x_wconf 90' lang='lat' dir='ltr'><strong>homines</strong></span> <span class='ocrx_word' id='word_1_742' title='bbox 1419 5367 1630 5422; x_wconf 90' lang='lat' dir='ltr'><strong>quoque</strong></span> <span class='ocrx_word' id='word_1_743' title='bbox 1659 5352 1757 5422; x_wconf 90' lang='lat' dir='ltr'><strong>ipsi</strong></span> <span class='ocrx_word' id='word_1_744' title='bbox 1778 5367 1870 5406; x_wconf 87' lang='lat' dir='ltr'><strong>eas</strong></span> <span class='ocrx_word' id='word_1_745' title='bbox 1899 5351 1966 5404; x_wconf 83' lang='lat' dir='ltr'><strong>tle</strong></span> <span class='ocrx_word' id='word_1_746' title='bbox 1987 5365 2048 5406; x_wconf 88' lang='lat' dir='ltr'><strong>se</strong></span> 
     </span>
    </p>
   </div>
   <div class='ocr_carea' id='block_1_101' title="bbox 440 5444 2046 5524">
    <p class='ocr_par' dir='ltr' id='par_1_101' title="bbox 440 5444 2046 5524">
     <span class='ocr_line' id='line_1_102' title="bbox 440 5444 2046 5524; baseline -0.007 -15"><span class='ocrx_word' id='word_1_747' title='bbox 440 5449 724 5524; x_wconf 63' lang='lat' dir='ltr'><strong>praedicari</strong></span> <span class='ocrx_word' id='word_1_748' title='bbox 751 5448 1078 5519; x_wconf 87' lang='lat' dir='ltr'><strong>permoleste</strong></span> <span class='ocrx_word' id='word_1_749' title='bbox 1109 5448 1263 5501; x_wconf 90' lang='lat' dir='ltr'><strong>laturi</strong></span> <span class='ocrx_word' id='word_1_750' title='bbox 1293 5447 1420 5513; x_wconf 80' lang='lat' dir='ltr'><strong>sint,</strong></span> <span class='ocrx_word' id='word_1_751' title='bbox 1439 5461 1621 5500; x_wconf 84' lang='lat' dir='ltr'><strong>veram</strong></span> <span class='ocrx_word' id='word_1_752' title='bbox 1644 5455 1737 5500; x_wconf 89' lang='lat' dir='ltr'><strong>aut</strong></span> <span class='ocrx_word' id='word_1_753' title='bbox 1759 5444 2046 5499; x_wconf 84' lang='lat' dir='ltr'><strong>maximam</strong></span> 
     </span>
    </p>
   </div>
   <div class='ocr_carea' id='block_1_102' title="bbox 441 5539 2047 5610">
    <p class='ocr_par' dir='ltr' id='par_1_102' title="bbox 441 5539 2047 5610">
     <span class='ocr_line' id='line_1_103' title="bbox 441 5539 2047 5610; baseline -0.004 -12"><span class='ocrx_word' id='word_1_754' title='bbox 441 5544 664 5598; x_wconf 87' lang='lat' dir='ltr'><strong>omnino</strong></span> <span class='ocrx_word' id='word_1_755' title='bbox 692 5540 1142 5610; x_wconf 88' lang='lat' dir='ltr'><strong>pulchritudinem</strong></span> <span class='ocrx_word' id='word_1_756' title='bbox 1178 5539 1410 5604; x_wconf 89' lang='lat' dir='ltr'><strong>habere,</strong></span> <span class='ocrx_word' id='word_1_757' title='bbox 1461 5548 1549 5593; x_wconf 92' lang='lat' dir='ltr'><strong>aut</strong></span> <span class='ocrx_word' id='word_1_758' title='bbox 1604 5546 1752 5593; x_wconf 90' lang='lat' dir='ltr'><strong>certe</strong></span> <span class='ocrx_word' id='word_1_759' title='bbox 1781 5554 1809 5591; x_wconf 90' lang='lat' dir='ltr'><strong>a</strong></span> <span class='ocrx_word' id='word_1_760' title='bbox 1837 5553 2047 5592; x_wconf 87' lang='lat' dir='ltr'><strong>summa</strong></span> 
     </span>
    </p>
   </div>
   <div class='ocr_carea' id='block_1_103' title="bbox 442 5631 2046 5708">
    <p class='ocr_par' dir='ltr' id='par_1_103' title="bbox 442 5631 2046 5708">
     <span class='ocr_line' id='line_1_104' title="bbox 442 5631 2046 5708; baseline -0.004 -15"><span class='ocrx_word' id='word_1_761' title='bbox 442 5636 776 5708; x_wconf 87' lang='lat' dir='ltr'><strong>turpitudine</strong></span> <span class='ocrx_word' id='word_1_762' title='bbox 819 5636 1032 5702; x_wconf 87' lang='lat' dir='ltr'><strong>abesse,</strong></span> <span class='ocrx_word' id='word_1_763' title='bbox 1060 5645 1115 5691; x_wconf 90' lang='lat' dir='ltr'><strong>ut</strong></span> <span class='ocrx_word' id='word_1_764' title='bbox 1145 5635 1336 5707; x_wconf 88' lang='lat' dir='ltr'><strong>partim</strong></span> <span class='ocrx_word' id='word_1_765' title='bbox 1383 5633 1705 5689; x_wconf 87' lang='lat' dir='ltr'><strong>eruditiores</strong></span> <span class='ocrx_word' id='word_1_766' title='bbox 1753 5631 2046 5700; x_wconf 87' lang='lat' dir='ltr'><strong>oblectent,</strong></span> 
     </span>
    </p>
   </div>
   <div class='ocr_carea' id='block_1_104' title="bbox 446 5724 2054 5798">
    <p class='ocr_par' dir='ltr' id='par_1_104' title="bbox 446 5724 2054 5798">
     <span class='ocr_line' id='line_1_105' title="bbox 446 5724 2054 5798; baseline 0.001 -18"><span class='ocrx_word' id='word_1_767' title='bbox 446 5731 642 5798; x_wconf 83' lang='lat' dir='ltr'><strong>partim</strong></span> <span class='ocrx_word' id='word_1_768' title='bbox 675 5729 818 5798; x_wconf 77' lang='lat' dir='ltr'><strong>vulgi</strong></span> <span class='ocrx_word' id='word_1_769' title='bbox 849 5730 1059 5784; x_wconf 82' lang='lat' dir='ltr'><strong>animos</strong></span> <span class='ocrx_word' id='word_1_770' title='bbox 1110 5729 1333 5783; x_wconf 88' lang='lat' dir='ltr'><strong>minime</strong></span> <span class='ocrx_word' id='word_1_771' title='bbox 1383 5725 1734 5782; x_wconf 81' lang='lat' dir='ltr'><strong>labefactent.</strong></span> <span class='ocrx_word' id='word_1_772' title='bbox 1773 5724 1927 5796; x_wconf 86' lang='lat' dir='ltr'><strong>Apud</strong></span> <span class='ocrx_word' id='word_1_773' title='bbox 1956 5740 2054 5781; x_wconf 89' lang='lat' dir='ltr'><strong>vos</strong></span> 
     </span>
    </p>
   </div>
   <div class='ocr_carea' id='block_1_105' title="bbox 463 5818 2056 5890">
    <p class='ocr_par' dir='ltr' id='par_1_105' title="bbox 463 5818 2056 5890">
     <span class='ocr_line' id='line_1_106' title="bbox 463 5818 2056 5890; baseline 0 -17"><span class='ocrx_word' id='word_1_774' title='bbox 463 5829 686 5888; x_wconf 81' lang='lat' dir='ltr'><strong>contra,</strong></span> <span class='ocrx_word' id='word_1_775' title='bbox 729 5836 830 5878; x_wconf 86' lang='lat' dir='ltr'><strong>nec</strong></span> <span class='ocrx_word' id='word_1_776' title='bbox 872 5824 1013 5890; x_wconf 88' lang='lat' dir='ltr'><strong>quod</strong></span> <span class='ocrx_word' id='word_1_777' title='bbox 1068 5819 1475 5890; x_wconf 76' lang='lat' dir='ltr'><strong>intelligendum</strong></span> <span class='ocrx_word' id='word_1_778' title='bbox 1522 5818 1866 5890; x_wconf 87' lang='lat' dir='ltr'><strong>proponitur,</strong></span> <span class='ocrx_word' id='word_1_779' title='bbox 1894 5819 2056 5874; x_wconf 87' lang='lat' dir='ltr'><strong>ﬁdem</strong></span> 
     </span>
    </p>
   </div>
   <div class='ocr_carea' id='block_1_106' title="bbox 2148 4686 3736 4760">
    <p class='ocr_par' dir='ltr' id='par_1_106' title="bbox 2148 4686 3736 4760">
     <span class='ocr_line' id='line_1_107' title="bbox 2148 4686 3736 4760; baseline -0.003 -17"><span class='ocrx_word' id='word_1_780' title='bbox 2148 4689 2488 4757; x_wconf 88' lang='lat' dir='ltr'><strong>dicameata,</strong></span> <span class='ocrx_word' id='word_1_781' title='bbox 2545 4689 2861 4760; x_wconf 90' lang='lat' dir='ltr'><strong>Delphicum</strong></span> <span class='ocrx_word' id='word_1_782' title='bbox 2910 4689 3192 4744; x_wconf 88' lang='lat' dir='ltr'><strong>oraculum</strong></span> <span class='ocrx_word' id='word_1_783' title='bbox 3247 4689 3316 4743; x_wconf 90' lang='lat' dir='ltr'><strong>ab</strong></span> <span class='ocrx_word' id='word_1_784' title='bbox 3366 4703 3433 4743; x_wconf 87' lang='lat' dir='ltr'><strong>eo</strong></span> <span class='ocrx_word' id='word_1_785' title='bbox 3479 4686 3736 4758; x_wconf 85' lang='lat' dir='ltr'><strong>accipiunt</strong></span> 
     </span>
    </p>
   </div>
   <div class='ocr_carea' id='block_1_107' title="bbox 2151 4781 3734 4854">
    <p class='ocr_par' dir='ltr' id='par_1_107' title="bbox 2151 4781 3734 4854">
     <span class='ocr_line' id='line_1_108' title="bbox 2151 4781 3734 4854; baseline -0.003 -18"><span class='ocrx_word' id='word_1_786' title='bbox 2151 4781 2517 4854; x_wconf 65' lang='lat' dir='ltr'><strong>IEsculapium</strong></span> <span class='ocrx_word' id='word_1_787' title='bbox 2539 4783 2818 4854; x_wconf 81' lang='lat' dir='ltr'><strong>Epidauro</strong></span> <span class='ocrx_word' id='word_1_788' title='bbox 2841 4783 3070 4839; x_wconf 81' lang='lat' dir='ltr'><strong>Romam</strong></span> <span class='ocrx_word' id='word_1_789' title='bbox 3102 4782 3517 4839; x_wconf 87' lang='lat' dir='ltr'><strong>arcessendum.</strong></span> <span class='ocrx_word' id='word_1_790' title='bbox 3550 4784 3734 4838; x_wconf 86' lang='lat' dir='ltr'><strong>Parent</strong></span> 
     </span>
    </p>
   </div>
   <div class='ocr_carea' id='block_1_108' title="bbox 2153 4875 3727 4947">
    <p class='ocr_par' dir='ltr' id='par_1_108' title="bbox 2153 4875 3727 4947">
     <span class='ocr_line' id='line_1_109' title="bbox 2153 4875 3727 4947; baseline -0.004 -18"><span class='ocrx_word' id='word_1_791' title='bbox 2153 4876 2374 4931; x_wconf 84' lang='lat' dir='ltr'><strong>oraculo</strong></span> <span class='ocrx_word' id='word_1_792' title='bbox 2427 4876 2696 4942; x_wconf 82' lang='lat' dir='ltr'><strong>Romani,</strong></span> <span class='ocrx_word' id='word_1_793' title='bbox 2750 4876 3069 4947; x_wconf 82' lang='lat' dir='ltr'><strong>legatosque</strong></span> <span class='ocrx_word' id='word_1_794' title='bbox 3125 4875 3458 4945; x_wconf 87' lang='lat' dir='ltr'><strong>Epidaurum</strong></span> <span class='ocrx_word' id='word_1_795' title='bbox 3512 4875 3727 4929; x_wconf 89' lang='lat' dir='ltr'><strong>mittunt.</strong></span> 
     </span>
    </p>
   </div>
   <div class='ocr_carea' id='block_1_109' title="bbox 2150 4967 3734 5038">
    <p class='ocr_par' dir='ltr' id='par_1_109' title="bbox 2150 4967 3734 5038">
     <span class='ocr_line' id='line_1_110' title="bbox 2150 4967 3734 5038; baseline -0.003 -14"><span class='ocrx_word' id='word_1_796' title='bbox 2150 4969 2357 5024; x_wconf 88' lang='lat' dir='ltr'><strong>Eorum</strong></span> <span class='ocrx_word' id='word_1_797' title='bbox 2411 4969 2665 5038; x_wconf 87' lang='lat' dir='ltr'><strong>precibus</strong></span> <span class='ocrx_word' id='word_1_798' title='bbox 2721 4978 2966 5023; x_wconf 89' lang='lat' dir='ltr'><strong>annuunt</strong></span> <span class='ocrx_word' id='word_1_799' title='bbox 3023 4967 3300 5037; x_wconf 87' lang='lat' dir='ltr'><strong>Epidaurii</strong></span> <span class='ocrx_word' id='word_1_800' title='bbox 3351 4967 3606 5038; x_wconf 89' lang='lat' dir='ltr'><strong>quidam,</strong></span> <span class='ocrx_word' id='word_1_801' title='bbox 3657 4980 3734 5020; x_wconf 83' lang='lat' dir='ltr'><strong>re-</strong></span> 
     </span>
    </p>
   </div>
   <div class='ocr_carea' id='block_1_110' title="bbox 2151 5056 3730 5128">
    <p class='ocr_par' dir='ltr' id='par_1_110' title="bbox 2151 5056 3730 5128">
     <span class='ocr_line' id='line_1_111' title="bbox 2151 5056 3730 5128; baseline -0.008 -8"><span class='ocrx_word' id='word_1_802' title='bbox 2151 5074 2323 5122; x_wconf 91' lang='lat' dir='ltr'><strong>nuunt</strong></span> <span class='ocrx_word' id='word_1_803' title='bbox 2359 5063 2470 5119; x_wconf 89' lang='lat' dir='ltr'><strong>alii.</strong></span> <span class='ocrx_word' id='word_1_804' title='bbox 2532 5060 2638 5118; x_wconf 82' lang='lat' dir='ltr'><strong>Sed</strong></span> <span class='ocrx_word' id='word_1_805' title='bbox 2685 5061 2914 5120; x_wconf 76' lang='lat' dir='ltr'><strong>Romani</strong></span> <span class='ocrx_word' id='word_1_806' title='bbox 2953 5061 3021 5116; x_wconf 89' lang='lat' dir='ltr'><strong>ab</strong></span> <span class='ocrx_word' id='word_1_807' title='bbox 3069 5059 3386 5128; x_wconf 65' lang='lat' dir='ltr'><strong>Esculapio</strong></span> <span class='ocrx_word' id='word_1_808' title='bbox 3444 5056 3730 5120; x_wconf 86' lang='lat' dir='ltr'><strong>admoniti,</strong></span> 
     </span>
    </p>
   </div>
   <div class='ocr_carea' id='block_1_111' title="bbox 2154 5150 3732 5226">
    <p class='ocr_par' dir='ltr' id='par_1_111' title="bbox 2154 5150 3732 5226">
     <span class='ocr_line' id='line_1_112' title="bbox 2154 5150 3732 5226; baseline -0.01 -11"><span class='ocrx_word' id='word_1_809' title='bbox 2154 5161 2302 5215; x_wconf 89' lang='lat' dir='ltr'><strong>illum</strong></span> <span class='ocrx_word' id='word_1_810' title='bbox 2344 5160 2395 5211; x_wconf 92' lang='lat' dir='ltr'><strong>in</strong></span> <span class='ocrx_word' id='word_1_811' title='bbox 2436 5155 2704 5226; x_wconf 89' lang='lat' dir='ltr'><strong>serpentis</strong></span> <span class='ocrx_word' id='word_1_812' title='bbox 2744 5154 2972 5210; x_wconf 57' lang='lat' dir='ltr'><strong>l&#39;orn‘iam</strong></span> <span class='ocrx_word' id='word_1_813' title='bbox 3012 5161 3312 5217; x_wconf 89' lang='lat' dir='ltr'><strong>mutatum,</strong></span> <span class='ocrx_word' id='word_1_814' title='bbox 3357 5153 3412 5206; x_wconf 90' lang='lat' dir='ltr'><strong>in</strong></span> <span class='ocrx_word' id='word_1_815' title='bbox 3443 5150 3732 5206; x_wconf 84' lang='lat' dir='ltr'><strong>Tiberinam</strong></span> 
     </span>
    </p>
   </div>
   <div class='ocr_carea' id='block_1_112' title="bbox 2153 5247 3728 5318">
    <p class='ocr_par' dir='ltr' id='par_1_112' title="bbox 2153 5247 3728 5318">
     <span class='ocr_line' id='line_1_113' title="bbox 2153 5247 3728 5318; baseline -0.01 -10"><span class='ocrx_word' id='word_1_816' title='bbox 2153 5253 2382 5308; x_wconf 87' lang='lat' dir='ltr'><strong>insulam</strong></span> <span class='ocrx_word' id='word_1_817' title='bbox 2410 5252 2741 5306; x_wconf 89' lang='lat' dir='ltr'><strong>detulerunt.</strong></span> <span class='ocrx_word' id='word_1_818' title='bbox 2765 5250 2882 5318; x_wconf 80' lang='lat' dir='ltr'><strong>Quo</strong></span> <span class='ocrx_word' id='word_1_819' title='bbox 2905 5249 3046 5304; x_wconf 82' lang='lat' dir='ltr'><strong>facto</strong></span> <span class='ocrx_word' id='word_1_820' title='bbox 3071 5247 3377 5318; x_wconf 87' lang='lat' dir='ltr'><strong>pestilentia</strong></span> <span class='ocrx_word' id='word_1_821' title='bbox 3398 5247 3615 5316; x_wconf 88' lang='lat' dir='ltr'><strong>depulsa</strong></span> <span class='ocrx_word' id='word_1_822' title='bbox 3638 5250 3728 5298; x_wconf 87' lang='lat' dir='ltr'><strong>est.</strong></span> 
     </span>
    </p>
   </div>
   <div class='ocr_carea' id='block_1_113' title="bbox 2155 5334 3729 5415">
    <p class='ocr_par' dir='ltr' id='par_1_113' title="bbox 2155 5334 3729 5415">
     <span class='ocr_line' id='line_1_114' title="bbox 2155 5334 3729 5415; baseline -0.008 -15"><span class='ocrx_word' id='word_1_823' title='bbox 2155 5344 2223 5400; x_wconf 85' lang='lat' dir='ltr'><strong>Et</strong></span> <span class='ocrx_word' id='word_1_824' title='bbox 2263 5349 2332 5399; x_wconf 86' lang='lat' dir='ltr'><strong>ita</strong></span> <span class='ocrx_word' id='word_1_825' title='bbox 2373 5343 2590 5415; x_wconf 89' lang='lat' dir='ltr'><strong>quidem</strong></span> <span class='ocrx_word' id='word_1_826' title='bbox 2630 5341 2886 5407; x_wconf 75' lang='lat' dir='ltr'><strong>Ovidius,</strong></span> <span class='ocrx_word' id='word_1_827' title='bbox 2920 5341 3145 5411; x_wconf 89' lang='lat' dir='ltr'><strong>ejusque</strong></span> <span class='ocrx_word' id='word_1_828' title='bbox 3177 5341 3418 5394; x_wconf 85' lang='lat' dir='ltr'><strong>narratio</strong></span> <span class='ocrx_word' id='word_1_829' title='bbox 3447 5345 3618 5409; x_wconf 88' lang='lat' dir='ltr'><strong>potest</strong></span> <span class='ocrx_word' id='word_1_830' title='bbox 3640 5334 3729 5388; x_wconf 76' lang='lat' dir='ltr'><strong>Va-</strong></span> 
     </span>
    </p>
   </div>
   <div class='ocr_carea' id='block_1_114' title="bbox 2156 5428 3729 5504">
    <p class='ocr_par' dir='ltr' id='par_1_114' title="bbox 2156 5428 3729 5504">
     <span class='ocr_line' id='line_1_115' title="bbox 2156 5428 3729 5504; baseline -0.008 -10"><span class='ocrx_word' id='word_1_831' title='bbox 2156 5439 2274 5494; x_wconf 89' lang='lat' dir='ltr'><strong>lerii</strong></span> <span class='ocrx_word' id='word_1_832' title='bbox 2307 5437 2554 5504; x_wconf 79' lang='lat' dir='ltr'><strong>Maximi,</strong></span> <span class='ocrx_word' id='word_1_833' title='bbox 2586 5436 2758 5503; x_wconf 86' lang='lat' dir='ltr'><strong>Livii,</strong></span> <span class='ocrx_word' id='word_1_834' title='bbox 2789 5433 3104 5500; x_wconf 85' lang='lat' dir='ltr'><strong>Plutarchi,</strong></span> <span class='ocrx_word' id='word_1_835' title='bbox 3133 5432 3339 5488; x_wconf 87' lang='lat' dir='ltr'><strong>Aurelii</strong></span> <span class='ocrx_word' id='word_1_836' title='bbox 3367 5431 3624 5496; x_wconf 83' lang='lat' dir='ltr'><strong>Victoris,</strong></span> <span class='ocrx_word' id='word_1_837' title='bbox 3652 5428 3729 5483; x_wconf 84' lang='lat' dir='ltr'><strong>La-</strong></span> 
     </span>
    </p>
   </div>
   <div class='ocr_carea' id='block_1_115' title="bbox 2157 5518 3731 5601">
    <p class='ocr_par' dir='ltr' id='par_1_115' title="bbox 2157 5518 3731 5601">
     <span class='ocr_line' id='line_1_116' title="bbox 2157 5518 3731 5601; baseline -0.01 -13"><span class='ocrx_word' id='word_1_838' title='bbox 2157 5533 2347 5589; x_wconf 86' lang='lat' dir='ltr'><strong>ctantii</strong></span> <span class='ocrx_word' id='word_1_839' title='bbox 2387 5541 2444 5587; x_wconf 88' lang='lat' dir='ltr'><strong>et</strong></span> <span class='ocrx_word' id='word_1_840' title='bbox 2481 5531 2770 5601; x_wconf 83' lang='lat' dir='ltr'><strong>Augustini</strong></span> <span class='ocrx_word' id='word_1_841' title='bbox 2803 5529 3126 5582; x_wconf 90' lang='lat' dir='ltr'><strong>auctoritate</strong></span> <span class='ocrx_word' id='word_1_842' title='bbox 3155 5526 3506 5589; x_wconf 87' lang='lat' dir='ltr'><strong>conﬁrmari,</strong></span> <span class='ocrx_word' id='word_1_843' title='bbox 3539 5518 3731 5577; x_wconf 80' lang='lat' dir='ltr'><strong>tametsi</strong></span> 
     </span>
    </p>
   </div>
   <div class='ocr_carea' id='block_1_116' title="bbox 2155 5615 3732 5693">
    <p class='ocr_par' dir='ltr' id='par_1_116' title="bbox 2155 5615 3732 5693">
     <span class='ocr_line' id='line_1_117' title="bbox 2155 5615 3732 5693; baseline -0.012 -11"><span class='ocrx_word' id='word_1_844' title='bbox 2155 5638 2246 5682; x_wconf 89' lang='lat' dir='ltr'><strong>aut</strong></span> <span class='ocrx_word' id='word_1_845' title='bbox 2274 5627 2533 5691; x_wconf 86' lang='lat' dir='ltr'><strong>brevius,</strong></span> <span class='ocrx_word' id='word_1_846' title='bbox 2567 5634 2658 5678; x_wconf 91' lang='lat' dir='ltr'><strong>aut</strong></span> <span class='ocrx_word' id='word_1_847' title='bbox 2691 5623 2848 5693; x_wconf 91' lang='lat' dir='ltr'><strong>paulo</strong></span> <span class='ocrx_word' id='word_1_848' title='bbox 2873 5621 3030 5676; x_wconf 89' lang='lat' dir='ltr'><strong>aliter</strong></span> <span class='ocrx_word' id='word_1_849' title='bbox 3061 5618 3321 5686; x_wconf 88' lang='lat' dir='ltr'><strong>quasdam</strong></span> <span class='ocrx_word' id='word_1_850' title='bbox 3353 5617 3496 5671; x_wconf 91' lang='lat' dir='ltr'><strong>illius</strong></span> <span class='ocrx_word' id='word_1_851' title='bbox 3523 5615 3732 5670; x_wconf 81' lang='lat' dir='ltr'><strong>circum-</strong></span> 
     </span>
    </p>
   </div>
   <div class='ocr_carea' id='block_1_117' title="bbox 2155 5705 3727 5786">
    <p class='ocr_par' dir='ltr' id='par_1_117' title="bbox 2155 5705 3727 5786">
     <span class='ocr_line' id='line_1_118' title="bbox 2155 5705 3727 5786; baseline -0.005 -10"><span class='ocrx_word' id='word_1_852' title='bbox 2155 5721 2382 5776; x_wconf 89' lang='lat' dir='ltr'><strong>stantias</strong></span> <span class='ocrx_word' id='word_1_853' title='bbox 2412 5718 2697 5775; x_wconf 88' lang='lat' dir='ltr'><strong>retulerint</strong></span> <span class='ocrx_word' id='word_1_854' title='bbox 2723 5718 2741 5786; x_wconf 70' lang='grc' dir='ltr'>ζ</span> <span class='ocrx_word' id='word_1_855' title='bbox 2772 5715 2890 5770; x_wconf 86' lang='lat' dir='ltr'><strong>Val.</strong></span> <span class='ocrx_word' id='word_1_856' title='bbox 2927 5715 3101 5783; x_wconf 53' lang='grc' dir='ltr'><strong>Μαίη,</strong></span> <span class='ocrx_word' id='word_1_857' title='bbox 3134 5715 3221 5769; x_wconf 85' lang='lat' dir='ltr'><strong>lib.</strong></span> <span class='ocrx_word' id='word_1_858' title='bbox 3255 5730 3304 5780; x_wconf 84' lang='lat'><strong>1,</strong></span> <span class='ocrx_word' id='word_1_859' title='bbox 3337 5729 3454 5784; x_wconf 86' lang='lat' dir='ltr'><strong><em>cap.</em></strong></span> <span class='ocrx_word' id='word_1_860' title='bbox 3488 5712 3540 5777; x_wconf 91' lang='lat'><strong>8,</strong></span> <span class='ocrx_word' id='word_1_861' title='bbox 3590 5708 3616 5779; x_wconf 83' lang='lat'>§</span> <span class='ocrx_word' id='word_1_862' title='bbox 3660 5705 3727 5768; x_wconf 66' lang='grc' dir='ltr'><strong>ες</strong></span> 
     </span>
    </p>
   </div>
   <div class='ocr_carea' id='block_1_118' title="bbox 2163 5801 3726 5883">
    <p class='ocr_par' dir='ltr' id='par_1_118' title="bbox 2163 5801 3726 5883">
     <span class='ocr_line' id='line_1_119' title="bbox 2163 5801 3726 5883; baseline -0.006 -15"><span class='ocrx_word' id='word_1_863' title='bbox 2163 5815 2300 5882; x_wconf 81' lang='lat' dir='ltr'><strong>Liv.,</strong></span> <span class='ocrx_word' id='word_1_864' title='bbox 2323 5816 2375 5869; x_wconf 84' lang='lat' dir='ltr'><strong>in</strong></span> <span class='ocrx_word' id='word_1_865' title='bbox 2399 5815 2491 5883; x_wconf 73' lang='lat' dir='ltr'><strong>ﬁn.</strong></span> <span class='ocrx_word' id='word_1_866' title='bbox 2542 5812 2628 5866; x_wconf 88' lang='lat' dir='ltr'><strong>lib.</strong></span> <span class='ocrx_word' id='word_1_867' title='bbox 2686 5826 2755 5877; x_wconf 75' lang='grc' dir='ltr'><strong>ι,</strong></span> <span class='ocrx_word' id='word_1_868' title='bbox 2787 5818 2834 5865; x_wconf 85' lang='lat' dir='ltr'><strong>et</strong></span> <span class='ocrx_word' id='word_1_869' title='bbox 2864 5809 2951 5864; x_wconf 86' lang='lat' dir='ltr'><strong>lib.</strong></span> <span class='ocrx_word' id='word_1_870' title='bbox 2983 5825 3142 5877; x_wconf 72' lang='lat' dir='ltr'><strong>nux,</strong></span> <span class='ocrx_word' id='word_1_871' title='bbox 3172 5824 3288 5877; x_wconf 84' lang='lat' dir='ltr'><strong>cap.</strong></span> <span class='ocrx_word' id='word_1_872' title='bbox 3321 5809 3382 5864; x_wconf 78' lang='lat' dir='ltr'><strong>ii</strong></span> <span class='ocrx_word' id='word_1_873' title='bbox 3411 5823 3426 5873; x_wconf 94' lang='lat'>;</span> <span class='ocrx_word' id='word_1_874' title='bbox 3457 5801 3726 5860; x_wconf 45' lang='lat' dir='ltr'><strong>Plutarch&quot;</strong></span> 
     </span>
    </p>
   </div>
  </div>
