3904 6326
228 302 336 360 605

1444 304 1509 361 IN
1553 299 1932 369 ARNQBIUU.
1970 303 2126 367 CAP.
2169 305 2287 365 XX.

3403 305 3510 367 606

230 414 430 482 Quaest.
469 431 697 485 τουιιιιη
739 424 865 479 tam.
897 427 969 483 ιι,
1003 433 1125 490 pag.
1156 416 1301 486 286;
1339 417 1516 477 Aurel.
1562 415 1720 485 νέοι,
1753 415 1899 476 de‘A
1920 429 2028 486 quo
2057 416 2288 479 filiorum
2313 420 2600 479 orbitatem
2645 429 2701 478 et
2751 426 2982 483 mortem
3030 418 3201 479 sensit
3244 416 3509 479 acerbius.

232 504 347 561 Vir.
387 508 578 576 illast,
621 526 741 582 cap.
789 511 894 579 22;
930 511 1197 580 ιαειαηι..
1230 510 1320 567 ub-
1352 528 1388 568 ιι
1409 552 1425 577 9
1459 528 1576 581 σανα
1606 512 1661 577 7,
1692 528 1812 583 ρας·

224 601 361 672 175ς
392 603 642 677 August,
673 607 763 665 tib.
795 624 853 665 tu
883 608 951 669 de
979 608 1155 676 Cirin,
1189 625 1311 681 pag.
1349 608 1420 667 η
1449 618 1495 663 et
1526 609 1616 670 17.
1648 618 1695 663 et
1724 609 1813 664 iis.

221 710 295 763 ι,
324 713 446 770 cap.
483 696 611 771 l6).

291 788 511 851 Ethnici
542 792 723 863 itaque
753 796 1081 866 praecipuum
1104 836 1118 861 .
1150 804 1313 868 atque
1342 806 1401 852 ιιι
1427 795 1561 867 ipsis
1589 794 1813 853 videba-

214 888 326 947 tur,
359 884 679 954 palmarium
713 903 810 957 pro
839 903 935 944 sua
953 930 969 955 ,
1000 898 1057 947 et
1078 901 1264 947 contra
1290 890 1609 962 religionem
1636 890 1809 947 chris-

214 971 424 1031 tianam
447 989 827 1047 argumentum
852 995 919 1036 ex
946 981 1059 1037 illis
1081 982 1311 1054 aliisque
1336 982 1581 1052 ejusdem
1600 984 1816 1055 generis

213 1068 617 1127 narrationibus
650 1081 837 1143 petere
863 1075 1140 1135 solebant.
1172 1076 1284 1135 Nec
1309 1076 1573 1135 difﬁtetur
1596 1078 1813 1149 quidem

212 1160 493 1219 Arnobius
530 1164 635 1223 hac
673 1167 728 1221 in
769 1182 830 1225 re
866 1170 1172 1235 articulum,
1208 1171 1365 1227 sicuti
1402 1170 1665 1241 loquitur,
1697 1171 1815 1228 sive

216 1254 501 1315 cardinem
554 1260 720 1317 totius
766 1261 928 1333 hujus
972 1279 1153 1321 causa:
1199 1280 1264 1325 ac
1309 1267 1625 1337 quaestionis
1672 1268 1813 1333 verti

214 1350 463 1420 (Arnob.,
488 1352 578 1413 lib.
602 1370 675 1415 vn
693 1397 708 1423 ,
741 1349 868 1429 pag.
893 1356 1056 1430 2J5).
1086 1359 1169 1416 Eo
1189 1360 1335 1417 enim
1364 1360 1497 1417 illud
1523 1375 1812 1434 argumen-

212 1449 327 1498 tum
358 1444 589 1503 validius
616 1446 850 1516 videtur,
882 1451 1026 1522 quod
1055 1451 1177 1511 haec
1216 1453 1271 1509 in
1312 1452 1655 1515 ethnicorum
1704 1470 1806 1510 an-

211 1536 432 1595 nalibus
458 1542 657 1610 scripta
689 1556 801 1612 prae
824 1557 885 1601 se
926 1542 1173 1601 ferebant
1207 1545 1442 1618 aliquam
1474 1547 1718 1604 veritatis
1747 1564 1811 1604 ac

208 1628 461 1686 miraculi
489 1633 753 1703 speciem.
781 1634 984 1695 Verum
1009 1638 1056 1695 si
1085 1639 1306 1709 penitus
1326 1682 1343 1706 ,
1373 1640 1581 1711 inquit,
1612 1641 1813 1698 intros-

208 1724 505 1795 piciantur.
539 1737 653 1785 tum
682 1730 1060 1803 deprehendes
1089 1734 1222 1792 nihil
1254 1736 1457 1794 habere
1496 1738 1639 1810 quod
1665 1739 1807 1807 diis,

1990 511 2106 571 Non
2136 512 2315 571 minus
2339 514 2543 571 insulse
2570 525 2626 571 et
2654 518 2835 584 inepte
2860 514 3088 573 conficta
3128 512 3301 573 fuerat
3325 510 3513 570 Esca-

1917 603 2076 675 lapii,
2139 606 2407 676 Epidauro
2462 608 2688 662 Romam
2733 606 2978 672 advecti,
3024 604 3253 662 historia
3291 603 3510 675 (ΝΜ,

1918 716 2037 770 pag.
2059 697 2216 771 249).
2243 698 2361 754 Non
2390 698 2645 756 enimille
2672 699 2956 761 Coronidis
2996 698 3139 753 filius
3177 696 3285 753 dici
3309 705 3510 768 potest,

1915 791 2008 861 qui
2038 790 2263 855 fulmine
2282 792 2562 862 perculsus
2585 791 2810 853 interiit.
2828 789 2936 847 Sed
2956 789 3202 863 quisquis
3220 789 3313 853 ille
3326 787 3509 854 fuerit,

1916 883 2052 937 nihil
2105 883 2250 939 aliud
2292 883 2561 954 Epidauro
2608 883 2828 938 allatum
2878 882 3102 950 ferunt,
3152 882 3258 938 nisi
3302 896 3512 954 magnae

1915 976 2075 1035 molis
2120 985 2175 1032 et
2205 975 2483 1041 immensa}
2528 976 2867 1048 proceritatis
2908 984 3240 1049 serpentem.
3263 971 3397 1043 Quis
3418 986 3513 1029 au-

1916 1078 2022 1124 tem
2050 1069 2149 1124 sibi
2177 1069 2332 1124 facile
2356 1068 2677 1139 persuadeat
2729 1067 2890 1123 deum
2934 1067 3180 1123 vilissimi
3216 1066 3509 1137 serpentis,

1912 1178 2078 1234 super
2133 1173 2328 1227 terram
2376 1162 2674 1233 reptantis,
2706 1161 2945 1221 induisse
2969 1161 3199 1219 formam
3220 1202 3239 1229 ,
3268 1160 3509 1225 membra

1913 1255 2169 1321 habuisse
2188 1256 2255 1313 ad
2275 1255 2708 1321 manducandum
2731 1262 2788 1317 et
2807 1253 3159 1326 digerendum
3183 1253 3508 1320 necessaria,

1913 1358 2076 1423 atque
2106 1360 2163 1411 ut
2190 1351 2357 1413 maria
2387 1356 2785 1417 transnataret,
2838 1362 2976 1407 nave
3023 1347 3355 1419 indiguisse?
3404 1344 3511 1405 Cur

1912 1459 2045 1503 vero
2070 1460 2133 1502 se
2157 1446 2330 1515 ipsum
2382 1445 2565 1511 talem,
2585 1443 2761 1514 qualis
2781 1445 2898 1515 ipse
2923 1453 3044 1511 est,
3075 1440 3369 1500 videndum
3399 1453 3508 1501 non

1912 1539 2177 1610 prmbttit?
2205 1539 2264 1599 Si
2287 1548 2469 1599 autem
2500 1537 2716 1599 mentiri
2741 1546 2799 1594 et
2824 1536 3051 1599 fortnam
3081 1544 3293 1595 mutare
3316 1530 3509 1597 voluit,

1910 1644 2010 1689 cur
2029 1645 2135 1693 non
2165 1631 2325 1693 aliam
2355 1630 2677 1701 assumpsit,
2700 1644 2860 1700 quam
2886 1626 3213 1691 horrendam
3247 1623 3512 1694 serpentis

1911 1722 2365 1783 similitudinem?
2406 1724 2598 1785 Nonne
2643 1725 2821 1785 locum
2854 1720 3132 1783 dubitandi
3158 1718 3307 1783 dedit
3328 1727 3505 1781 utrum

205 1833 511 1892 eorumque
532 1821 719 1881 divino
743 1827 985 1896 numini,
1012 1843 1078 1885 ac
1102 1843 1332 1887 summa:
1375 1806 1646 1903 maiestati
1672 1806 1808 1889 con.
1835 1806 1886 1883 Β
1914 1831 2103 1879 revera
2127 1818 2242 1889 ipse
2263 1827 2430 1885 esset,
2454 1819 2543 1877 vel
2569 1818 2713 1875 aliud
2742 1818 2808 1873 ab
2831 1818 2949 1888 ipso
2979 1816 3136 1886 plane
3162 1812 3475 1876 diversum?

207 1912 415 1969 veniat.

280 2004 368 2065 Ad
384 2004 716 2069 instauratos
731 2010 1013 2071 enimvero
1034 2013 1191 2070 ludos
1206 2015 1351 2087 quod
1366 2026 1580 2088 spectat
1593 2057 1607 2083 ,
1627 2032 1809 2081 nonne

211 2098 395 2168 dictu,
425 2100 629 2174 inquit,
657 2104 949 2162 absurdum
977 2116 1062 2164 est
1089 2107 1278 2166 Jovem
1312 2109 1466 2166 illum
1496 2110 1805 2182 Optimum,

190 2192 533 2261 .Maximmn,
564 2211 747 2255 rerum
773 2199 1047 2263 omnium.
1080 2203 1156 2257 uti
1188 2203 1566 2269 venditabant,
1599 2214 1809 2262 creato-

190 2301 328 2342 .rem
347 2329 363 2353 ,
394 2304 591 2360 magna
620 2305 743 2347 cum
773 2293 938 2349 animi
969 2295 1333 2354 oblectatione
1359 2314 1391 2356 e
1419 2299 1561 2356 cmlo
1590 2310 1807 2371 specta-

210 2389 325 2435 tum
356 2382 578 2441 venisse
615 2387 929 2445 cantherios
969 2405 1063 2445 seu
1090 2405 1261 2462 equos
1290 2402 1589 2461 castratos,
1617 2396 1686 2451 de
1711 2411 1809 2451 ve-

201 2470 430 2529 locitate
467 2483 776 2544 certantes,
814 2480 1126 2551 replicantes
1162 2500 1315 2556 gyros
1342 2496 1568 2557 septem,
1597 2486 1653 2541 id
1681 2498 1765 2543 est
1788 2529 1805 2555 ,

201 2567 411 2635 septies
438 2566 575 2627 circi
606 2578 803 2628 metam
833 2574 1272 2645 circumeuntes,
1307 2586 1531 2650 tumque
1562 2580 1807 2637 homines

199 2674 331 2714 cum
371 2660 620 2722 curribus
659 2668 864 2733 everti,
906 2676 998 2725 aut
1039 2667 1226 2726 fratris
1253 2669 1382 2728 inde
1408 2673 1607 2729 retrahi
1634 2674 1808 2729 cruri-

202 2751 347 2808 bus?
369 2751 563 2825 (Ibid.,
591 2772 712 2827 pag.
736 2757 844 2815 345
863 2769 912 2814 et
932 2761 1063 2833 seq.)
1085 2762 1219 2831 Quis
1242 2766 1480 2835 prudens
1507 2767 1671 2823 homo
1693 2770 1807 2825 haec

201 2853 484 2915 tamquam
511 2849 747 2918 pueriles
769 2850 1113 2924 ludicrasque
1143 2855 1688 2931 iudilicatioucsmon
1719 2875 1809 2917 as-

202 2936 567 3006 pernabitur?

275 3028 419 3097 Quid
462 3043 641 3095 autem
678 3034 814 3094 Jove
855 3040 1025 3110 magis
1055 3041 1332 3114 indignum
1381 3059 1542 3117 quam
1576 3048 1655 3103 ira
1683 3047 1809 3105 ideo

198 3122 642 3191 excandescere;
675 3129 795 3198 quia
825 3145 1016 3189 servus
1046 3132 1099 3189 in
1126 3134 1275 3193 circo
1304 3136 1488 3207 ﬂagris
1515 3152 1712 3207 cassus,
1741 3156 1805 3197 ac

195 3215 400 3275 mortis
446 3218 709 3289 supplicio
756 3219 984 3281 affectus
1040 3222 1175 3281 fuit?
1219 3227 1278 3285 Si
1323 3230 1468 3286 enim
1501 3245 1687 3300 pmnas
1718 3233 1806 3290 ille

196 3310 405 3365 merito
427 3310 595 3380 dedit,
630 3330 735 3371 non
765 3314 952 3375 debuit
978 3318 1187 3390 Jupiter
1213 3322 1291 3377 ira
1321 3322 1556 3379 incendi.
1598 3324 1653 3381 Si
1675 3342 1805 3382 vero

195 3402 467 3460 innocens
494 3407 705 3463 occisus
727 3418 829 3477 est,
854 3426 978 3468 reus
1005 3413 1107 3470 fuit
1132 3414 1517 3488 ludimagister,
1542 3421 1631 3488 qui
1653 3420 1802 3475 illum

195 3509 327 3549 cum
362 3508 584 3567 posset,
617 3515 645 3554 a
674 3513 849 3560 morte
875 3520 983 3561 non
1004 3508 1236 3577 eripuit,
1263 3517 1319 3567 et
1346 3509 1535 3566 Jovem
1562 3527 1803 3582 pronun-

197 3586 358 3643 tiavit
374 3588 540 3660 hujus
558 3606 693 3649 nece
723 3593 1012 3653 offensum.
1041 3598 1143 3667 Qui
1169 3610 1351 3659 autem
1381 3603 1496 3659 fieri
1526 3611 1720 3673 potuit,
1746 3613 1805 3661 ut

195 3694 262 3734 ea
291 3681 439 3736 servi
467 3693 642 3743 morte
670 3685 882 3758 Jupiter
909 3689 1199 3747 laederetur
1217 3732 1233 3758 ,
1282 3694 1372 3764 qui
1410 3694 1607 3751 dicitur
1632 3697 1802 3767 pluri-

196 3788 321 3830 mos
346 3776 510 3846 plane
538 3776 857 3837 innocentes
884 3782 937 3836 in
966 3783 1051 3839 his
1072 3784 1214 3841 ludis
1232 3786 1442 3843 occisos
1472 3788 1594 3845 ltelo
1622 3791 1802 3847 animo

196 3869 594 3938 conspexisse?
620 3870 844 3931 Fatetur
866 3875 1083 3944 quidem
1118 3878 1411 3946 Arnobius,
1439 3881 1483 3937 si
1508 3883 1561 3937 in
1589 3883 1802 3954 religio-

197 3960 284 4013 nis
297 3967 669 4033 contemptum
693 3963 745 4021 id
767 3974 891 4020 ante
917 3967 1073 4023 ludos
1097 3980 1276 4029 actum
1302 3970 1801 4042 fuerit,condonan-

197 4051 328 4107 dum
386 4051 514 4109 Jovi
544 4095 560 4119 ,
590 4056 695 4126 ,qui
740 4058 1029 4130 sacrilegio
1057 4077 1119 4118 se
1149 4064 1334 4133 sperni
1365 4066 1633 4135 patienter
1659 4069 1801 4126 ferre

196 4145 478 4229 nequibat.
503 4144 597 4202 Sin
619 4157 801 4207 autem
829 4165 1016 4213 errore
1042 4163 1095 4213 et
1124 4168 1251 4211 casu
1279 4154 1477 4215 factum
1504 4168 1608 4225 est,
1637 4159 1801 4217 debe-

197 4239 293 4295 bat
319 4241 507 4314 utique
532 4244 766 4314 optimus
795 4244 1003 4315 Jupiter
1027 4248 1275 4305 humana:
1308 4249 1582 4323 fragilitati
1610 4262 1666 4311 et
1693 4255 1798 4310 im-

199 4332 505 4400 prudentiae
534 4333 665 4393 dare
686 4338 923 4395 veniam.
957 4338 1214 4408 Quamvis
1243 4357 1406 4412 porro
1436 4344 1568 4401 illud
1590 4387 1606 4409 ,
1660 4361 1797 4418 quo-

196 4425 474 4494 quomodo
514 4426 751 4497 factum,
795 4445 901 4499 non
944 4431 1191 4488 debuerit
1244 4435 1471 4493 inuitum
1529 4437 1794 4510 relinqui;

1982 1911 2171 1971 Nonne
2215 1912 2381 1973 etiam
2425 1912 2604 1982 aliqua
2642 1911 2834 1975 saltem
2865 1908 3005 1973 ratio,
3030 1907 3099 1967 ab
3125 1905 3356 1970 ethnicis
3388 1902 3510 1965 red-

1908 2005 2086 2067 denda
2130 2013 2294 2072 erat,
2338 2020 2437 2061 our
2480 2020 2706 2077 serpens
2745 2004 2836 2063 ille
2862 2010 2983 2079 post
3005 1998 3254 2064 suumad
3278 1997 3508 2054 insulam

1911 2098 2239 2171 Tyberinam
2259 2113 2538 2160 accessum
2562 2114 2669 2173 non
2697 2098 2930 2169 amplius
2948 2092 3343 2166 comparuerit?
3366 2091 3510 2153 Nihil

1909 2195 2109 2264 quippe
2129 2192 2432 2261 christiani,
2456 2208 2635 2264 neque
2662 2191 2878 2264 ipsimet
2900 2187 3259 2261 proculdubio
3282 2185 3508 2251 etlmici.

1908 2284 2052 2343 aliud
2079 2284 2149 2347 de
2176 2286 2276 2341 hac
2303 2283 2484 2343 fabula
2514 2293 2813 2350 noverant,
2850 2296 3014 2353 quam
3042 2279 3268 2352 quodin
3288 2291 3509 2341 eorum-

1908 2376 2033 2441 dem
2061 2379 2343 2449 gentilium
2369 2378 2589 2449 scriptis
2617 2376 2872 2437 traditum
2901 2373 3212 2441 invenitur?

1982 2471 2224 2543 Denique
2268 2470 2474 2531 ethnici
2523 2485 2722 2542 negare
2749 2485 2855 2527 non
2882 2476 3173 2541 potuerunt
3208 2465 3353 2525 hunc
3380 2479 3497 2525 serv

1908 2574 2125 2637 pontem
2176 2566 2394 2638 generis
2441 2564 2607 2631 fuisse
2660 2563 2895 2631 terreni,
2925 2581 2944 2619 t
2971 2561 3238 2634 quamvis,
3274 2578 3294 2613 ι
3330 2560 3504 2631 inquit

1906 2658 2179 2716 Arnobius
2205 2658 2371 2730 (Ibid.
2402 2700 2418 2722 ,
2462 2675 2583 2730 pag.
2605 2656 2761 2730 25A),
2794 2675 2813 2715 ι
2853 2656 3016 2729 fuerit
3062 2654 3313 2717 immanis
3342 2662 3399 2717 et
3422 2654 3506 2708 ni-

1907 2750 2067 2817 mius,
2097 2751 2342 2822 quamvis
2368 2750 2523 2813 illum
2550 2749 2618 2806 ab
2648 2748 2875 2819 Regulo,
2904 2747 3173 2807 exercitus
3200 2746 3249 2802 vi
3277 2759 3503 2809 caesum,

1907 2842 2242 2914 longitudine
2285 2843 2530 2919 corporis
2568 2850 2624 2898 et
2674 2838 2885 2899 roboris
2938 2839 3191 2907 anteiret.
3228 2856 3249 2895 ι
3278 2837 3506 2909 Quanta:

1909 2951 2041 2997 vero
2072 2936 2229 2995 molis
2255 2934 2561 3001 hiciuerit,
2606 2933 2732 2993 inde
2767 2933 2980 3006 iudica,
3027 2931 3171 3003 quod
3224 2939 3504 3003 pestquam

1906 3029 2002 3091 ille
2027 3029 2093 3089 ab
2116 3026 2288 3089 Attilii
2336 3028 2528 3099 Reguli
2570 3027 2814 3087 exercitu
2862 3025 3004 3097 apud
3056 3024 3354 3097 Bragadam
3404 3023 3507 3087 [lu-

1910 3122 2078 3186 vium,
2112 3120 2201 3181 ubi
2232 3121 2469 3195 Regulus
2496 3129 2672 3179 castra
2700 3129 2974 3191 posuerat,
3006 3119 3361 3188 interemptus
3380 3125 3504 3180 est;

1832 3195 1880 3265 (ἶ
1910 3216 2054 3275 illius
2098 3215 2341 3281 corium,
2395 3215 2620 3277 Romam
2663 3224 2851 3284 postea
2887 3214 3142 3281 missum,
3202 3211 3366 3287 pedes
3408 3210 3507 3275 120

1905 3311 2123 3382 longum
2171 3310 2337 3369 fuisse
2384 3309 2717 3381 perhibetur.
2769 3309 2960 3371 Testes
3000 3308 3159 3380 hujus
3187 3307 3267 3367 rei
3296 3306 3339 3361 si
3364 3319 3502 3375 quos

1904 3402 2203 3471 desideras,
2238 3403 2332 3463 tibi
2362 3402 2611 3463 dabimus
2638 3404 2702 3463 Α.
2732 3400 3207 3465 ϐθιιίυηι.ιίνίιιιιι
3238 3414 3267 3457 a
3291 3397 3506 3453 Valerio

1902 3496 2135 3557 Maximo
2164 3497 2416 3564 citatum,
2446 3496 2675 3557 Plinium
2697 3536 2713 3563 ,
2742 3495 3006 3557 Senecam
3031 3534 3048 3560 .
3077 3492 3298 3555 Florum
3319 3532 3335 3556 .
3371 3490 3506 3551 01³0-

1903 3588 2043 3645 sium
2062 3631 2077 3657 ,
2103 3599 2158 3651 et
2186 3589 2320 3649 alios
2341 3588 2520 3650 adhuc
2542 3630 2558 3656 ,
2600 3589 2647 3651 Si
2679 3602 2903 3649 necesse
2948 3586 3089 3649 foret
3118 3584 3302 3659 (Gell.,
3332 3583 3424 3643 lib.
3450 3598 3504 3639 Vl

1904 3678 2065 3737 Noat.
2110 3680 2301 3750 Attia,
2353 3697 2470 3752 cap.
2504 3682 2575 3748 5,
2620 3696 2742 3752 pag.
2772 3678 2911 3744 568;
2967 3677 3081 3732 ναι.
3119 3677 3303 3742 Mosa,
3335 3675 3422 3737 lib.
3454 3691 3502 3742 ι,

1902 3789 2018 3845 cap.
2042 3774 2166 3840 ult.,
2198 3773 2341 3845 ἕω,
2363 3790 2483 3845 pag.
2511 3774 2613 3839 77;
2645 3771 2812 3839 Plin,
2840 3770 2926 3837 lib.
2960 3786 3053 3829 vnt
3110 3767 3252 3825 Hist.
3303 3778 3502 3834 natura,

1900 3883 2019 3937 cap.
2043 3869 2130 3934 15,
2163 3884 2285 3939 pag.
2311 3868 2451 3934 155;
2484 3868 2692 3932 Senatu,
2723 3867 2873 3936 epist.
2903 3865 3135 3936 8‘2,pag.
3166 3864 3301 3928 456;
3327 3860 3501 3926 Flora,

1901 3960 1993 4016 lib.
2026 3976 2118 4027 ιιι,
2154 3968 2289 4031 post.
2318 3962 2474 4027 inin;
2506 3961 2682 4024 ωσι..
2715 3959 2802 4017 lib.
2834 3973 2890 4019 tv
2927 3956 3087 4025 msh,
3121 3973 3239 4027 cap.
3262 3955 3340 4027 8).
3370 3955 3503 4024 Quis

1901 4069 2031 4125 ergo
2055 4053 2301 4109 ethnicos
2327 4069 2435 4115 non
2466 4054 2714 4120 miretur.
2737 4052 2829 4122 qui
2863 4049 3171 4122 huiusmodi
3190 4057 3499 4119 serpentem

1899 4146 2061 4209 deum
2086 4161 2211 4209 esse
2238 4146 2491 4209 dixerunt
2509 4156 2565 4202 et
2590 4145 2911 4209 coluerunt?

1974 4238 2245 4311 Urgebant
2270 4249 2470 4305 tamen,
2496 4239 2587 4303 ubi
2622 4240 2853 4308 primum
2880 4238 2987 4304 ille,
3014 4252 3132 4302 seu.
3160 4244 3221 4290 ut
3260 4234 3497 4301 aiebant,

1900 4332 2263 4404 rEscttlapius,
2290 4349 2357 4395 ea:
2379 4333 2523 4395 libris
2549 4332 2810 4404 fatalibus,
2843 4331 2896 4387 id
2925 4338 3031 4397 est,
3054 4330 3350 4402 Sibyllinis,
3395 4326 3498 4385 Va-

1903 4438 2131 4499 tumque,
2162 4427 2266 4484 hoc
2292 4426 2689 4499 est,‘Apollinis
2712 4425 2992 4497 responsis,
3014 4423 3240 4485 Romam
3266 4421 3498 4479 advoca-

201 4517 358 4572 unius
408 4527 587 4593 tamen
639 4533 861 4594 propter
908 4524 1168 4581 delictum
1200 4542 1306 4585 non
1337 4528 1574 4595 debuere
1618 4533 1798 4589 οηιηίε
1824 4583 1873 4595 “
1903 4530 1988 4577 tus
2017 4531 2119 4589 est,
2152 4530 2262 4578 tum
2294 4533 2498 4592 pestem
2529 4521 2795 4592 protinus,
2840 4534 2940 4581 nec
2965 4533 3160 4589 magno
3189 4522 3306 4575 sine
3333 4518 3496 4579 mira-

199 4608 432 4665 civitatis
453 4583 704 4681 populus,
731 4583 921 4673 omnes
948 4615 1184 4685 feminae,
1204 4583 1799 4691 piari;s..i.;;.i..';;iiii
1824 4583 1879 4647 D
1903 4616 2025 4672 culo
2053 4583 2221 4672 fuisse
2248 4583 2547 4685 depulsam
2564 4583 2809 4687 (Arnob-7.
2849 4611 2942 4667 ιίθ·
2973 4626 3067 4677 vn.
3098 4627 3220 4682 raa-
3248 4608 3401 4682 2⁵η-
3432 4611 3502 4669 At

200 4714 308 4768 que
332 4702 597 4760 innumeri
624 4708 865 4767 insontes
893 4710 1097 4769 crudeli
1128 4710 1288 4780 plecti
1315 4715 1482 4784 pestis
1508 4718 1795 4787 supplicio.

199 4789 389 4851 Nonne
410 4798 557 4852 enim
584 4798 826 4871 iniquum
852 4811 938 4857 est
961 4812 1037 4860 tot
1062 4804 1314 4863 innoxios
1337 4822 1433 4879 pro
1455 4824 1563 4865 uno
1590 4818 1794 4869 tantum

202 4899 298 4944 reo
322 4894 668 4948 condemnari
695 4903 756 4961 et
776 4896 992 4965 puniri?

273 4980 560 5051 Praeterea,
591 4984 635 5040 si
655 4984 863 5058 Jupiter
891 4987 1045 5044 ludos
1065 4990 1276 5047 restitui
1299 4992 1484 5058 voluit,
1515 5008 1613 5051 cur
1629 4996 1792 5051 rusti-

202 5088 325 5131 cum
366 5078 641 5137 hominem
689 5084 890 5152 potius,
920 5099 1078 5155 quam
1105 5084 1415 5157 Consulem,
1449 5098 1544 5150 aut
1572 5090 1790 5159 pontifi-

203 5180 321 5224 cem
341 5171 661 5238 maximum,
685 5183 778 5231 aut
801 5175 1072 5235 flaminem
1104 5192 1259 5233 suum
1286 5179 1509 5248 dialem,
1534 5180 1792 5240 horumce

201 5261 395 5317 rituum
414 5264 575 5336 longe
604 5267 924 5337 peritiores,
973 5268 1258 5327 voluntatis
1296 5286 1407 5327 suae
1437 5272 1793 5335 admonebat?

202 5351 311 5409 Cur
356 5357 543 5414 rustici
587 5359 826 5415 animum
849 5360 918 5417 ad
948 5377 1154 5419 morem
1197 5364 1300 5420 sibi
1346 5366 1640 5435 gerendum
1683 5384 1790 5431 non

201 5448 349 5516 prius
374 5448 619 5517 adduxit,
649 5467 808 5522 quam
840 5453 893 5508 in
925 5468 1049 5510 eum
1077 5463 1183 5510 tam
1212 5455 1406 5513 acerbe
1444 5458 1693 5515 saeviret?
1722 5459 1793 5519 At

202 5542 489 5610 completo,
519 5543 865 5613 inquiebant,
893 5547 1317 5604 annuntiationis
1345 5546 1524 5604 oliicio
1543 5590 1559 5616 ,
1584 5551 1676 5607 ille
1699 5566 1791 5606 sa-

201 5641 354 5689 natus
384 5644 489 5690 est.
518 5634 724 5707 Ecquid
754 5636 972 5706 mirum,
1002 5639 1216 5718 reponit
1239 5639 1531 5705 Arnobius,
1561 5643 1606 5699 si
1628 5643 1675 5703 is
1698 5645 1791 5716 qui

198 5725 377 5783 intulit
414 5728 613 5785 malum
636 5770 654 5797 ,
713 5729 842 5785 illud
886 5731 1122 5803 repulit?
1171 5732 1401 5791 Reddita
1433 5749 1560 5791 vero
1588 5738 1789 5795 sanitas

202 5819 413 5878 crudele
484 5820 849 5893 proculdubio
888 5821 990 5881 fuit
1038 5825 1244 5885 homini
1292 5825 1371 5882 illi
1426 5826 1746 5901 beneficium
1771 5873 1789 5899 ,

1899 4708 1945 4763 si
1968 4707 2313 4778 Esculapius
2342 4707 2395 4762 in
2424 4717 2729 4783 serpentem
2757 4720 3072 4772 conversus,
3101 4705 3180 4771 uti
3208 4703 3502 4774 respondet

1897 4805 2191 4872 Arnobius,
2214 4803 2338 4861 ideo
2360 4803 2562 4861 accitus
2587 4811 2692 4869 est,
2719 4810 2778 4859 ut
2802 4800 2941 4864 hanc
2976 4799 3183 4861 cladem
3209 4808 3497 4864 averteret,

1898 4898 1990 4954 ubi
2022 4906 2149 4955 tunc
2184 4906 2324 4963 erat,
2356 4895 2573 4968 quando
2614 4894 2804 4953 eadem
2846 4895 3037 4955 civitas
3078 4892 3270 4950 eodem
3316 4900 3499 4962 postea

1898 4990 2090 5051 morbo
2129 4992 2288 5049 toties
2322 4989 2519 5049 afflicta
2558 4988 2674 5054 fuit,
2719 4997 2972 5059 tantaque
3015 4987 3292 5049 hominum
3332 4984 3497 5040 millia

1896 5085 2064 5141 simili
2094 5095 2246 5155 peste
2275 5083 2584 5154 perierunt?
2608 5083 2719 5143 Cur
2758 5091 2880 5152 post
2911 5081 3105 5151 templa
3133 5080 3182 5135 ei
3212 5078 3495 5142 mdiiicaia,

1899 5193 2009 5237 non
2052 5177 2344 5248 prohibuit,
2376 5192 2445 5234 ne
2476 5178 2593 5235 lues
2634 5177 2867 5247 amplius
2907 5174 3286 5247 grassaretur?
3313 5171 3498 5242 Neque

1897 5273 2102 5331 dixeris
2138 5268 2485 5343 subsequenti
2526 5280 2769 5340 tempore
2811 5278 3092 5337 corruptos
3121 5266 3289 5329 fuisse
3320 5263 3496 5319 homi-

1898 5381 2027 5425 num
2066 5379 2264 5429 mores.
2295 5363 2353 5419 in
2385 5364 2592 5434 magnis
2620 5364 2818 5421 etenim
2848 5370 2904 5419 et
2931 5360 3141 5433 populis
3177 5368 3232 5415 et
3270 5358 3500 5417 civitati-

1897 5458 2000 5514 bus
2026 5473 2243 5529 semper
2268 5458 2393 5513 boni
2424 5474 2545 5513 cum
2578 5458 2734 5512 malis
2761 5456 3000 5527 permisti
3028 5454 3265 5509 fuerunt.
3299 5452 3497 5525 Dicen-

1894 5552 2024 5613 dum
2061 5567 2191 5624 ergo
2218 5563 2313 5611 aut
2349 5553 2586 5609 attritum
2621 5551 2787 5609 fuisse
2819 5550 3090 5619 serpentis
3123 5548 3191 5604 ad
3226 5546 3499 5615 sedandas

1896 5654 2083 5717 postea
2112 5657 2291 5717 pestes
2314 5646 2421 5701 vim
2448 5654 2505 5701 ct
2528 5652 2878 5716 potestatem,
2895 5651 2989 5697 aut
3008 5641 3140 5698 falsa
3167 5638 3348 5696 fatalia
3379 5655 3499 5696 car-

1896 5738 2076 5804 mina;
2127 5737 2340 5808 quando
2382 5735 2599 5809 quidem
2642 5741 2954 5804 suggestum
2993 5732 3064 5797 ah
3102 5732 3185 5789 eis
3226 5731 3496 5802 serpentis

1895 5832 2197 5899 remedium
2236 5830 2389 5889 omni
2425 5845 2532 5886 non
2572 5824 2775 5901 profuit
2800 5834 2981 5883 aetate.
3014 5823 3152 5894 Quid
3180 5840 3309 5896 ergo
3335 5838 3402 5880 ex
3433 5823 3497 5878 iis
