3904 6326
461 277 567 332 607

1721 273 2174 334 DISSERTA'I‘IO
2213 239 2491 334 enarra
3614 285 3694 345 eos

463 389 716 447 omnibus
735 387 1189 458 concludendum,
1215 389 1316 445 nisi
1338 387 1566 461 gentiles
1589 397 1698 444 tota
1718 391 1802 445 via
1823 405 2055 456 errasse,
2087 395 2138 452 Α
2163 389 2293 458 diis;
2327 408 2388 447 ac
2418 392 2560 449 nulla
2596 393 2696 448 sibi
2730 391 2854 448 data
2881 405 3066 459 causa,
3093 405 3225 464 opes
3264 391 3444 448 horum
3472 394 3693 470 frangere,

463 483 558 554 qui
585 499 616 538 a
649 481 784 538 Jove
811 491 867 538 et
905 479 1220 556 Esculapio
1252 496 1379 538 vere
1418 480 1561 536 edita
1598 481 1763 538 fuisse
1805 483 2061 538 miracula

464 575 831 632 venditabant.

1070 685 1365 726 Ακτιςυιυε
1403 687 1460 726 ιι.

466 781 658 842 Quanta
693 782 943 833 evidentia
965 783 1214 832 Arnobius
1248 784 1475 833 ostendat
1510 781 1630 832 falsa
1674 795 1784 832 esse
1812 783 2060 842 miracula,

561 858 638 895 ure
663 847 848 896 ethnici
868 845 992 897 facta
1019 858 1131 894 esse
1175 847 1562 905 contendebant,
1602 860 1712 896 cum
1749 845 2063 894 simulacrum

581 910 700 960 atris
723 921 910 972 magnae
935 922 999 958 ex
1025 907 1253 972 ~Phrygio
1269 917 1434 957 monte
1462 907 1665 972 Romam
1685 908 1940 972 adductum
1969 918 2060 972 est,

527 947 1002 1085 maturissime
1019 947 1158 1021 ,1ᾈῖἰὲ
1168 947 1671 1021 ῖῖἑᾶῑίίὁῖέίὄὲὁᾝὰ
1686 947 1951 1021 artatas.
1969 947 2064 1019 ἕῦἰί

547 1046 634 1084 008
658 1047 756 1085 um.

540 1136 659 1193 Non
707 1138 927 1208 majoris
970 1137 1212 1210 profecto
1263 1137 1517 1209 ponderis
1565 1148 1683 1194 erat
1725 1139 2064 1194 ethnicorum

470 1231 886 1301 argumentatio,
931 1246 996 1287 ex
1038 1232 1143 1286 alio
1180 1239 1236 1287 et
1277 1246 1470 1302 magno
1516 1231 1754 1303 quidem,
1797 1233 1873 1287 uti
1911 1233 2069 1300 jacti-

472 1323 680 1389 tabant,
704 1322 963 1378 miraculo
983 1322 1267 1393 desumpta
1288 1323 1532 1393 (Arnob.,
1549 1325 1638 1378 lib.
1657 1341 1749 1390 vti,
1777 1341 1896 1395 pag.
1911 1322 2064 1393 255).

472 1415 747 1472 Instabant
794 1417 990 1472 etenim
1047 1417 1310 1487 frequenti
1353 1432 1602 1473 sermone
1653 1419 1835 1474 tritum
1888 1417 2069 1473 divino

473 1525 682 1581 magna:
715 1509 919 1573 Matris,
955 1509 1069 1566 sive
1098 1510 1280 1564 Matris
1305 1509 1463 1564 deum
1492 1510 1748 1577 subsidio,
1787 1522 2070 1582 postquam

474 1603 670 1658 Vatum
697 1603 849 1674 jussu
879 1604 1090 1674 signum
1123 1603 1266 1659 illius
1287 1618 1354 1658 ex
1382 1604 1613 1676 Phrygio
1637 1615 1818 1660 monte
1843 1604 2069 1659 Romam

473 1705 806 1767 asportatum
868 1696 1004 1764 fuit,
1043 1705 1173 1753 tunc
1200 1696 1412 1752 hostem
1442 1698 1873 1767 potentissimum
1904 1696 2070 1751 Anni-

2164 492 2221 538 ut
2265 484 2478 539 illorum
2527 485 2803 540 fautricem
2850 501 2911 542 se
2956 484 3269 551 exhiberet;
3318 485 3588 545 libertatem
3633 493 3697 551 his

2162 575 2396 644 auferre,
2430 588 2485 632 ut
2520 577 2642 633 illos
2686 577 2753 633 ad
2792 593 3100 649 supremum
3131 577 3409 632 extolleret
3431 578 3700 637 dominatio-

2165 670 2247 725 nis
2279 670 2567 741 fastigium,
2600 671 2860 743 Phrygios
2886 671 3092 736 delere,
3118 679 3176 725 ut
3206 670 3439 726 Romana
3463 673 3637 740 civitas,
3661 677 3701 731 in

2165 764 2382 820 humani
2407 767 2620 834 generis
2649 766 2938 835 perniciem
2969 775 3114 831 nata,
3146 765 3416 820 innoxium
3442 766 3606 822 orbem
3627 771 3704 825 sub

2163 861 2537 931 gravissimum
2570 861 2845 916 servitutis
2869 860 3055 931 jugum
3086 861 3344 915 mitteret.

2238 952 2510 1024 Urgebant
2530 952 2728 1008 ethnici
2754 964 2914 1024 atque
2936 953 3042 1008 alio
3065 951 3324 1007 miraculo
3355 965 3576 1022 prorsus,
3599 953 3708 1008 sicut

2167 1046 2297 1117 ipsis
2335 1046 2637 1110 videbatur,
2669 1047 2935 1116 stupendo
2974 1047 3201 1116 probare
3230 1061 3414 1101 rursus
3452 1046 3708 1102 nitebantur

2168 1139 2300 1195 deos
2324 1155 2450 1196 suos
2474 1141 2645 1210 reipsa
2669 1141 2925 1204 existere,
2957 1148 3119 1211 atque
3148 1139 3408 1194 infinitam
3434 1153 3544 1194 esse
3560 1154 3708 1194 eorum

2170 1242 2493 1302 potestatem
2522 1232 2760 1304 (Arnob.,
2789 1233 2876 1286 lib.
2901 1249 2995 1296 vn,
3043 1252 3095 1302 p.
3138 1232 3290 1302 9.45).
3319 1231 3554 1287 Testibus
3573 1233 3710 1287 enim-

2173 1340 2324 1389 vero,
2357 1325 2689 1396 inquiebant,
2716 1325 2819 1379 fide
2842 1324 3170 1396 dignissimis
3197 1324 3465 1380 memoriae
3492 1324 3712 1394 proditum

2171 1431 2287 1475 erat
2319 1435 2440 1474 cum
2480 1419 2798 1490 Capitolium
2840 1418 3062 1473 fulmine
3093 1419 3254 1472 ictum
3295 1415 3497 1482 fuisset,
3529 1427 3635 1470 tunc
3667 1416 3715 1472 de

2172 1509 2303 1566 sede
2351 1527 2445 1567 sua
2495 1511 2838 1567 deturbatum
2884 1511 3033 1566 .Iovis
3075 1509 3445 1565 simulacrum.
3487 1507 3578 1564 Ubi
3617 1522 3715 1561 vero

2175 1602 2303 1656 illud
2355 1602 2546 1657 altiore
2601 1604 2721 1658 loco
2764 1602 2835 1658 ad
2901 1603 3166 1657 orientem
3215 1599 3382 1655 solem
3430 1599 3718 1670 haruspicum

2175 1712 2439 1768 responso
2464 1697 2784 1752 collocatum
2817 1707 2921 1762 est,
2947 1705 3058 1750 tum
3091 1696 3330 1768 patuisse
3357 1709 3441 1750 res
3466 1693 3665 1757 abditas,
3680 1701 3720 1746 et

475 1789 654 1846 balem
676 1805 740 1845 ex
770 1787 920 1844 Italia
946 1789 1179 1860 pulsum,
1203 1805 1266 1845 ac
1285 1790 1574 1861 reportatis
1595 1790 1886 1845 illustribus
1907 1789 2072 1843 victo-
2102 1788 2150 1850 B
2179 1791 2232 1845 in
2279 1800 2520 1847 reserata
2572 1791 2896 1846 vindicatum
2942 1789 3223 1845 maleficia.
3274 1787 3465 1843 Narrat
3505 1785 3721 1857 siquidem

474 1885 594 1951 riis,
641 1884 907 1939 redditum
952 1883 1084 1941 Urbi
1129 1884 1314 1951 decus,
1359 1883 1634 1954 multaque
1675 1885 1777 1938 alia
1827 1883 1972 1938 domi
2019 1890 2077 1936 et

478 1979 610 2035 foris
649 1980 906 2050 praeclare
933 1989 1105 2050 gesta,
1143 1995 1260 2050 qua:
1300 1979 1556 2034 Romanae
1586 1979 1761 2050 gentis
1796 1993 1990 2034 nomen
2021 1989 2075 2032 et

480 2071 813 2141 majestatem
841 2071 1188 2142 insuperabili
1212 2072 1464 2126 firmitate
1492 2071 1864 2126 fundaverunt.
1889 2071 1935 2124 Α
1960 2070 2076 2140 qui-

481 2165 582 2221 bus
625 2175 806 2221 autem
849 2165 1210 2236 Scriptoribus
1258 2165 1374 2220 lucc
1418 2165 1609 2222 litteris
1654 2166 1902 2220 mandata
1946 2165 2072 2231 sint,

477 2257 605 2314 alibi
635 2259 970 2315 ostendimus
1005 2259 1245 2329 (Βίτωνι.
1281 2260 1333 2312 in
1361 2257 1581 2325 Minuc.,
1613 2274 1728 2328 cap.
1763 2258 1850 2323 l9,
1880 2267 1982 2312 art.
2011 2256 2074 2326 ι).

552 2350 660 2407 Sed
709 2351 813 2408 hoc
852 2363 1226 2423 argumentum
1271 2353 1539 2407 Arnobius
1583 2353 1868 2417 similibus,
1917 2364 2078 2422 atque

479 2445 749 2514 superius,
781 2445 1056 2516 responsis
1087 2444 1302 2500 refellit.
1333 2444 1473 2500 Nihil
1497 2446 1694 2515 quippe
1716 2445 1850 2510 veri,
1887 2444 2074 2515 inquit,

480 2540 535 2596 in
566 2549 674 2595 tota
711 2540 800 2595 illa
840 2539 1062 2595 historia
1097 2541 1420 2604 continetur,
1451 2541 1551 2594 nisi
1580 2539 1723 2608 quod
1752 2554 1781 2593 a
1813 2553 1940 2610 rege
1979 2540 2075 2592 At-

481 2631 614 2700 talo,
647 2633 804 2688 sicuti
843 2632 1082 2700 aiebant,
1126 2633 1322 2688 missus
1367 2642 1450 2689 est
1489 2649 1554 2688 ex
1597 2632 1828 2703 Phrygio
1870 2640 2074 2697 monte,

483 2737 539 2783 et
587 2726 814 2782 Romam
861 2725 986 2783 inde
1033 2736 1341 2798 asportatos
1416 2740 1612 2796 parvus
1657 2726 1874 2797 quidam
1920 2725 2074 2794 lapis,

482 2819 657 2889 niger,
712 2819 899 2886 durus,
953 2834 1112 2890 asper
1161 2835 1260 2876 nec
1313 2820 1444 2875 satis
1503 2833 1756 2889 expressa
1807 2817 2077 2872 simulacri

481 2909 660 2982 effigie
689 2913 904 2982 politus.
933 2910 1030 2967 Cui
1063 2923 1242 2968 autem
1265 2929 1515 2982 umquam
1546 2913 1879 2984 probabitur.
1905 2911 2079 2967 Anni-

482 3003 682 3072 balem,
714 3005 813 3060 sub
833 3022 939 3075 quo
962 3005 1201 3062 Romana
1231 3006 1529 3077 respublica
1564 3006 1762 3060 tamdiu
1789 3006 1950 3061 sortis
1969 3019 2080 3060 suae

482 3095 644 3152 dubia
672 3099 1018 3165 contremuit,
1045 3113 1112 3154 eo
1143 3099 1317 3170 lapide
1368 3108 1666 3169 asportato,
1701 3099 1897 3152 factum
1935 3097 2080 3151 illico

2179 1883 2371 1939 Cicero
2397 1899 2426 1938 a
2453 1883 2712 1938 Romanis
2753 1882 3064 1938 memoriter
3092 1881 3267 1936 adhuc
3300 1879 3466 1934 teneri
3502 1876 3724 1949 quomodo

2182 1978 2428 2046 plurimis
2454 1978 2679 2033 deorum
2707 1976 3028 2043 simulacris,
3060 1991 3128 2032 ex
3157 1991 3251 2030 sua
3281 1975 3339 2030 in
3364 1972 3606 2044 Capitolio
3625 1968 3726 2025 sede

2179 2071 2437 2140 depulsis,
2468 2071 2802 2143 haruspices,
2833 2085 2902 2126 ex
2936 2081 3046 2125 tota
3077 2069 3292 2124 Etruria
3328 2065 3578 2133 accersiti,
3606 2085 3622 2116 ‹
3641 2064 3728 2133 jus-

2180 2176 2366 2220 serunt
2404 2163 2751 2221 simulacrum
2781 2165 2931 2220 .Iovis
2962 2163 3138 2219 facere
3164 2163 3358 2232 majus,
3389 2171 3443 2218 et
3474 2160 3524 2215 in
3557 2158 3727 2214 excelso

2180 2260 2471 2322 collocare,
2507 2270 2559 2316 et
2589 2271 2778 2316 contra
2805 2268 2965 2330 atque
2997 2258 3190 2323 fuerat,
3222 2257 3288 2312 ad
3332 2256 3592 2312 Orientem
3629 2267 3728 2305 con-

2181 2364 2428 2417 vertere;
2477 2369 2541 2408 ac
2585 2369 2645 2408 se
2688 2368 2911 2424 sperare
2951 2351 3221 2416 dixerunt,
3269 2349 3319 2404 si
3370 2347 3498 2403 illud
3542 2346 3727 2417 signum,

2181 2449 2322 2518 quod
2351 2448 2565 2512 videtis,
2595 2447 2738 2503 Solis
2764 2455 2964 2510 ortum,
2997 2454 3052 2501 et
3081 2443 3279 2509 forum,
3315 2443 3611 2510 curiamque
3633 2452 3729 2490 cou-

2182 2542 2436 2610 spiceret,
2471 2541 2585 2595 fore
2612 2550 2668 2594 ut
2695 2555 2756 2595 ea
2787 2539 3032 2605 consilia,
3061 2553 3180 2608 quas
3218 2537 3358 2592 clam
3395 2534 3606 2591 fuissent
3637 2532 3732 2585 inita

2181 2645 2368 2689 contra
2407 2634 2636 2690 salirtem
2679 2633 2835 2690 Urbis
2875 2643 3037 2703 atque
3080 2632 3316 2701 imperii,
3355 2631 3728 2686 illustrarentur;

2184 2737 2242 2782 ut
2285 2744 2313 2782 a
2357 2729 2416 2783 S.
2463 2728 2522 2782 P.
2569 2728 2636 2794 Q.
2684 2727 2748 2781 R.
2799 2725 3026 2796 perspici
3070 2733 3317 2796 possent.
3348 2744 3382 2797 ›⁸
3414 2722 3610 2795 (ϐᾶσα-η
3636 2727 3732 2772 orat.

2182 2821 2217 2876 5
2251 2821 2303 2874 in
2349 2818 2526 2884 Catil.,
2560 2837 2678 2891 pag.
2713 2817 2867 2890 5'29.)

2255 2915 2392 2982 Quid
2427 2915 2492 2969 ad
2531 2913 2669 2969 hanc
2693 2914 3032 2968 ethnicorum
3070 2911 3580 2982 argumentationem
3605 2909 3739 2962 Aruo-

2185 3007 2306 3062 bius
2343 3007 2701 3076 responderit,
2738 3005 2868 3060 nihil
2909 3005 3068 3075 plane
3110 3019 3284 3073 neque
3330 3003 3383 3058 in
3428 2997 3738 3064 manuscripto

2188 3101 2447 3156 librorum
2499 3100 2615 3170 ejus
2659 3099 2846 3155 codice
2893 3099 3065 3169 regio,
3116 3112 3289 3168 neque
3340 3100 3391 3152 in
3436 3095 3538 3149 ulla
3575 3093 3741 3146 illorum

483 3189 586 3245 Sibi
614 3204 833 3260 Prorsus
852 3189 1186 3256 dis-Similem.
1215 3192 1284 3246 ab
1312 3191 1460 3246 “alia
1485 3190 1701 3260 Ριιιδυῐη
1728 3199 1782 3244 ει
1809 3189 2082 3258 fugatum?
2111 3191 2157 3254 C
2188 3194 2448 3261 editione,
2502 3204 2593 3248 aut
2638 3193 2762 3250 alibi
2822 3193 3035 3262 legitur.
3083 3192 3511 3263 Suspicabuntur
3557 3186 3740 3241 fortasse

481 3282 754 3354 Numquid
773 3294 901 3340 tunc
913 3285 1044 3340 nihil
1065 3285 1312 3341 humanis
1325 3285 1589 3348 consiliis,
1609 3283 1738 3338 nihil
1756 3285 2083 3353 praestantis-

489 3376 749 3432 simorum
783 3377 999 3433 militari
1030 3378 1225 3432 virtute
1253 3377 1624 3443 ducum,nihil
1650 3392 1846 3446 magno
1866 3376 2082 3432 exerci-

492 3485 638 3525 tuum
663 3469 859 3527 robore
873 3482 1051 3526 actum
1076 3479 1160 3526 est
1177 3469 1480 3541 iNumquid
1505 3472 1668 3525 etiam
1688 3469 1780 3524 ille
1810 3469 1966 3540 lapis,
1991 3469 2079 3539 qui

485 3580 554 3619 ao
585 3580 690 3619 uno
720 3563 939 3620 homine
967 3565 1171 3636 portari
1199 3564 1355 3620 facile
1394 3573 1624 3634 poterat,
1661 3564 1811 3618 auxit
1855 3563 2085 3618 Romani

482 3659 772 3724 exercitus,
830 3669 887 3714 et
927 3658 1084 3728 fregit
1127 3673 1190 3712 ac
1227 3658 1528 3714 debilitavit
1589 3658 1869 3712 Annibalis
1920 3658 2082 3722 vires,

482 3767 714 3822 eumque
741 3753 963 3818 victum,
989 3760 1043 3807 et
1071 3751 1342 3806 Romanos
1387 3751 1621 3806 victores
1669 3751 1936 3806 reddidit?
1985 3750 2085 3804 Cui

490 3845 704 3901 tandem
741 3844 898 3900 facile
936 3845 1283 3915 persuadebis
1334 3846 1388 3900 in
1442 3845 1750 3915 hujusmodi
1771 3844 1948 3914 lapide
1978 3844 2088 3898 Ma-

485 3951 622 3996 trem
661 3939 820 3995 deum
853 3953 1042 3995 revera
1073 3938 1256 4004 fuisse;
1283 3947 1377 3993 aut
1397 3954 1596 3993 numen
1623 3937 1839 4008 aliquod
1861 3937 1915 3991 in
1944 3936 2088 3991 illius

483 4032 756 4090 habitasse
795 4033 968 4099 venis,
1014 4031 1199 4088 frustis
1222 4047 1284 4088 ac
1305 4030 1662 4104 fragmentis?

559 4125 680 4197 Quo
711 4141 842 4198 ergo
874 4123 1055 4191 modo,
1088 4125 1400 4197 inquiebant
1428 4125 1652 4191 ethnici,
1685 4125 1917 4180 adventu
1944 4124 2090 4180 illius

486 4233 640 4293 parta
684 4233 768 4278 est
813 4222 1056 4285 victoria,
1107 4221 1150 4275 si
1197 4221 1400 4276 nullum
1447 4222 1499 4276 in
1547 4236 1614 4276 eo
1663 4220 1841 4292 lapide
1891 4235 2090 4275 numen

485 4315 697 4370 inerat?
745 4312 1388 4385 Respondet—Arnobius
1436 4329 1554 4368 eam
1610 4313 1950 4370 tribuendam
1994 4329 2094 4382 pu—

486 4421 764 4477 gnantium
809 4407 995 4462 virtuti
1031 4422 1094 4460 ac
1132 4406 1448 4472 fortitudini,
1481 4416 1572 4459 aut
1601 4405 1831 4460 fortunae
1862 4404 2093 4459 mutabi-

486 4498 625 4554 litati
657 4510 711 4554 et
737 4500 1128 4556 inconstantite.
1160 4499 1229 4554 Et
1263 4514 1394 4555 vero
1435 4499 1650 4552 ubinam
1681 4498 1921 4568 gentium
1965 4495 2094 4551 illud

2188 3287 2434 3342 nonnulli
2477 3285 2580 3342 hoc
2621 3288 2689 3341 ab
2729 3286 2822 3342 illo
2863 3285 3101 3355 potuisse
3140 3282 3502 3356 prtetermitti;
3533 3277 3742 3351 quoniam

2188 3381 2306 3436 aliis
2343 3381 2410 3435 ad
2445 3381 2692 3452 superius
2719 3381 2930 3450 objecta
2958 3380 3229 3450 responsis
3260 3378 3363 3434 hoc
3393 3378 3521 3433 satis
3547 3370 3743 3429 confuta-

2190 3489 2300 3532 tum
2337 3478 2530 3534 fuerat.
2567 3477 2674 3533 Sed
2701 3481 2822 3548 quia
2851 3479 2960 3547 jam
3001 3476 3372 3532 annotavimus
3413 3474 3484 3528 ibi
3518 3470 3742 3535 fragmen-

2191 3580 2304 3625 tum
2344 3572 2413 3625 ab
2453 3571 2716 3626 oscitante
2756 3570 2977 3625 librario
3017 3577 3350 3640 praepostere
3389 3560 3744 3632 transpositum,

2195 3664 2321 3718 hinc
2363 3663 2538 3733 colligi
2582 3672 2765 3735 potest
2804 3663 3101 3717 Arnobium
3146 3661 3270 3716 huic
3314 3658 3586 3731 gentilium
3623 3662 3746 3715 argil-

2190 3768 2394 3825 mento,
2440 3758 2580 3812 sicut
2611 3766 2666 3812 et
2705 3757 2824 3811 aliis
2863 3754 3157 3826 sigillatim,
3197 3752 3563 3822 reSpondiSse.
3597 3742 3676 3800 sed
3702 3752 3747 3791 ea

2190 3851 2371 3905 omnia
2408 3850 2476 3906 de
2517 3850 2695 3905 medio
2738 3849 2968 3913 sublata,
3013 3863 3134 3918 qua:
3169 3847 3236 3901 ab
3278 3847 3373 3901 illo
3415 3845 3550 3898 hanc
3584 3839 3632 3893 in
3664 3846 3747 3889 rem

2193 3943 2393 4011 scripta
2418 3941 2650 3996 fuerant.
2687 3940 2884 3995 Verum
2917 3940 3086 4001 illam,
3111 3940 3156 3994 si
3179 3954 3298 4008 quae
3327 3938 3416 4000 sit,
3442 3938 3680 4005 jacturam
3701 3939 3745 3973 ra

2192 4034 2404 4089 abunde
2447 4035 2718 4105 supplent,
2767 4049 2886 4104 qua:
2927 4049 2994 4088 ex
3034 4031 3154 4086 aliis
3193 4031 3312 4101 ejus
3356 4020 3750 4099 responsionibus

2192 4125 2456 4181 hactenus
2500 4126 2803 4192 retulimus,
2852 4133 2906 4179 et
2953 4125 3004 4179 in
3055 4123 3172 4194 ejus
3223 4123 3376 4178 libris
3428 4122 3618 4189 integra
3657 4124 3751 4182 ροτ-

2194 4230 2436 4276 manent.

2266 4311 2324 4367 Si
2361 4311 2489 4383 quid
2530 4321 2708 4368 tamen
2740 4312 2866 4367 huic
2904 4319 3223 4382 argumenlo
3247 4307 3548 4380 respondit,
3576 4298 3754 4358 minime

2196 4405 2502 4462 dubitamus
2545 4408 2674 4462 illud
2712 4406 2876 4462 fuisse
2905 4407 3265 4477 potissimum,
3303 4402 3449 4474 quod
3484 4399 3673 4461 Cicero,
3703 4403 3752 4442 (τι

2196 4516 2304 4570 quo
2345 4501 2522 4570 plura,
2565 4510 2623 4555 ut
2665 4516 2812 4571 saepe
2845 4499 3104 4565 diximus,
3151 4499 3504 4560 delibaverat,
3544 4488 3754 4557 scriptum

487 4595 762 4665 egregium
794 4611 992 4650 numen
1019 4595 1265 4665 degebat,
1296 4608 1418 4647 cum
1447 4593 1608 4646 tantis
1635 4591 1962 4647 exercitibus
1990 4604 2092 4645 cze-
2121 4587 2174 4647 D
2198 4595 2434 4664 reliquit.
2487 4595 2614 4650 Post
2657 4595 2816 4650 allata
2865 4593 3128 4664 siquidem
3198 4608 3226 4646 a
3269 4591 3431 4646 nobis
3477 4586 3588 4656 ejus
3629 4575 3758 4633 verba

490 4689 585 4755 sis,
617 4688 842 4742 Romani
870 4689 923 4741 in
949 4703 1219 4744 summurn
1254 4685 1550 4757 periculum
1581 4685 1881 4738 venerunt?

566 4782 621 4838 Si
670 4781 788 4851 quis
833 4796 961 4834 vero
1011 4788 1236 4850 reponat
1277 4780 1433 4834 deum
1484 4778 1705 4832 Matrem
1759 4787 1870 4831 tum
1920 4777 2090 4831 Roma

495 4873 730 4929 abfuisse
758 4888 852 4943 per
871 4889 1029 4943 quam
1053 4873 1393 4940 longissime;
1425 4872 1494 4925 ab
1525 4871 1762 4925 Arnobio
1790 4869 1968 4924 statim
1999 4886 2092 4925 au-

497 4967 608 5022 diet
638 4966 875 5021 divinum
906 4981 1103 5020 numen
1131 4965 1329 5034 ubique
1359 4980 1575 5034 semper
1599 4979 1720 5019 esse
1750 4978 2010 5040 praesens,
2042 4973 2098 5019 et

497 5073 593 5113 sua
636 5058 736 5112 sub
785 5066 1051 5127 potestate
1096 5057 1272 5111 omnia
1323 5071 1540 5126 semper
1579 5056 1798 5111 habere.
1832 5053 2098 5110 Prteterea

498 5169 613 5219 cur,
649 5153 876 5208 obsecro
904 5161 976 5220 te,
1001 5151 1101 5208 dea
1133 5152 1247 5218 illa,
1275 5152 1482 5221 priores
1510 5166 1638 5205 suos
1663 5150 1898 5206 cultores
1929 5149 2097 5222 Phry-

499 5250 616 5316 gios
659 5249 870 5318 penitus
913 5247 1186 5312 deseruit;
1235 5255 1294 5301 ut
1335 5247 1401 5300 ad
1445 5246 1799 5316 potentiorem
1842 5246 2098 5315 populum

501 5343 801 5400 Romanum
833 5344 1248 5414 commigraret?
1283 5342 1428 5397 Talis
1466 5351 1717 5412 tantaque
1760 5342 1945 5397 levitas
1991 5342 2100 5396 Deo

502 5450 610 5491 non
641 5438 915 5508 competit.

575 5529 688 5586 Nec
731 5533 959 5588 Romani
989 5531 1321 5603 respondere
1348 5538 1597 5600 poterant
1619 5519 1748 5584 ideo
1776 5528 1915 5583 hanc
1944 5528 2101 5584 deam

505 5622 571 5677 ad
609 5624 920 5680 bellicosam
954 5627 1191 5695 ipsorum
1221 5635 1436 5696 gentem
1475 5622 1804 5687 transivisse,
1848 5621 1971 5690 quia
2017 5636 2106 5676 res

509 5716 770 5774 militares
819 5722 1054 5777 amabat.
1101 5721 1303 5775 Divina:
1358 5716 1623 5790 siquidem
1677 5715 1940 5785 aequitatis
2001 5729 2106 5771 non

509 5819 643 5877 erat,
665 5812 834 5882 inquit
855 5813 1145 5884 Arnobius,
1170 5812 1420 5873 humanis
1439 5825 1560 5870 sese
1580 5809 1885 5867 immiscere
1904 5807 2104 5867 discor-

2199 4688 2538 4743 continenter
2584 4687 2781 4755 adjecit
2817 4707 2828 4740 :
2872 4706 2889 4738 ‹
2929 4687 2997 4740 At
3038 4685 3192 4746 illud,
3239 4684 3388 4740 Jovis
3433 4677 3754 4736 simulacrum.

2197 4782 2270 4836 ita
2309 4781 2679 4837 collocandum
2726 4780 2990 4836 Consules
3030 4780 3101 4834 illi
3140 4785 3449 4833 statuerunt
3480 4793 3493 4827 :
3523 4769 3610 4826 sed
3644 4769 3756 4818 tanta

2198 4873 2299 4928 fuit
2327 4875 2508 4944 operis
2550 4875 2804 4937 tarditas;
2841 4883 2898 4926 ut
2925 4888 3099 4944 neque
3131 4890 3157 4926 a
3187 4869 3562 4942 superioribus
3585 4861 3756 4918 Conw-

2201 4967 2364 5034 libus,
2396 4983 2570 5038 neque
2597 4983 2624 5021 a
2658 4968 2810 5022 nobis
2838 4978 2960 5022 ante
2992 4967 3309 5021 hodiernum
3341 4964 3482 5019 diem
3513 4956 3760 5014 collocare-

2205 5069 2311 5116 tur.
2347 5081 2364 5111 ι
2399 5059 2592 5133 (Ibid.)
2637 5061 2828 5116 Nonne
2865 5061 3007 5115 enim
3049 5061 3132 5113 his
3173 5059 3257 5115 vel
3295 5057 3428 5113 solis
3470 5051 3637 5108 verbis
3675 5047 3759 5097 tota

2205 5157 2544 5211 ethnicorum
2578 5157 2849 5212 levissima
2881 5154 3122 5224 profecto
3148 5150 3492 5208 ratiocinatio
3520 5145 3660 5218 plane
3685 5147 3760 5206 Ρθ·

2205 5247 2460 5317 nitusque
2483 5248 2824 5302 infirmatur?
2853 5247 3044 5301 Nonne
3068 5246 3151 5299 illa
3177 5242 3478 5299 Consulum
3509 5235 3760 5291 aliorumve

2207 5342 2529 5411 negligentia
2573 5341 3008 5397 manifestissime
3041 5341 3230 5411 probat
3272 5347 3531 5409 quantum
3565 5319 3763 5411 gentiles

2212 5407 2554 5505 haruspicum
2612 5435 2826 5488 oracula
2874 5450 2936 5488 ac
2987 5407 3394 5503 priedictiones,
3449 5437 3600 5496 atque
3646 5407 3751 5471 illud

2211 5527 2360 5582 Jovis
2389 5528 2736 5583 simulacrum
2773 5527 3184 5596 parvifecerint?

2278 5621 2548 5676 Caeterum
2581 5625 2690 5690 jam
2729 5623 3062 5678 ostendimus
3091 5631 3256 5676 totam
3289 5619 3453 5682 hanc,
3485 5624 3631 5684 quam
3655 5615 3762 5675 89’”

2211 5716 2335 5772 tiles
2375 5707 2759 5772 validissimam
2800 5731 2921 5773 esse
2964 5716 3244 5787 putabant,
3287 5701 3763 5797 argumentationem

2210 5811 2314 5867 alia
2343 5811 2552 5868 ratione
2577 5811 2645 5870 ab
2674 5812 2904 5868 Minucio
2930 5811 3129 5877 Felice,
3157 5810 3386 5878 aliisque
3411 5799 3631 5874 antiquis
3651 5804 3761 5851 scrt-
