3904 6326
284 330 404 386 609

1530 324 1595 385 ΙΝ
1634 319 2009 397 ARNOBIUM,
2046 317 2201 383 CAP.
2234 317 2373 383 XXI.

3492 317 3597 382 610

282 447 543 519 ptoribus
582 447 783 503 nostris
826 447 1018 503 everti.
1066 446 1246 503 Multis
1289 445 1553 518 siquidem
1598 447 1896 519 validisque
1924 451 1975 511 Λ
2072 445 2342 500 Lucianus
2393 419 2520 514 ergo
2565 444 2726 514 longe
2768 439 2964 513 potiori
3000 439 3211 496 ratione
3249 452 3377 496 suos
3412 439 3603 496 irridet

284 540 567 594 rationum
618 540 970 596 firmamentis
1015 539 1409 607 demonstrant,
1459 542 1504 596 si
1544 542 1675 613 quid
1717 541 1800 595 his
1841 543 1893 598 in

285 632 548 687 omnibus
580 633 917 700 inusitatum,
947 642 1001 689 et
1030 647 1182 689 extra
1211 643 1530 690 consuetum
1564 645 1771 689 natura:
1801 651 1892 690 or-

282 721 480 779 dinem
509 723 704 779 factum
732 723 916 792 fuerit,
947 726 1076 781 illud
1102 743 1264 783 omne
1290 726 1596 782 daemonum
1619 727 1897 784 fraudibus

283 830 357 871 ac
375 816 666 887 praestigiis
684 833 806 874 esse
835 816 1203 874 tribuendum.
1237 823 1337 874 Ast
1363 819 1496 874 nulli
1523 821 1894 876 certeunirum

283 907 470 963 videri
509 907 693 974 debet,
737 913 783 964 si
825 926 963 966 unus
995 911 1245 982 idemque
1273 911 1552 982 gentilium
1593 927 1748 967 error
1777 913 1896 983 plu-

281 1000 444 1058 ribus
482 1005 814 1074 argumentis
855 1006 1196 1062 convellatur
1231 1009 1554 1078 penitusque
1591 1007 1897 1063 destruatur

283 1092 538 1165 (Dissert.
573 1098 627 1151 in
657 1096 856 1152 Minue.
894 1097 1098 1163 Oetam,
1128 1115 1242 1169 cap.
1278 1098 1364 1168 19,
1400 1109 1501 1154 art.
1537 1116 1553 1154 1
1581 1109 1628 1153 et
1655 1098 1735 1171 11).
1759 1166 1777 1175 1

898 1211 1126 1271 CAPUT
1166 1211 1312 1268 XXI.

799 1331 874 1386 De
904 1330 1105 1402 templis
1132 1330 1416 1401 gentilium.

835 1459 1123 1501 ARTICULUS
1162 1459 1374 1501 PRIMUS.

284 1582 489 1644 Quibus
510 1585 818 1646 argumentis
836 1582 1080 1633 Arnobius
1103 1583 1332 1646 ostendat
1343 1579 1478 1630 nulla
1499 1579 1900 1646 diisgzediﬁcanda

355 1658 474 1709 esse
503 1643 703 1709 templa,
731 1659 897 1709 neque
915 1645 1178 1709 tuguriolo,
1208 1659 1374 1709 neque
1398 1643 1667 1709 conclavia,
1690 1651 1774 1692 aut
1797 1643 1899 1692 cel-

356 1707 514 1768 lulas;
535 1706 622 1758 ubi
639 1708 702 1756 de
729 1706 899 1771 primis
937 1706 1143 1757 deorum
1177 1706 1375 1771 templis
1404 1715 1457 1771 et
1480 1706 1611 1765 aliis,
1630 1719 1742 1768 quae
1769 1719 1902 1771 mor-

358 1777 559 1820 tuorum
604 1769 858 1820 dumtaxat
901 1771 1152 1820 hominum
1176 1770 1401 1832 sepulcra
1427 1769 1629 1818 fuerunt
1651 1781 1664 1817 :
1693 1774 1811 1832 item
1835 1769 1901 1817 de

1998 537 2252 610 gentiles,
2293 536 2383 607 qui
2425 535 2621 605 templa
2670 534 2776 588 diis
2819 549 2878 588 se
2923 532 3224 587 fabricasse
3263 530 3602 596 asserebant,

1996 646 2066 686 ne
2089 630 2243 686 tectis
2271 639 2360 684 aut
2387 628 2670 698 penatibus
2690 635 2939 682 carerent
2957 625 3223 699 (Lucium,
3249 624 3311 679 de
3334 625 3598 694 Sacri/ia,

1998 739 2119 794 pag.
2154 720 2307 793 185).
2337 721 2572 776 Timaeus
2600 728 2801 786 autem,
2837 728 2971 775 teste
3001 718 3182 774 adhuc
3205 719 3490 782 Cicerone,
3519 717 3602 772 vel

1997 823 2058 869 ut
2087 825 2271 870 narrat
2296 814 2639 880 Plutarchus,
2671 812 2927 883 Hegesias
2956 812 3282 883 Magnesius,
3317 812 3486 868 libere
3512 813 3601 880 jo-

2000 908 2306 970 cnlabatur,
2336 923 2458 963 eum
2490 907 2625 963 dixit
2655 907 2838 962 Dianas
2868 908 3114 977 Ephesia:
3145 906 3404 978 templttm
3431 906 3602 961 delia-

1998 1006 2260 1072 gravisse,
2281 1003 2401 1074 quia
2421 1019 2537 1057 cum
2553 1003 2605 1055 in
2622 1010 2773 1070 partu
2797 1000 3142 1072 Olympiadis,
3161 1001 3351 1055 matris
3365 1000 3602 1056 Alexan-

2000 1094 2081 1148 dri
2125 1094 2320 1165 Magni,
2370 1097 2547 1149 adesse
2591 1095 2850 1160 voluisset,
2893 1093 3134 1163 abfuisset
3179 1093 3348 1160 domo,
3389 1092 3442 1147 id
3495 1091 3598 1158 est,

2000 1189 2204 1260 templo
2234 1204 2332 1244 suo
2369 1187 2580 1260 (Cicera,
2614 1189 2703 1242 lib.
2738 1204 2773 1243 ιι
2803 1188 2866 1241 de
2892 1185 3085 1241 Natur.
3120 1187 3290 1252 deor.,
3323 1203 3445 1258 pag.
3473 1185 3598 1254 2‘24,

2007 1286 2100 1340 lin.
2142 1285 2246 1350 26;
2290 1284 2587 1350 Platore/1.,
2620 1285 2676 1338 in
2723 1283 2823 1338 Vit.
2869 1284 3018 1337 Alex.
3053 1281 3260 1353 Magn.,
3293 1299 3414 1354 pag.
3447 1280 3600 1351 665).

2001 1377 2264 1446 Quamvis
2295 1390 2475 1434 autem
2507 1377 2723 1449 quidam
2755 1377 3040 1448 peritiores
3074 1375 3274 1431 ethnici
3305 1373 3422 1429 haec
3456 1374 3608 1429 simi-

2004 1471 2128 1527 liter
2179 1472 2481 1538 irriseriut;
2531 1483 2759 1528 caeteros
2804 1481 2980 1527 tamen
3032 1486 3225 1526 omnes
3268 1472 3382 1525 haec
3424 1469 3608 1540 Opinio

2001 1567 2219 1634 penitus
2268 1577 2580 1636 pervaserat
2621 1567 2752 1622 deos
2792 1581 2920 1620 suos
2967 1581 3073 1619 non
3119 1580 3240 1620 esse
3289 1564 3606 1628 immensos,

2002 1667 2166 1726 atque
2198 1657 2402 1712 idcirco
2440 1658 2671 1728 quodam
2720 1658 2839 1714 loco
2874 1656 3076 1713 includi
3115 1667 3168 1710 et
3197 1653 3610 1727 comprehendi.

2076 1748 2438 1817 Quamobrem
2461 1750 2515 1804 hi
2539 1751 2727 1806 iisdem
2750 1751 2853 1806 diis
2877 1751 2988 1805 suis
3010 1765 3118 1804 non
3137 1748 3612 1818 sumptuosissima

357 1833 647 1914 abscondito
665 1834 838 1914 Attidis
856 1836 1071 1914 tumulo;
1101 1841 1154 1883 et
1176 1831 1586 1914 capitoltouquod
1607 1833 1670 1882 ab
1697 1831 1900 1899 invento

2016 1843 2382 1898 tantummodo
2413 1849 2609 1914 templa
2639 1843 3014 1899 condederaut
3037 1883 3053 1908 ,
3084 1842 3202 1909 sed,
3235 1850 3292 1895 ut
3335 1841 3410 1895 ait
3435 1841 3614 1896 Arno-

359 1895 472 1946 Toli
488 1897 652 1959 capite
669 1894 848 1946 dictum
873 1902 968 1958 est,
996 1894 1144 1960 atque
1165 1894 1565 1959 de’polyandriis.

371 2025 512 2079 Deos
536 2024 822 2096 gentilium
852 2023 1030 2079 nullos
1056 2037 1121 2078 ac
1153 2022 1314 2094 plane
1349 2020 1749 2077 commentitios
1776 2035 1899 2077 esse

291 2134 423 2174 cum
461 2118 731 2175 Arnobius
772 2129 850 2175 tot
893 2118 1164 2188 tantisque
1205 2117 1497 2184 rationum,
1528 2116 1605 2172 uti
1647 2115 1898 2183 vidimus,

293 2216 594 2270 momentis
649 2214 1002 2270 invictissime
1051 2211 1534 2277 demonstraverit,
1582 2209 1728 2264 nulla
1779 2225 1903 2280 pro-

289 2307 444 2363 fecto
472 2323 610 2378 opus
643 2316 760 2363 erat
799 2308 902 2362 alia
932 2304 1422 2377 argumentatione,
1466 2319 1570 2375 qua
1611 2303 1722 2358 illis
1757 2302 1902 2356 nulla

289 2400 502 2470 templa
546 2400 862 2456 aediﬁcanda
907 2399 1181 2470 probaret.
1224 2397 1422 2453 Verum
1462 2397 1600 2451 ultra
1645 2396 1736 2452 ille
1777 2410 1902 2466 pro-

288 2494 567 2566 greditur,
601 2494 763 2566 idque
799 2493 1168 2564 peculiaribus
1205 2491 1530 2562 quibusdam
1572 2490 1905 2562 argumentis

285 2588 584 2646 evidenter
603 2589 861 2646 ostendit.
887 2588 1107 2659 Templa
1133 2587 1301 2654 enim,
1328 2587 1520 2658 inquit,
1546 2586 1592 2640 si
1612 2585 1717 2641 diis
1746 2585 1904 2641 alicui

285 2683 423 2738 usui
464 2697 585 2739 esse
612 2684 846 2754 possint,
880 2697 978 2739 cur
1005 2697 1100 2753 per
1128 2682 1380 2754 plurima,
1410 2689 1698 2751 antequam
1737 2680 1906 2735 rediti-

282 2785 579 2841 carentur,
613 2777 811 2833 smeula
845 2777 908 2831 iis
945 2773 1278 2831 caruerunt?
1306 2775 1520 2829 Primus
1551 2773 1748 2843 quippe
1779 2773 1906 2827 illo-

282 2886 420 2925 rum
453 2869 767 2935 fabricator,
799 2870 871 2924 ait
892 2869 1188 2934 Arnobius,
1225 2886 1244 2917 ‹
1278 2875 1371 2921 aut
1399 2853 1717 2921 Phoroneus
1742 2864 1908 2936 [Egy-

283 2964 468 3036 ptius,
512 2973 605 3019 aut
643 2964 856 3034 Merops
895 2963 992 3019 tibi
1034 2963 1199 3017 fuisse
1242 2961 1671 3016 monstrabitur:
1702 2971 1814 3026 aut,
1853 2969 1910 3015 ut

287 3057 469 3113 tradit
489 3058 542 3112 in
567 3057 910 3112 Admirandis
931 3057 1128 3122 Varro,
1152 3055 1302 3112 lovis
1323 3053 1608 3128 progenies
1629 3054 1851 3111 lEacus.
1885 3074 1904 3106 ι

288 3151 547 3225 (Arnob,
583 3152 671 3206 lib.
703 3168 778 3217 v1,
813 3169 932 3222 pag.
966 3151 1068 3207 189
1106 3159 1152 3204 et
1187 3167 1360 3220 seqq.;
1393 3148 1560 3214 lbid.,
1598 3165 1719 3220 pag.
1753 3145 1906 3220 191.)

2005 1935 2146 2004 hius,
2189 1939 2466 2010 tuguriolo,
2508 1939 2769 1993 conclavia
2809 1946 2856 1992 et
2889 1937 3124 2002 cellulas,
3157 1936 3209 1991 id
3241 1944 3342 2000 est,
3390 1935 3609 2000 sacella,

2005 2044 2100 2086 seu
2154 2031 2392 2100 privatas
2441 2030 2699 2101 quasdam
2751 2033 2891 2084 intra
2935 2029 3220 2100 magniﬁca
3270 2029 3360 2083 illa
3411 2028 3614 2098 templa

2007 2121 2285 2190 radiculas,
2316 2122 2403 2178 ubi
2426 2122 2643 2194 aliquod
2672 2122 2758 2176 dei
2788 2121 3087 2192 cujuSpiam
3115 2119 3467 2176 simulacrum
3495 2120 3613 2175 eol-

2007 2212 2289 2269 locabatur
2328 2213 2572 2285 (Arnob.,
2617 2213 2707 2268 lib.
2750 2229 2822 2280 vt,
2856 2229 2978 2285 pag.
3019 2210 3173 2283 191).
3208 2211 3286 2268 Ex
3325 2215 3390 2267 A.
3439 2210 3616 2268 Gellio

2008 2306 2274 2377 siquidem
2326 2305 2586 2361 discimus
2637 2306 2969 2377 Scipionem,
3020 2305 3232 2360 scilicet
3275 2303 3611 2370 Africanum,

2008 2402 2230 2456 solitum
2281 2400 2448 2457 fuisse
2492 2400 2595 2456 sub
2643 2401 3021 2471 crepusculum
3068 2399 3123 2453 in
3169 2396 3493 2470 Capitolium
3538 2397 3617 2452 in-

2009 2504 2175 2560 trare,
2208 2512 2226 2542 σ
2256 2508 2320 2549 ac
2349 2493 2545 2564 jubere
2583 2495 2784 2564 aperiri
2825 2493 3017 2548 cellam
3048 2491 3218 2556 .lovis,
3249 2507 3314 2547 ac
3340 2492 3411 2548 ibi
3441 2492 3616 2547 solum

2010 2585 2099 2642 diu
2129 2589 2350 2654 morari,
2397 2588 2550 2658 quasi
2593 2587 2988 2642 consultantem
3041 2586 3109 2640 de
3155 2585 3450 2656 Republica
3494 2600 3618 2640 cum

2010 2678 2166 2736 Jove.
2195 2700 2213 2732 ι
2239 2679 2325 2752 (Α.
2349 2679 2508 2744 (λιιι,
2531 2679 2622 2733 lib.
2659 2695 2730 2734 vn
2751 2677 2910 2733 Noct.
2931 2681 3098 2746 attic.,
3116 2694 3233 2749 cap.
3259 2695 3295 2746 1,
3319 2695 3442 2750 pag.
3462 2676 3616 2749 596.)

2009 2771 2161 2840 Quod
2201 2773 2418 2843 quidem
2451 2773 2520 2826 ab
2551 2770 2724 2837 Livio,
2759 2771 2975 2827 Valerio
3013 2771 3266 2837 Maximo,
3311 2781 3366 2826 et
3398 2770 3621 2825 Aurelio

2011 2863 2232 2918 Victore
2260 2864 2630 2921 conﬁrmatur.
2667 2863 2773 2920 Sed
2803 2863 2944 2920 haud
2973 2863 3286 2935 infrequens
3314 2863 3455 2934 apud
3485 2863 3620 2919 alios

2012 2958 2306 3028 scriptores
2339 2957 2528 3012 harum
2561 2957 2878 3013 cellularum
2916 2958 3121 3012 mentio
3153 2955 3315 3028 (Liv.,
3343 2956 3434 3010 lib.
3463 2972 3618 3022 xxvt,

2012 3067 2129 3123 cap.
2170 3052 2270 3117 l9;
2315 3051 2436 3107 Val.
2473 3051 2648 3118 Motu,
2688 3052 2776 3106 lib.
2814 3068 2870 3117 ll,
2902 3067 3021 3123 cap.
3049 3051 3106 3117 2,
3136 3049 3165 3122 ς
3193 3051 3260 3115 2;
3291 3051 3420 3105 Aur.
3461 3049 3621 3118 Vict.,

2013 3147 2078 3200 de
2111 3145 2220 3200 Vir.
2246 3147 2429 3210 illust.,
2460 3164 2576 3211 cap.
2603 3145 2718 3218 49).
2753 3147 2808 3200 Si
2831 3147 2952 3216 quis
2977 3155 3155 3201 tamen
3184 3146 3488 3214 probaverit
3522 3147 3625 3202 Ar-

285 3243 477 3299 Antca
510 3258 638 3300 vero
668 3244 926 3300 Clemens
953 3242 1362 3299 Alexandrinus
1414 3241 1626 3297 dixerat
1657 3240 1910 3313 (Clemens
1939 3237 1984 3301 C
2017 3238 2238 3293 nobium
2283 3240 2552 3310 tugurioli,
2596 3238 2871 3304 conclavis,
2916 3249 2962 3293 et
3009 3238 3229 3302 cellulae,
3273 3241 3512 3305 nomine,
3553 3238 3624 3294 de

287 3337 617 3404 Alexandr.,
651 3338 914 3392 Admonit.
948 3338 1016 3391 ad
1045 3349 1210 3409 gent.,
1237 3354 1354 3409 cap.
1383 3335 1481 3407 28)
1517 3354 1533 3392 :
1581 3334 1692 3392 Εἴτε
1743 3349 1912 3412 Φορω-

288 3434 417 3492 νεὺς
443 3434 627 3492 ἐκεῖνος
654 3429 734 3496 ἧν,
770 3430 869 3487 εἴτε
897 3431 1093 3510 Μέροψ,
1124 3430 1222 3488 εἴτε
1254 3429 1398 3492 ἄλλός
1425 3453 1504 3491 τις·
1524 3474 1538 3491 ,
1572 3430 1617 3486 οἳ
1646 3435 1791 3497 νεὼς,
1826 3433 1914 3486 καὶ

293 3523 514 3594 βωμοὺς
555 3524 844 3582 ἀνέστησαν
883 3525 1076 3583 αὐτοῖς.
1117 3521 1225 3578 Seu
1264 3521 1570 3577 Phoroneus
1609 3522 1697 3576 ille
1735 3523 1910 3593 fuerit,

293 3630 392 3669 seu
421 3613 654 3686 Merops,
682 3632 770 3670 seu
805 3615 988 3686 aliquis
1022 3615 1175 3679 alius,
1199 3616 1287 3686 qui
1313 3615 1384 3670 eis
1415 3624 1694 3686 posuerunt
1724 3616 1913 3685 templa

295 3715 346 3762 et
389 3708 600 3763 altaria.
645 3709 751 3765 Sed
797 3708 864 3764 de
907 3707 1078 3780 prima
1119 3709 1442 3779 templorum
1475 3707 1707 3780 origine,
1750 3717 1806 3762 ct
1844 3709 1913 3763 de

299 3801 478 3858 {Eaco
523 3801 648 3858 alibi
678 3801 1076 3872 diSptttavimus
1103 3799 1274 3871 (Tom.
1309 3819 1326 3856 1
1358 3801 1636 3873 Apparat.,
1661 3816 1781 3872 pag.
1807 3800 1914 3855 722

298 3904 350 3949 et
384 3912 546 3967 seqq.,
579 3903 628 3949 et
658 3911 779 3968 pag.
812 3893 1001 3967 1118).

376 3989 610 4059 Quoquo
654 3999 834 4044 autem
883 3998 1128 4060 tempore
1161 3989 1359 4060 templa
1390 3988 1494 4045 diis
1523 3989 1768 4044 construi
1798 3994 1928 4044 ρωο·

301 4083 510 4156 perint.
539 4083 885 4155 quantumvis
911 4084 1020 4139 sint
1046 4085 1350 4155 magnifica,
1381 4084 1731 4155 quantumvis
1757 4098 1910 4152 auro,

303 4184 362 4231 et
413 4175 643 4244 gemmis
699 4175 991 4248 fulgentia;
1045 4184 1260 4232 constat
1317 4191 1448 4232 sane
1502 4191 1689 4233 verum
1745 4176 1914 4232 Deum

307 4272 463 4328 nullo
537 4287 773 4344 unquam
842 4287 1002 4342 posse
1055 4271 1277 4327 includi.
1346 4271 1671 4326 Persuasum
1735 4279 1913 4326 tamen

310 4365 519 4423 ethnici
541 4365 958 4422 habebantdeos
988 4380 1115 4423 suos
1138 4366 1244 4422 illis
1272 4375 1415 4421 totos
1444 4365 1914 4436 concludi,quem-

307 4458 603 4517 admodum
645 4460 698 4514 in
746 4459 995 4515 domibus
1065 4459 1180 4515 suis
1235 4459 1504 4514 homines.
1553 4458 1729 4514 Falsa:
1771 4459 1914 4515 enim

309 4553 476 4623 hujus
506 4553 778 4624 Opiuionis
807 4563 977 4610 testes
1005 4569 1165 4624 quam
1199 4553 1460 4624 plurimos
1490 4563 1549 4608 ut
1577 4554 1913 4620 omittamus,

2013 3335 2195 3406 parvis
2226 3333 2455 3399 (edibus,
2487 3347 2605 3405 qua:
2635 3334 2935 3390 minoribus
2961 3333 3066 3390 diis
3091 3335 3330 3390 construi
3354 3335 3620 3399 solebant,

2014 3443 2135 3484 esse
2163 3443 2376 3499 quoque
2407 3427 2841 3499 intelligendum,
2877 3427 3002 3483 huic
3039 3444 3146 3482 non
3187 3442 3410 3497 prorsus
3447 3427 3621 3483 refra-

2013 3521 2278 3592 gabimur.
2323 3520 2430 3576 Sed
2479 3534 2703 3575 necesse
2747 3528 2832 3575 est
2880 3528 2937 3573 ut
2966 3533 3159 3574 omnes
3186 3517 3463 3574 fateantur
3500 3519 3627 3574 illos

2014 3628 2176 3668 veros
2214 3613 2346 3668 deos
2377 3627 2484 3667 non
2525 3627 2668 3678 esse,
2697 3626 2835 3682 quos
2863 3611 3096 3682 gentiles
3132 3612 3247 3667 sive
3274 3613 3474 3683 parvis,
3508 3612 3624 3666 sive

2015 3704 2266 3760 maximis
2325 3704 2532 3760 (edibus
2586 3713 2640 3759 et
2697 3705 2913 3775 templis
2967 3702 3167 3760 includi
3221 3719 3382 3774 posse
3432 3704 3624 3760 eximi-

2017 3796 2254 3852 mabant.

2088 3891 2273 3964 Neque
2323 3900 2510 3949 censet
2549 3893 2821 3949 Arnobius
2865 3891 3165 3949 audiendos
3206 3907 3330 3950 esse
3371 3892 3624 3965 gentiles,

2017 3988 2108 4057 qui
2151 3986 2557 4058 respondebant
2592 4003 2651 4043 se
2691 3987 2796 4043 diis
2839 3988 3035 4058 templa
3067 3986 3370 4053 aediﬁcare;
3408 3997 3466 4043 ut
3502 4006 3626 4045 cum

2017 4079 2117 4147 eis,
2148 4081 2219 4137 ibi
2245 4080 2648 4151 quodammodo
2675 4080 3058 4152 praesentibus,
3088 4096 3272 4136 coram
3303 4090 3356 4136 et
3381 4083 3628 4140 cominus

2017 4176 2478 4246 colloquerentur,
2527 4191 2592 4231 ac
2637 4175 2710 4230 dii
2758 4177 2882 4231 illos
2931 4175 3002 4232 de
3048 4179 3299 4247 proximo
3343 4180 3630 4251 loquentes

2018 4268 2289 4324 audirent.
2325 4269 2505 4325 Verus
2543 4269 2823 4326 enimvero
2862 4270 3025 4334 Deus,
3061 4272 3378 4340 immensus,
3418 4283 3473 4329 et
3507 4271 3630 4328 ubi-

2018 4378 2123 4433 que
2170 4378 2410 4433 praesens
2439 4364 2588 4418 audit
2629 4362 2878 4418 homines
2917 4365 3344 4434 quoscumlibet,
3382 4381 3629 4437 quaeque

2020 4454 2073 4509 in
2107 4455 2292 4510 mundi
2324 4465 2478 4526 parte
2511 4456 2795 4525 loquentes
2823 4464 2877 4510 et
2911 4467 3214 4526 precantes,
3247 4467 3410 4530 atque
3447 4460 3630 4515 omnia

2021 4548 2181 4605 etiam
2214 4565 2402 4606 eorum
2433 4550 2664 4622 cogitata
2689 4551 2906 4622 penitus
2939 4553 3239 4622 cognoscit.
3267 4552 3455 4625 Neque
3484 4556 3631 4612 enim

311 4647 445 4721 quid
481 4649 678 4705 clarius
725 4649 808 4704 his
851 4647 1131 4704 Ciceronis
1174 4647 1390 4704 verbis?
1424 4667 1443 4698 ‹
1477 4647 1695 4702 Patrum
1740 4646 1918 4719 (aliter
1942 4636 1996 4696 Ι)
2022 4643 2132 4709 ille,
2160 4642 2301 4698 sicut
2325 4642 2539 4712 Jupiter
2569 4643 2806 4713 tingitur,
2829 4655 3104 4699 comatum
3136 4645 3288 4700 venit
3312 4646 3378 4701 ad
3407 4646 3629 4704 {Ethio-

310 4742 567 4817 dcorum)
593 4743 816 4800 delubra
848 4759 970 4800 esse
993 4746 1044 4798 in
1073 4741 1292 4799 urbibus
1321 4756 1520 4798 censeo
1547 4759 1560 4795 :
1587 4757 1687 4797 nec
1717 4756 1917 4811 sequor

311 4837 503 4908 Magos
531 4837 845 4903 Persarum,
887 4837 1081 4908 quibus
1121 4837 1432 4892 auctoribus
1466 4834 1675 4890 Xerxes
1706 4835 1915 4889 inﬂam-

313 4944 501 4986 masse
531 4931 728 5006 templa
757 4931 979 4988 Gramina
1001 4931 1222 4997 dicitur,
1250 4929 1393 5000 quod
1424 4929 1719 4999 parietibus
1747 4927 1917 4982 inclu-

313 5025 517 5082 dereut
539 5025 694 5091 deos,
721 5027 916 5097 quibus
939 5025 1116 5082 omnia
1140 5024 1399 5081 deberent
1425 5037 1544 5079 esse
1575 5021 1808 5092 patentia
1853 5035 1918 5077 ac

315 5118 513 5184 libera,
545 5134 882 5190 quorumque
905 5117 993 5174 hic
1020 5117 1254 5174 mundus
1282 5115 1461 5170 omnis
1489 5113 1743 5183 templum
1775 5119 1920 5167 esset

316 5225 380 5272 et
406 5214 614 5270 domus.
645 5215 831 5270 Melius
852 5213 1025 5271 Graeci
1051 5223 1212 5284 atque
1235 5213 1429 5279 nostri,
1454 5212 1544 5284 qui
1575 5219 1635 5265 ut
1658 5217 1920 5281 augerent

319 5311 580 5385 pietatem
611 5310 664 5367 in
697 5310 848 5372 deos.
882 5309 1100 5366 easdem
1132 5309 1274 5374 illos,
1309 5323 1372 5363 ac
1403 5322 1525 5372 nos,
1562 5305 1725 5360 urbes
1765 5305 1917 5358 inco-

315 5406 439 5464 lere
464 5404 770 5460 voluerunt.
813 5400 1001 5458 Adfert
1040 5401 1184 5456 enim
1226 5400 1343 5454 hmo
1376 5397 1560 5468 opinio
1603 5394 1919 5467 religionem

315 5497 512 5556 utilem
532 5496 854 5553 civitatibus.
884 5494 1139 5568 1(Cicer.,
1164 5493 1252 5548 lib.
1276 5508 1313 5547 ιι
1336 5491 1398 5545 de
1419 5490 1619 5562 Legib..
1644 5505 1764 5560 pag.
1785 5487 1914 5553 535,

319 5592 424 5648 lin.
451 5589 571 5660 44.)
598 5589 704 5648 Sed
734 5590 818 5644 hic
846 5604 1069 5644 acumen
1093 5586 1462 5643 desideramus
1493 5583 1796 5647 Ciceronis,
1827 5581 1917 5652 qui

317 5683 616 5749 nesciebat,
651 5692 746 5738 aut
772 5684 952 5755 potius
978 5681 1188 5739 nescire
1211 5695 1272 5735 se
1299 5676 1695 5744 dissimulabat,
1730 5690 1918 5731 verum

319 5777 499 5834 Deum
538 5790 657 5832 esse
695 5775 1039 5841 immensum,
1074 5772 1383 5843 nulliusquc
1415 5769 1516 5826 loci
1557 5767 1731 5840 spatio
1761 5782 1922 5840 posse

321 5868 713 5930 circumscribi.

2020 4751 2138 4806 pas,
2164 4736 2328 4792 immo
2355 4751 2484 4792 vero
2515 4736 2692 4792 locum
2718 4747 2931 4792 mutare
2958 4753 3249 4810 numquam
3279 4749 3460 4811 potest
3487 4741 3632 4808 (llo-

2023 4830 2358 4895 mer.,lliad.
2407 4846 2446 4896 1,
2481 4831 2724 4902 pug.20;
2773 4829 3012 4896 Lucium,
3057 4831 3120 4885 de
3141 4832 3404 4901 Sacri/ia,
3431 4835 3631 4906 p.186;

2023 4921 2239 4977 Diodor.
2298 4923 2489 4989 Sicul.,
2567 4922 2656 4976 lib.
2707 4939 2723 4976 1
2771 4921 3047 4992 Bibliot/t.,
3093 4942 3212 4995 pag.
3257 4927 3355 4993 62;
3419 4929 3630 4994 Athen.,

2023 5016 2113 5070 lib.
2159 5031 2251 5070 vm
2311 5013 2585 5086 Deipnos.,
2633 5031 2753 5087 pag.
2800 5014 2939 5082 565;
2985 5014 3137 5089 Greg.
3187 5016 3326 5074 Ναί..
3353 5059 3369 5087 ,
3414 5029 3545 5074 orat.
3602 5019 3628 5075 1

2021 5109 2076 5163 in
2100 5108 2236 5176 Jul.,
2269 5126 2389 5181 pag.
2420 5109 2574 5178 263).

2092 5199 2262 5255 Instat
2292 5200 2563 5256 Arnobius
2589 5215 2657 5257 ex
2690 5201 2789 5257 hac
2816 5202 3181 5269 ethnicorum,
3213 5205 3304 5276 qui
3343 5205 3476 5262 deos
3505 5221 3632 5264 suos

2022 5295 2142 5351 loco
2172 5296 2376 5350 moveri
2405 5295 2722 5361 credebant,
2755 5297 3014 5367 opinione
3043 5299 3193 5368 sequi
3235 5313 3386 5368 spem
3429 5301 3634 5357 nullam

2023 5387 2334 5444 hominibus
2363 5387 2623 5459 reliquam
2656 5387 2793 5456 fore,
2829 5397 2887 5443 ut
2916 5390 2984 5444 ab
3024 5389 3128 5446 illis
3155 5391 3465 5447 audiantur.
3499 5392 3630 5449 Plu-

2024 5484 2158 5538 rima
2201 5483 2402 5539 etenim
2445 5483 2536 5537 uni
2578 5483 2864 5554 eidemque
2907 5484 3017 5539 Deo
3060 5485 3111 5538 in
3157 5484 3403 5546 diversis,
3434 5495 3489 5542 et
3515 5502 3543 5541 a
3573 5503 3633 5545 se

2026 5578 2254 5633 invicem
2297 5575 2676 5632 remotissimis
2719 5586 2876 5632 terrae
2907 5577 3220 5646 regionibus
3264 5580 3437 5648 posita
3477 5587 3634 5636 erant

2029 5671 2250 5740 templa,
2283 5669 2335 5723 in
2364 5685 2594 5740 quorum
2624 5668 2907 5724 dumtaxat
2935 5683 3042 5724 uno
3067 5669 3218 5725 illum
3244 5670 3489 5729 habitare
3514 5674 3631 5744 opi-

2029 5763 2319 5818 nabantur.
2351 5760 2469 5816 Non
2500 5761 2637 5816 alios
2666 5760 2869 5832 itaque,
2901 5776 3062 5832 quam
3089 5763 3182 5834 qui
3209 5763 3264 5819 in
3295 5764 3465 5822 hocce
3494 5775 3632 5824 lem-

2033 5855 2122 5927 plo
2160 5853 2408 5922 orabant,
2445 5853 2580 5911 deus
2620 5853 2712 5910 ille
2748 5852 2938 5912 audire
2975 5862 3211 5926 poterat.
3250 5854 3475 5916 Frustra
3501 5875 3630 5936 ergo
