3878 6312
437 316 535 381 6H

1686 312 2143 389 DISSERTATIO
2170 328 2453 389 pnavra

3596 342 3683 399 619.

434 440 525 496 alii
570 441 813 499 homines
856 442 1002 498 illum
1046 443 1167 499 aliis
1212 445 1569 516 precabantur
1614 446 1670 501 in
1716 449 1953 519 templis,
2002 464 2029 500 a
2060 446 2436 508 AetArnobii
2477 449 2656 504 locum
2697 450 3057 517 exhibemus;
3102 456 3158 504 ut
3194 452 3261 506 ab
3287 450 3527 509 omnibus
3553 452 3684 513 facile

436 538 631 607 quibus
671 538 887 603 absens,
932 537 1187 608 nequibat
1229 539 1349 594 illos
1389 539 1600 609 audire,
1642 541 1815 598 multo
1857 539 2038 596 minus

437 628 636 699 aliquid
665 645 853 684 eorum
886 631 1184 687 concedere
1216 632 1518 702 postulatis.

510 721 615 779 Sed
654 732 931 780 auctorem
966 735 1205 781 nostrum
1246 724 1507 782 Ethnicos
1535 727 1713 783 adhuc
1753 737 2036 799 urgentem

438 833 748 890 sequamur.
782 818 1027 889 Templa,
1052 821 1224 892 inquit
1246 820 1487 887 (Arnob,
1515 821 1601 877 lib.
1630 839 1706 890 vn,
1733 840 1854 894 pag.
1886 822 2037 894 195),

440 922 495 969 et
537 912 761 969 delubra
805 914 1031 971 deorum
1080 926 1207 971 sunt
1245 927 1587 973 mortuorum
1635 915 1916 972 hominum
1947 930 2038 973 se-

441 1004 625 1075 pulcra
649 1048 664 1072 ,
695 1005 779 1061 vel
809 1006 947 1061 sicut
984 1007 1102 1077 ipse
1129 1007 1389 1078 loquitur,
1431 1019 1753 1062 mortuorum
1780 1009 2042 1079 superlata

440 1099 618 1154 bustis.
645 1096 888 1155 Gentiles
930 1099 1110 1170 itaque
1149 1103 1201 1156 in
1232 1102 1380 1159 hisce
1412 1103 1649 1173 templis,
1688 1113 1782 1159 aut
1820 1121 1913 1175 pro
1941 1104 2042 1159 diis

439 1192 812 1249 immortalibus
848 1193 1096 1250 colebant
1126 1205 1368 1252 mortuos
1407 1195 1681 1265 homines,
1722 1204 1817 1252 aut
1851 1207 2041 1253 contra

440 1302 629 1343 eorum
670 1287 852 1351 decus,
886 1287 995 1342 illis
1034 1288 1338 1345 viventibus
1376 1300 1623 1345 mortuos
1661 1290 1911 1347 homines
1948 1306 2038 1347 so-

440 1382 554 1436 cios
582 1379 944 1451 adiungebant
967 1422 982 1446 ,
1017 1380 1103 1436 vel
1133 1388 1391 1453 utrosque
1417 1381 1666 1438 similiter
1695 1391 1751 1439 et
1776 1390 2040 1450 mortuos,

440 1481 496 1529 et
519 1474 757 1543 sepultos
788 1472 955 1529 fuisse
982 1472 1408 1530 arbitrabantur.
1452 1475 1584 1544 Qua:
1622 1485 1805 1531 autem
1844 1475 2041 1533 divina:

441 1565 707 1635 maiestati
746 1566 1078 1621 contumelia
1112 1567 1285 1637 major
1323 1567 1440 1624 fieri
1470 1570 1720 1640 poterat?
1763 1568 2043 1642 Exemplis

441 1669 617 1713 tamen
649 1658 1041 1728 propemodum
1067 1658 1367 1716 innumeris
1389 1677 1511 1717 cum
1537 1662 1808 1719 Arnobius
1834 1663 1886 1719 id
1913 1677 2042 1734 pro-

438 1753 569 1809 bare
608 1752 894 1824 potuisset,
937 1754 1067 1810 satis
1085 1754 1151 1810 ad
1178 1757 1514 1827 propositum
1558 1773 1715 1813 suum
1746 1771 1867 1814 esse
1890 1756 2045 1813 duxit

440 1844 698 1900 nonnulla
744 1854 892 1901 certo
921 1849 1153 1901 certiora
1192 1847 1456 1919 seligere,
1498 1864 1617 1919 quae
1657 1849 1801 1905 hunc
1841 1864 2037 1920 propo-

438 1939 546 1993 suit
583 1938 633 1992 in
677 1938 895 1992 modum
927 1956 940 1992 :
972 1957 991 1989 ι
1016 1934 1073 1993 In
1128 1938 1474 1995 historiarum
1514 1940 1817 1997 Antiochus
1868 1954 2037 2011 nono,

438 2032 665 2087 Athenis
700 2033 755 2088 in
797 2033 1059 2090 Minervio
1090 2046 1357 2091 memorat
1395 2035 1696 2108 Cecropem
1737 2052 1860 2095 esse
1881 2054 2039 2094 man-

437 2126 619 2182 datum
659 2134 839 2182 terrae.
886 2127 943 2183 in
988 2129 1194 2200 templo
1232 2144 1423 2186 rursus
1461 2130 1707 2202 ejusdem
1739 2173 1755 2201 ,
1797 2131 1944 2203 quod
1984 2132 2039 2187 in

439 2236 565 2276 arce
592 2218 823 2275 Larissae
862 2230 966 2289 est,
1008 2223 1259 2278 conditus
1290 2224 1545 2279 scribitur
1570 2233 1733 2295 atque
1774 2223 2042 2279 indicatur

442 2312 683 2370 Acrisius
727 2332 741 2369 :
786 2315 1133 2371 Ericthonius
1170 2315 1408 2373 Poliadis
1448 2319 1501 2373 in
1544 2316 1707 2387 fano;
1761 2319 1949 2375 Dairas
1986 2325 2043 2374 et

441 2408 701 2465 lmmarus
728 2409 921 2467 fratres
948 2411 999 2465 in
1030 2409 1289 2467 Eleusino
1328 2422 1590 2484 consepta
1614 2456 1629 2481 ,
1664 2414 1806 2484 quod
1837 2411 2042 2469 civitati

442 2501 746 2572 sitbjectum
778 2516 882 2558 est.
924 2500 1106 2570 Quid?
1153 2504 1304 2560 Celei
1332 2503 1571 2575 virgines
1609 2520 1715 2560 non
1744 2505 1799 2560 in
1824 2502 2041 2561 Cereris

444 2596 712 2653 Eleusinae
754 2596 1080 2653 humationis
1120 2595 1375 2655 habuisse
1418 2596 1770 2669 perhibentur
1817 2596 2042 2655 ofﬁcial

440 2690 555 2745 Non
589 2689 641 2746 in
684 2688 867 2745 Diana:
893 2688 1143 2757 delubro,
1185 2692 1327 2765 quod
1370 2691 1423 2747 in
1464 2692 1730 2763 Apollinis
1768 2694 2043 2749 constitu-

442 2794 551 2839 tum
582 2792 666 2841 est
694 2780 826 2839 Delii
851 2827 866 2852 ,
910 2782 1249 2857 llyperocha,
1292 2784 1633 2856 Laodieeque
1662 2829 1675 2854 ,
1717 2801 1851 2857 quas
1876 2786 2041 2842 adve-

438 2891 553 2935 ctas
593 2879 720 2935 illuc
748 2895 870 2936 esse
910 2880 1105 2936 finibus
1129 2896 1198 2937 ex
1227 2878 1592 2951 Hyperboreis
1622 2879 1937 2939 indicatur?
1980 2876 2037 2937 in

442 2973 715 3044 Didymreo
741 2972 948 3029 Milesio
985 2970 1308 3029 Clearchum
1337 2973 1468 3030 dicit
1506 2973 1758 3030 habuisse
1785 2989 2041 3047 suprema

440 3066 738 3121 Leandrius
790 3066 1017 3122 funeris.
1083 3064 1491 3141 Leucophrynae
1530 3078 1942 3125 monumentum
1983 3070 2040 3125 in

438 3161 563 3214 fano
588 3158 727 3230 apud
753 3154 1079 3232 Magnesiam
1105 3161 1285 3215 Dianae.
1308 3175 1431 3217 esse
1452 3161 1701 3234 Myndius
1730 3162 2035 3233 profitetur,

439 3268 502 3309 ac
538 3262 805 3310 memorat
845 3253 1015 3309 Zeno.
1065 3255 1180 3311 Sub
1224 3255 1492 3327 Apollinis
1532 3255 1717 3326 arula,
1767 3272 1888 3328 quae
1917 3256 2042 3313 τρι.

439 3347 600 3403 messi
629 3346 767 3419 apud
798 3348 1053 3420 oppidum
1080 3349 1295 3415 visitur,
1336 3347 1676 3405 Telmessum
1705 3364 1828 3406 esse
1852 3351 2041 3407 condi-

438 3448 550 3495 tum
580 3448 754 3496 vatem
782 3454 891 3496 non
921 3439 1136 3513 scriptis
1160 3442 1533 3498 constantibus
1558 3442 1869 3500 indicatur?
1913 3446 2039 3500 Pto-

438 3531 659 3588 lemaeus
713 3530 1045 3604 Agesarchl,
1113 3532 1181 3590 de
1243 3533 1591 3605 Philopatore
1653 3552 1815 3608 quem
1864 3534 2036 3593 edidit

438 3622 924 3699 primo,.Cyniram
956 3643 1138 3699 regem
1164 3626 1333 3699 Paphi
1359 3644 1481 3684 cum
1509 3626 1710 3685 familia
1729 3632 1875 3685 omni
1907 3647 2002 3687 sua
2021 3673 2037 3699 ,

436 3720 602 3776 immo
640 3736 762 3777 cum
804 3721 952 3777 omni
995 3723 1244 3795 prosapia
1277 3722 1330 3779 in
1361 3722 1591 3780 Veneris
1632 3727 1834 3797 templo
1873 3727 2037 3783 situm

434 3832 556 3872 esse
594 3816 896 3871 litterarum
944 3819 1266 3873 auctoritate
1310 3817 1567 3873 declarat.
1608 3837 1628 3871 ι
1676 3818 1913 3892 (Ibid.)
1959 3818 2039 3877 Ea

434 3916 614 3964 autem
644 3910 825 3963 omnia
870 3925 933 3964 ex
966 3911 1160 3981 graecis
1200 3910 1559 3981 proculdubio
1597 3908 1882 3984 desumpta
1911 3923 2040 3968 sunt

435 4004 581 4059 hisce
617 4001 913 4061 Clementis
951 4004 1305 4061 Alexandrini
1341 4004 1522 4062 verbis
1554 4005 1670 4063 :‘Ev
1704 4012 1779 4084 τῷ
1811 4015 1907 4082 νεῷ
1946 4016 2039 4068 τῆς

432 4098 633 4161 Ἀθηνᾶς
668 4100 719 4154 ἐν
749 4102 1008 4173 Λαρίσσῃ,
1035 4100 1085 4155 ἐν
1224 4100 1499 4177 ἀκροπόλει
1531 4103 1687 4179 τάφος
1713 4102 1852 4157 ἐστὶν
1872 4101 2038 4179 ’Δκρι-

433 4197 570 4249 σίου.
599 4192 827 4269 Ἀθηνῄσι
855 4192 909 4248 δὲ
947 4196 997 4248 ἐν
1030 4193 1320 4268 ἀκροπόλει,
1347 4194 1623 4272 Κέκροπος,
1644 4194 1711 4257 ὥς
1748 4218 1902 4270 φησιν
1930 4193 2038 4252 Ἀν-

433 4289 616 4356 τίοχος
644 4288 696 4339 ἐν
726 4292 800 4357 τῷ
826 4287 1017 4362 ἒννατῷ
1063 4285 1323 4362 ἱστοριῶν.
1364 4288 1415 4341 τί
1444 4283 1506 4345 δὴ
1543 4285 1882 4362 Ἐριχθόνιος
1912 4288 2040 4360 οὗχί

434 4378 483 4435 ἓν
531 4388 605 4453 τῷ
648 4389 743 4455 νεῷ
768 4389 858 4442 τῆς
886 4378 1126 4441 Πολιάδος
1169 4377 1501 4445 κεκήδευταις
1524 4376 1781 4458 Ἰμμαρος
1810 4381 1864 4437 δὲ
1895 4382 1920 4437 ὁ
1949 4382 2037 4435 Εὖ-

434 4473 634 4545 μὸ).που
664 4476 751 4527 καί
776 4474 1011 4549 Δαείρας,
1042 4473 1172 4544 οὐχί
1199 4473 1249 4527 ἓν
1279 4478 1351 4546 τῷ
1393 4471 1646 4547 περιϐόλῳ
1690 4478 1783 4527 τοῦ
1814 4472 2037 4528 Ἐλευσι-

434 4570 545 4621 νίου
575 4572 669 4621 τοῦ
698 4566 803 4621 ὑπὸ
834 4565 1146 4642 ἀκροπόλειζ
1178 4564 1232 4620 αἰ
1264 4566 1317 4624 δὲ
1356 4565 1533 4619 Κελεοῦ
1574 4565 1873 4643 Θυγάτερες,
1907 4567 2036 4639 οὐχὶ

434 4659 485 4711 ἐν
498 4656 745 4711 Ἐλευσῖνι
772 4655 1056 4728 secubuere;
1088 4658 1138 4711 τί
1159 4676 1243 4711 σοι
1265 4655 1532 4729 καταλέγω
1561 4658 1656 4716 τὰς
1683 4654 2034 4734 Ὑπερϐορέων

434 4759 711 4826 γυναῖκαςς
761 4748 1024 4827 ’Υπερὸχη
1082 4751 1167 4805 καί
1218 4745 1442 4809 Λαοδίκη
1493 4749 1766 4808 κέκλησθον
1796 4765 1807 4777 ·
1864 4752 1914 4806 ἐν
1962 4759 2034 4825 τῷ

435 4847 735 4924 Ἀρτεμισίῳ
756 4846 805 4901 ἐν
833 4844 970 4918 Δήλῳ
995 4841 1353 4903 κεκήδευσθον.
1383 4843 1441 4900 τὸ
1478 4839 1531 4898 δέ
1561 4844 1611 4897 ἐν
1636 4852 1710 4918 τῷ
1735 4841 2037 4907 ’Λπόλλωνος

437 4948 528 4999 τοῦ
580 4942 755 5000 Δηλίου
810 4941 947 4995 ἐστὶν
996 4939 1133 5014 ἱερῷ.
1166 4936 1435 5015 Λεάνδριος
1466 4934 1541 5005 δὲ,
1575 4939 1833 5016 Κλέαρχον
1863 4941 1913 4995 ἓν
1951 4951 2041 4996 Μι-

437 5033 571 5106 λήτῳ
592 5034 823 5106 τεθάφθαι
852 5031 901 5086 ἐν
924 5038 996 5105 τῷ
1016 5028 1275 5103 Διδυμαὶῳ
1297 5032 1465 5101 φησίν.
1511 5031 1727 5087 ἐνταῦθα
1773 5040 1864 5095 τῆς
1907 5044 2038 5088 Λευ-

439 5130 689 5205 κοφρύνης
720 5128 778 5184 τὸ
806 5132 1044 5200 μνημεῖον
1096 5125 1189 5178 οὐκ
1229 5119 1367 5188 ἄξιον
1420 5125 1704 5201 παρελθεῖν,
1762 5126 2040 5201 ἑπομένους

440 5227 629 5282 Ζήνωνι
644 5224 723 5276 καὶ
745 5217 965 5292 Μυνδίῳ,
998 5217 1030 5277 ἢ
1062 5217 1110 5271 ἓν
1138 5222 1212 5291 τῷ
1239 5215 1359 5295 ἱερῷ
1392 5226 1482 5278 τῆς
1511 5215 1803 5295 Ἀρτέμιδος
1831 5222 1881 5275 ἐν
1904 5232 2042 5296 Μαγ-

438 5319 593 5392 νησίᾳ
632 5312 955 5373 κεκήδευται.
981 5306 1098 5366 οὖδὲ
1128 5313 1218 5384 μὲν
1245 5308 1328 5366 τὸν
1358 5312 1407 5365 ἐν
1449 5313 1721 5385 raptem;
1743 5313 1917 5389 βωμὸν
1946 5321 2041 5372 τοῦ

438 5407 737 5467 ’Λπὸλλωνος
762 5446 778 5471 ,
812 5402 864 5460 δν
892 5412 1067 5478 μνῆμα
1092 5397 1220 5457 εἶναι
1243 5405 1329 5457 καὶ
1356 5404 1537 5459 τουτον
1574 5404 1903 5478 Τελμισσέως
1946 5412 2040 5462 τοῦ

443 5503 666 5575 μάντεως·
702 5500 986 5575 ἱστοροῦσι.
1013 5495 1319 5568 Πτολεμαῖος
1348 5493 1402 5551 δέ
1435 5494 1460 5551 ὅ
1491 5502 1584 5551 τοῦ
1608 5495 1961 5575 ’Δγησάρχου,
1990 5502 2039 5554 ἐν

442 5596 631 5667 πρώτῳ
653 5599 752 5647 τῶν
774 5592 894 5664 περί
912 5591 997 5645 τὸν
1016 5589 1355 5665 Φιλοπάτορα,
1376 5588 1424 5642 ἔν
1438 5589 1587 5663 Πάφῳ
1614 5588 1831 5663 λέγειῄν
1854 5599 1925 5665 τῷ
1947 5601 2039 5655 τῆς

440 5686 733 5765 Ἀφροδίτης
761 5688 880 5766 ἱερῷ
909 5687 1125 5765 Κινύραν
1150 5708 1204 5743 τε
1232 5687 1319 5741 καὶ
1359 5684 1483 5747 τοὺς
1510 5683 1725 5762 Κινύρου
1755 5687 2042 5761 ἀπογόνους

447 5777 774 5836 κεκηδεῦσθαι
822 5776 1081 5850 (Clemens
1121 5776 1402 5837 Alexandr.
1426 5820 1441 5845 ,
1482 5776 1706 5832 Admon.
1748 5778 1818 5833 ad
1857 5791 1995 5852 gent.
2023 5822 2042 5849 ,

449 5882 571 5941 pag.
594 5867 667 5927 29
693 5869 736 5943 ).
782 5864 980 5928 Totum
1007 5878 1166 5942 porro
1191 5870 1336 5929 hunc
1360 5868 1660 5929 Clementis
1690 5870 2041 5935 Alexandrini

2061 4612 2120 4675 Ι)

2142 541 2477 613 intelligatur
2513 540 2669 597 illum
2710 540 2779 599 ab
2818 544 3052 599 Auctore
3090 548 3276 599 nostro
3313 545 3685 617 transcriptum,

2141 649 2205 688 ac
2244 634 2409 690 latine
2449 635 2520 689 ita
2558 633 2825 691 redditum
2850 678 2866 703 ,
2905 644 2965 691 ut
3002 636 3106 690 alia
3141 636 3565 708 interpretatione
3597 655 3688 699 non

2141 742 2277 795 Opus
2301 730 2390 782 sit.
2414 726 2546 795 Quae
2568 737 2748 784 autem
2770 728 3001 785 diversa:
3018 727 3073 784 in
3095 728 3367 800 utriusque
3388 738 3525 785 textu
3544 731 3690 789 lectio

2143 837 2271 887 nes,
2319 836 2381 877 ac
2425 838 2544 891 qua:
2588 823 2821 879 obscura
2860 830 2917 880 et
2958 821 3203 880 difticilia
3248 835 3552 891 occurrunt,
3588 825 3691 884 nihil

2141 917 2548 973 enueleavimus
2578 917 2598 989 (
2629 916 2777 973 Tom.
2808 934 2827 973 ι
2871 919 3121 988 Apparat.
3144 960 3160 986 ,
3192 917 3281 974 lib.
3311 933 3401 987 ut,
3437 919 3621 975 dissert.
3646 921 3689 989 1,

2142 1026 2258 1083 cap.
2285 1011 2340 1078 7,
2372 1020 2472 1065 art.
2495 1011 2551 1079 3,
2577 1028 2697 1081 pag.
2728 1010 2834 1067 725
2861 1020 2907 1066 et
2932 1027 3070 1083 seqq.
3099 1010 3141 1082 ).

2215 1104 2331 1157 Duo
2359 1100 2567 1158 addidit
2597 1101 2899 1172 Arnobius,
2931 1114 2987 1159 et
3017 1104 3253 1175 primum
3284 1104 3493 1174 quidem
3523 1124 3536 1161 :
3561 1124 3579 1159 ι
3605 1105 3695 1165 Nec

2142 1206 2386 1252 exactam
2414 1195 2689 1252 desiderat
2717 1210 2926 1261 curam,
2949 1210 3109 1268 quam
3134 1196 3180 1253 is
3207 1212 3420 1268 pinnam
3444 1200 3693 1257 constitue-

2143 1290 2215 1344 rit
2262 1288 2551 1361 Egyptius
2596 1291 2648 1344 in
2689 1305 2813 1346 eum
2855 1289 2946 1361 qui
3002 1290 3336 1359 publicasset
3376 1291 3556 1361 quibus
3588 1291 3694 1362 Apis

2136 1381 2347 1452 jaceret
2392 1382 2740 1439 absconditus
2791 1401 2810 1435 ι
2844 1382 3081 1453 (Arnob.
3111 1426 3127 1451 ,
3173 1384 3262 1439 lib.
3300 1399 3387 1451 vr,
3415 1401 3527 1456 pag.
3558 1384 3695 1456 164),

2145 1476 2197 1532 id
2228 1486 2311 1532 est
2336 1519 2351 1544 ,
2400 1477 2486 1533 ubi
2520 1478 2589 1533 sit
2624 1475 2812 1547 Apidis
2858 1476 3190 1549 sepulcrum.
3234 1478 3367 1548 Apis
3390 1485 3560 1534 autem
3584 1520 3598 1544 ,
3638 1477 3698 1533 uti

2143 1572 2342 1628 Strabo
2390 1572 2588 1645 aliique
2616 1572 3014 1640 testificantur,
3050 1571 3195 1627 idem
3223 1578 3307 1628 est
3331 1579 3486 1643 atque
3511 1572 3698 1642 Serapis

2144 1674 2198 1721 et
2228 1662 2398 1721 Osiris
2418 1706 2434 1733 ,
2466 1664 2533 1722 de
2559 1664 2714 1736 cujus
2750 1665 3003 1736 sepulcro
3022 1663 3171 1734 loqui
3197 1662 3492 1720 Arnobium
3515 1705 3529 1729 ,
3567 1662 3700 1720 exiis

2146 1757 2309 1827 plane
2334 1756 2736 1815 demonstratur
2757 1801 2771 1824 ,
2802 1772 2922 1830 quze
2943 1758 3069 1813 alibi
3091 1756 3468 1814 annotavimus
3490 1756 3510 1835 (
3531 1755 3698 1823 Stral.,

2068 1835 2233 1906 Blib.
2280 1867 2428 1917 xvn,
2478 1868 2598 1924 pag.
2639 1851 2785 1920 807;
2835 1848 3056 1908 Dissert.
3107 1850 3161 1906 in
3206 1848 3448 1917 Μίκκα,
3487 1865 3591 1921 cap.
3628 1847 3698 1919 il,

2142 1954 2243 1998 art.
2278 1946 2311 1999 4
2342 1944 2383 2014 ).

2217 2034 2472 2091 Secundo
2493 2033 2762 2091 Arnobius
2781 2045 3013 2107 quatuor
3034 2042 3342 2104 auctorum,
3365 2033 3563 2090 scilicet
3580 2031 3699 2089 Satn-

2141 2128 2364 2193 moniei,
2397 2128 2606 2195 Granil,
2630 2126 2931 2195 Valeriani,
2955 2138 3012 2185 et
3036 2124 3190 2183 Fabii
3222 2126 3528 2185 testimonio
3548 2125 3703 2199 probat

2142 2218 2390 2290 Capitolii
2437 2238 2633 2277 nomen
2678 2220 2981 2277 derivatum
3015 2220 3181 2277 fuisse
3209 2221 3280 2277 ab
3318 2219 3513 2277 εποδεο
3551 2228 3600 2276 et
3631 2217 3699 2272 in-

2142 2327 2306 2372 vento
2335 2317 2384 2370 in
2415 2314 2557 2370 illius
2596 2313 2964 2371 fundamentis
2992 2315 3167 2385 capite
3197 2313 3319 2371 Toli
3339 2358 3355 2382 ,
3386 2328 3538 2387 quem
3564 2328 3593 2369 a
3613 2310 3700 2366 fra-

2146 2410 2239 2465 tris
2265 2408 2348 2464 sui
2369 2410 2542 2464 servis
2568 2408 2807 2464 occisum
2831 2451 2846 2476 ,
2871 2406 3023 2464 cives
3056 2406 3394 2462 inhumatum
3409 2405 3700 2476 reliquerunt

2146 2501 2384 2572 (Arnob.
2412 2543 2426 2567 ,
2460 2499 2557 2555 loc.
2588 2500 2675 2555 tit.
2706 2546 2721 2569 ,
2769 2518 2888 2573 pag.
2934 2499 3039 2557 194
3156 2498 3410 2555 Pluribus
3449 2512 3571 2555 vero
3606 2495 3701 2552 aliis

2145 2594 2372 2652 testibus
2424 2595 2476 2650 id
2527 2595 2683 2650 facile
2725 2602 2905 2665 potest
2952 2592 3290 2649 confirmari.
3344 2590 3540 2648 Scribit
3582 2587 3701 2646 enim

2146 2689 2358 2745 Varro:
2397 2706 2417 2741 ι
2454 2688 2779 2759 Capitolium
2826 2686 3028 2744 dictum
3051 2731 3066 2755 ,
3108 2685 3257 2759 quod
3287 2686 3377 2742 hic
3405 2701 3522 2743 cum
3549 2681 3701 2739 funda-

2146 2792 2328 2839 menta
2362 2780 2678 2838 foderentur
2704 2782 2837 2838 aedis
2864 2781 3015 2838 lovis
3049 2792 3212 2852 caput
3238 2782 3529 2837 humanum
3549 2778 3701 2835 inven-

2146 2887 2258 2933 tum
2286 2876 2504 2933 dicitur.
2542 2893 2561 2928 ι
2601 2874 2784 2931 Livius
2823 2889 2953 2931 vero
2982 2891 3002 2931 :
3035 2893 3054 2927 ι
3084 2872 3185 2930 Hic
3219 2873 3539 2946 Capitolium
3569 2881 3696 2937 est.)

2147 2973 2338 3044 inquit,
2366 2990 2387 3025 ‹
2420 2972 2509 3029 ubi
2541 2973 2812 3043 quondam
2839 2971 3014 3042 capite
3046 2969 3287 3027 humano
3325 2971 3570 3035 invento,
3607 2980 3702 3022 res-

2145 3078 2380 3136 ponsum
2406 3073 2492 3119 est
2514 3105 2528 3129 ,
2559 3078 2624 3119 eo
2656 3062 2779 3119 loco
2807 3070 2969 3133 caput
3000 3077 3182 3117 rerum
3205 3102 3222 3129 ,
3248 3072 3608 3132 summamque
3624 3055 3703 3112 im-

2146 3155 2281 3231 perii
2322 3155 2458 3212 fore.
2493 3174 2513 3208 ι
2546 3153 2747 3211 Verum
2776 3154 2893 3211 haec
2933 3152 3107 3210 fusius
3139 3167 3172 3209 a
3210 3152 3470 3228 Dionysio
3504 3150 3705 3207 Halicar-

2148 3265 2343 3307 nasseo
2403 3257 2461 3305 et
2496 3246 2670 3305 Plinio
2708 3256 3019 3314 narrantur,
3051 3260 3190 3319 quos
3225 3246 3380 3303 adire
3417 3242 3620 3303 cuilibet
3641 3241 3703 3297 fa-

2143 3343 2247 3399 cile
2270 3348 2327 3397 et
2363 3352 2671 3415 promptum
2711 3352 2816 3399 est.
2861 3343 2978 3417 Qua
3012 3358 3144 3414 ergo
3174 3341 3389 3398 ratione
3425 3337 3703 3396 Theodorus

2144 3435 2407 3492 Cantems
2446 3436 2646 3508 aliique
2687 3435 2938 3493 nonnulli
2980 3444 3232 3492 as3ercre
3277 3438 3590 3507 potuerunt,
3623 3428 3702 3484 ho-

2145 3542 2264 3582 rum
2306 3526 2397 3599 qui
2427 3527 2773 3595 meminerit,
2825 3538 3023 3599 prater
3052 3526 3356 3583 Arnobiunt
3383 3522 3597 3582 inveniri
3626 3535 3706 3576 nc-

2142 3622 2388 3679 minem?
2410 3621 2507 3679 Cui
2537 3634 2697 3692 porro
2722 3621 2916 3678 honori
2939 3620 3038 3677 fuit
3064 3621 3185 3678 Jovi
3212 3620 3471 3694 templum
3499 3617 3703 3675 omnium

2142 3715 2444 3770 maximum
2475 3712 2673 3770 habere
2705 3728 2815 3769 non
2844 3723 2951 3769 tam
2984 3725 3115 3781 suo,
3144 3724 3309 3784 quam
3340 3708 3565 3769 hominis
3587 3720 3703 3762 mor-

2144 3808 2221 3863 tui
2278 3808 2497 3862 nomine
2562 3804 2883 3861 :edilieatum
2949 3813 3005 3860 et
3049 3804 3463 3878 nuncupatum?
3500 3810 3521 3876 (
3557 3800 3701 3863 Varro

2143 3900 2231 3955 lib.
2258 3914 2312 3955 1v
2341 3900 2404 3954 de
2436 3898 2584 3971 Ling.
2623 3900 2741 3967 lat.,
2779 3916 2899 3971 pag.
2931 3899 3036 3965 10;
3078 3894 3215 3966 Liv.,
3247 3899 3338 3954 lib.
3386 3914 3442 3965 v,
3480 3895 3583 3952 sub.
3606 3894 3703 3959 βλ,

2142 4011 2259 4065 cap.
2291 3995 2401 4060 ὄις
2451 3992 2672 4066 Diongs.
2706 3988 2881 4047 Halic.
2904 4033 2919 4060 ,
2954 3990 3043 4046 lib.
3071 4008 3145 4062 1v,
3186 4008 3309 4065 pag.
3341 3988 3447 4048 257
3473 3998 3517 4045 et
3545 3998 3702 4058 εει]σοὶ

2143 4084 2290 4141 Plin.
2318 4127 2333 4153 ,
2365 4085 2454 4140 lib.
2497 4100 2664 4140 xxvm
2722 4082 2915 4138 Natar.
2954 4081 3089 4138 Hist.
3118 4126 3133 4149 ,
3183 4100 3303 4155 cap.
3334 4081 3372 4137 Ξ
3397 4125 3413 4153 ,
3452 4094 3564 4155 pag.
3588 4074 3700 4141 558;

2143 4176 2320 4241 Canl.,
2355 4177 2442 4231 lib.
2475 4193 2491 4231 ι
2529 4174 2650 4231 Var.
2681 4177 2829 4243 lect.,
2861 4191 2979 4245 cap.
3011 4175 3073 4230 11
3110 4172 3157 4245 .)

2218 4271 2456 4342 Denique
2511 4270 2644 4341 petit
2686 4268 2959 4326 Arnobius
2985 4309 3000 4334 ,
3054 4287 3072 4320 ι
3107 4266 3435 4341 Poiyandria
3480 4257 3703 4322 Varronis

2140 4364 2336 4435 quibus
2386 4364 2439 4418 in
2495 4362 2711 4433 templis
2758 4362 3153 4435 contegantur?
3193 4382 3213 4416 ι
3249 4360 3516 4438 (Arnob.,
3562 4355 3701 4417 ibid.

2142 4472 2261 4527 pag.
2297 4455 2419 4511 194.
2454 4456 2472 4527 )
2514 4454 2903 4525 Poiyandrium
2946 4465 3124 4511 autem
3146 4496 3162 4523 ,
3192 4456 3269 4509 uti
3305 4470 3373 4511 ex
3411 4450 3572 4510 sacris
3602 4459 3704 4519 pro-

2142 4550 2388 4620 fanisque
2461 4548 2818 4620 scriptoribus
2885 4549 3086 4621 liquet,
3133 4548 3286 4607 locus
3333 4558 3479 4616 erat,
3529 4547 3579 4602 in
3617 4553 3701 4614 quo

2145 4642 2295 4715 plura
2326 4642 2603 4697 hominum
2631 4656 2862 4713 corpora
2884 4642 3305 4714 sepeliebantur.
3334 4642 3534 4700 Sensus
3552 4640 3701 4705 itaque

2146 4736 2366 4794 Arnobii
2411 4743 2494 4791 est
2544 4735 2739 4806 templa
2797 4735 3020 4792 deorum
3070 4749 3192 4791 esse
3248 4732 3549 4792 communia
3590 4721 3702 4784 eum'

2146 4829 2373 4885 mortuis
2412 4827 2749 4899 sepultisque
2785 4827 3128 4892 hominibus,
3172 4842 3310 4898 quos
3350 4823 3602 4883 tamenin
3631 4831 3700 4874 eo-

2148 4923 2396 4980 rumdem
2449 4922 2676 4979 deorum
2714 4921 2867 4977 fastis
2907 4922 3184 4978 ascribere
3215 4922 3333 4977 ausi
3362 4935 3468 4977 non
3498 4917 3696 4975 merant.

2145 5017 2203 5072 In
2250 5015 2514 5087 superiori
2562 5028 2727 5085 porro
2776 5012 3160 5069 dissertatione
3204 5013 3534 5069 ostendimus
3572 5005 3699 5077 plura

2146 5108 2313 5164 fuisse
2350 5108 2547 5178 templa
2569 5150 2585 5176 ,
2630 5107 2684 5162 in
2715 5106 2908 5178 quibus
2949 5104 3151 5161 ethnici
3182 5105 3314 5162 deos
3341 5116 3468 5161 suos
3493 5098 3698 5172 sepultos

2144 5214 2266 5256 esse
2299 5200 2475 5270 palam
2506 5197 2873 5270 praedicabant
2898 5196 2918 5269 (
2942 5194 3215 5253 Dissertat.
3252 5197 3309 5251 in
3347 5195 3572 5258 Ilium,
3599 5199 3697 5254 σιρο

2146 5295 2214 5350 15
2236 5335 2251 5362 ,
2276 5302 2378 5349 art.
2406 5293 2443 5348 9
2469 5294 2514 5366 ).
2559 5292 2689 5362 Quis
2717 5306 2847 5364 ergo
2877 5290 3098 5362 indigne
3131 5305 3256 5346 eum
3283 5287 3520 5346 Arnobio
3542 5287 3698 5338 nostro

2146 5402 2251 5442 non
2281 5385 2420 5441 ferat
2449 5383 2644 5441 talibus
2670 5383 2776 5439 diis
2801 5383 3000 5455 templa
3022 5426 3038 5453 ,
3071 5382 3331 5456 aciesque
3353 5389 3532 5437 sacras
3554 5367 3698 5430 adiﬁ-

2147 5481 2256 5536 eari
2310 5488 2365 5535 et
2414 5477 2723 5536 consecrari
2745 5519 2761 5547 ,
2794 5484 2915 5548 quae
2935 5477 3038 5533 soli
3076 5474 3188 5534 Deo
3210 5474 3414 5533 viventi
3444 5479 3498 5528 et
3521 5472 3697 5526 aeterno

2146 5574 2449 5631 debentur?

2068 3222 2119 3290 Ω
