3878 6312
457 259 562 315 ﬁlii

1720 214 2172 286 DlSSERTATlO
2209 215 2486 277 PRIEVIA

3600 212 3683 267 (iiii

457 371 509 425 in
552 367 654 422 Vit.
698 361 936 432 Vespas.,
974 369 1094 425 cap.
1136 352 1206 417 9,
1255 364 1375 420 pag.
1420 345 1555 411 7'59;
1617 343 1795 412 Plin.,
1841 343 1930 397 lib.
1977 354 2051 393 xu

2192 338 2243 392 αἱ
2280 341 2375 409 νεῲ
2413 334 2708 407 Θαυμάσιοι,
2750 331 2838 387 καὶ
2883 324 3066 390 σκηναί
3112 327 3257 403 πέριξ
3293 323 3588 403 ὑπερήφανοι,
3617 333 3684 383 καὶ

466 466 602 521 llisl.
626 471 819 524 natur.,
846 471 960 523 cap.
999 450 1085 516 l9,
1117 465 1237 520 pag.
1269 444 1356 511 36,
1387 455 1434 498 et
1465 443 1551 496 lib.
1577 455 1766 504 xxxvr,
1795 453 1912 504 cap.
1941 433 2004 488 l5
2037 474 2050 496 ,

462 575 582 630 pag.
610 553 735 618 509,
769 560 814 604 et
841 546 992 610 alibi;
1020 542 1249 613 Xipltil.,
1276 539 1452 610 episl.,
1486 553 1604 608 pug.
1629 534 1726 587 ﬂii
1749 548 1766 592 ;
1795 526 2010 597 Joseplt.
2036 566 2051 590 ,

462 621 552 703 libi
584 663 655 701 vn
693 644 756 698 de
795 639 941 695 Bello
959 636 1080 709 jud.
1109 677 1124 703 ,
1157 650 1275 704 cap.
1305 632 1376 688 ‘24
1400 672 1416 698 ,
1450 647 1570 700 pag.
1616 624 1763 690 979;
1796 621 2051 682 Pansam,

461 741 548 794 lib.
582 754 656 803 vr,
679 750 800 807 pag.
831 732 933 788 179
961 729 1004 802 ).

413 851 418 858 '
535 802 818 900 Equitaiis
844 824 1058 880 tandem
1081 822 1301 878 nomine
1324 814 1597 874 Arnobius
1615 810 1881 883 justitiam
1906 802 2055 860 haud

462 899 628 986 dubie
668 924 950 994 intelligit,
997 920 1065 976 de
1089 933 1192 990 qua
1220 914 1442 972 Ovidius
1479 907 1692 964 videtur
1723 907 1838 960 haec
1870 899 2057 958 condi-

463 1026 608 1081 disse
632 1020 874 1077 carmina
906 1035 920 1070 ε

556 1113 786 1174 Principe
811 1123 911 1174 nec,
925 1115 1092 1158 nostro
1111 1105 1237 1155 deus
1253 1107 1340 1174 est
1357 1097 1654 1148 moderatior
1678 1091 1806 1142 ullus
1831 1103 1843 1137 :

647 1163 843 1226 Justitia
871 1173 1004 1222 vires
1023 1171 1270 1230 temperat
1293 1163 1377 1212 ille
1394 1173 1525 1211 suas.

557 1217 854 1302 Nuﬁér'éi‘ﬂi
874 1217 1065 1302 liaesar,
1083 1217 1208 1302 facto
1225 1229 1289 1277 de
1316 1235 1560 1302 marmor'e
1584 1217 1787 1280 templo,

651 1285 765 1351 iam,
783 1298 972 1363 pridem
996 1285 1158 1358 posuit
1179 1290 1359 1340 mentis
1380 1290 1429 1336 in
1454 1285 1559 1334 aede
1583 1295 1706 1332 sum.

631 1360 818 1448 (Ovidi,
837 1381 920 1434 lib.
944 1396 1014 1441 ιιι,
1039 1391 1101 1430 ex
1118 1379 1285 1434 Pont.,
1309 1371 1450 1437 epist.
1476 1371 1524 1430 6,
1553 1379 1677 1418 vers.
1702 1365 1766 1413 23
1781 1369 1828 1413 et
1843 1360 1995 1425 seqq.)

466 1497 694 1568 Quidam
728 1503 907 1550 tamen
937 1494 1165 1546 censent
1197 1481 1330 1538 nihil
1361 1479 1430 1535 de
1459 1494 1525 1534 eo
1547 1472 1752 1544 templo
1780 1469 1921 1541 apud
1950 1466 2065 1522 ido-

469 1607 601 1648 ncos
631 1597 882 1644 auctores
925 1578 1196 1645 inveniri,
1240 1585 1403 1646 atque
1449 1569 1651 1626 idcirco
1686 1574 1898 1636 poetam
1932 1560 2066 1614 allu-

468 1688 608 1742 sisse
643 1683 710 1738 ad
749 1679 934 1736 Martis
981 1673 1170 1730 ultoris
1211 1669 1382 1724 tndem
1409 1707 1426 1733 ,
1473 1657 1907 1735 quandoquidem
1947 1655 2066 1708 vin-

469 1733 892 1846 dicta,_deﬂ—qua
921 1772 1154 1840 loquitur
1200 1763 1458 1826 Ovidius,
1492 1733 1640 1828 ipars
1688 1753 1934 1826 quaedam
1981 1758 2065 1804 est
2094 1733 2142 1792 Β

465 1842 708 1944 justitiaa.
762 1842 961 1922 verum
1007 1857 1263 1930 numquid
1307 1853 1579 1910 Arnobius
1625 1863 1732 1903 non
1773 1846 1904 1918 satis
1946 1842 2076 1897 ide--

473 1937 606 2024 neus
633 1964 785 2020 testis
813 1957 1112 2024 habendus,
1146 1953 1236 2024 qui
1265 1967 1362 2006 suo
1391 1949 1570 2002 adhuc
1599 1956 1843 2012 tempore
1869 1937 2065 2008 Aliqui-

472 2072 624 2116 tazem
648 2101 665 2127 ,
715 2059 854 2112 sicut
895 2052 1163 2108 Victoriam
1204 2058 1250 2102 et
1295 2044 1483 2098 Pacem
1523 2038 1724 2109 templo
1748 2052 1780 2090 a
1811 2032 2069 2090 Romanis

473 2155 790 2209 honoratam
823 2145 1099 2201 afﬁrmat?
1125 2143 1294 2196 Porro
1319 2146 1496 2191 autem
1521 2131 1800 2190 Juvenalis
1830 2129 2064 2198 plurium

473 2247 696 2301 deorum
724 2283 740 2309 ,
785 2241 854 2295 ab
899 2241 1133 2292 Auctore
1173 2240 1360 2287 nostro
1398 2227 1715 2283 nominatim
1757 2220 2061 2291 appellato-

472 2357 616 2406 rum,
647 2336 842 2406 templa
868 2334 952 2388 his
982 2330 1194 2387 duobus
1221 2325 1466 2381 versibus
1493 2316 1905 2390 comprehendit
1939 2333 1953 2372 :

569 2451 637 2501 Ut
653 2450 827 2500 colitur
848 2447 950 2496 Pax
975 2453 1122 2507 atque
1147 2439 1313 2507 Fides,
1348 2437 1580 2507 Victoria,
1598 2434 1789 2507 Xirtus,

570 2497 791 2576 Quaeque
813 2509 1022 2560 salutato
1045 2497 1254 2566 crepitat
1273 2500 1540 2552 Concordia
1563 2497 1693 2547 nido.

852 2589 1129 2658 (Juvenal..
1154 2585 1290 2640 satir.
1319 2587 1366 2646 1,
1392 2597 1518 2635 vers.
1546 2583 1635 2632 lll
1659 2587 1705 2632 et
1727 2578 1885 2643 seqq.)

477 2709 586 2765 Nos
614 2720 743 2763 vero
771 2701 838 2759 de
870 2701 935 2756 iis
962 2695 1161 2768 aliquid
1187 2693 1314 2750 alibi
1359 2692 1632 2762 attigimus
1677 2689 1697 2758 (
1723 2695 1846 2740 tom.
1901 2699 1919 2737 ι
1967 2680 2073 2751 Ap-

480 2808 675 2873 parat.,
706 2812 826 2868 pag.
857 2791 962 2848 766
992 2791 1032 2862 ).

551 2893 680 2949 Jure
720 2890 881 2961 igitur
911 2883 1106 2940 merito
1133 2876 1407 2936 Arnobius
1442 2871 1811 2944 stupiditatem
1840 2870 2078 2938 exagitat

479 2986 802 3058 gentilium,
857 2979 948 3051 qui
1000 2970 1386 3031 commentitiis
1443 2964 1708 3036 ejusmodi
1767 2961 2079 3016 numinibus

483 3055 681 3147 iempla
727 3073 1146 3129 aediﬁcaverant.
1174 3064 1284 3121 Sed
1324 3061 1577 3134 praevium
1619 3057 1762 3112 haud
1789 3055 1954 3109 dubie
1983 3069 2075 3107 se-

482 3181 638 3227 cutus
684 3177 769 3224 est
806 3151 1154 3224 Ciceronem,
1187 3159 1278 3230 qui
1336 3157 1449 3210 haec
1496 3151 1865 3208 confutatione
1931 3147 2076 3202 nulla

483 3263 724 3333 indigere
767 3260 847 3313 his
895 3255 1136 3312 declarat
1173 3251 1353 3308 verbis
1385 3265 1400 3302 :
1450 3265 1469 3298 ι
1502 3245 1639 3300 Num
1681 3243 1844 3313 igitur
1883 3253 2078 3296 censes

483 3353 750 3416 subtiliori
780 3352 989 3408 ratione
1015 3365 1150 3420 opus
1178 3360 1299 3403 esse
1328 3341 1394 3396 ad
1423 3341 1538 3396 haec
1569 3334 1906 3394 refellenda?
1945 3333 2079 3387 Nam

485 3461 722 3509 mentem
749 3490 764 3514 ,
800 3445 960 3502 ﬁdem
984 3485 1001 3509 ,
1029 3457 1179 3514 spem
1200 3482 1214 3505 ,
1252 3438 1500 3493 virtutem
1525 3476 1541 3501 ,
1570 3432 1834 3488 honorem
1861 3469 1874 3492 .
1906 3429 2080 3482 victo-

485 3548 645 3612 riam,
675 3542 928 3604 salutem,
955 3533 1325 3599 concordiam,
1344 3539 1649 3597 caeteraque
1675 3521 1965 3594 ejusmodi,
1997 3535 2082 3575 re-

485 3655 604 3696 rum
635 3638 740 3692 vim
771 3635 973 3690 habere
1002 3630 1244 3686 videmus
1266 3667 1281 3691 ,
1306 3640 1414 3679 non
1442 3623 1692 3678 deorum.
1719 3618 1827 3672 Aut
1851 3619 1996 3672 enim
2029 3617 2081 3670 in

486 3732 757 3788 nobismet.
784 3728 967 3782 insunt
993 3723 1143 3794 ipsis.
1173 3728 1234 3774 ut
1258 3731 1432 3784 mens,
1467 3723 1525 3769 ut
1553 3713 1707 3778 ﬁdes,
1734 3721 1792 3766 ut
1823 3725 1947 3781 spes
1973 3751 1989 3776 ,
2027 3718 2085 3763 ut

485 3823 657 3879 virtus
682 3861 697 3887 ,
739 3829 801 3875 ut
838 3813 1133 3874 concordia
1165 3829 1178 3864 :
1211 3818 1305 3867 aut
1331 3806 1581 3880 optanda:
1622 3805 1780 3860 nobis
1817 3815 1940 3859 sunt
1967 3843 1982 3869 ,
2026 3809 2086 3856 ut

488 3917 682 3982 honos,
711 3923 771 3970 ut
795 3913 940 3967 salus
964 3952 981 3978 ,
1008 3918 1069 3964 ut
1097 3905 1344 3962 victoria.
1373 3903 1608 3972 Quarum
1639 3914 1820 3954 rerum
1854 3897 2086 3952 utilitate

487 4008 652 4066 video
681 4007 842 4063 etiam
881 4009 1198 4059 consecrata
1237 3995 1548 4051 simulacra.
1595 3992 1773 4059 Quare
1810 3999 1988 4044 autem
2031 3986 2085 4041 in

487 4104 574 4161 his
594 4104 674 4158 vis
713 4102 938 4158 deorum
973 4095 1135 4161 insit,
1180 4104 1305 4148 tunc
1344 4089 1644 4158 intelligam
1673 4129 1687 4154 ,
1721 4102 1846 4141 cum
1888 4098 2088 4154 cogno-

488 4211 640 4254 vero.
679 4213 698 4247 ι
728 4193 748 4267 (
776 4191 910 4260 Cic.,
934 4190 1022 4244 lib.
1081 4203 1137 4242 ιιι
1161 4186 1225 4242 de
1253 4185 1381 4239 Nat.
1408 4183 1576 4247 deor.,
1601 4198 1655 4252 p.
1679 4179 1806 4246 248,
1836 4180 1930 4233 lin.
1961 4173 2084 4245 bl.)

561 4292 660 4344 Ast
686 4287 730 4342 si
776 4285 894 4340 haec
936 4280 1172 4355 gentium
1215 4278 1460 4346 impietas
1503 4273 1720 4329 ethnieo
1764 4269 1965 4326 oratori
2008 4269 2091 4323 in-

491 4383 653 4454 digna
680 4380 795 4434 visa
821 4379 914 4440 sit,
941 4390 1063 4448 quae
1094 4371 1394 4435 refellatur,
1423 4377 1625 4438 quanto
1649 4365 1816 4434 magis
1845 4361 2092 4418 confuta-

493 4475 639 4531 tione
662 4472 768 4530 erit
796 4470 1012 4541 indigna
1039 4467 1199 4536 longe
1224 4462 1397 4534 major
1426 4460 1657 4515 amentia
1688 4455 2086 4528 Egyptiorum,

493 4568 606 4640 qui,
638 4574 697 4620 ut
723 4564 798 4618 ait
828 4562 1130 4626 Arnobius,
1163 4557 1388 4623 felibus,
1433 4553 1740 4617 scarabteis,
1772 4561 1824 4605 et
1857 4549 2088 4614 buculis,

494 4661 608 4715 sive
639 4653 868 4711 novellis
914 4652 1087 4708 bobus
1119 4649 1316 4720 templa
1349 4645 1668 4702 sublimibus
1696 4644 1838 4698 elata
1867 4641 2092 4713 fastigiis

495 4757 877 4810 exstruxerunt
925 4744 1168 4820 (Arnob.,
1199 4745 1288 4798 lib.
1321 4760 1374 4808 ι,
1421 4757 1542 4812 pag.
1575 4738 1688 4806 15).
1733 4735 2093 4803 Quamobrem

494 4849 754 4920 Origenes
797 4845 919 4914 jure
961 4841 1154 4897 merito
1189 4835 1649 4893 dementissimam
1678 4832 1906 4903 castigat
1953 4828 2096 4886 Celsi

496 4941 878 5000 temeritatem.
899 4934 988 5005 qui
1016 4931 1311 4996 uulmtiant,
1334 4927 1527 4997 inquit,
1544 4928 1778 4997 conferre
1799 4932 1998 4988 nostras
2017 4937 2098 4977 res

495 5052 609 5090 cum
637 5031 784 5088 rebus
814 5026 1219 5100 Egyptiarum,
1261 5022 1329 5075 ad
1358 5037 1483 5090 quos
1517 5018 1735 5073 venienti
1778 5016 1997 5085 offerunt
2043 5031 2098 5070 se

495 5121 768 5197 splendida
799 5126 924 5194 fana
949 5136 1066 5198 cum
1089 5117 1246 5183 lucis,
1274 5123 1322 5168 et
1348 5112 1538 5181 templa
1560 5128 1676 5166 cum
1705 5109 1962 5165 vestibulis
2014 5117 2094 5161 at-

499 5235 594 5290 que
635 5213 944 5288 porticibus,
994 5209 1182 5266 eximia
1228 5205 1579 5279 magnitudine
1623 5203 2101 5275 pulchritudiueque

499 5309 779 5374 mirandis,
809 5303 1221 5373 cwremoniazque
1250 5299 1532 5353 admodum
1558 5298 1839 5370 religiosa,
1871 5313 1931 5350 ac
1958 5313 2098 5366 mys-

503 5407 615 5460 tica:
644 5420 663 5459 :
707 5405 1046 5472 introgressus
1090 5404 1262 5451 autem
1303 5392 1489 5448 videbit
1533 5391 1740 5446 adorari
1785 5391 1934 5460 [clem
1959 5431 1974 5455 ,
2015 5396 2103 5441 aut

504 5495 746 5560 simiam,
795 5503 883 5547 aut
927 5486 1281 5554 crocodilum,
1327 5493 1416 5539 aut
1459 5483 1692 5550 hircum,
1747 5493 1833 5536 aut
1879 5498 2054 5537 canent
2081 5496 2101 5535 .'

507 5590 848 5670 Ιιαραϐἁλλειν
891 5587 946 5644 δὲ
984 5588 1052 5642 τὰ
1103 5593 1193 5646 τῆς
1228 5584 1453 5642 πίστεως
1494 5582 1634 5652 ἡμῶν
1686 5586 1792 5638 τοῖς
1819 5579 2106 5651 Αἰγυπτίων

506 5685 629 5739 ϐέλει
667 5684 962 5755 πράγμασι.
994 5679 1118 5756 παρ’
1158 5673 1231 5739 οἷς
1273 5674 1539 5753 προσιόντι
1591 5674 1681 5746 μέν
1732 5674 1844 5730 ἐστι
1891 5672 2109 5747 λαμπρά

2154 431 2420 504 θρησκεῐαι
2448 425 2816 499 δεισιδαίμονες
2840 464 2855 489 ,
2895 426 2982 479 καὶ
3032 416 3445 496 μυστηριώτιδες.
3495 417 3577 478 ἤδη
3619 424 3689 474 καὶ

2156 526 2378 584 eicient.
2427 524 2514 576 καί
2541 517 2784 592 ἐνδοτέρῳ
2809 517 3057 592 γενομένῳ
3080 517 3336 588 θεωρεῖται
3357 514 3688 586 προσκυνούμε-

2155 637 2239 676 νος
2267 614 2524 676 αἴλουρος.
2551 612 2580 671 ἦ
2606 614 2834 676 πίθηκος,
2864 605 3238 684 ἦπροκόδειλος,
3262 604 3291 662 ἦ
3315 605 3507 676 τράγος,
3530 602 3557 660 ἦ
3587 604 3691 655 κύων

2155 705 2418 779 (0rigen.,
2450 706 2538 761 lib.
2571 721 2653 770 ιιι,
2687 714 2853 759 contr.
2885 699 3046 765 Cels.,
3072 716 3190 771 pag.
3220 696 3321 751 l20
3351 707 3394 750 et
3421 694 3584 764 seqq).
3608 691 3692 748 Sed

2157 798 2226 854 de
2276 800 2356 854 his
2387 814 2485 853 nos
2523 799 2576 852 in
2624 796 2892 868 superiori
2933 797 3238 865 Apparatus
3280 789 3441 844 nostri
3465 798 3618 852 temo,
3655 795 3697 840 et

2160 892 2283 946 alibi
2313 891 2705 961 disputavimus
2736 889 2887 960 (lout.
2939 903 2954 940 ι
3014 885 3270 955 Apparet.
3290 922 3302 945 ,
3338 898 3452 951 pag.
3475 877 3694 941 496-767,

2160 995 2206 1040 et
2236 984 2454 1040 Dissert.
2486 1000 2659 1054 super.
2691 984 2742 1035 in
2774 980 2998 1043 Μίνωα,
3026 995 3141 1048 cap.
3173 975 3263 1038 12,
3293 983 3390 1027 art.
3417 972 3490 1041 ἓ).

2233 1078 2672 1132 Examinavimus
2699 1074 2861 1129 etiam
2888 1070 3033 1126 aliud
3065 1067 3287 1126 Arnobii
3323 1075 3498 1120 contra
3521 1061 3699 1117 deorum

2163 1171 2360 1240 templa
2400 1177 2773 1240 argumentum
2804 1207 2818 1230 ,
2869 1163 3010 1235 quod
3049 1178 3116 1218 ex
3152 1160 3362 1216 illorum
3393 1156 3645 1212 eversione
3662 1163 3702 1210 et

2163 1265 2319 1320 ruina
2347 1262 2681 1331 deprompsit
2709 1257 2928 1331 (lbid.).
2979 1258 3036 1312 Si
3079 1254 3207 1327 quid
3255 1264 3426 1308 tamen
3455 1252 3502 1304 in
3525 1264 3584 1303 eo
3607 1243 3702 1301 novi

2168 1369 2439 1424 occurrat,
2469 1356 2524 1411 in
2551 1357 2793 1426 sequenti
2825 1353 2998 1423 capite
3019 1394 3034 1419 ,
3073 1349 3162 1405 ubi
3192 1349 3260 1404 de
3289 1347 3500 1403 deorum
3525 1341 3704 1398 simula-

2167 1452 2295 1518 cris,
2326 1451 2519 1521 quibus
2548 1446 2679 1502 illud
2709 1443 3011 1516 conjunxit,
3041 1457 3194 1500 more
3222 1449 3404 1496 nostro
3431 1435 3706 1508 expendetur

2166 1553 2221 1600 et
2246 1542 2619 1598 illustrabitur.

2753 1654 2984 1712 CAPUT
3024 1652 3188 1709 XXII.

2438 1774 2515 1829 De
2545 1772 2771 1829 Deorum
2797 1770 3089 1827 simulacris
3117 1779 3163 1824 el
3192 1765 3510 1838 intaginibus.

2700 1903 3004 1943 ABTICULUS
3043 1897 3255 1940 PRIMUS.

2170 2003 2622 2078 Quibusrationum
2656 2000 2915 2073 momentis
2935 1998 3182 2048 Arnobius
3215 1995 3516 2078 demonstret
3548 1990 3715 2078 deqrom

2714 2072 2747 2078 γ.
2785 2077 2788 2078 ,
2824 2077 2841 2078 η
2874 2064 3026 2078 ηιΑκᾉ-
3068 2059 3212 2078 ἔγημε-
3259 2073 3279 2078 Α
3353 2065 3392 2078 η.
3421 2055 3547 2078 ...εΑεο
3570 2053 3645 2078 ιιΛὲ
3681 2058 3715 2078 nl

2232 2066 2491 2138 imagines,
2515 2067 2672 2138 signa,
2703 2072 2757 2136 et
2777 2064 3033 2138 simulacra
3067 2059 3219 2138 impie
3258 2059 3319 2106 ab
3350 2055 3550 2129 ethnicis
3569 2052 3648 2138 geli
3680 2058 3717 2122 et

2232 2115 2425 2200 adoi-Iari
2451 2115 2601 2200 {quid
2629 2115 2960 2200 leonistacies
2977 2137 3114 2200 merp
3133 2115 3287 2170 oblita
3312 2119 3476 2176 minio,
3503 2130 3552 2166 ac
3568 2116 3623 2186 de
3644 2115 3718 2176 pri-

2239 2193 2331 2239 mis
2351 2179 2628 2240 simulacris
2651 2197 2703 2238 et
2723 2189 2834 2237 aliis
2853 2188 3061 2236 humana
3085 2185 3242 2248 ﬁgura
3275 2179 3635 2246 repraesentatis.

2247 2321 2330 2376 Ad
2360 2321 2586 2376 deorum
2621 2319 2882 2390 imagines
2907 2318 3056 2387 signa
3083 2358 3096 2381 ,
3149 2323 3357 2368 statuas
3385 2319 3438 2367 et
3464 2311 3718 2366 simulacra,

2177 2428 2318 2484 qum,
2336 2415 2412 2467 uti
2437 2413 2596 2483 paulo
2615 2421 2736 2482 post
2757 2407 3124 2464 ostendemus
3143 2405 3385 2476 (Arnob.,
3401 2404 3438 2457 ι.
3455 2417 3522 2464 vt,
3540 2418 3584 2470 p.
3602 2397 3720 2452 l9let

2176 2503 2365 2577 seqq),
2400 2506 2482 2561 vel
2513 2506 2772 2575 ipsosmet
2797 2503 2929 2556 deos
2953 2515 3082 2555 suos
3111 2513 3256 2566 esse,
3287 2497 3368 2551 vel
3397 2497 3449 2550 in
3473 2495 3551 2550 eis
3577 2490 3719 2545 saltem

2177 2599 2465 2667 habitare,
2529 2596 2727 2652 ethnici
2794 2593 3193 2649 arbitrabantur
3228 2633 3245 2657 ,
3309 2588 3453 2643 venit
3503 2580 3721 2640 Arnobius

2178 2693 2352 2767 (infr.,
2385 2701 2486 2746 art.
2519 2689 2576 2761 4)
2604 2733 2619 2756 ,
2653 2705 2716 2745 ac
2752 2689 2904 2743 vario
2934 2692 3380 2756 argumentorum
3421 2692 3602 2752 genere
3629 2687 3724 2728 con-

2179 2786 2346 2840 vincit
2367 2785 2476 2847 illa,
2501 2799 2620 2854 qum
2647 2781 2814 2837 multa
2836 2789 2952 2836 arte
2973 2779 3151 2835 el'lieta
3179 2785 3358 2836 erant.
3379 2772 3532 2843 impia
3555 2778 3724 2840 prorsus

2183 2887 2238 2934 et
2266 2877 2496 2934 absurda
2544 2876 2804 2945 religione
2842 2874 2945 2928 coli
2989 2882 3042 2927 et
3080 2871 3319 2927 adorari.
3369 2868 3587 2923 Primum
3621 2859 3724 2916 enim

2181 2975 2226 3028 si
2251 2987 2566 3043 persuasum
2601 2969 2814 3024 Ethnici
2849 2967 3165 3023 habuissent
3201 2965 3337 3021 deos
3366 2978 3490 3018 suos
3525 2959 3725 3017 existere,

2182 3075 2237 3122 et
2263 3067 2316 3120 in
2337 3064 2489 3121 caelis
2512 3063 2759 3118 habitare
2776 3105 2788 3125 ,
2819 3061 3135 3116 debuissent
3161 3059 3348 3130 utique
3373 3056 3439 3111 iis
3463 3053 3582 3126 ipsis
3607 3091 3620 3116 ,
3651 3061 3726 3101 non

2182 3174 2372 3214 eorum
2403 3157 2708 3212 simulacris
2751 3155 2892 3210 ferre
2923 3167 3112 3223 preces
3139 3167 3289 3208 suas.
3318 3151 3374 3205 Si
3409 3149 3525 3203 illos
3549 3145 3729 3200 existere

2183 3250 2536 3318 dubitabant,
2589 3247 2875 3304 ridiculum
2905 3246 3117 3301 eratrei
3163 3243 3345 3300 dubiae
3388 3243 3575 3313 ﬁngere
3607 3235 3729 3290 simu—

2185 3343 2412 3398 lacrum.

2255 3435 2439 3505 Neque
2479 3434 2662 3489 dicere
2692 3439 2942 3503 poterant
2971 3444 3192 3495 eorum,
3246 3440 3384 3500 quos
3432 3423 3571 3480 nullo
3613 3423 3730 3489 pacto

2185 3529 2368 3584 videre
2416 3530 2554 3599 potis
2595 3536 2713 3594 est,
2757 3526 3102 3597 praesentiam
3157 3522 3465 3579 simulacris
3505 3513 3730 3574 exhiberi,

2189 3632 2424 3693 tuncque
2453 3619 2644 3691 majori
2667 3621 2868 3692 pietate
2894 3617 3018 3684 coli,
3053 3617 3243 3686 eisque
3276 3613 3514 3671 ofﬁciosa
3540 3599 3732 3679 praeteri

2187 3719 2392 3772 munia.
2421 3715 2554 3770 Nam
2584 3715 2676 3783 qui
2709 3713 2826 3767 haec
2871 3711 3025 3777 dicit,
3059 3707 3336 3782 quomodo
3363 3715 3647 3761 asseverare
3667 3710 3734 3766 po-

2189 3821 2292 3868 test
2316 3810 2446 3865 deos
2495 3821 2683 3863 revera
2725 3806 2984 3868 existere,
3023 3822 3042 3855 ι
3073 3803 3183 3869 cui,
3222 3821 3242 3855 ι
3293 3801 3368 3855 uti
3398 3799 3471 3854 ait
3496 3789 3732 3851 Arnobius.

2197 3924 2215 3958 (
2235 3920 2371 3976 opus
2396 3909 2481 3959 est
2520 3900 2708 3956 videre
2735 3941 2750 3967 ,
2783 3897 2924 3969 quod
2971 3905 3187 3960 teneat,
3218 3909 3290 3950 ne
3336 3894 3492 3947 inane
3534 3887 3652 3942 forte
3673 3879 3734 3939 sit.

2189 3996 2332 4070 quod
2372 3996 2665 4051 obscurum
2713 3991 2928 4045 videtur
2980 4007 2999 4040 ι
3049 3987 3214 4059 (Ibid.
3239 4030 3254 4054 ,
3288 4002 3410 4057 pag.
3441 3978 3579 4053 195),
3599 3975 3643 4032 id
3664 3978 3735 4031 esl.

2192 4091 2461 4164 signiﬁcat
2507 4089 2562 4143 in
2608 4086 2834 4142 dubium
2865 4099 2921 4138 se
2945 4097 3142 4138 vocare
3169 4099 3238 4138 an
3272 4082 3345 4137 dii
3375 4079 3518 4144 sint,
3565 4077 3739 4144 quorum

2199 4188 2304 4242 nisi
2334 4185 2516 4240 videat
2543 4180 2851 4243 simulacra,
2883 4179 3117 4234 existere
3149 4193 3257 4232 non
3292 4173 3496 4231 credet.

2265 4281 2336 4336 At
2363 4281 2496 4335 deos
2522 4286 2763 4344 nostros,
2801 4271 3115 4344 inquiebant
3140 4269 3366 4336 ethnici,
3402 4281 3495 4337 per
3516 4256 3742 4318 simulam

2195 4371 2544 4428 honoramus.
2593 4369 2699 4426 Sed
2733 4380 3014 4439 perperam
3040 4404 3056 4430 ,
3103 4363 3264 4419 sicuti
3307 4351 3743 4430 reSpondetArno'

2197 4468 2339 4523 bius.
2384 4465 2534 4520 Nulla
2586 4464 2864 4520 enimvero
2907 4461 2952 4516 si
2983 4468 3167 4515 essent
3209 4457 3436 4513 deorum
3464 4447 3738 4506 simulacra,

2199 4576 2471 4630 nunquam
2519 4573 2614 4613 eos
2642 4558 2956 4612 coluissent.
3015 4551 3216 4609 Deinde
3260 4567 3392 4607 vero
3419 4591 3435 4611 .
3477 4541 3592 4617 quid
3619 4531 3743 4603 ωαιίε

2200 4654 2284 4708 his
2308 4652 2410 4707 diis
2442 4651 2762 4721 injuriosum
2803 4663 2963 4720 quam
2986 4646 3366 4716 eosmetipsos.
3411 4654 3540 4712 quos
3565 4632 3745 4689 existere

2201 4746 2407 4807 credis,
2443 4760 2547 4798 non
2577 4743 2844 4797 honorare
2863 4785 2876 4807 ,
2917 4740 3010 4796 sed
3050 4739 3230 4794 colere
3262 4745 3466 4791 tantum
3495 4744 3583 4801 per
3605 4716 3741 4780 omnis

2205 4856 2393 4898 Sensus
2421 4846 2720 4906 expertem,
2750 4834 2981 4905 aliquam
3009 4831 3264 4902 efﬁgiem,
3298 4839 3543 4898 tanquam
3572 4831 3652 4888 per
3675 4807 3747 4864 ali-

2201 4933 2344 5006 quod
2393 4905 2910 4987 ﬁdeicommissum?
2968 4925 3207 4994 Denique
3258 4921 3480 4977 omnino
3531 4908 3670 4967 futilis
3686 4905 3744 5006 fl

2205 5026 2481 5097 nugatoria
2513 5033 2631 5078 erat
2659 5021 2776 5076 lucc
2802 5017 3085 5089 responsio
3109 4991 3413 5088 gentilium,
3445 5008 3530 5080 qui
3551 5005 3634 5060 has
3656 4991 3748 5052 efﬁ'

2205 5119 2322 5190 gies
2351 5127 2406 5174 et
2435 5115 2696 5185 imagines
2725 5114 2858 5169 deos
2883 5127 3006 5168 esse
3032 5109 3351 5167 credebant.

2278 5210 2381 5266 Sed
2411 5211 2507 5264 hos
2534 5208 2845 5262 idololatras
2872 5203 3250 5261 vehementius
3280 5199 3478 5272 premit
3508 5185 3743 5272 Arnobius"

2210 5304 2492 5377 palamque
2541 5299 2668 5355 facit
2706 5299 2776 5355 ab
2822 5299 2886 5354 iis
2913 5297 3038 5352 sciri
3088 5312 3192 5351 non
3246 5266 3486 5365 potuisse
3535 5292 3684 5340 utrum
3709 5266 3747 5324 hi

2210 5398 2420 5454 illorum
2463 5394 2576 5460 dii,
2625 5407 2758 5463 quos
2808 5405 3084 5461 nunquam
3115 5386 3367 5443 viderant
3397 5426 3411 5445 ,
3453 5380 3577 5436 tales
3602 5375 3748 5428 revera

2208 5491 2427 5554 fuerint,
2461 5487 2649 5560 quales
2673 5488 2742 5542 ab
2766 5487 2846 5542 eis
2868 5483 3420 5555 reprmsentabantur.
3449 5471 3586 5543 Quod
3608 5468 3747 5520 amem

2177 5587 2182 5592 ’
2206 5583 2365 5639 alicui
2393 5554 2572 5638 simile
2601 5593 2711 5636 non
2736 5588 2820 5634 est
2839 5619 2853 5643 ,
2902 5554 3048 5632 illius
3097 5576 3283 5646 nequit
3320 5587 3441 5630 esse
3469 5564 3652 5634 effigies
3673 5595 3686 5620 ,
3709 5554 3750 5603 ει

2175 5705 2179 5710 -
2207 5674 2404 5747 imago.
2435 5673 2593 5744 Atqui
2635 5672 2833 5727 ethnici
2881 5671 3074 5738 solem,
3104 5679 3161 5725 ut
3189 5666 3491 5727 hominem;
3515 5661 3686 5714 lunam,
3708 5647 3749 5695 υι

511 5776 709 5849 τεμένη,
739 5776 823 5830 καὶ
850 5769 1001 5842 ἄλση,
1042 5774 1129 5827 καὶ
1154 5769 1486 5843 προπυλαίων
1510 5767 1689 5840 μεγέθη
1714 5786 1768 5820 τε
1787 5806 1801 5833 ,
1830 5766 2078 5832 καίκκάλλη

2210 5745 2491 5833 feminam;
2523 5776 2744 5834 ventos,
2779 5774 2838 5822 ut
2866 5763 3112 5823 homines
3139 5759 3400 5833 quosdam
3427 5798 3441 5818 ,
3473 5751 3636 5811 inflato
3679 5745 3748 5792 ονε
