3878 6312
197 331 278 390 N7

1407 328 1474 388 1N
1516 328 1890 401 sttuoetuu,
1926 330 2081 387 cur.
2112 330 2273 388 xxn.

3343 330 3445 390 bl8

193 445 434 510 buccinam
453 441 750 500 animantes
769 441 1116 500 exhibebant.
1141 441 1273 511 Quis
1297 451 1478 501 autem
1507 448 1604 501 bas
1630 418 1750 501 illo-
1776 452 1830 513 Α
1853 446 2060 509 erectis,
2108 462 2172 499 ne
2200 444 2343 499 tectis
2366 443 2596 499 videlicet
2637 452 2727 499 aut
2762 443 3026 516 penatibus
3057 443 3178 519 (dii)
3205 456 3444 513 careant,

192 553 291 594 rum
308 550 448 592 veras
485 549 606 591 esse
631 535 892 607 imagines
907 535 1090 592 dicere
1110 552 1363 609 umquam
1382 542 1668 597 aususest?

247 630 366 686 Tum
380 629 568 685 deinde
596 628 712 685 huic
725 629 998 686 Arnobius
1026 631 1285 687 continuo
1310 632 1539 703 adjecit;
1570 652 1588 686 ι
1614 633 1758 689 Inter

189 721 301 779 deos
342 720 576 776 videmus
612 729 825 776 vestros
879 721 1054 778 leonis
1096 722 1218 796 (ms.
1248 724 1366 779 cod.
1404 741 1513 798 reg.
1544 725 1753 797 leones)

186 816 486 871 lenissimum
526 816 731 887 faciem,
776 832 917 872 mero
947 816 1162 872 oblitam
1211 818 1369 874 minio
1394 861 1410 885 ,
1451 830 1497 874 et
1551 820 1758 875 nomine

184 910 391 983 frugiferi
450 910 589 980 (ms.
652 911 771 966 cod.
826 929 936 985 reg.
994 911 1314 985 frugiferio)
1382 914 1677 985 nuncupari
1727 930 1747 962 ι

182 1000 366 1072 (ibid.
408 1042 424 1068 ,
490 1018 630 1075 pag...
695 1002 801 1059 196
845 1002 887 1076 ).
972 1004 1165 1061 Mirum
1246 1014 1425 1062 autem
1496 1014 1755 1077 quantum

181 1095 410 1152 obscurus
456 1094 544 1152 hic
592 1096 743 1154 locus
782 1098 1118 1156 eruditorum
1166 1100 1379 1173 ingenia
1424 1102 1749 1164 exercuerit,

180 1189 372 1245 Latinus
435 1198 611 1247 autem
663 1191 906 1249 Latinius
973 1193 1173 1250 nodum
1232 1194 1455 1265 hujusce
1510 1194 1747 1251 dil'llcol-

182 1285 285 1340 tatis
342 1299 522 1340 secare
564 1285 785 1356 potius,
843 1302 1004 1358 quam
1052 1288 1266 1344 solvere
1329 1287 1574 1353 videtur,
1627 1303 1749 1344 cum

177 1376 274 1433 lucc
300 1379 453 1435 verba
480 1379 560 1436 sic
585 1381 783 1451 corrigi
813 1382 983 1438 voluit
1026 1400 1041 1438 :
1097 1401 1117 1435 ι
1145 1381 1292 1438 Inter
1331 1382 1465 1438 deos
1497 1380 1750 1438 videmus

178 1470 338 1527 lcones
366 1471 666 1529 torvissima
710 1472 882 1541 facie,
916 1489 1067 1531 mero
1091 1475 1256 1530 oblita
1286 1474 1485 1531 minio»
1518 1473 1745 1549 (Latin.,

176 1564 393 1624 Biblioth.
422 1585 559 1623 sacr.
591 1577 639 1623 et
658 1568 872 1641 ρνορΙι.,
901 1587 1023 1642 pag.
1051 1567 1166 1643 98).
1197 1570 1304 1627 Sed
1333 1586 1481 1627 mera
1506 1579 1589 1626 est
1611 1584 1749 1626 con-

172 1659 386 1729 jectura,
431 1676 555 1732 quae
600 1661 799 1718 nullius
851 1662 1056 1718 codicis
1096 1664 1419 1719 auctoritate
1464 1661 1743 1718 fundatur.

174 1755 476 1825 Quapropter
503 1755 595 1827 qui
625 1755 677 1810 in
709 1763 952 1811 veterum
974 1756 1213 1828 scriptis,
1249 1756 1383 1811 nihil
1412 1755 1513 1811 nisi
1544 1757 1741 1811 certis-

1858 543 2052 609 formas
2073 540 2281 594 illorum
2305 540 2595 611 exprimunt
2609 581 2624 604 ,
2649 538 2876 594 adhibito
2895 539 2966 594 ad
2984 540 3040 593 id
3058 538 3133 596 uel
3159 539 3448 607 Praxitele,

1856 630 1934 685 uel
1959 628 2226 701 Polycleto
2249 670 2265 695 ,
2307 629 2387 686 uel
2422 628 2639 685 Phidia.
2689 630 2754 689 At
2796 630 2850 684 hi
2890 631 3112 700 artiﬁces
3162 630 3302 686 haud
3344 631 3450 687 scio

1856 724 2064 780 ubinam
2089 725 2250 780 uisam
2279 740 2453 780 eorum
2477 725 2701 797 efﬁgiem
2728 734 3112 795 reprcesentant.

1927 818 2154 873 Tantam
2184 832 2347 887 porro
2386 816 2703 882 audaciam,
2746 824 2934 872 auctor
2962 826 3181 879 noster.
3236 827 3294 873 ut
3338 834 3452 873 ma-

1798 904 1801 907 ⁷
1854 913 1938 984 gis
1979 913 2341 984 comprimat,
2388 928 2501 969 rem
2552 912 2722 983 ipsam
2778 926 2808 964 a
2869 910 3039 981 prima
3096 926 3191 965 sua
3248 911 3454 981 origine

1856 1006 1936 1062 sic
1963 1005 2164 1075 repetit
2197 1024 2211 1060 :
2262 1024 2282 1058 ι
2310 1004 2520 1062 Ridetis
2559 1002 2888 1074 temporibus
2914 1003 3107 1085 priscis
3134 1004 3326 1063 Persas
3353 1003 3454 1059 ilu-

1856 1100 2001 1154 vium
2031 1099 2284 1167 coluisse,
2317 1097 2625 1155 memoralia
2659 1107 2718 1153 ut
2750 1096 2986 1153 indicant
3012 1098 3208 1168 scripta
3239 1116 3253 1153 :
3283 1097 3451 1154 infor-

1858 1206 2000 1250 mem
2033 1195 2244 1251 Arabas
2271 1194 2537 1264 lapidem;
2579 1192 2854 1249 acinacem
2900 1192 3134 1265 Scythia:
3179 1193 3452 1260 nationes;

1856 1305 2067 1345 ramum
2122 1305 2221 1360 pro
2265 1289 2454 1346 Cinxia
2504 1289 2808 1358 Thespius;
2862 1288 3089 1360 Lignum
3116 1287 3316 1343 lcarios
3358 1304 3454 1358 pro

1854 1381 2022 1437 Diana
2055 1382 2390 1448 indolatum;
2444 1381 2816 1437 Pcssinuntios
2859 1382 3102 1447 silicem,
3162 1398 3259 1449 pro
3293 1380 3454 1436 deum

1854 1472 2061 1540 Matre;
2108 1489 2208 1545 pro
2234 1474 2404 1530 Marte
2432 1474 2706 1531 Romanos
2736 1476 2968 1539 hastam,
3001 1475 3257 1531 Varronis
3286 1486 3345 1530 ut
3373 1476 3455 1530 in-

1853 1570 2035 1626 dicant
2062 1570 2258 1633 Musae;
2282 1579 2443 1641 atque
2471 1579 2529 1625 ttt
2549 1571 2802 1626 Aethlius
2830 1583 3124 1635 memorat;
3149 1580 3274 1627 ante
3300 1584 3456 1625 usum

1851 1663 2300 1735 disciplinamque
2318 1664 2588 1729 lictorum,
2610 1664 2846 1733 pluteum
2864 1663 3075 1719 Samios
3093 1678 3192 1734 pro
3206 1662 3448 1719 Iunones

1856 1755 2099 1828 (Arnob.,
2124 1755 2213 1811 lib.
2243 1771 2293 1811 γε
2318 1797 2333 1821 ,
2373 1773 2493 1828 pag.
2527 1756 2628 1812 l96
2661 1767 2707 1811 et
2738 1754 2922 1828 seqq.).
2954 1755 3208 1826 Sequitur
3238 1757 3310 1813 ibi
3337 1757 3456 1813 Cle-

176 1850 284 1902 sima
312 1848 514 1905 ratione
538 1857 797 1905 mutatum
826 1849 1057 1917 volunt,
1095 1865 1162 1906 ex
1186 1848 1255 1905 iis
1285 1848 1527 1905 nonnulli
1559 1847 1741 1918 suspi—
1776 1848 1823 1909 B
1852 1860 2089 1906 mentem
2121 1850 2572 1917 Alexandrinum,
2600 1850 2754 1921 cujus
2785 1850 2925 1905 haud
2952 1850 3115 1906 dubie
3143 1852 3258 1906 hinc
3279 1866 3455 1920 graeca

176 1949 334 1995 cantur
360 1939 426 1995 de
450 1940 585 2021 Sole
611 1941 955 2014 intelligenda
991 1957 1114 2000 esse
1144 1943 1262 1998 haec
1299 1942 1537 1998 auctoris
1565 1942 1737 1998 nostri

176 2034 328 2089 verba.
370 2033 476 2092 Sed
518 2034 589 2092 ab
613 2035 734 2092 aliis
763 2035 1193 2108 redarguuntur,
1222 2038 1347 2108 quia
1369 2036 1436 2092 de
1457 2035 1585 2093 Sole
1628 2037 1736 2107 pri-

177 2126 306 2181 vatim
358 2128 576 2185 locutus
643 2137 743 2185 est.
795 2130 1137 2186 Probabilius
1177 2132 1357 2203 itaque
1415 2131 1734 2202 quibusdam

175 2218 346 2276 videtur
382 2220 450 2276 ab
498 2221 591 2276 illo
630 2221 858 2279 indicari
898 2214 1087 2279 leones
1111 2264 1128 2291 ,
1179 2222 1273 2295 qui
1317 2224 1369 2277 in
1400 2221 1733 2295 templorum

165 2316 356 2394 fastigiis
399 2322 738 2396 quandoque
784 2325 1192 2397 sculpebantur.
1249 2325 1449 2397 Verum
1504 2326 1620 2382 haec
1664 2327 1733 2381 ad

163 2418 341 2475 aediﬁcii
366 2427 758 2476 ornamentum
788 2425 959 2492 posita
992 2423 1170 2493 potius
1198 2419 1543 2490 videbantur,
1573 2437 1732 2492 quam

161 2512 215 2566 ad
242 2512 450 2570 deorum
500 2516 689 2571 faciem
720 2516 1152 2586 exprimendam.
1186 2514 1350 2572 Nobis
1377 2516 1555 2586 itaque
1604 2514 1734 2571 faci-

160 2606 243 2661 lius
268 2610 683 2679 persuatlebitur
710 2620 984 2667 auctorem
1017 2620 1260 2667 nostrum
1306 2610 1389 2667 his
1430 2611 1608 2667 verbis
1636 2626 1731 2667 ea-

158 2698 259 2755 dem
300 2702 654 2775 signilicare,
702 2719 823 2775 qua:
875 2714 993 2774 post
1040 2703 1431 2760 Tertullianum
1473 2703 1735 2759 Minucius

159 2791 284 2851 Felix
318 2796 449 2853 dixit
498 2814 514 2853 :
565 2816 584 2850 ι
617 2797 696 2854 De
720 2812 887 2869 capro
913 2808 968 2854 et
995 2798 1213 2854 homine
1240 2799 1439 2855 mixtos
1468 2799 1598 2855 deos
1619 2840 1634 2864 ,
1677 2806 1737 2854 et

157 2885 374 2954 leonum,
404 2900 460 2948 et
500 2906 694 2947 canum
722 2894 906 2948 vultus
931 2891 1065 2949 deos
1095 2891 1378 2949 dedicatis.
1409 2911 1430 2944 ι
1464 2892 1735 2948 Arnobius

158 2980 193 3035 si
218 2984 421 3054 quidem
449 2995 588 3056 post
610 2986 771 3041 citata
803 3000 834 3040 a
872 2988 1031 3042 nobis
1058 2986 1223 3043 verba
1250 2986 1450 3057 adjecit
1488 3003 1502 3040 :
1553 3007 1572 3038 ε
1605 2986 1735 3044 Sine

156 3076 335 3148 reliquo
356 3094 602 3150 corpore
632 3094 866 3152 persona
895 3092 979 3136 est
1005 3123 1020 3147 ,
1065 3090 1123 3137 ct
1150 3081 1316 3137 facies
1339 3082 1453 3137 sola
1476 3124 1492 3149 ,
1535 3079 1735 3138 freme-

156 3166 322 3227 bundis
361 3172 487 3229 hiati
509 3172 607 3229 bus
630 3215 647 3240 ,
694 3174 862 3230 torvis
887 3173 1112 3231 rictibus
1135 3214 1151 3241 ,
1197 3175 1493 3247 sanguineo
1529 3174 1597 3231 de
1640 3190 1732 3232 ce-

1839 1944 2002 1999 verha
2035 1944 2236 2015 legerat
2286 1962 2300 1999 :

1836 2034 2062 2110 ’Ἃραϐες
2102 2040 2189 2094 τὸν
2223 2037 2373 2093 λίθον·
2404 2039 2451 2093 οἱ
2475 2041 2668 2115 Πέρσαι
2690 2040 2778 2095 τὸν
2813 2040 3045 2111 ποταμὸν
3078 2039 3451 2115 προσεκύνουν,

2355 1944 2509 2001 Πάλαι
2671 1945 2718 1998 οἱ
2758 1944 2961 2008 Σκύθαι,
2992 1946 3076 1999 τὸν
3112 1944 3367 2003 ἀκινάκην.
3407 1944 3455 1998 οἱ

1838 2135 1926 2186 καὶ
1949 2139 2048 2187 τῶν
2076 2128 2236 2187 ἄλλων
2266 2135 2542 2209 ἀνθρώπων
2563 2133 2610 2189 οἳ
2638 2132 2716 2189 ἔτι
2738 2134 3045 2213 παλαίτεροι
3069 2135 3198 2200 ξύλα
3218 2133 3453 2212 ἱδρύοντο

1835 2236 2085 2303 περιφανῆ
2110 2271 2124 2293 ,
2171 2231 2258 2283 καὶ
2303 2229 2474 2289 nam;
2514 2226 2677 2284 ἳστων
2718 2236 2770 2284 εκ
2811 2229 2972 2283 λίθων.
3006 2227 3039 2283 ἃ
3073 2226 3133 2283 δὲ
3171 2232 3260 2285 καὶ
3297 2229 3456 2295 ξόανα

1836 2323 2270 2396 προσηγορεύετο,
2290 2318 2376 2376 διὰ
2390 2323 2451 2377 τὸ
2462 2322 2761 2387 ἀποξεῖσθαι
2772 2330 2863 2382 τῆς
2885 2320 3266 2392 ὗλης“ὰμέλειέν
3277 2321 3453 2397 Ἰκάρῳ

1834 2422 1927 2475 τῆς
1948 2411 2239 2487 Ἀρτέμιδος·
2277 2415 2336 2469 τὸ
2356 2411 2565 2488 ἄγαλμα
2588 2415 2735 2479 ξύλον
2764 2412 2822 2474 ἦν
2862 2418 2948 2470 οὐκ
2987 2417 3337 2490 εἰργασμένον.
3369 2418 3456 2472 καὶ

1835 2514 1929 2567 τῆς
1960 2508 2292 2583 Κιθαιρωνίοις
2309 2503 2470 2583 ’Ἥρας
2498 2513 2545 2561 ἓν
2570 2510 2774 2583 Θεσπίᾳ
2797 2510 3019 2584 πρέμνον
3067 2506 3452 2582 ἐκκεκομμέναι.

1836 2602 1924 2654 καὶ
1947 2601 2007 2654 τὸ
2036 2609 2128 2661 τῆς
2153 2602 2345 2674 Σαμίας
2370 2597 2551 2677 Ἥρας,
2585 2602 2655 2662 ὥς
2682 2622 2830 2674 φησιν
2850 2602 3060 2663 Αεθλιοςι
3088 2603 3335 2679 πρότερον
3360 2607 3453 2681 μέν

1836 2690 1895 2753 ἦν
1914 2697 2083 2759 σανίς,
2102 2694 2321 2771 ὕστερον
2338 2692 2393 2751 δὲ
2410 2697 2497 2750 ἐπὶ
2523 2694 2800 2774 Προκλέους
2814 2698 3105 2774 Δὲρχοντος·
3117 2696 3453 2773 ἀνδριαντοει-

1835 2785 1920 2849 δὲς
1971 2789 2285 2862 ἐγένετοκη.
2316 2792 2367 2844 ἄν
2392 2792 2539 2866 Ρὼμῃ
2570 2788 2626 2846 δὲ
2663 2792 2723 2846 τὸ
2761 2791 2975 2846 παλαιὸν
3008 2790 3129 2868 δόρυ
3156 2797 3281 2864 φησὶ
3304 2814 3451 2867 γεγο-

1835 2882 1974 2935 νέναι
2014 2888 2105 2937 τοῦ
2155 2879 2350 2959 "Apsus;
2414 2885 2473 2938 τὸ
2516 2883 2691 2949 ξόανον
2734 2885 2972 2959 Οὐὰρῤων
3021 2885 3047 2940 ὁ
3092 2888 3449 2962 συγγραφεύς.

1839 2972 2036 3030 οὐδέπω
2061 2984 2162 3031 τῶν
2187 2985 2438 3050 τεχνιτῶν
2468 2980 2553 3033 ἐπὶ
2594 2984 2685 3038 τήν
2723 2981 3058 3055 εὐπρόσωπον
3081 2983 3273 3040 ταύτην
3303 3002 3451 3037 κακο-

1840 3071 2055 3142 τεχνίαν
2100 3071 2408 3147 ὡρμηκότων
2453 3070 2711 3140 (Clemens
2747 3073 3002 3129 Alexand.
3029 3115 3046 3142 ,
3087 3074 3336 3130 admonit.
3381 3075 3450 3130 ad

1839 3174 2002 3234 gent.,
2040 3181 2162 3236 pag.
2186 3165 2257 3221 29
2278 3177 2326 3221 et
2346 3166 2531 3238 seqq.).
2556 3167 2769 3239 Scytha:
2791 3167 2995 3239 quidem
3015 3169 3298 3239 antiquitus
3323 3168 3451 3224 ado-

156 3271 317 3319 rato...
347 3276 526 3339 atque
556 3266 680 3322 fessi
710 3281 874 3323 canes
896 3286 916 3320 ι
945 3265 1213 3338 (Ta-mu"
1246 3268 1467 3340 Apolog,
1500 3283 1617 3340 σαρ,
1642 3269 1731 3335 ιδ,
1765 3250 1811 3313 C
1841 3258 2024 3314 rabant
2054 3261 2346 3330 acinacem;
2378 3262 2572 3317 Arabes
2618 3273 2786 3318 autent
2817 3263 3076 3334 lapidem;
3126 3263 3303 3320 Persa:
3330 3280 3448 3320 vero

157 3367 197 3410 et
219 3359 295 3414 lib-
322 3377 339 3417 ι
377 3362 445 3417 ad
474 3359 733 3428 Hation.,
762 3379 879 3430 cap.
911 3361 1021 3432 ης
1058 3361 1192 3418 Min.
1228 3361 1398 3432 Felix,
1436 3380 1557 3436 pag.
1589 3362 1689 3419 261
1716 3380 1731 3431 ;

157 3447 349 3521 Arnob.,
375 3455 476 3512 loc.
518 3456 634 3522 cit.,
662 3472 782 3527 pag.
814 3453 968 3526 196).

216 3546 337 3614 Quis
356 3559 542 3607 autem
574 3549 730 3605 facile
760 3563 866 3605 non
891 3549 1157 3606 concedet
1179 3557 1466 3621 utrumque
1488 3548 1635 3620 loqui
1663 3547 1733 3604 de

159 3637 458 3707 simulacris,
488 3642 951 3716 quemadmodum
981 3643 1143 3699 Panis
1161 3685 1177 3709 ,
1205 3643 1556 3715 Satyrorum,
1605 3643 1738 3697 alio-

158 3742 360 3803 rumtjue
385 3733 700 3806 hujustnodi
729 3777 746 3800 ,
786 3734 928 3791 sicut
957 3736 1012 3790 in
1049 3744 1233 3791 nostra
1264 3736 1333 3791 de
1356 3734 1602 3805 ejusdem
1634 3734 1732 3789 Mi—

158 3824 274 3881 nutii
302 3826 439 3884 libro
464 3828 857 3885 dissertatione
885 3828 1223 3885 ostendimus
1262 3827 1507 3900 (Dissert.
1547 3829 1602 3883 in
1628 3827 1738 3883 Mi-

159 3934 283 3990 nuc.,
310 3939 425 3995 cap.
456 3925 522 3981 11
553 3965 569 3990 ,
601 3931 701 3978 art.
729 3920 812 3995 5).
860 3922 1015 3992 Quod
1055 3938 1186 3980 vero
1225 3923 1497 3979 Arnobius
1538 3923 1736 3980 ibidem

156 4011 372 4085 addidit,
416 4018 612 4087 {aciem
645 4017 856 4073 oblitam
899 4018 1089 4085 minio,
1138 4017 1206 4074 ad
1243 4035 1365 4075 eum
1397 4017 1736 4075 ethnicorum

158 4117 341 4165 morem
383 4110 549 4182 plane
588 4110 874 4167 ridiculum
911 4120 1138 4183 spectat,
1168 4127 1276 4184 quo
1321 4112 1737 4169 simulacrorum

156 4196 300 4258 iacies
327 4204 504 4262 minio
532 4202 783 4262 oblinere
814 4204 1080 4261 solebant.
1129 4204 1399 4276 Scriptum
1442 4206 1641 4278 quippe
1668 4206 1739 4262 ab

157 4288 312 4350 Plinio
337 4296 577 4370 legimus
609 4316 624 4353 :
676 4317 696 4350 ι
723 4297 873 4355 Jovis
894 4298 1066 4369 ipsius
1090 4298 1367 4355 simulacri
1397 4299 1586 4355 faciem
1618 4300 1737 4355 die-

154 4384 239 4445 bus
261 4390 412 4448 iestis
425 4392 602 4449 minio
625 4391 762 4448 illini
792 4392 1038 4449 solitam»
1063 4391 1261 4465 (Plin.,
1283 4392 1375 4448 lib.
1401 4407 1548 4448 xxxv
1598 4391 1735 4447 Hist.

157 4492 335 4553 natur.,
366 4504 489 4560 cap.
531 4488 588 4556 7,
630 4503 751 4560 pag.
780 4484 897 4557 56).
940 4486 1017 4542 De
1042 4487 1205 4543 Panis
1234 4502 1362 4543 vero
1390 4485 1568 4558 efﬁgie
1596 4487 1739 4542 canit

154 4574 390 4651 Virgilius
411 4601 427 4638 :

232 4670 330 4740 ljan
352 4673 500 4740 Dens
523 4673 751 4740 Arcadiae
768 4676 922 4740 venit,
948 4687 1099 4740 quem
1120 4674 1329 4726 vidimus
1347 4675 1443 4740 ipsi

232 4733 536 4801 Sanguineis
561 4737 697 4789 ebuli
716 4739 886 4789 buccis
900 4733 1151 4802 minioque
1173 4733 1458 4789 rubentem.

704 4818 934 4887 (Virgil.,
955 4817 1111 4887 eclog.
1139 4822 1214 4881 10,
1239 4834 1366 4873 vers.
1389 4823 1453 4874 26
1471 4828 1519 4874 et
1540 4821 1646 4887 27.)

152 4917 281 4992 Quos
306 4929 360 4986 in
392 4944 592 4987 versus
619 4926 735 4985 haec
756 4928 975 4985 Servius
1002 4930 1295 4986 observat:
1329 4928 1550 4986 Ebulum
1578 4946 1737 5003 genus

150 5029 213 5072 est
240 5022 406 5079 Iterbw
424 5025 670 5079 sambuco
696 5024 883 5078 simile.
916 5023 1083 5081 Minio
1107 5035 1279 5082 autem
1305 5025 1441 5093 ideo,
1462 5028 1582 5099 quia
1603 5028 1737 5099 facie

150 5110 289 5170 rubra
315 5117 554 5190 pingitur
584 5115 721 5183 Pan,
754 5125 962 5188 propter
981 5118 1185 5174 wtheris
1214 5119 1626 5176 similitudinem.

212 5208 480 5269 Arnobius
503 5213 687 5285 itaque
718 5211 843 5268 hinc
865 5213 1137 5269 concludit
1164 5228 1391 5272 summa:
1420 5216 1740 5273 temeritatis

150 5315 259 5362 esse
292 5322 415 5365 eam
438 5307 670 5365 deorum
701 5306 931 5378 ﬁgurare
958 5308 1191 5378 speciem
1217 5317 1274 5365 et
1298 5308 1549 5377 formam,
1578 5326 1737 5377 quam

149 5396 297 5454 talem
318 5415 445 5457 esse
467 5416 632 5458 nemo
647 5417 898 5472 umquam
917 5403 1148 5473 probare
1166 5402 1356 5471 potuit.
1377 5402 1736 5469 Quamobrem

150 5485 407 5550 Lueianus
446 5493 647 5551 alicubi
686 5470 1057 5552 disertissime
1078 5495 1296 5567 scripsit
1340 5514 1354 5551 :
1396 5500 1561 5558 Ναοὺς
1611 5498 1741 5572 ἐγιίο

150 5603 338 5654 ραν-ης,
364 5589 431 5643 ἶν’
472 5591 624 5644 αὐτοὶ
659 5594 730 5662 μή
775 5586 986 5654 ἄνοικοι,
1021 5588 1147 5664 μηδέ
1180 5591 1404 5647 ἀνέστιοι
1427 5588 1571 5651 δῆθεν
1591 5587 1738 5656 ὦσιν,

150 5678 331 5744 εἰκόνας
359 5684 539 5739 αὐτῶν
556 5683 893 5748 ἀπεικάζουσι
911 5682 1408 5761 παρακαλέσαντεςῆ
1420 5684 1740 5761 Πραξιτέλην,

151 5770 181 5831 ἧ
204 5775 526 5833 Πολύκλειτον
542 5817 562 5843 ,
597 5776 627 5838 ἣ
655 5774 872 5833 Φειδίαν.
900 5778 948 5832 οἱ
971 5776 1026 5834 δὲ
1052 5780 1141 5833 οὐκ
1164 5773 1257 5834 οἶδ’
1282 5775 1363 5834 ὅτι
1386 5777 1575 5841 ἰδόντες
1614 5781 1742 5836 ἀνα·-

157 5863 430 5928 πὶὰττονσι
463 5866 744 5943 (Lucium,
796 5880 861 5934 de
901 5873 1159 5942 sacri/im,
1206 5889 1328 5945 pag.
1383 5872 1530 5945 185).
1578 5871 1745 5930 Furtis

669 5978 942 6042 ΡΔτιιοι..
982 5978 1034 6041 V
1135 5971 1146 5979 ’

1840 3355 2055 3425 ﬂuvium
2084 3370 2104 3410 :
2130 3366 2179 3411 et
2201 3372 2266 3412 ea:
2280 3356 2400 3412 aliis
2426 3357 2720 3412 hominibus
2746 3358 2817 3422 ii,
2858 3360 2946 3429 qui
2976 3359 3145 3414 adhuc
3173 3370 3318 3415 erant
3351 3378 3448 3416 an-

1841 3448 2118 3519 tiquiores,
2147 3449 2290 3521 ligna
2319 3450 2579 3522 erigebant
2605 3450 2830 3521 insignia
2849 3491 2865 3517 ,
2908 3460 2956 3505 et
2985 3451 3251 3507 columnas
3281 3469 3443 3521 pone-

1840 3539 1963 3594 bant
1987 3557 2053 3596 επ
2079 3541 2339 3621 lapidibus
2360 3582 2376 3608 ,
2409 3558 2525 3614 qua:
2546 3543 2703 3597 etiam
2728 3543 3126 3613 appellabantur
3149 3544 3301 3608 ξόανα
3321 3584 3337 3609 ,
3383 3561 3446 3599 eo

1841 3636 1979 3707 quod
2012 3636 2347 3691 eraderentur
2366 3646 2417 3690 et
2442 3637 2793 3703 expolirentur
2818 3653 2885 3692 ear.
2912 3638 3147 3693 materia.
3193 3636 3261 3692 In
3291 3637 3444 3693 Icaro

1841 3737 1977 3783 certe
2004 3730 2175 3801 imago
2223 3727 2412 3784 Diana:
2449 3731 2648 3804 lignum
2689 3741 2797 3785 erat
2843 3748 2946 3786 non
2998 3730 3349 3796 elaboratum,
3396 3740 3444 3785 et

1842 3818 2153 3876 Citheronia:
2177 3821 2403 3877 lunonis
2433 3822 2670 3896 Thespia:
2696 3833 2925 3879 trunctus
2952 3825 3151 3880 excisus
3189 3843 3209 3880 :
3247 3835 3296 3880 et
3334 3825 3440 3882 Sa-

1841 3916 1961 3971 mic
1984 3915 2229 3984 Iunonis,
2259 3926 2314 3970 ut
2341 3918 2413 3971 ait
2440 3915 2695 3981 :Ethlius,
2721 3919 2864 3988 prius
2886 3918 3088 3990 quidem
3116 3929 3223 3974 erat
3243 3918 3440 3986 tabula,

1843 4022 2021 4083 postea
2055 4021 2227 4067 autem
2250 4054 2266 4079 ,
2296 4011 2561 4068 Archonte
2591 4011 2812 4068 Procleo
2837 4057 2852 4080 ,
2900 4015 2953 4067 in
2993 4016 3212 4085 formam
3258 4023 3440 4069 statuta

1842 4104 2004 4175 ejﬁcta
2030 4114 2271 4159 est.......
2299 4104 2482 4160 Romae
2506 4118 2673 4161 autem
2701 4107 2982 4178 antiquitus
3004 4116 3227 4161 statuam
3254 4106 3439 4161 Martis

1842 4199 2002 4269 fuisse
2024 4200 2227 4254 hastam
2253 4201 2326 4254 ait
2362 4199 2525 4255 Varro
2544 4243 2558 4267 ,
2598 4217 2714 4254 cum
2739 4201 2968 4256 nondum
2989 4203 3329 4272 peruenissent
3355 4219 3439 4255 ar-

1842 4291 2002 4362 tifices
2026 4292 2095 4346 ad
2121 4292 2215 4346 hoc
2242 4293 2526 4362 speciosum
2550 4294 2753 4363 quidem
2775 4335 2790 4358 ,
2831 4295 2922 4349 sed
2958 4294 3243 4365 improbum
3272 4294 3439 4363 artiﬁ-

1842 4386 2000 4440 cium.
2032 4385 2197 4442 Vides
2245 4401 2378 4444 sane
2417 4385 2690 4458 quomodo
2720 4386 3026 4454 Arnobius,
3073 4403 3194 4444 cum
3226 4386 3344 4443 haec
3371 4402 3439 4443 ex

1841 4476 2125 4535 Clemente
2151 4478 2518 4536 Alexandrino
2542 4479 2827 4548 delibavit,
2856 4478 3039 4535 verbis
3066 4479 3247 4534 latinis
3273 4478 3440 4534 fuerit.

1844 4571 2253 4644 interpretatus,
2285 4573 2532 4645 quaedam
2569 4573 2836 4630 demendo
2864 4582 2920 4629 et
2937 4573 3138 4644 aliquid
3166 4573 3434 4640 addendo,

1766 4643 2263 4720 I)illudnimirum
2306 4643 2451 4735 quod
2502 4665 2638 4721 dixit
2676 4665 2744 4721 de
2779 4664 2930 4721 silice
2972 4643 3206 4738 efﬁgiem
3250 4666 3441 4722 matris

1845 4757 2066 4816 deorum
2093 4768 2545 4831 repraesentante,
2585 4761 2653 4816 de
2694 4775 2802 4832 quo
2834 4761 2995 4832 paulo
3022 4769 3147 4817 ante
3176 4760 3440 4818 disserui-

1842 4866 1963 4919 mus
2003 4850 2156 4926 (Cap.
2186 4868 2361 4923 super.
2382 4895 2398 4921 ,
2436 4863 2539 4907 art.
2565 4852 2627 4923 2)
2651 4894 2664 4918 ,
2703 4852 2843 4909 sicut
2866 4853 2936 4910 de
2961 4853 3081 4909 aliis
3108 4853 3357 4909 omnibus
3384 4854 3439 4909 in

1837 4945 2101 5016 superiori
2140 4953 2429 5016 apparatus
2471 4945 2643 5001 nostri
2691 4932 2837 5003 tumo
2876 4946 3022 5021 (tam.
3070 4962 3088 5001 ι
3151 4946 3435 5019 Αρραναι..

1841 5037 1931 5094 lib.
1963 5054 2041 5100 ιιι,
2067 5038 2266 5093 dissert.
2302 5039 2353 5104 1,
2393 5056 2510 5110 cap.
2545 5039 2642 5108 l8,
2686 5050 2784 5095 art.
2815 5041 2866 5107 1,
2902 5057 3020 5113 pag.
3051 5040 3155 5096 7⁸54
3180 5051 3227 5094 et
3250 5040 3435 5113 seqq).

1843 5128 2011 5186 Nobis
2042 5145 2203 5201 porro
2231 5130 2388 5187 liceat
2412 5131 2544 5187 illud
2586 5131 2671 5188 his
2699 5133 2949 5189 omnibus
2976 5132 3212 5204 adjicere
3235 5173 3251 5199 ,
3293 5133 3437 5203 quod

1844 5225 2097 5283 Lucanus
2136 5224 2206 5282 de
2245 5225 2390 5294 luco,
2420 5242 2577 5295 quem
2607 5229 2791 5283 Caesar
2832 5227 2886 5283 in
2930 5227 3246 5285 Massiliensi
3290 5227 3438 5283 obsi—

1845 5319 2007 5378 dione
2031 5319 2205 5376 excidi
2224 5319 2406 5392 jussit,
2436 5319 2585 5377 hisce
2608 5322 2802 5377 cecinit
2830 5322 3074 5378 versibus
3098 5340 3113 5376 :

1937 5457 2215 5525 Arboribus
2235 5474 2355 5513 suus
2376 5460 2548 5525 horror
2570 5463 2720 5523 inest,
2745 5469 2848 5512 tum
2870 5463 3074 5524 plurima
3099 5464 3254 5525 nigris

1941 5520 2179 5572 Fontibus
2200 5525 2326 5573 unda
2349 5523 2493 5583 cadit,
2522 5520 2881 5580 simulacraque
2896 5532 3066 5574 maesta
3087 5520 3290 5577 deorum

1941 5587 2063 5636 Arte
2083 5594 2271 5649 carent,
2293 5587 2534 5649 caesisque
2558 5593 2753 5637 exstant
2775 5585 2993 5636 informia
3017 5589 3218 5639 truncis.

2595 5669 2819 5733 (Lucam,
2845 5667 2932 5721 lib.
2956 5683 3030 5731 ιιι,
3054 5683 3182 5724 vers.
3205 5672 3344 5737 39b.)

1921 5777 2031 5840 At,
2081 5777 2253 5848 inquit
2293 5775 2565 5833 Arnobius
2596 5817 2612 5841 ,
2672 5774 2719 5831 si
2774 5774 2893 5833 haec
2938 5778 3131 5835 merito
3195 5780 3442 5840 ridebant

1851 5869 2086 5940 ethnici,
2125 5887 2235 5929 non
2263 5871 2461 5929 minori
2489 5869 2733 5943 profecto
2760 5875 2944 5931 caeteri
2973 5891 3162 5934 omnes
3193 5877 3440 5942 irrisione

2923 5972 3004 6039 20
