  <div class='ocr_page' id='page_1' title='image "/cluster/home/n/w/nwhite01/storage/ocr_20150623/5/hvd.32044015466758/313.png"; bbox 0 0 3878 6312; ppageno 0'>
   <div class='ocr_carea' id='block_1_1' title="bbox 416 374 519 433">
    <p class='ocr_par' dir='ltr' id='par_1_1' title="bbox 416 374 519 433">
     <span class='ocr_line' id='line_1_1' title="bbox 416 374 519 433; baseline -0.01 0"><span class='ocrx_word' id='word_1_1' title='bbox 416 374 519 433; x_wconf 81' lang='grc'><strong>619</strong></span> 
     </span>
    </p>
   </div>
   <div class='ocr_carea' id='block_1_2' title="bbox 1655 358 3667 425">
    <p class='ocr_par' dir='ltr' id='par_1_2' title="bbox 1655 358 3667 425">
     <span class='ocr_line' id='line_1_2' title="bbox 1655 358 3667 425; baseline -0.001 -3"><span class='ocrx_word' id='word_1_2' title='bbox 1655 358 2109 425; x_wconf 81' lang='lat' dir='ltr'><strong>DISSERTATIO</strong></span> <span class='ocrx_word' id='word_1_3' title='bbox 2147 359 2349 420; x_wconf 62' lang='lat' dir='ltr'><strong>PREV</strong></span> <span class='ocrx_word' id='word_1_4' title='bbox 2362 360 2427 417; x_wconf 78' lang='lat' dir='ltr'><strong>1A</strong></span> <span class='ocrx_word' id='word_1_5' title='bbox 3577 364 3667 421; x_wconf 62' lang='lat'><strong>630</strong></span> 
     </span>
    </p>
   </div>
   <div class='ocr_carea' id='block_1_3' title="bbox 418 472 2038 558">
    <p class='ocr_par' dir='ltr' id='par_1_3' title="bbox 418 480 2038 558">
     <span class='ocr_line' id='line_1_3' title="bbox 418 480 2038 558; baseline -0.005 -15"><span class='ocrx_word' id='word_1_6' title='bbox 418 487 566 558; x_wconf 83' lang='lat' dir='ltr'><strong>digni</strong></span> <span class='ocrx_word' id='word_1_7' title='bbox 593 492 788 551; x_wconf 89' lang='lat' dir='ltr'><strong>erant,</strong></span> <span class='ocrx_word' id='word_1_8' title='bbox 838 483 930 554; x_wconf 86' lang='lat' dir='ltr'><strong>qui</strong></span> <span class='ocrx_word' id='word_1_9' title='bbox 976 482 1084 537; x_wconf 87' lang='lat' dir='ltr'><strong>diis</strong></span> <span class='ocrx_word' id='word_1_10' title='bbox 1126 480 1521 537; x_wconf 74' lang='lat' dir='ltr'><strong>immortalibus</strong></span> <span class='ocrx_word' id='word_1_11' title='bbox 1562 480 1792 536; x_wconf 88' lang='lat' dir='ltr'><strong>humana</strong></span> <span class='ocrx_word' id='word_1_12' title='bbox 1839 481 2038 554; x_wconf 7' lang='lat' dir='ltr'><strong>forma)</strong></span> 
     </span>
    </p>
   </div>
   <div class='ocr_carea' id='block_1_4' title="bbox 2152 472 3668 558">
    <p class='ocr_par' dir='ltr' id='par_1_4' title="bbox 2152 472 3668 557">
     <span class='ocr_line' id='line_1_4' title="bbox 2152 472 3668 557; baseline 0.003 -24"><span class='ocrx_word' id='word_1_13' title='bbox 2152 481 2376 557; x_wconf 76' lang='grc' dir='ltr'><strong>ηρύκειον</strong></span> <span class='ocrx_word' id='word_1_14' title='bbox 2402 480 2453 533; x_wconf 77' lang='grc' dir='ltr'><strong><em>ἐν</em></strong></span> <span class='ocrx_word' id='word_1_15' title='bbox 2474 485 2535 549; x_wconf 80' lang='grc' dir='ltr'>τῇ</span> <span class='ocrx_word' id='word_1_16' title='bbox 2564 479 2725 553; x_wconf 81' lang='grc' dir='ltr'><strong>χειρί.</strong></span> <span class='ocrx_word' id='word_1_17' title='bbox 2758 472 3003 531; x_wconf 84' lang='lat' dir='ltr'><strong>Petasum</strong></span> <span class='ocrx_word' id='word_1_18' title='bbox 3029 475 3085 530; x_wconf 85' lang='lat' dir='ltr'><strong>in</strong></span> <span class='ocrx_word' id='word_1_19' title='bbox 3109 475 3275 545; x_wconf 79' lang='lat' dir='ltr'><strong>capite</strong></span> <span class='ocrx_word' id='word_1_20' title='bbox 3292 518 3307 544; x_wconf 92' lang='lat'><strong>,</strong></span> <span class='ocrx_word' id='word_1_21' title='bbox 3328 485 3373 532; x_wconf 86' lang='lat' dir='ltr'><strong>et</strong></span> <span class='ocrx_word' id='word_1_22' title='bbox 3394 477 3444 533; x_wconf 86' lang='lat' dir='ltr'><strong>in</strong></span> <span class='ocrx_word' id='word_1_23' title='bbox 3465 482 3668 538; x_wconf 82' lang='lat' dir='ltr'><strong>manibus</strong></span> 
     </span>
    </p>
   </div>
   <div class='ocr_carea' id='block_1_5' title="bbox 418 572 2012 647">
    <p class='ocr_par' dir='ltr' id='par_1_5' title="bbox 418 572 2012 647">
     <span class='ocr_line' id='line_1_5' title="bbox 418 572 2012 647; baseline -0.005 -12"><span class='ocrx_word' id='word_1_24' title='bbox 418 579 612 636; x_wconf 82' lang='lat' dir='ltr'><strong>effictis</strong></span> <span class='ocrx_word' id='word_1_25' title='bbox 636 576 1003 647; x_wconf 73' lang='lat' dir='ltr'><strong>supplicabant</strong></span> <span class='ocrx_word' id='word_1_26' title='bbox 1028 572 1239 646; x_wconf 80' lang='lat' dir='ltr'><strong>(Arnob.</strong></span> <span class='ocrx_word' id='word_1_27' title='bbox 1260 617 1274 639; x_wconf 91' lang='lat'><strong>,</strong></span> <span class='ocrx_word' id='word_1_28' title='bbox 1308 573 1394 629; x_wconf 87' lang='lat' dir='ltr'><strong>lib.</strong></span> <span class='ocrx_word' id='word_1_29' title='bbox 1425 589 1501 639; x_wconf 84' lang='lat' dir='ltr'><strong>vr,</strong></span> <span class='ocrx_word' id='word_1_30' title='bbox 1530 590 1649 645; x_wconf 85' lang='lat' dir='ltr'><strong>pag.</strong></span> <span class='ocrx_word' id='word_1_31' title='bbox 1682 573 1831 647; x_wconf 83' lang='lat'><strong>197).</strong></span> <span class='ocrx_word' id='word_1_32' title='bbox 1881 574 2012 640; x_wconf 85' lang='lat' dir='ltr'><strong>Quis</strong></span> 
     </span>
    </p>
   </div>
   <div class='ocr_carea' id='block_1_6' title="bbox 419 665 2014 742">
    <p class='ocr_par' dir='ltr' id='par_1_6' title="bbox 419 665 2014 742">
     <span class='ocr_line' id='line_1_6' title="bbox 419 665 2014 742; baseline -0.004 -13"><span class='ocrx_word' id='word_1_33' title='bbox 419 675 564 731; x_wconf 89' lang='lat' dir='ltr'><strong>enim</strong></span> <span class='ocrx_word' id='word_1_34' title='bbox 600 671 824 728; x_wconf 82' lang='lat' dir='ltr'><strong>credere</strong></span> <span class='ocrx_word' id='word_1_35' title='bbox 851 685 1086 742; x_wconf 85' lang='lat' dir='ltr'><strong>unquam</strong></span> <span class='ocrx_word' id='word_1_36' title='bbox 1124 669 1299 739; x_wconf 89' lang='lat' dir='ltr'><strong>potuit</strong></span> <span class='ocrx_word' id='word_1_37' title='bbox 1324 668 1456 724; x_wconf 92' lang='lat' dir='ltr'><strong>deos</strong></span> <span class='ocrx_word' id='word_1_38' title='bbox 1483 665 1730 724; x_wconf 87' lang='lat' dir='ltr'><strong>humanis</strong></span> <span class='ocrx_word' id='word_1_39' title='bbox 1756 668 2014 723; x_wconf 82' lang='lat' dir='ltr'><strong>membris</strong></span> 
     </span>
    </p>
   </div>
   <div class='ocr_carea' id='block_1_7' title="bbox 420 763 2015 839">
    <p class='ocr_par' dir='ltr' id='par_1_7' title="bbox 420 763 2015 839">
     <span class='ocr_line' id='line_1_7' title="bbox 420 763 2015 839; baseline -0.003 -16"><span class='ocrx_word' id='word_1_40' title='bbox 420 767 706 838; x_wconf 84' lang='lat' dir='ltr'><strong>componi?</strong></span> <span class='ocrx_word' id='word_1_41' title='bbox 752 765 1094 839; x_wconf 76' lang='lat' dir='ltr'><strong>Quapropter</strong></span> <span class='ocrx_word' id='word_1_42' title='bbox 1136 766 1182 820; x_wconf 88' lang='lat' dir='ltr'><strong>si</strong></span> <span class='ocrx_word' id='word_1_43' title='bbox 1232 764 1456 831; x_wconf 84' lang='lat' dir='ltr'><strong>datum,</strong></span> <span class='ocrx_word' id='word_1_44' title='bbox 1495 764 1642 819; x_wconf 82' lang='lat' dir='ltr'><strong>addit</strong></span> <span class='ocrx_word' id='word_1_45' title='bbox 1687 764 1812 829; x_wconf 90' lang='lat' dir='ltr'><strong>ille,</strong></span> <span class='ocrx_word' id='word_1_46' title='bbox 1861 763 2015 819; x_wconf 87' lang='lat' dir='ltr'><strong>nobis</strong></span> 
     </span>
    </p>
   </div>
   <div class='ocr_carea' id='block_1_8' title="bbox 420 856 2016 927">
    <p class='ocr_par' dir='ltr' id='par_1_8' title="bbox 420 856 2016 927">
     <span class='ocr_line' id='line_1_8' title="bbox 420 856 2016 927; baseline -0.004 -10"><span class='ocrx_word' id='word_1_47' title='bbox 420 871 599 925; x_wconf 88' lang='lat' dir='ltr'><strong>esset,</strong></span> <span class='ocrx_word' id='word_1_48' title='bbox 641 861 693 914; x_wconf 91' lang='lat' dir='ltr'><strong>in</strong></span> <span class='ocrx_word' id='word_1_49' title='bbox 739 860 956 914; x_wconf 87' lang='lat' dir='ltr'><strong>intimas</strong></span> <span class='ocrx_word' id='word_1_50' title='bbox 990 858 1331 913; x_wconf 85' lang='lat' dir='ltr'><strong>ethnicorum</strong></span> <span class='ocrx_word' id='word_1_51' title='bbox 1367 858 1723 927; x_wconf 79' lang='lat' dir='ltr'><strong>cogitationes</strong></span> <span class='ocrx_word' id='word_1_52' title='bbox 1759 856 2016 926; x_wconf 86' lang='lat' dir='ltr'><strong>introspi-</strong></span> 
     </span>
    </p>
   </div>
   <div class='ocr_carea' id='block_1_9' title="bbox 419 949 2017 1021">
    <p class='ocr_par' dir='ltr' id='par_1_9' title="bbox 419 949 2017 1021">
     <span class='ocr_line' id='line_1_9' title="bbox 419 949 2017 1021; baseline -0.003 -14"><span class='ocrx_word' id='word_1_53' title='bbox 419 968 566 1018; x_wconf 89' lang='lat' dir='ltr'><strong>cere,</strong></span> <span class='ocrx_word' id='word_1_54' title='bbox 596 966 691 1007; x_wconf 86' lang='lat' dir='ltr'><strong>eos</strong></span> <span class='ocrx_word' id='word_1_55' title='bbox 712 951 895 1021; x_wconf 88' lang='lat' dir='ltr'><strong>utique</strong></span> <span class='ocrx_word' id='word_1_56' title='bbox 919 950 1231 1006; x_wconf 83' lang='lat' dir='ltr'><strong>videremus</strong></span> <span class='ocrx_word' id='word_1_57' title='bbox 1260 949 1448 1004; x_wconf 88' lang='lat' dir='ltr'><strong>eadem</strong></span> <span class='ocrx_word' id='word_1_58' title='bbox 1475 949 1757 1003; x_wconf 89' lang='lat' dir='ltr'><strong>nobiscum</strong></span> <span class='ocrx_word' id='word_1_59' title='bbox 1787 949 2017 1013; x_wconf 86' lang='lat' dir='ltr'><strong>sentire;</strong></span> 
     </span>
    </p>
   </div>
   <div class='ocr_carea' id='block_1_10' title="bbox 421 1039 2016 1114">
    <p class='ocr_par' dir='ltr' id='par_1_10' title="bbox 421 1039 2016 1114">
     <span class='ocr_line' id='line_1_10' title="bbox 421 1039 2016 1114; baseline -0.004 -14"><span class='ocrx_word' id='word_1_60' title='bbox 421 1043 517 1100; x_wconf 86' lang='lat' dir='ltr'><strong>sed</strong></span> <span class='ocrx_word' id='word_1_61' title='bbox 538 1044 591 1099; x_wconf 89' lang='lat' dir='ltr'><strong>id</strong></span> <span class='ocrx_word' id='word_1_62' title='bbox 610 1043 793 1110; x_wconf 90' lang='lat' dir='ltr'><strong>malle,</strong></span> <span class='ocrx_word' id='word_1_63' title='bbox 813 1042 958 1114; x_wconf 90' lang='lat' dir='ltr'><strong>quod</strong></span> <span class='ocrx_word' id='word_1_64' title='bbox 972 1042 1260 1113; x_wconf 83' lang='lat' dir='ltr'><strong>aliquando</strong></span> <span class='ocrx_word' id='word_1_65' title='bbox 1279 1041 1484 1111; x_wconf 82' lang='lat' dir='ltr'><strong>absque</strong></span> <span class='ocrx_word' id='word_1_66' title='bbox 1508 1041 1719 1095; x_wconf 85' lang='lat' dir='ltr'><strong>ratione</strong></span> <span class='ocrx_word' id='word_1_67' title='bbox 1749 1039 2016 1109; x_wconf 88' lang='lat' dir='ltr'><strong>fecerunt,</strong></span> 
     </span>
    </p>
   </div>
   <div class='ocr_carea' id='block_1_11' title="bbox 423 1132 2009 1208">
    <p class='ocr_par' dir='ltr' id='par_1_11' title="bbox 423 1132 2009 1208">
     <span class='ocr_line' id='line_1_11' title="bbox 423 1132 2009 1208; baseline -0.004 -16"><span class='ocrx_word' id='word_1_68' title='bbox 423 1134 774 1208; x_wconf 86' lang='lat' dir='ltr'><strong>pertinaciter</strong></span> <span class='ocrx_word' id='word_1_69' title='bbox 802 1132 1116 1197; x_wconf 81' lang='lat' dir='ltr'><strong>defendere,</strong></span> <span class='ocrx_word' id='word_1_70' title='bbox 1147 1148 1309 1203; x_wconf 90' lang='lat' dir='ltr'><strong>quam</strong></span> <span class='ocrx_word' id='word_1_71' title='bbox 1328 1133 1525 1204; x_wconf 61' lang='lat' dir='ltr'><strong>agnitae</strong></span> <span class='ocrx_word' id='word_1_72' title='bbox 1541 1132 1741 1187; x_wconf 87' lang='lat' dir='ltr'><strong>cedere</strong></span> <span class='ocrx_word' id='word_1_73' title='bbox 1768 1132 2009 1187; x_wconf 82' lang='lat' dir='ltr'><strong>veritati.</strong></span> 
     </span>
    </p>
   </div>
   <div class='ocr_carea' id='block_1_12' title="bbox 1028 1236 1421 1309">
    <p class='ocr_par' dir='ltr' id='par_1_12' title="bbox 1028 1236 1421 1309">
     <span class='ocr_line' id='line_1_12' title="bbox 1028 1236 1421 1309; baseline 0.003 -2"><span class='ocrx_word' id='word_1_74' title='bbox 1028 1236 1347 1309; x_wconf 56' lang='lat' dir='ltr'><strong>inuentus</strong></span> <span class='ocrx_word' id='word_1_75' title='bbox 1364 1268 1421 1308; x_wconf 91' lang='grc' dir='ltr'>ιι.</span> 
     </span>
    </p>
   </div>
   <div class='ocr_carea' id='block_1_13' title="bbox 423 1366 2025 1429">
    <p class='ocr_par' dir='ltr' id='par_1_13' title="bbox 423 1366 2025 1429">
     <span class='ocr_line' id='line_1_13' title="bbox 423 1366 2025 1429; baseline -0.001 -10"><span class='ocrx_word' id='word_1_76' title='bbox 423 1370 578 1429; x_wconf 87' lang='lat' dir='ltr'><strong>Quam</strong></span> <span class='ocrx_word' id='word_1_77' title='bbox 602 1374 743 1419; x_wconf 87' lang='lat' dir='ltr'><strong>recte</strong></span> <span class='ocrx_word' id='word_1_78' title='bbox 763 1368 1009 1419; x_wconf 85' lang='lat' dir='ltr'><strong>Arnobius</strong></span> <span class='ocrx_word' id='word_1_79' title='bbox 1027 1377 1192 1418; x_wconf 88' lang='lat' dir='ltr'><strong>contra</strong></span> <span class='ocrx_word' id='word_1_80' title='bbox 1234 1368 1405 1417; x_wconf 82' lang='lat' dir='ltr'><strong>eadem</strong></span> <span class='ocrx_word' id='word_1_81' title='bbox 1442 1366 1671 1417; x_wconf 86' lang='lat' dir='ltr'><strong>falsorum</strong></span> <span class='ocrx_word' id='word_1_82' title='bbox 1710 1368 1915 1418; x_wconf 90' lang='lat' dir='ltr'><strong>deorum</strong></span> <span class='ocrx_word' id='word_1_83' title='bbox 1960 1371 2025 1417; x_wconf 89' lang='lat' dir='ltr'><strong>si-</strong></span> 
     </span>
    </p>
   </div>
   <div class='ocr_carea' id='block_1_14' title="bbox 487 1430 2023 1493">
    <p class='ocr_par' dir='ltr' id='par_1_14' title="bbox 487 1430 2023 1493">
     <span class='ocr_line' id='line_1_14' title="bbox 487 1430 2023 1493; baseline 0 -13"><span class='ocrx_word' id='word_1_84' title='bbox 487 1432 700 1481; x_wconf 87' lang='lat' dir='ltr'><strong>mulacra</strong></span> <span class='ocrx_word' id='word_1_85' title='bbox 738 1440 1114 1493; x_wconf 80' lang='lat' dir='ltr'><strong>argumentetur</strong></span> <span class='ocrx_word' id='word_1_86' title='bbox 1139 1444 1203 1480; x_wconf 80' lang='lat' dir='ltr'><strong>ex</strong></span> <span class='ocrx_word' id='word_1_87' title='bbox 1228 1431 1445 1480; x_wconf 83' lang='lat' dir='ltr'><strong>ridiculis</strong></span> <span class='ocrx_word' id='word_1_88' title='bbox 1467 1432 1674 1479; x_wconf 88' lang='lat' dir='ltr'><strong>deorum</strong></span> <span class='ocrx_word' id='word_1_89' title='bbox 1710 1430 2023 1493; x_wconf 83' lang='lat' dir='ltr'><strong>imaginibus,</strong></span> 
     </span>
    </p>
   </div>
   <div class='ocr_carea' id='block_1_15' title="bbox 490 1494 2028 1551">
    <p class='ocr_par' dir='ltr' id='par_1_15' title="bbox 490 1494 2028 1551">
     <span class='ocr_line' id='line_1_15' title="bbox 490 1494 2028 1551; baseline -0.001 -7"><span class='ocrx_word' id='word_1_90' title='bbox 490 1494 773 1544; x_wconf 82' lang='lat' dir='ltr'><strong>Hammonis</strong></span> <span class='ocrx_word' id='word_1_91' title='bbox 811 1510 920 1545; x_wconf 91' lang='lat' dir='ltr'><strong>cum</strong></span> <span class='ocrx_word' id='word_1_92' title='bbox 959 1496 1185 1544; x_wconf 80' lang='lat' dir='ltr'><strong>arietinis</strong></span> <span class='ocrx_word' id='word_1_93' title='bbox 1221 1495 1470 1551; x_wconf 88' lang='lat' dir='ltr'><strong>cornibus,</strong></span> <span class='ocrx_word' id='word_1_94' title='bbox 1515 1494 1715 1543; x_wconf 87' lang='lat' dir='ltr'><strong>Saturni</strong></span> <span class='ocrx_word' id='word_1_95' title='bbox 1750 1508 1860 1543; x_wconf 87' lang='lat' dir='ltr'><strong>cum</strong></span> <span class='ocrx_word' id='word_1_96' title='bbox 1902 1494 2028 1543; x_wconf 85' lang='lat' dir='ltr'><strong>falce</strong></span> 
     </span>
    </p>
   </div>
   <div class='ocr_carea' id='block_1_16' title="bbox 492 1554 2027 1619">
    <p class='ocr_par' dir='ltr' id='par_1_16' title="bbox 492 1554 2027 1619">
     <span class='ocr_line' id='line_1_16' title="bbox 492 1554 2027 1619; baseline 0.001 -15"><span class='ocrx_word' id='word_1_97' title='bbox 492 1557 696 1616; x_wconf 84' lang='lat' dir='ltr'><strong>adunca,</strong></span> <span class='ocrx_word' id='word_1_98' title='bbox 724 1555 952 1606; x_wconf 75' lang='lat' dir='ltr'><strong>Mercurii</strong></span> <span class='ocrx_word' id='word_1_99' title='bbox 990 1557 1169 1619; x_wconf 78' lang='lat' dir='ltr'><strong>pinnati</strong></span> <span class='ocrx_word' id='word_1_100' title='bbox 1190 1595 1202 1612; x_wconf 84' lang='lat'><strong>,</strong></span> <span class='ocrx_word' id='word_1_101' title='bbox 1230 1554 1549 1619; x_wconf 77' lang='lat' dir='ltr'><strong>Argiphontis</strong></span> <span class='ocrx_word' id='word_1_102' title='bbox 1584 1569 1695 1605; x_wconf 87' lang='lat' dir='ltr'><strong>cum</strong></span> <span class='ocrx_word' id='word_1_103' title='bbox 1722 1566 1916 1619; x_wconf 72' lang='lat' dir='ltr'><strong>petaso,</strong></span> <span class='ocrx_word' id='word_1_104' title='bbox 1944 1556 2027 1606; x_wconf 85' lang='lat' dir='ltr'><strong>Li-</strong></span> 
     </span>
    </p>
   </div>
   <div class='ocr_carea' id='block_1_17' title="bbox 483 1594 2030 1676">
    <p class='ocr_par' dir='ltr' id='par_1_17' title="bbox 483 1594 2030 1676">
     <span class='ocr_line' id='line_1_17' title="bbox 483 1594 2030 1676; baseline -0.001 -8"><span class='ocrx_word' id='word_1_105' title='bbox 483 1620 594 1668; x_wconf 83' lang='lat' dir='ltr'><strong>beri</strong></span> <span class='ocrx_word' id='word_1_106' title='bbox 619 1594 728 1669; x_wconf 77' lang='lat' dir='ltr'><strong>cuin</strong></span> <span class='ocrx_word' id='word_1_107' title='bbox 754 1594 1252 1676; x_wconf 58' lang='lat' dir='ltr'><strong>membris&#39;mollibus,</strong></span> <span class='ocrx_word' id='word_1_108' title='bbox 1276 1594 1490 1666; x_wconf 57' lang='lat' dir='ltr'><strong>)Peiteris</strong></span> <span class='ocrx_word' id='word_1_109' title='bbox 1513 1621 1672 1674; x_wconf 65' lang='lat' dir='ltr'><strong>nudae,</strong></span> <span class='ocrx_word' id='word_1_110' title='bbox 1693 1594 2030 1668; x_wconf 40' lang='lat' dir='ltr'><strong>V‘ulcaiii’cum</strong></span> 
     </span>
    </p>
   </div>
   <div class='ocr_carea' id='block_1_18' title="bbox 488 1680 2032 1745">
    <p class='ocr_par' dir='ltr' id='par_1_18' title="bbox 488 1680 2032 1745">
     <span class='ocr_line' id='line_1_18' title="bbox 488 1680 2032 1745; baseline -0.001 -15"><span class='ocrx_word' id='word_1_111' title='bbox 488 1682 620 1745; x_wconf 86' lang='lat' dir='ltr'><strong>pileo</strong></span> <span class='ocrx_word' id='word_1_112' title='bbox 645 1690 697 1731; x_wconf 88' lang='lat' dir='ltr'><strong>et</strong></span> <span class='ocrx_word' id='word_1_113' title='bbox 717 1681 916 1741; x_wconf 86' lang='lat' dir='ltr'><strong>malleo,</strong></span> <span class='ocrx_word' id='word_1_114' title='bbox 942 1682 1071 1731; x_wconf 84' lang='lat' dir='ltr'><strong>Delii</strong></span> <span class='ocrx_word' id='word_1_115' title='bbox 1113 1695 1223 1745; x_wconf 77' lang='lat' dir='ltr'><strong>cum</strong></span> <span class='ocrx_word' id='word_1_116' title='bbox 1261 1680 1449 1743; x_wconf 86' lang='lat' dir='ltr'><strong>plectro</strong></span> <span class='ocrx_word' id='word_1_117' title='bbox 1473 1691 1524 1731; x_wconf 89' lang='lat' dir='ltr'><strong>et</strong></span> <span class='ocrx_word' id='word_1_118' title='bbox 1548 1682 1724 1730; x_wconf 85' lang='lat' dir='ltr'><strong>fidibus</strong></span> <span class='ocrx_word' id='word_1_119' title='bbox 1742 1716 1756 1739; x_wconf 91' lang='lat'><strong>,</strong></span> <span class='ocrx_word' id='word_1_120' title='bbox 1782 1682 2032 1745; x_wconf 61' lang='lat' dir='ltr'><strong>hiusarum</strong></span> 
     </span>
    </p>
   </div>
   <div class='ocr_carea' id='block_1_19' title="bbox 486 1742 2032 1808">
    <p class='ocr_par' dir='ltr' id='par_1_19' title="bbox 486 1742 2032 1808">
     <span class='ocr_line' id='line_1_19' title="bbox 486 1742 2032 1808; baseline 0 -15"><span class='ocrx_word' id='word_1_121' title='bbox 486 1742 595 1793; x_wconf 77' lang='lat' dir='ltr'><strong>cum</strong></span> <span class='ocrx_word' id='word_1_122' title='bbox 622 1745 756 1795; x_wconf 89' lang='lat' dir='ltr'><strong>tibiis</strong></span> <span class='ocrx_word' id='word_1_123' title='bbox 782 1752 831 1794; x_wconf 85' lang='lat' dir='ltr'><strong>et</strong></span> <span class='ocrx_word' id='word_1_124' title='bbox 859 1744 1103 1808; x_wconf 76' lang='lat' dir='ltr'><strong>psalteriis</strong></span> <span class='ocrx_word' id='word_1_125' title='bbox 1122 1783 1133 1799; x_wconf 84' lang='grc'><strong>,</strong></span> <span class='ocrx_word' id='word_1_126' title='bbox 1161 1742 1377 1808; x_wconf 73' lang='lat' dir='ltr'><strong>Neptuni</strong></span> <span class='ocrx_word' id='word_1_127' title='bbox 1416 1758 1524 1808; x_wconf 84' lang='lat' dir='ltr'><strong>cum</strong></span> <span class='ocrx_word' id='word_1_128' title='bbox 1549 1743 1895 1808; x_wconf 33' lang='lat' dir='ltr'><strong>luscinatlani</strong></span> <span class='ocrx_word' id='word_1_129' title='bbox 1919 1758 2032 1793; x_wconf 88' lang='lat' dir='ltr'><strong>cum</strong></span> 
     </span>
    </p>
   </div>
   <div class='ocr_carea' id='block_1_20' title="bbox 483 1805 2033 1866">
    <p class='ocr_par' dir='ltr' id='par_1_20' title="bbox 483 1805 2033 1866">
     <span class='ocr_line' id='line_1_20' title="bbox 483 1805 2033 1866; baseline -0.001 -10"><span class='ocrx_word' id='word_1_130' title='bbox 483 1808 680 1856; x_wconf 84' lang='lat' dir='ltr'><strong>dentata</strong></span> <span class='ocrx_word' id='word_1_131' title='bbox 719 1805 875 1866; x_wconf 69' lang='lat' dir='ltr'><strong>clave,</strong></span> <span class='ocrx_word' id='word_1_132' title='bbox 914 1807 1050 1855; x_wconf 73' lang='lat' dir='ltr'><strong>lovis</strong></span> <span class='ocrx_word' id='word_1_133' title='bbox 1071 1807 1288 1855; x_wconf 82' lang='lat' dir='ltr'><strong>riciniati</strong></span> <span class='ocrx_word' id='word_1_134' title='bbox 1326 1820 1436 1855; x_wconf 90' lang='lat' dir='ltr'><strong>cum</strong></span> <span class='ocrx_word' id='word_1_135' title='bbox 1461 1806 1648 1866; x_wconf 88' lang='lat' dir='ltr'><strong>fomite,</strong></span> <span class='ocrx_word' id='word_1_136' title='bbox 1690 1805 1900 1855; x_wconf 81' lang='lat' dir='ltr'><strong>Palladis</strong></span> <span class='ocrx_word' id='word_1_137' title='bbox 1922 1819 2033 1855; x_wconf 85' lang='lat' dir='ltr'><strong>cum</strong></span> 
     </span>
    </p>
   </div>
   <div class='ocr_carea' id='block_1_21' title="bbox 486 1867 2032 1931">
    <p class='ocr_par' dir='ltr' id='par_1_21' title="bbox 486 1867 2032 1931">
     <span class='ocr_line' id='line_1_21' title="bbox 486 1867 2032 1931; baseline 0 -13"><span class='ocrx_word' id='word_1_138' title='bbox 486 1868 680 1919; x_wconf 82' lang='lat' dir='ltr'><strong>militari</strong></span> <span class='ocrx_word' id='word_1_139' title='bbox 702 1871 865 1931; x_wconf 79' lang='lat' dir='ltr'><strong>galea,</strong></span> <span class='ocrx_word' id='word_1_140' title='bbox 892 1870 1060 1919; x_wconf 75' lang='lat' dir='ltr'><strong>Matris</strong></span> <span class='ocrx_word' id='word_1_141' title='bbox 1081 1870 1229 1917; x_wconf 86' lang='lat' dir='ltr'><strong>deum</strong></span> <span class='ocrx_word' id='word_1_142' title='bbox 1253 1882 1363 1931; x_wconf 84' lang='lat' dir='ltr'><strong>cum</strong></span> <span class='ocrx_word' id='word_1_143' title='bbox 1389 1879 1633 1931; x_wconf 79' lang='lat' dir='ltr'><strong>tympano,</strong></span> <span class='ocrx_word' id='word_1_144' title='bbox 1659 1867 1768 1918; x_wconf 66' lang='grc' dir='ltr'><strong>ιλιιί</strong></span> <span class='ocrx_word' id='word_1_145' title='bbox 1805 1882 1917 1918; x_wconf 89' lang='lat' dir='ltr'><strong>cum</strong></span> <span class='ocrx_word' id='word_1_146' title='bbox 1939 1871 2032 1918; x_wconf 88' lang='lat' dir='ltr'><strong>du-</strong></span> 
     </span>
    </p>
   </div>
   <div class='ocr_carea' id='block_1_22' title="bbox 489 1930 2033 1995">
    <p class='ocr_par' dir='ltr' id='par_1_22' title="bbox 489 1930 2033 1995">
     <span class='ocr_line' id='line_1_22' title="bbox 489 1930 2033 1995; baseline 0.001 -15"><span class='ocrx_word' id='word_1_147' title='bbox 489 1931 601 1995; x_wconf 87' lang='lat' dir='ltr'><strong>plici</strong></span> <span class='ocrx_word' id='word_1_148' title='bbox 625 1930 805 1987; x_wconf 82' lang='lat' dir='ltr'><strong>fronte,</strong></span> <span class='ocrx_word' id='word_1_149' title='bbox 826 1931 963 1981; x_wconf 81' lang='lat' dir='ltr'><strong>Jovis</strong></span> <span class='ocrx_word' id='word_1_150' title='bbox 980 1946 1089 1979; x_wconf 88' lang='lat' dir='ltr'><strong>cum</strong></span> <span class='ocrx_word' id='word_1_151' title='bbox 1103 1932 1271 1990; x_wconf 87' lang='lat' dir='ltr'><strong>barba,</strong></span> <span class='ocrx_word' id='word_1_152' title='bbox 1295 1930 1499 1995; x_wconf 79' lang='lat' dir='ltr'><strong>Cereris</strong></span> <span class='ocrx_word' id='word_1_153' title='bbox 1512 1946 1619 1979; x_wconf 73' lang='lat' dir='ltr'><strong>eum</strong></span> <span class='ocrx_word' id='word_1_154' title='bbox 1641 1931 1862 1980; x_wconf 84' lang='lat' dir='ltr'><strong>mammis</strong></span> <span class='ocrx_word' id='word_1_155' title='bbox 1884 1945 2033 1995; x_wconf 80' lang='lat' dir='ltr'><strong>gran-</strong></span> 
     </span>
    </p>
   </div>
   <div class='ocr_carea' id='block_1_23' title="bbox 485 1993 1671 2056">
    <p class='ocr_par' dir='ltr' id='par_1_23' title="bbox 485 1993 1671 2056">
     <span class='ocr_line' id='line_1_23' title="bbox 485 1993 1671 2056; baseline -0.001 -12"><span class='ocrx_word' id='word_1_156' title='bbox 485 1993 649 2056; x_wconf 83' lang='lat' dir='ltr'><strong>dibus,</strong></span> <span class='ocrx_word' id='word_1_157' title='bbox 678 2004 729 2045; x_wconf 87' lang='lat' dir='ltr'><strong>et</strong></span> <span class='ocrx_word' id='word_1_158' title='bbox 752 1995 925 2044; x_wconf 72' lang='lat' dir='ltr'><strong>Dianae</strong></span> <span class='ocrx_word' id='word_1_159' title='bbox 947 2008 1060 2044; x_wconf 87' lang='lat' dir='ltr'><strong>cum</strong></span> <span class='ocrx_word' id='word_1_160' title='bbox 1082 1995 1358 2043; x_wconf 85' lang='lat' dir='ltr'><strong>semiteetis</strong></span> <span class='ocrx_word' id='word_1_161' title='bbox 1380 1993 1671 2043; x_wconf 84' lang='lat' dir='ltr'><strong>femoribus.</strong></span> 
     </span>
    </p>
   </div>
   <div class='ocr_carea' id='block_1_24' title="bbox 500 2101 2038 2173">
    <p class='ocr_par' dir='ltr' id='par_1_24' title="bbox 500 2101 2038 2173">
     <span class='ocr_line' id='line_1_24' title="bbox 500 2101 2038 2173; baseline 0.003 -18"><span class='ocrx_word' id='word_1_162' title='bbox 500 2101 893 2172; x_wconf 87' lang='lat' dir='ltr'><strong>Deplorandam</strong></span> <span class='ocrx_word' id='word_1_163' title='bbox 937 2103 1220 2173; x_wconf 87' lang='lat' dir='ltr'><strong>gentilium</strong></span> <span class='ocrx_word' id='word_1_164' title='bbox 1272 2104 1568 2158; x_wconf 63' lang='lat' dir='ltr'><strong>caecitatem</strong></span> <span class='ocrx_word' id='word_1_165' title='bbox 1615 2105 1795 2159; x_wconf 91' lang='lat' dir='ltr'><strong>acrius</strong></span> <span class='ocrx_word' id='word_1_166' title='bbox 1848 2114 2038 2159; x_wconf 85' lang='lat' dir='ltr'><strong>auctor</strong></span> 
     </span>
    </p>
   </div>
   <div class='ocr_carea' id='block_1_25' title="bbox 2113 568 3661 643">
    <p class='ocr_par' dir='ltr' id='par_1_25' title="bbox 2113 568 3661 643">
     <span class='ocr_line' id='line_1_25' title="bbox 2113 568 3661 643; baseline 0.002 -16"><span class='ocrx_word' id='word_1_167' title='bbox 2113 575 2408 627; x_wconf 82' lang='lat' dir='ltr'><strong>caduceum.</strong></span> <span class='ocrx_word' id='word_1_168' title='bbox 2454 571 2671 627; x_wconf 84' lang='lat' dir='ltr'><strong>Plautus</strong></span> <span class='ocrx_word' id='word_1_169' title='bbox 2720 585 2848 626; x_wconf 87' lang='lat' dir='ltr'><strong>vero</strong></span> <span class='ocrx_word' id='word_1_170' title='bbox 2893 568 3216 627; x_wconf 80' lang='lat' dir='ltr'><strong>Mercurium</strong></span> <span class='ocrx_word' id='word_1_171' title='bbox 3260 569 3337 626; x_wconf 86' lang='lat' dir='ltr'><strong>sic</strong></span> <span class='ocrx_word' id='word_1_172' title='bbox 3387 571 3661 643; x_wconf 84' lang='lat' dir='ltr'><strong>loquentem</strong></span> 
     </span>
    </p>
   </div>
   <div class='ocr_carea' id='block_1_26' title="bbox 2116 668 2363 724">
    <p class='ocr_par' dir='ltr' id='par_1_26' title="bbox 2116 668 2363 724">
     <span class='ocr_line' id='line_1_26' title="bbox 2116 668 2363 724; baseline 0 -3"><span class='ocrx_word' id='word_1_173' title='bbox 2116 668 2319 724; x_wconf 88' lang='lat' dir='ltr'><strong>inducit</strong></span> <span class='ocrx_word' id='word_1_174' title='bbox 2348 686 2363 721; x_wconf 91' lang='lat'><strong>:</strong></span> 
     </span>
    </p>
   </div>
   <div class='ocr_carea' id='block_1_27' title="bbox 2210 780 3441 845">
    <p class='ocr_par' dir='ltr' id='par_1_27' title="bbox 2210 780 3441 845">
     <span class='ocr_line' id='line_1_27' title="bbox 2210 780 3441 845; baseline -0.002 -12"><span class='ocrx_word' id='word_1_175' title='bbox 2210 782 2316 844; x_wconf 82' lang='lat' dir='ltr'><strong>Ego</strong></span> <span class='ocrx_word' id='word_1_176' title='bbox 2338 782 2425 832; x_wconf 90' lang='lat' dir='ltr'><strong>has</strong></span> <span class='ocrx_word' id='word_1_177' title='bbox 2444 780 2638 833; x_wconf 88' lang='lat' dir='ltr'><strong>habebo</strong></span> <span class='ocrx_word' id='word_1_178' title='bbox 2662 781 2742 833; x_wconf 91' lang='lat' dir='ltr'><strong>hic</strong></span> <span class='ocrx_word' id='word_1_179' title='bbox 2759 794 2915 845; x_wconf 89' lang='lat' dir='ltr'><strong>usque</strong></span> <span class='ocrx_word' id='word_1_180' title='bbox 2941 782 3001 845; x_wconf 90' lang='lat' dir='ltr'><strong>in_</strong></span> <span class='ocrx_word' id='word_1_181' title='bbox 3015 788 3186 845; x_wconf 80' lang='lat' dir='ltr'><strong>petaso</strong></span> <span class='ocrx_word' id='word_1_182' title='bbox 3206 780 3441 845; x_wconf 83' lang='lat' dir='ltr'><strong>pinnulas.</strong></span> 
     </span>
    </p>
   </div>
   <div class='ocr_carea' id='block_1_28' title="bbox 2913 840 3598 912">
    <p class='ocr_par' dir='ltr' id='par_1_28' title="bbox 2913 840 3598 912">
     <span class='ocr_line' id='line_1_28' title="bbox 2913 840 3598 912; baseline 0.004 -18"><span class='ocrx_word' id='word_1_183' title='bbox 2913 840 3123 908; x_wconf 59' lang='lat' dir='ltr'><strong>(Plaut,</strong></span> <span class='ocrx_word' id='word_1_184' title='bbox 3144 840 3346 911; x_wconf 72' lang='lat' dir='ltr'><strong>Prolog.</strong></span> <span class='ocrx_word' id='word_1_185' title='bbox 3367 844 3598 912; x_wconf 78' lang='lat' dir='ltr'><strong>Ampltir.)</strong></span> 
     </span>
    </p>
   </div>
   <div class='ocr_carea' id='block_1_29' title="bbox 2121 948 3675 1028">
    <p class='ocr_par' dir='ltr' id='par_1_29' title="bbox 2121 948 3675 1028">
     <span class='ocr_line' id='line_1_29' title="bbox 2121 948 3675 1028; baseline 0.001 -22"><span class='ocrx_word' id='word_1_186' title='bbox 2121 954 2293 1021; x_wconf 81' lang='lat' dir='ltr'><strong>Quem</strong></span> <span class='ocrx_word' id='word_1_187' title='bbox 2320 954 2373 1007; x_wconf 91' lang='lat' dir='ltr'><strong>in</strong></span> <span class='ocrx_word' id='word_1_188' title='bbox 2403 966 2621 1008; x_wconf 85' lang='lat' dir='ltr'><strong>versum</strong></span> <span class='ocrx_word' id='word_1_189' title='bbox 2643 994 2659 1021; x_wconf 98' lang='lat'><strong>,</strong></span> <span class='ocrx_word' id='word_1_190' title='bbox 2691 948 2972 1019; x_wconf 86' lang='lat' dir='ltr'><strong>Lambini,</strong></span> <span class='ocrx_word' id='word_1_191' title='bbox 3017 951 3063 1007; x_wconf 89' lang='lat' dir='ltr'><strong>si</strong></span> <span class='ocrx_word' id='word_1_192' title='bbox 3093 948 3274 1017; x_wconf 91' lang='lat' dir='ltr'><strong>lubet,</strong></span> <span class='ocrx_word' id='word_1_193' title='bbox 3305 950 3675 1028; x_wconf 81' lang='lat' dir='ltr'><strong>observationes</strong></span> 
     </span>
    </p>
   </div>
   <div class='ocr_carea' id='block_1_30' title="bbox 2121 1047 2364 1103">
    <p class='ocr_par' dir='ltr' id='par_1_30' title="bbox 2121 1047 2364 1103">
     <span class='ocr_line' id='line_1_30' title="bbox 2121 1047 2364 1103; baseline -0.008 0"><span class='ocrx_word' id='word_1_194' title='bbox 2121 1047 2364 1103; x_wconf 89' lang='lat' dir='ltr'><strong>consule.</strong></span> 
     </span>
    </p>
   </div>
   <div class='ocr_carea' id='block_1_31' title="bbox 2194 1136 3679 1209">
    <p class='ocr_par' dir='ltr' id='par_1_31' title="bbox 2194 1136 3679 1209">
     <span class='ocr_line' id='line_1_31' title="bbox 2194 1136 3679 1209; baseline -0.001 -14"><span class='ocrx_word' id='word_1_195' title='bbox 2194 1140 2324 1195; x_wconf 88' lang='lat' dir='ltr'><strong>Eam</strong></span> <span class='ocrx_word' id='word_1_196' title='bbox 2352 1154 2483 1195; x_wconf 90' lang='lat' dir='ltr'><strong>sane</strong></span> <span class='ocrx_word' id='word_1_197' title='bbox 2526 1138 2596 1194; x_wconf 93' lang='lat' dir='ltr'><strong>ob</strong></span> <span class='ocrx_word' id='word_1_198' title='bbox 2638 1152 2855 1194; x_wconf 86' lang='lat' dir='ltr'><strong>causam</strong></span> <span class='ocrx_word' id='word_1_199' title='bbox 2881 1146 3068 1209; x_wconf 88' lang='lat' dir='ltr'><strong>postea</strong></span> <span class='ocrx_word' id='word_1_200' title='bbox 3101 1136 3238 1191; x_wconf 78' lang='lat' dir='ltr'><strong>dixit</strong></span> <span class='ocrx_word' id='word_1_201' title='bbox 3267 1144 3448 1192; x_wconf 87' lang='lat' dir='ltr'><strong>auctor</strong></span> <span class='ocrx_word' id='word_1_202' title='bbox 3478 1145 3641 1192; x_wconf 88' lang='lat' dir='ltr'><strong>noster</strong></span> <span class='ocrx_word' id='word_1_203' title='bbox 3667 1154 3679 1194; x_wconf 90' lang='lat'>:</span> 
     </span>
    </p>
   </div>
   <div class='ocr_carea' id='block_1_32' title="bbox 2128 1228 3681 1303">
    <p class='ocr_par' dir='ltr' id='par_1_32' title="bbox 2128 1228 3681 1303">
     <span class='ocr_line' id='line_1_32' title="bbox 2128 1228 3681 1303; baseline -0.003 -15"><span class='ocrx_word' id='word_1_204' title='bbox 2128 1233 2417 1288; x_wconf 76' lang='lat' dir='ltr'><strong>Mercurius</strong></span> <span class='ocrx_word' id='word_1_205' title='bbox 2450 1233 2691 1302; x_wconf 85' lang='lat' dir='ltr'><strong>pinnatus</strong></span> <span class='ocrx_word' id='word_1_206' title='bbox 2721 1232 3063 1303; x_wconf 81' lang='lat' dir='ltr'><strong>Argiphonles</strong></span> <span class='ocrx_word' id='word_1_207' title='bbox 3093 1228 3306 1303; x_wconf 81' lang='lat' dir='ltr'><strong>(Arnob.</strong></span> <span class='ocrx_word' id='word_1_208' title='bbox 3330 1272 3345 1297; x_wconf 94' lang='lat'><strong>,</strong></span> <span class='ocrx_word' id='word_1_209' title='bbox 3379 1228 3465 1284; x_wconf 86' lang='lat' dir='ltr'><strong>lib.</strong></span> <span class='ocrx_word' id='word_1_210' title='bbox 3492 1246 3557 1297; x_wconf 72' lang='grc' dir='ltr'>ιιι,</span> <span class='ocrx_word' id='word_1_211' title='bbox 3584 1248 3681 1301; x_wconf 88' lang='lat' dir='ltr'><strong>pag.</strong></span> 
     </span>
    </p>
   </div>
   <div class='ocr_carea' id='block_1_33' title="bbox 2125 1324 3687 1399">
    <p class='ocr_par' dir='ltr' id='par_1_33' title="bbox 2125 1324 3687 1399">
     <span class='ocr_line' id='line_1_33' title="bbox 2125 1324 3687 1399; baseline -0.003 -18"><span class='ocrx_word' id='word_1_212' title='bbox 2125 1325 2280 1399; x_wconf 79' lang='lat'><strong>209),</strong></span> <span class='ocrx_word' id='word_1_213' title='bbox 2313 1327 2365 1381; x_wconf 93' lang='lat' dir='ltr'><strong>in</strong></span> <span class='ocrx_word' id='word_1_214' title='bbox 2421 1325 2791 1397; x_wconf 89' lang='lat' dir='ltr'><strong>manuscripto</strong></span> <span class='ocrx_word' id='word_1_215' title='bbox 2843 1325 3029 1381; x_wconf 91' lang='lat' dir='ltr'><strong>codice</strong></span> <span class='ocrx_word' id='word_1_216' title='bbox 3082 1324 3266 1395; x_wconf 84' lang='lat' dir='ltr'><strong>regio,</strong></span> <span class='ocrx_word' id='word_1_217' title='bbox 3318 1324 3687 1395; x_wconf 72' lang='lat' dir='ltr'><strong>Argiforonites,</strong></span> 
     </span>
    </p>
   </div>
   <div class='ocr_carea' id='block_1_34' title="bbox 2129 1419 3686 1496">
    <p class='ocr_par' dir='ltr' id='par_1_34' title="bbox 2129 1419 3686 1496">
     <span class='ocr_line' id='line_1_34' title="bbox 2129 1419 3686 1496; baseline -0.001 -22"><span class='ocrx_word' id='word_1_218' title='bbox 2129 1419 2391 1474; x_wconf 77' lang='lat' dir='ltr'><strong>mendose</strong></span> <span class='ocrx_word' id='word_1_219' title='bbox 2437 1435 2451 1472; x_wconf 74' lang='grc' dir='ltr'><strong>ε</strong></span> <span class='ocrx_word' id='word_1_220' title='bbox 2498 1420 2696 1474; x_wconf 91' lang='lat' dir='ltr'><strong>etenim</strong></span> <span class='ocrx_word' id='word_1_221' title='bbox 2731 1419 3100 1490; x_wconf 79' lang='lat' dir='ltr'><strong>Argiphontes,</strong></span> <span class='ocrx_word' id='word_1_222' title='bbox 3152 1432 3326 1489; x_wconf 67' lang='lat' dir='ltr'><strong>graece</strong></span> <span class='ocrx_word' id='word_1_223' title='bbox 3377 1419 3686 1496; x_wconf 60' lang='grc' dir='ltr'><strong>Αργειφόντης,</strong></span> 
     </span>
    </p>
   </div>
   <div class='ocr_carea' id='block_1_35' title="bbox 2131 1510 3687 1581">
    <p class='ocr_par' dir='ltr' id='par_1_35' title="bbox 2131 1510 3687 1581">
     <span class='ocr_line' id='line_1_35' title="bbox 2131 1510 3687 1581; baseline -0.001 -15"><span class='ocrx_word' id='word_1_224' title='bbox 2131 1511 2381 1566; x_wconf 83' lang='lat' dir='ltr'><strong>Mercurii</strong></span> <span class='ocrx_word' id='word_1_225' title='bbox 2409 1520 2493 1566; x_wconf 91' lang='lat' dir='ltr'><strong>est</strong></span> <span class='ocrx_word' id='word_1_226' title='bbox 2519 1511 2823 1581; x_wconf 88' lang='lat' dir='ltr'><strong>epithetum</strong></span> <span class='ocrx_word' id='word_1_227' title='bbox 2850 1552 2865 1579; x_wconf 94' lang='lat'><strong>,</strong></span> <span class='ocrx_word' id='word_1_228' title='bbox 2916 1526 3025 1580; x_wconf 92' lang='lat' dir='ltr'><strong>quo</strong></span> <span class='ocrx_word' id='word_1_229' title='bbox 3074 1510 3294 1581; x_wconf 91' lang='lat' dir='ltr'><strong>quidem</strong></span> <span class='ocrx_word' id='word_1_230' title='bbox 3339 1521 3527 1581; x_wconf 78' lang='lat' dir='ltr'><strong>praeter</strong></span> <span class='ocrx_word' id='word_1_231' title='bbox 3549 1511 3687 1576; x_wconf 88' lang='lat' dir='ltr'><strong>alios,</strong></span> 
     </span>
    </p>
   </div>
   <div class='ocr_carea' id='block_1_36' title="bbox 2135 1603 3689 1673">
    <p class='ocr_par' dir='ltr' id='par_1_36' title="bbox 2135 1603 3689 1673">
     <span class='ocr_line' id='line_1_36' title="bbox 2135 1603 3689 1673; baseline -0.001 -15"><span class='ocrx_word' id='word_1_232' title='bbox 2135 1604 2279 1659; x_wconf 88' lang='lat' dir='ltr'><strong>haud</strong></span> <span class='ocrx_word' id='word_1_233' title='bbox 2312 1603 2486 1659; x_wconf 88' lang='lat' dir='ltr'><strong>semel</strong></span> <span class='ocrx_word' id='word_1_234' title='bbox 2512 1618 2646 1659; x_wconf 92' lang='lat' dir='ltr'><strong>usus</strong></span> <span class='ocrx_word' id='word_1_235' title='bbox 2672 1613 2755 1659; x_wconf 85' lang='lat' dir='ltr'><strong>est</strong></span> <span class='ocrx_word' id='word_1_236' title='bbox 2783 1604 3083 1670; x_wconf 88' lang='lat' dir='ltr'><strong>Homerus,</strong></span> <span class='ocrx_word' id='word_1_237' title='bbox 3128 1615 3289 1672; x_wconf 87' lang='lat' dir='ltr'><strong>atque</strong></span> <span class='ocrx_word' id='word_1_238' title='bbox 3324 1604 3391 1657; x_wconf 89' lang='lat' dir='ltr'><strong>ab</strong></span> <span class='ocrx_word' id='word_1_239' title='bbox 3416 1603 3525 1673; x_wconf 89' lang='lat' dir='ltr'><strong>ejus</strong></span> <span class='ocrx_word' id='word_1_240' title='bbox 3553 1604 3689 1658; x_wconf 84' lang='lat' dir='ltr'><strong>inter-</strong></span> 
     </span>
    </p>
   </div>
   <div class='ocr_carea' id='block_1_37' title="bbox 2133 1693 3691 1766">
    <p class='ocr_par' dir='ltr' id='par_1_37' title="bbox 2133 1693 3691 1766">
     <span class='ocr_line' id='line_1_37' title="bbox 2133 1693 3691 1766; baseline -0.001 -16"><span class='ocrx_word' id='word_1_241' title='bbox 2133 1704 2284 1766; x_wconf 85' lang='lat' dir='ltr'><strong>prete</strong></span> <span class='ocrx_word' id='word_1_242' title='bbox 2331 1696 2496 1751; x_wconf 90' lang='lat' dir='ltr'><strong>latine</strong></span> <span class='ocrx_word' id='word_1_243' title='bbox 2540 1694 2804 1763; x_wconf 86' lang='lat' dir='ltr'><strong>redditur,</strong></span> <span class='ocrx_word' id='word_1_244' title='bbox 2840 1695 3082 1766; x_wconf 80' lang='lat' dir='ltr'><strong>Argicida</strong></span> <span class='ocrx_word' id='word_1_245' title='bbox 3111 1704 3159 1748; x_wconf 90' lang='lat' dir='ltr'><strong>et</strong></span> <span class='ocrx_word' id='word_1_246' title='bbox 3203 1693 3580 1764; x_wconf 81' lang='lat' dir='ltr'><strong>internuncius(</strong></span> <span class='ocrx_word' id='word_1_247' title='bbox 3602 1693 3691 1749; x_wconf 82' lang='lat' dir='ltr'><strong>Ho—</strong></span> 
     </span>
    </p>
   </div>
   <div class='ocr_carea' id='block_1_38' title="bbox 2137 1787 3693 1860">
    <p class='ocr_par' dir='ltr' id='par_1_38' title="bbox 2137 1787 3693 1860">
     <span class='ocr_line' id='line_1_38' title="bbox 2137 1787 3693 1860; baseline -0.001 -18"><span class='ocrx_word' id='word_1_248' title='bbox 2137 1804 2287 1855; x_wconf 88' lang='lat' dir='ltr'><strong>mer.,</strong></span> <span class='ocrx_word' id='word_1_249' title='bbox 2318 1788 2483 1844; x_wconf 82' lang='lat' dir='ltr'><strong>Iliad.</strong></span> <span class='ocrx_word' id='word_1_250' title='bbox 2513 1805 2624 1855; x_wconf 73' lang='lat' dir='ltr'><strong>3m,</strong></span> <span class='ocrx_word' id='word_1_251' title='bbox 2653 1806 2776 1860; x_wconf 88' lang='lat' dir='ltr'><strong>pag.</strong></span> <span class='ocrx_word' id='word_1_252' title='bbox 2803 1788 2934 1854; x_wconf 68' lang='lat'><strong>296,</strong></span> <span class='ocrx_word' id='word_1_253' title='bbox 2969 1802 3015 1842; x_wconf 88' lang='lat' dir='ltr'><strong>ct</strong></span> <span class='ocrx_word' id='word_1_254' title='bbox 3046 1787 3205 1843; x_wconf 88' lang='lat' dir='ltr'><strong>Iliad.</strong></span> <span class='ocrx_word' id='word_1_255' title='bbox 3235 1802 3382 1856; x_wconf 76' lang='lat' dir='ltr'><strong>xxrv,</strong></span> <span class='ocrx_word' id='word_1_256' title='bbox 3412 1805 3524 1859; x_wconf 86' lang='lat' dir='ltr'><strong>pag.</strong></span> <span class='ocrx_word' id='word_1_257' title='bbox 3556 1787 3693 1859; x_wconf 69' lang='grc'><strong>418).</strong></span> 
     </span>
    </p>
   </div>
   <div class='ocr_carea' id='block_1_39' title="bbox 2066 1882 3691 1955">
    <p class='ocr_par' dir='ltr' id='par_1_39' title="bbox 2066 1882 3691 1955">
     <span class='ocr_line' id='line_1_39' title="bbox 2066 1882 3691 1955; baseline 0.002 -17"><span class='ocrx_word' id='word_1_258' title='bbox 2066 1892 2114 1953; x_wconf 82' lang='grc' dir='ltr'><strong>Β</strong></span> <span class='ocrx_word' id='word_1_259' title='bbox 2140 1883 2465 1939; x_wconf 82' lang='lat' dir='ltr'><strong>Mercurium</strong></span> <span class='ocrx_word' id='word_1_260' title='bbox 2496 1894 2674 1939; x_wconf 90' lang='lat' dir='ltr'><strong>autem</strong></span> <span class='ocrx_word' id='word_1_261' title='bbox 2703 1882 2781 1939; x_wconf 75' lang='lat' dir='ltr'><strong>sic</strong></span> <span class='ocrx_word' id='word_1_262' title='bbox 2808 1884 3246 1955; x_wconf 80' lang='lat' dir='ltr'><strong>cognominatum</strong></span> <span class='ocrx_word' id='word_1_263' title='bbox 3274 1882 3489 1954; x_wconf 87' lang='lat' dir='ltr'><strong>quidam</strong></span> <span class='ocrx_word' id='word_1_264' title='bbox 3515 1883 3691 1941; x_wconf 64' lang='lat' dir='ltr'><strong>volunt.</strong></span> 
     </span>
    </p>
   </div>
   <div class='ocr_carea' id='block_1_40' title="bbox 2140 1976 3696 2048">
    <p class='ocr_par' dir='ltr' id='par_1_40' title="bbox 2140 1976 3696 2048">
     <span class='ocr_line' id='line_1_40' title="bbox 2140 1976 3696 2048; baseline -0.001 -19"><span class='ocrx_word' id='word_1_265' title='bbox 2140 1978 2264 2047; x_wconf 88' lang='lat' dir='ltr'><strong>quia</strong></span> <span class='ocrx_word' id='word_1_266' title='bbox 2296 1976 2497 2048; x_wconf 81' lang='lat' dir='ltr'><strong>Argum</strong></span> <span class='ocrx_word' id='word_1_267' title='bbox 2530 1976 2802 2032; x_wconf 88' lang='lat' dir='ltr'><strong>interfecit</strong></span> <span class='ocrx_word' id='word_1_268' title='bbox 2818 2020 2831 2041; x_wconf 94' lang='lat'><strong>,</strong></span> <span class='ocrx_word' id='word_1_269' title='bbox 2854 1977 2938 2031; x_wconf 87' lang='lat' dir='ltr'><strong>vel</strong></span> <span class='ocrx_word' id='word_1_270' title='bbox 2964 1986 3019 2031; x_wconf 89' lang='lat' dir='ltr'><strong>ut</strong></span> <span class='ocrx_word' id='word_1_271' title='bbox 3038 1977 3156 2031; x_wconf 85' lang='lat' dir='ltr'><strong>aliis</strong></span> <span class='ocrx_word' id='word_1_272' title='bbox 3180 1977 3374 2047; x_wconf 85' lang='lat' dir='ltr'><strong>placet,</strong></span> <span class='ocrx_word' id='word_1_273' title='bbox 3398 1991 3426 2030; x_wconf 74' lang='grc' dir='ltr'><strong>ιι</strong></span> <span class='ocrx_word' id='word_1_274' title='bbox 3447 1976 3696 2040; x_wconf 84' lang='lat' dir='ltr'><strong>sermonis,</strong></span> 
     </span>
    </p>
   </div>
   <div class='ocr_carea' id='block_1_41' title="bbox 2140 2067 3696 2141">
    <p class='ocr_par' dir='ltr' id='par_1_41' title="bbox 2140 2067 3696 2141">
     <span class='ocr_line' id='line_1_41' title="bbox 2140 2067 3696 2141; baseline -0.002 -17"><span class='ocrx_word' id='word_1_275' title='bbox 2140 2070 2224 2124; x_wconf 91' lang='lat' dir='ltr'><strong>cui</strong></span> <span class='ocrx_word' id='word_1_276' title='bbox 2268 2085 2503 2139; x_wconf 66' lang='lat' dir='ltr'><strong>praeesse</strong></span> <span class='ocrx_word' id='word_1_277' title='bbox 2527 2068 2825 2136; x_wconf 83' lang='lat' dir='ltr'><strong>ferebatur,</strong></span> <span class='ocrx_word' id='word_1_278' title='bbox 2860 2071 3175 2141; x_wconf 87' lang='lat' dir='ltr'><strong>pernicitate</strong></span> <span class='ocrx_word' id='word_1_279' title='bbox 3204 2079 3255 2123; x_wconf 87' lang='lat' dir='ltr'><strong>et</strong></span> <span class='ocrx_word' id='word_1_280' title='bbox 3289 2069 3576 2124; x_wconf 87' lang='lat' dir='ltr'><strong>velocitate.</strong></span> <span class='ocrx_word' id='word_1_281' title='bbox 3604 2067 3696 2135; x_wconf 86' lang='lat' dir='ltr'><strong>Qua</strong></span> 
     </span>
    </p>
   </div>
   <div class='ocr_carea' id='block_1_42' title="bbox 2141 2160 3697 2235">
    <p class='ocr_par' dir='ltr' id='par_1_42' title="bbox 2141 2160 3697 2235">
     <span class='ocr_line' id='line_1_42' title="bbox 2141 2160 3697 2235; baseline 0 -20"><span class='ocrx_word' id='word_1_282' title='bbox 2141 2162 2209 2215; x_wconf 91' lang='lat' dir='ltr'><strong>de</strong></span> <span class='ocrx_word' id='word_1_283' title='bbox 2241 2177 2300 2216; x_wconf 90' lang='lat' dir='ltr'><strong>re</strong></span> <span class='ocrx_word' id='word_1_284' title='bbox 2324 2161 2525 2216; x_wconf 89' lang='lat' dir='ltr'><strong>videsis</strong></span> <span class='ocrx_word' id='word_1_285' title='bbox 2553 2162 2886 2227; x_wconf 85' lang='lat' dir='ltr'><strong>Macrobium</strong></span> <span class='ocrx_word' id='word_1_286' title='bbox 2937 2172 2990 2217; x_wconf 90' lang='lat' dir='ltr'><strong>et</strong></span> <span class='ocrx_word' id='word_1_287' title='bbox 3039 2162 3235 2217; x_wconf 90' lang='lat' dir='ltr'><strong>Lilium</strong></span> <span class='ocrx_word' id='word_1_288' title='bbox 3264 2162 3534 2219; x_wconf 83' lang='lat' dir='ltr'><strong>Giraldum</strong></span> <span class='ocrx_word' id='word_1_289' title='bbox 3558 2160 3577 2235; x_wconf 90' lang='lat'><strong>(</strong></span> <span class='ocrx_word' id='word_1_290' title='bbox 3602 2160 3697 2215; x_wconf 73' lang='lat' dir='ltr'><strong>Ma-</strong></span> 
     </span>
    </p>
   </div>
   <div class='ocr_carea' id='block_1_43' title="bbox 2140 2254 3699 2329">
    <p class='ocr_par' dir='ltr' id='par_1_43' title="bbox 2140 2254 3699 2329">
     <span class='ocr_line' id='line_1_43' title="bbox 2140 2254 3699 2329; baseline 0.001 -22"><span class='ocrx_word' id='word_1_291' title='bbox 2140 2256 2279 2308; x_wconf 90' lang='lat' dir='ltr'><strong>crob.</strong></span> <span class='ocrx_word' id='word_1_292' title='bbox 2300 2297 2315 2318; x_wconf 92' lang='lat'><strong>,</strong></span> <span class='ocrx_word' id='word_1_293' title='bbox 2349 2254 2439 2309; x_wconf 84' lang='lat' dir='ltr'><strong>lib.</strong></span> <span class='ocrx_word' id='word_1_294' title='bbox 2469 2271 2485 2309; x_wconf 91' lang='lat' dir='ltr'><strong>l</strong></span> <span class='ocrx_word' id='word_1_295' title='bbox 2535 2255 2801 2311; x_wconf 85' lang='lat' dir='ltr'><strong>Saturnal.</strong></span> <span class='ocrx_word' id='word_1_296' title='bbox 2828 2298 2843 2323; x_wconf 95' lang='lat'><strong>,</strong></span> <span class='ocrx_word' id='word_1_297' title='bbox 2895 2273 3013 2324; x_wconf 86' lang='lat' dir='ltr'><strong>cap.</strong></span> <span class='ocrx_word' id='word_1_298' title='bbox 3046 2257 3099 2323; x_wconf 91' lang='lat'><strong>9,</strong></span> <span class='ocrx_word' id='word_1_299' title='bbox 3127 2274 3248 2329; x_wconf 87' lang='lat' dir='ltr'><strong>pag.</strong></span> <span class='ocrx_word' id='word_1_300' title='bbox 3299 2257 3436 2323; x_wconf 69' lang='lat'><strong>268;</strong></span> <span class='ocrx_word' id='word_1_301' title='bbox 3496 2255 3699 2326; x_wconf 56' lang='grc' dir='ltr'><strong>δινώδη</strong></span> 
     </span>
    </p>
   </div>
   <div class='ocr_carea' id='block_1_44' title="bbox 2145 2345 3273 2418">
    <p class='ocr_par' dir='ltr' id='par_1_44' title="bbox 2145 2345 3273 2418">
     <span class='ocr_line' id='line_1_44' title="bbox 2145 2345 3273 2418; baseline 0.001 -18"><span class='ocrx_word' id='word_1_302' title='bbox 2145 2346 2418 2416; x_wconf 82' lang='lat' dir='ltr'><strong>Synragm.</strong></span> <span class='ocrx_word' id='word_1_303' title='bbox 2454 2348 2594 2399; x_wconf 85' lang='lat' dir='ltr'><strong>deor.</strong></span> <span class='ocrx_word' id='word_1_304' title='bbox 2623 2345 2679 2412; x_wconf 87' lang='lat'><strong>9,</strong></span> <span class='ocrx_word' id='word_1_305' title='bbox 2715 2362 2836 2417; x_wconf 89' lang='lat' dir='ltr'><strong>pag.</strong></span> <span class='ocrx_word' id='word_1_306' title='bbox 2870 2347 2972 2403; x_wconf 73' lang='lat'><strong>291</strong></span> <span class='ocrx_word' id='word_1_307' title='bbox 3007 2356 3054 2401; x_wconf 88' lang='lat' dir='ltr'><strong>et</strong></span> <span class='ocrx_word' id='word_1_308' title='bbox 3084 2349 3273 2418; x_wconf 68' lang='lat' dir='ltr'><strong>seqq)</strong></span> 
     </span>
    </p>
   </div>
   <div class='ocr_carea' id='block_1_45' title="bbox 2214 2436 3701 2510">
    <p class='ocr_par' dir='ltr' id='par_1_45' title="bbox 2214 2436 3701 2510">
     <span class='ocr_line' id='line_1_45' title="bbox 2214 2436 3701 2510; baseline 0 -17"><span class='ocrx_word' id='word_1_309' title='bbox 2214 2439 2568 2510; x_wconf 86' lang='lat' dir='ltr'><strong>Prosequitur</strong></span> <span class='ocrx_word' id='word_1_310' title='bbox 2595 2436 2868 2494; x_wconf 83' lang='lat' dir='ltr'><strong>Arnobius</strong></span> <span class='ocrx_word' id='word_1_311' title='bbox 2900 2458 2913 2492; x_wconf 91' lang='lat'><strong>:</strong></span> <span class='ocrx_word' id='word_1_312' title='bbox 2949 2458 2969 2491; x_wconf 80' lang='grc' dir='ltr'><strong>ι</strong></span> <span class='ocrx_word' id='word_1_313' title='bbox 3006 2440 3441 2496; x_wconf 87' lang='lat' dir='ltr'><strong>Libermembris</strong></span> <span class='ocrx_word' id='word_1_314' title='bbox 3459 2455 3571 2496; x_wconf 90' lang='lat' dir='ltr'><strong>cum</strong></span> <span class='ocrx_word' id='word_1_315' title='bbox 3591 2439 3701 2494; x_wconf 85' lang='lat' dir='ltr'><strong>mol-</strong></span> 
     </span>
    </p>
   </div>
   <div class='ocr_carea' id='block_1_46' title="bbox 2144 2533 3701 2602">
    <p class='ocr_par' dir='ltr' id='par_1_46' title="bbox 2144 2533 3701 2602">
     <span class='ocr_line' id='line_1_46' title="bbox 2144 2533 3701 2602; baseline 0.001 -15"><span class='ocrx_word' id='word_1_316' title='bbox 2144 2535 2420 2601; x_wconf 83' lang='lat' dir='ltr'><strong>libus,~et</strong></span> <span class='ocrx_word' id='word_1_317' title='bbox 2453 2535 2679 2602; x_wconf 83' lang='lat' dir='ltr'><strong>liquoris</strong></span> <span class='ocrx_word' id='word_1_318' title='bbox 2729 2536 2945 2589; x_wconf 79' lang='lat' dir='ltr'><strong>feminei</strong></span> <span class='ocrx_word' id='word_1_319' title='bbox 2995 2533 3453 2591; x_wconf 88' lang='lat' dir='ltr'><strong>dissolutissimus</strong></span> <span class='ocrx_word' id='word_1_320' title='bbox 3501 2535 3701 2590; x_wconf 74' lang='lat' dir='ltr'><strong>laxitate.</strong></span> 
     </span>
    </p>
   </div>
   <div class='ocr_carea' id='block_1_47' title="bbox 2146 2628 3699 2700">
    <p class='ocr_par' dir='ltr' id='par_1_47' title="bbox 2146 2628 3699 2700">
     <span class='ocr_line' id='line_1_47' title="bbox 2146 2628 3699 2700; baseline 0 -18"><span class='ocrx_word' id='word_1_321' title='bbox 2146 2628 2328 2683; x_wconf 86' lang='lat' dir='ltr'><strong>Venus</strong></span> <span class='ocrx_word' id='word_1_322' title='bbox 2360 2628 2498 2683; x_wconf 86' lang='lat' dir='ltr'><strong>nuda</strong></span> <span class='ocrx_word' id='word_1_323' title='bbox 2547 2637 2602 2683; x_wconf 92' lang='lat' dir='ltr'><strong>et</strong></span> <span class='ocrx_word' id='word_1_324' title='bbox 2630 2638 2813 2697; x_wconf 87' lang='lat' dir='ltr'><strong>aperta</strong></span> <span class='ocrx_word' id='word_1_325' title='bbox 2835 2670 2849 2696; x_wconf 95' lang='lat'><strong>,</strong></span> <span class='ocrx_word' id='word_1_326' title='bbox 2903 2637 3172 2700; x_wconf 88' lang='lat' dir='ltr'><strong>tamquam</strong></span> <span class='ocrx_word' id='word_1_327' title='bbox 3201 2630 3245 2683; x_wconf 90' lang='lat' dir='ltr'><strong>si</strong></span> <span class='ocrx_word' id='word_1_328' title='bbox 3282 2630 3431 2684; x_wconf 89' lang='lat' dir='ltr'><strong>illam</strong></span> <span class='ocrx_word' id='word_1_329' title='bbox 3463 2629 3601 2684; x_wconf 87' lang='lat' dir='ltr'><strong>dicas</strong></span> <span class='ocrx_word' id='word_1_330' title='bbox 3625 2642 3699 2698; x_wconf 87' lang='lat' dir='ltr'><strong>pu-</strong></span> 
     </span>
    </p>
   </div>
   <div class='ocr_carea' id='block_1_48' title="bbox 2143 2722 3693 2795">
    <p class='ocr_par' dir='ltr' id='par_1_48' title="bbox 2143 2722 3693 2795">
     <span class='ocr_line' id='line_1_48' title="bbox 2143 2722 3693 2795; baseline -0.003 -19"><span class='ocrx_word' id='word_1_331' title='bbox 2143 2722 2380 2785; x_wconf 84' lang='lat' dir='ltr'><strong>blicare,</strong></span> <span class='ocrx_word' id='word_1_332' title='bbox 2428 2722 2718 2777; x_wconf 87' lang='lat' dir='ltr'><strong>divendere</strong></span> <span class='ocrx_word' id='word_1_333' title='bbox 2776 2723 3037 2777; x_wconf 84' lang='lat' dir='ltr'><strong>meritorii</strong></span> <span class='ocrx_word' id='word_1_334' title='bbox 3109 2724 3359 2795; x_wconf 89' lang='lat' dir='ltr'><strong>corporis</strong></span> <span class='ocrx_word' id='word_1_335' title='bbox 3408 2722 3636 2779; x_wconf 87' lang='lat' dir='ltr'><strong>formam.</strong></span> <span class='ocrx_word' id='word_1_336' title='bbox 3679 2738 3693 2771; x_wconf 84' lang='grc' dir='ltr'><strong>ι</strong></span> 
     </span>
    </p>
   </div>
   <div class='ocr_carea' id='block_1_49' title="bbox 2149 2816 3707 2888">
    <p class='ocr_par' dir='ltr' id='par_1_49' title="bbox 2149 2816 3707 2888">
     <span class='ocr_line' id='line_1_49' title="bbox 2149 2816 3707 2888; baseline 0 -21"><span class='ocrx_word' id='word_1_337' title='bbox 2149 2816 2401 2887; x_wconf 74' lang='grc' dir='ltr'><strong>(Ανιιοὸη</strong></span> <span class='ocrx_word' id='word_1_338' title='bbox 2435 2816 2527 2870; x_wconf 88' lang='lat' dir='ltr'><strong>lib.</strong></span> <span class='ocrx_word' id='word_1_339' title='bbox 2552 2832 2624 2876; x_wconf 78' lang='lat' dir='ltr'><strong>vi,</strong></span> <span class='ocrx_word' id='word_1_340' title='bbox 2658 2833 2777 2888; x_wconf 86' lang='lat' dir='ltr'><strong>pag.</strong></span> <span class='ocrx_word' id='word_1_341' title='bbox 2815 2816 2963 2887; x_wconf 90' lang='lat'><strong>197).</strong></span> <span class='ocrx_word' id='word_1_342' title='bbox 2993 2817 3069 2872; x_wconf 87' lang='lat' dir='ltr'><strong>De</strong></span> <span class='ocrx_word' id='word_1_343' title='bbox 3103 2816 3308 2872; x_wconf 84' lang='lat' dir='ltr'><strong>Libero</strong></span> <span class='ocrx_word' id='word_1_344' title='bbox 3335 2833 3427 2873; x_wconf 88' lang='lat' dir='ltr'><strong>seu</strong></span> <span class='ocrx_word' id='word_1_345' title='bbox 3458 2816 3644 2872; x_wconf 88' lang='lat' dir='ltr'><strong>Baccho</strong></span> <span class='ocrx_word' id='word_1_346' title='bbox 3666 2819 3707 2868; x_wconf 85' lang='lat' dir='ltr'><strong>et</strong></span> 
     </span>
    </p>
   </div>
   <div class='ocr_carea' id='block_1_50' title="bbox 2150 2906 3708 2988">
    <p class='ocr_par' dir='ltr' id='par_1_50' title="bbox 2150 2906 3708 2988">
     <span class='ocr_line' id='line_1_50' title="bbox 2150 2906 3708 2988; baseline -0.002 -24"><span class='ocrx_word' id='word_1_347' title='bbox 2150 2911 2384 2982; x_wconf 85' lang='lat' dir='ltr'><strong>Dionyso</strong></span> <span class='ocrx_word' id='word_1_348' title='bbox 2415 2910 2680 2965; x_wconf 86' lang='lat' dir='ltr'><strong>Lucianus</strong></span> <span class='ocrx_word' id='word_1_349' title='bbox 2708 2926 2727 2965; x_wconf 88' lang='lat'><strong><em>:</em></strong></span> <span class='ocrx_word' id='word_1_350' title='bbox 2756 2914 2941 2971; x_wconf 76' lang='grc' dir='ltr'><strong>Πάντες</strong></span> <span class='ocrx_word' id='word_1_351' title='bbox 2961 2906 3104 2985; x_wconf 78' lang='grc' dir='ltr'>οἶμαι</span> <span class='ocrx_word' id='word_1_352' title='bbox 3124 2954 3135 2975; x_wconf 89' lang='grc'><strong>,</strong></span> <span class='ocrx_word' id='word_1_353' title='bbox 3166 2910 3325 2988; x_wconf 78' lang='grc' dir='ltr'><strong><em>ὁρᾶτε</em></strong></span> <span class='ocrx_word' id='word_1_354' title='bbox 3373 2915 3442 2973; x_wconf 79' lang='grc' dir='ltr'><em>ὡς</em></span> <span class='ocrx_word' id='word_1_355' title='bbox 3488 2911 3621 2970; x_wconf 70' lang='grc' dir='ltr'>θῆλυς</span> <span class='ocrx_word' id='word_1_356' title='bbox 3643 2908 3708 2962; x_wconf 75' lang='grc' dir='ltr'><strong>καὶ</strong></span> 
     </span>
    </p>
   </div>
   <div class='ocr_carea' id='block_1_51' title="bbox 2149 3003 3706 3081">
    <p class='ocr_par' dir='ltr' id='par_1_51' title="bbox 2149 3003 3706 3081">
     <span class='ocr_line' id='line_1_51' title="bbox 2149 3003 3706 3081; baseline -0.003 -24"><span class='ocrx_word' id='word_1_357' title='bbox 2149 3013 2433 3076; x_wconf 73' lang='grc' dir='ltr'><strong>γυναικεῖος</strong></span> <span class='ocrx_word' id='word_1_358' title='bbox 2456 3009 2547 3063; x_wconf 72' lang='grc' dir='ltr'><strong>τὴν</strong></span> <span class='ocrx_word' id='word_1_359' title='bbox 2567 3006 2738 3079; x_wconf 71' lang='grc' dir='ltr'>φύσιν,</span> <span class='ocrx_word' id='word_1_360' title='bbox 2758 3006 3030 3076; x_wconf 72' lang='grc' dir='ltr'><strong>ἡμιμανὴς.</strong></span> <span class='ocrx_word' id='word_1_361' title='bbox 3053 3005 3280 3081; x_wconf 78' lang='grc' dir='ltr'>ἀκράτου</span> <span class='ocrx_word' id='word_1_362' title='bbox 3302 3004 3446 3059; x_wconf 79' lang='grc' dir='ltr'><strong>ἔωθεν</strong></span> <span class='ocrx_word' id='word_1_363' title='bbox 3462 3003 3706 3059; x_wconf 77' lang='grc' dir='ltr'><strong>ἀποπνέων.</strong></span> 
     </span>
    </p>
   </div>
   <div class='ocr_carea' id='block_1_52' title="bbox 429 2193 2035 2271">
    <p class='ocr_par' dir='ltr' id='par_1_52' title="bbox 429 2193 2035 2271">
     <span class='ocr_line' id='line_1_52' title="bbox 429 2193 2035 2271; baseline 0.004 -23"><span class='ocrx_word' id='word_1_364' title='bbox 429 2205 614 2250; x_wconf 89' lang='lat' dir='ltr'><strong>noster</strong></span> <span class='ocrx_word' id='word_1_365' title='bbox 655 2195 948 2250; x_wconf 87' lang='lat' dir='ltr'><strong>insectatur</strong></span> <span class='ocrx_word' id='word_1_366' title='bbox 993 2193 1236 2266; x_wconf 82' lang='lat' dir='ltr'><strong>(Arnob.,</strong></span> <span class='ocrx_word' id='word_1_367' title='bbox 1270 2195 1354 2250; x_wconf 89' lang='lat' dir='ltr'><strong>lib.</strong></span> <span class='ocrx_word' id='word_1_368' title='bbox 1387 2212 1460 2263; x_wconf 80' lang='lat' dir='ltr'><strong>vi,</strong></span> <span class='ocrx_word' id='word_1_369' title='bbox 1492 2214 1611 2268; x_wconf 86' lang='lat' dir='ltr'><strong>pag.</strong></span> <span class='ocrx_word' id='word_1_370' title='bbox 1640 2197 1742 2252; x_wconf 89' lang='lat'><strong>197</strong></span> <span class='ocrx_word' id='word_1_371' title='bbox 1774 2209 1819 2251; x_wconf 86' lang='lat' dir='ltr'><strong>et</strong></span> <span class='ocrx_word' id='word_1_372' title='bbox 1846 2198 2035 2271; x_wconf 81' lang='lat' dir='ltr'><strong>seqq.),</strong></span> 
     </span>
    </p>
   </div>
   <div class='ocr_carea' id='block_1_53' title="bbox 429 2288 2039 2363">
    <p class='ocr_par' dir='ltr' id='par_1_53' title="bbox 429 2288 2039 2363">
     <span class='ocr_line' id='line_1_53' title="bbox 429 2288 2039 2363; baseline 0.004 -22"><span class='ocrx_word' id='word_1_373' title='bbox 429 2288 699 2358; x_wconf 89' lang='lat' dir='ltr'><strong>planeque</strong></span> <span class='ocrx_word' id='word_1_374' title='bbox 724 2288 962 2343; x_wconf 84' lang='lat' dir='ltr'><strong>ostendit</strong></span> <span class='ocrx_word' id='word_1_375' title='bbox 992 2289 1060 2343; x_wconf 92' lang='lat' dir='ltr'><strong>ab</strong></span> <span class='ocrx_word' id='word_1_376' title='bbox 1091 2290 1170 2345; x_wconf 90' lang='lat' dir='ltr'><strong>eis</strong></span> <span class='ocrx_word' id='word_1_377' title='bbox 1200 2290 1487 2345; x_wconf 81' lang='lat' dir='ltr'><strong>simulacra</strong></span> <span class='ocrx_word' id='word_1_378' title='bbox 1521 2293 1887 2363; x_wconf 84' lang='lat' dir='ltr'><strong>imaginesque</strong></span> <span class='ocrx_word' id='word_1_379' title='bbox 1906 2294 2039 2347; x_wconf 87' lang='lat' dir='ltr'><strong>deo-</strong></span> 
     </span>
    </p>
   </div>
   <div class='ocr_carea' id='block_1_54' title="bbox 429 2374 2038 2454">
    <p class='ocr_par' dir='ltr' id='par_1_54' title="bbox 429 2374 2038 2454">
     <span class='ocr_line' id='line_1_54' title="bbox 429 2374 2038 2454; baseline 0.002 -17"><span class='ocrx_word' id='word_1_380' title='bbox 429 2398 551 2438; x_wconf 88' lang='lat' dir='ltr'><strong>rum</strong></span> <span class='ocrx_word' id='word_1_381' title='bbox 581 2397 643 2437; x_wconf 87' lang='lat' dir='ltr'><strong>ea</strong></span> <span class='ocrx_word' id='word_1_382' title='bbox 672 2381 841 2435; x_wconf 89' lang='lat' dir='ltr'><strong>forma</strong></span> <span class='ocrx_word' id='word_1_383' title='bbox 874 2374 1115 2438; x_wconf 60' lang='lat' dir='ltr'><strong>eihiberi</strong></span> <span class='ocrx_word' id='word_1_384' title='bbox 1137 2426 1150 2448; x_wconf 93' lang='lat'><strong>,</strong></span> <span class='ocrx_word' id='word_1_385' title='bbox 1184 2398 1305 2454; x_wconf 67' lang='lat' dir='ltr'><strong>qua:</strong></span> <span class='ocrx_word' id='word_1_386' title='bbox 1330 2384 1551 2439; x_wconf 88' lang='lat' dir='ltr'><strong>cuilibet</strong></span> <span class='ocrx_word' id='word_1_387' title='bbox 1576 2385 1800 2439; x_wconf 80' lang='lat' dir='ltr'><strong>cordato</strong></span> <span class='ocrx_word' id='word_1_388' title='bbox 1833 2386 2038 2440; x_wconf 83' lang='lat' dir='ltr'><strong>homini</strong></span> 
     </span>
    </p>
   </div>
   <div class='ocr_carea' id='block_1_55' title="bbox 433 2474 2037 2546">
    <p class='ocr_par' dir='ltr' id='par_1_55' title="bbox 433 2474 2037 2546">
     <span class='ocr_line' id='line_1_55' title="bbox 433 2474 2037 2546; baseline 0.004 -19"><span class='ocrx_word' id='word_1_389' title='bbox 433 2480 588 2528; x_wconf 87' lang='lat' dir='ltr'><strong>tanto</strong></span> <span class='ocrx_word' id='word_1_390' title='bbox 615 2474 875 2545; x_wconf 85' lang='lat' dir='ltr'><strong>majorem</strong></span> <span class='ocrx_word' id='word_1_391' title='bbox 903 2518 918 2542; x_wconf 92' lang='lat'><strong>,</strong></span> <span class='ocrx_word' id='word_1_392' title='bbox 966 2485 1166 2546; x_wconf 87' lang='lat' dir='ltr'><strong>quanto</strong></span> <span class='ocrx_word' id='word_1_393' title='bbox 1211 2477 1501 2532; x_wconf 89' lang='lat' dir='ltr'><strong>tristiorem</strong></span> <span class='ocrx_word' id='word_1_394' title='bbox 1535 2478 1701 2532; x_wconf 91' lang='lat' dir='ltr'><strong>risum</strong></span> <span class='ocrx_word' id='word_1_395' title='bbox 1729 2479 2037 2534; x_wconf 86' lang='lat' dir='ltr'><strong>movebant.</strong></span> 
     </span>
    </p>
   </div>
   <div class='ocr_carea' id='block_1_56' title="bbox 431 2567 2041 2645">
    <p class='ocr_par' dir='ltr' id='par_1_56' title="bbox 431 2567 2041 2645">
     <span class='ocr_line' id='line_1_56' title="bbox 431 2567 2041 2645; baseline 0.006 -21"><span class='ocrx_word' id='word_1_396' title='bbox 431 2567 630 2626; x_wconf 86' lang='lat' dir='ltr'><strong>Nonne</strong></span> <span class='ocrx_word' id='word_1_397' title='bbox 657 2571 799 2626; x_wconf 91' lang='lat' dir='ltr'><strong>enim</strong></span> <span class='ocrx_word' id='word_1_398' title='bbox 832 2586 1041 2626; x_wconf 89' lang='lat' dir='ltr'><strong>summa</strong></span> <span class='ocrx_word' id='word_1_399' title='bbox 1074 2580 1193 2627; x_wconf 80' lang='lat' dir='ltr'><strong>erat</strong></span> <span class='ocrx_word' id='word_1_400' title='bbox 1214 2572 1425 2627; x_wconf 90' lang='lat' dir='ltr'><strong>illorum</strong></span> <span class='ocrx_word' id='word_1_401' title='bbox 1449 2573 1752 2639; x_wconf 88' lang='lat' dir='ltr'><strong>dementia,</strong></span> <span class='ocrx_word' id='word_1_402' title='bbox 1785 2595 1812 2630; x_wconf 84' lang='lat' dir='ltr'><strong>a</strong></span> <span class='ocrx_word' id='word_1_403' title='bbox 1845 2577 2041 2645; x_wconf 82' lang='lat' dir='ltr'><strong>quibus</strong></span> 
     </span>
    </p>
   </div>
   <div class='ocr_carea' id='block_1_57' title="bbox 435 2663 2041 2741">
    <p class='ocr_par' dir='ltr' id='par_1_57' title="bbox 435 2663 2041 2741">
     <span class='ocr_line' id='line_1_57' title="bbox 435 2663 2041 2741; baseline 0.006 -25"><span class='ocrx_word' id='word_1_404' title='bbox 435 2666 666 2717; x_wconf 83' lang='lat' dir='ltr'><strong>Ammon</strong></span> <span class='ocrx_word' id='word_1_405' title='bbox 695 2704 710 2729; x_wconf 91' lang='lat'><strong>,</strong></span> <span class='ocrx_word' id='word_1_406' title='bbox 758 2677 855 2718; x_wconf 90' lang='lat' dir='ltr'><strong>seu</strong></span> <span class='ocrx_word' id='word_1_407' title='bbox 893 2663 1099 2733; x_wconf 86' lang='lat' dir='ltr'><strong>Jupiter</strong></span> <span class='ocrx_word' id='word_1_408' title='bbox 1125 2665 1365 2737; x_wconf 70' lang='lat' dir='ltr'><strong>deorum</strong></span> <span class='ocrx_word' id='word_1_409' title='bbox 1421 2668 1692 2724; x_wconf 87' lang='lat' dir='ltr'><strong>maximus</strong></span> <span class='ocrx_word' id='word_1_410' title='bbox 1743 2668 2041 2741; x_wconf 79' lang='lat' dir='ltr'><strong>fingebatur</strong></span> 
     </span>
    </p>
   </div>
   <div class='ocr_carea' id='block_1_58' title="bbox 429 2756 2039 2832">
    <p class='ocr_par' dir='ltr' id='par_1_58' title="bbox 429 2756 2039 2832">
     <span class='ocr_line' id='line_1_58' title="bbox 429 2756 2039 2832; baseline 0.006 -23"><span class='ocrx_word' id='word_1_411' title='bbox 429 2770 551 2810; x_wconf 90' lang='lat' dir='ltr'><strong>cum</strong></span> <span class='ocrx_word' id='word_1_412' title='bbox 594 2756 854 2818; x_wconf 89' lang='lat' dir='ltr'><strong>arietinis,</strong></span> <span class='ocrx_word' id='word_1_413' title='bbox 884 2765 942 2812; x_wconf 93' lang='lat' dir='ltr'><strong>ut</strong></span> <span class='ocrx_word' id='word_1_414' title='bbox 970 2759 1093 2813; x_wconf 87' lang='lat' dir='ltr'><strong>alibi</strong></span> <span class='ocrx_word' id='word_1_415' title='bbox 1127 2761 1428 2815; x_wconf 87' lang='lat' dir='ltr'><strong>notavimus</strong></span> <span class='ocrx_word' id='word_1_416' title='bbox 1458 2763 1700 2832; x_wconf 83' lang='lat' dir='ltr'><strong>(Dissert.</strong></span> <span class='ocrx_word' id='word_1_417' title='bbox 1732 2764 1784 2817; x_wconf 84' lang='lat' dir='ltr'><strong>in</strong></span> <span class='ocrx_word' id='word_1_418' title='bbox 1813 2762 2039 2830; x_wconf 81' lang='lat' dir='ltr'><strong>Mmuc.,</strong></span> 
     </span>
    </p>
   </div>
   <div class='ocr_carea' id='block_1_59' title="bbox 430 2846 2041 2922">
    <p class='ocr_par' dir='ltr' id='par_1_59' title="bbox 430 2846 2041 2922">
     <span class='ocr_line' id='line_1_59' title="bbox 430 2846 2041 2922; baseline 0.008 -24"><span class='ocrx_word' id='word_1_419' title='bbox 430 2862 546 2916; x_wconf 86' lang='lat' dir='ltr'><strong>cap.</strong></span> <span class='ocrx_word' id='word_1_420' title='bbox 570 2847 657 2913; x_wconf 75' lang='lat'><strong>15,</strong></span> <span class='ocrx_word' id='word_1_421' title='bbox 683 2857 782 2901; x_wconf 87' lang='lat' dir='ltr'><strong>art.</strong></span> <span class='ocrx_word' id='word_1_422' title='bbox 807 2846 888 2920; x_wconf 70' lang='lat'><strong>‘2),</strong></span> <span class='ocrx_word' id='word_1_423' title='bbox 913 2851 1202 2904; x_wconf 87' lang='lat' dir='ltr'><strong>cornibus?</strong></span> <span class='ocrx_word' id='word_1_424' title='bbox 1246 2850 1357 2905; x_wconf 83' lang='lat' dir='ltr'><strong>Nec</strong></span> <span class='ocrx_word' id='word_1_425' title='bbox 1386 2852 1557 2922; x_wconf 88' lang='lat' dir='ltr'><strong>impar</strong></span> <span class='ocrx_word' id='word_1_426' title='bbox 1588 2869 1737 2919; x_wconf 87' lang='lat' dir='ltr'><strong>sane,</strong></span> <span class='ocrx_word' id='word_1_427' title='bbox 1773 2868 1864 2909; x_wconf 85' lang='lat' dir='ltr'><strong>aut</strong></span> <span class='ocrx_word' id='word_1_428' title='bbox 1894 2869 2041 2911; x_wconf 87' lang='lat' dir='ltr'><strong>certe</strong></span> 
     </span>
    </p>
   </div>
   <div class='ocr_carea' id='block_1_60' title="bbox 433 2937 2039 3017">
    <p class='ocr_par' dir='ltr' id='par_1_60' title="bbox 433 2937 2039 3017">
     <span class='ocr_line' id='line_1_60' title="bbox 433 2937 2039 3017; baseline 0.006 -26"><span class='ocrx_word' id='word_1_429' title='bbox 433 2937 606 3006; x_wconf 84' lang='lat' dir='ltr'><strong>major</strong></span> <span class='ocrx_word' id='word_1_430' title='bbox 633 2939 843 2992; x_wconf 89' lang='lat' dir='ltr'><strong>insania</strong></span> <span class='ocrx_word' id='word_1_431' title='bbox 872 2940 1160 2994; x_wconf 79' lang='lat' dir='ltr'><strong>Alexandri</strong></span> <span class='ocrx_word' id='word_1_432' title='bbox 1194 2941 1389 3012; x_wconf 82' lang='lat' dir='ltr'><strong>Magni,</strong></span> <span class='ocrx_word' id='word_1_433' title='bbox 1419 2943 1509 3013; x_wconf 87' lang='lat' dir='ltr'><strong>qui</strong></span> <span class='ocrx_word' id='word_1_434' title='bbox 1539 2944 1754 3013; x_wconf 85' lang='lat' dir='ltr'><strong>quidem</strong></span> <span class='ocrx_word' id='word_1_435' title='bbox 1779 2944 2039 3017; x_wconf 86' lang='lat' dir='ltr'><strong>quemad—</strong></span> 
     </span>
    </p>
   </div>
   <div class='ocr_carea' id='block_1_61' title="bbox 433 3032 3618 3109">
    <p class='ocr_par' dir='ltr' id='par_1_61' title="bbox 433 3032 3618 3109">
     <span class='ocr_line' id='line_1_61' title="bbox 433 3032 3618 3109; baseline 0.007 -24"><span class='ocrx_word' id='word_1_436' title='bbox 433 3032 651 3085; x_wconf 87' lang='lat' dir='ltr'><strong>modum</strong></span> <span class='ocrx_word' id='word_1_437' title='bbox 683 3033 974 3087; x_wconf 72' lang='lat' dir='ltr'><strong>Atheuzcus</strong></span> <span class='ocrx_word' id='word_1_438' title='bbox 1001 3077 1015 3100; x_wconf 92' lang='lat'><strong>,</strong></span> <span class='ocrx_word' id='word_1_439' title='bbox 1065 3034 1315 3090; x_wconf 87' lang='lat' dir='ltr'><strong>Clemens</strong></span> <span class='ocrx_word' id='word_1_440' title='bbox 1359 3034 1760 3092; x_wconf 83' lang='lat' dir='ltr'><strong>Alexandrinus</strong></span> <span class='ocrx_word' id='word_1_441' title='bbox 1803 3040 2040 3109; x_wconf 82' lang='lat' dir='ltr'><strong>(Athen.,</strong></span> <span class='ocrx_word' id='word_1_442' title='bbox 2149 3032 3280 3109; x_wconf 39' lang='lat' dir='ltr'><strong>71”“me&quot;fmiwmv’nwywyﬂffamﬁ’</strong></span> <span class='ocrx_word' id='word_1_443' title='bbox 3302 3032 3446 3059; x_wconf 56' lang='lat' dir='ltr'><strong>mg&quot;</strong></span> <span class='ocrx_word' id='word_1_444' title='bbox 3462 3032 3618 3109; x_wconf 40' lang='lat' dir='ltr'><strong>“tam:</strong></span> 
     </span>
    </p>
   </div>
   <div class='ocr_carea' id='block_1_62' title="bbox 434 3094 3709 3198">
    <p class='ocr_par' dir='ltr' id='par_1_62' title="bbox 434 3094 3709 3198">
     <span class='ocr_line' id='line_1_62' title="bbox 434 3094 3709 3198; baseline 0.006 -22"><span class='ocrx_word' id='word_1_445' title='bbox 434 3121 520 3176; x_wconf 88' lang='lat' dir='ltr'><strong>lib.</strong></span> <span class='ocrx_word' id='word_1_446' title='bbox 566 3138 641 3177; x_wconf 79' lang='lat' dir='ltr'><strong>xtl</strong></span> <span class='ocrx_word' id='word_1_447' title='bbox 687 3094 1040 3196; x_wconf 75' lang='lat' dir='ltr'><strong>DeipnosOplz.</strong></span> <span class='ocrx_word' id='word_1_448' title='bbox 1069 3168 1082 3189; x_wconf 89' lang='lat'><strong>,</strong></span> <span class='ocrx_word' id='word_1_449' title='bbox 1131 3144 1253 3197; x_wconf 86' lang='lat' dir='ltr'><strong>pag.</strong></span> <span class='ocrx_word' id='word_1_450' title='bbox 1287 3127 1427 3194; x_wconf 78' lang='lat'><strong>537;</strong></span> <span class='ocrx_word' id='word_1_451' title='bbox 1457 3126 1687 3183; x_wconf 86' lang='lat' dir='ltr'><strong>Clemens</strong></span> <span class='ocrx_word' id='word_1_452' title='bbox 1737 3094 2044 3198; x_wconf 67' lang='lat' dir='ltr'><strong>Alexandr.,</strong></span> <span class='ocrx_word' id='word_1_453' title='bbox 2148 3094 2418 3198; x_wconf 30' lang='lat' dir='ltr'><strong>“fxim”</strong></span> <span class='ocrx_word' id='word_1_454' title='bbox 2449 3097 2596 3149; x_wconf 62' lang='lat' dir='ltr'><strong>deo&quot;</strong></span> <span class='ocrx_word' id='word_1_455' title='bbox 2623 3112 2741 3198; x_wconf 37' lang='lat' dir='ltr'><strong>cf?’</strong></span> <span class='ocrx_word' id='word_1_456' title='bbox 2764 3136 2779 3161; x_wconf 92' lang='lat'><strong>’</strong></span> <span class='ocrx_word' id='word_1_457' title='bbox 2816 3112 2935 3167; x_wconf 52' lang='grc' dir='ltr'><strong>μηθ’</strong></span> <span class='ocrx_word' id='word_1_458' title='bbox 2972 3095 3160 3198; x_wconf 43' lang='lat'><strong>1996:)</strong></span> <span class='ocrx_word' id='word_1_459' title='bbox 3211 3096 3709 3198; x_wconf 38' lang='lat' dir='ltr'><strong>anniei’juofinﬂ’</strong></span> 
     </span>
    </p>
   </div>
   <div class='ocr_carea' id='block_1_63' title="bbox 436 3186 3713 3293">
    <p class='ocr_par' dir='ltr' id='par_1_63' title="bbox 436 3186 3713 3293">
     <span class='ocr_line' id='line_1_63' title="bbox 436 3186 3713 3293; baseline 0.015 -104"><span class='ocrx_word' id='word_1_460' title='bbox 436 3213 695 3269; x_wconf 31' lang='lat' dir='ltr'><strong>Admonui</strong></span> <span class='ocrx_word' id='word_1_461' title='bbox 728 3186 799 3270; x_wconf 71' lang='lat' dir='ltr'><strong>ad.</strong></span> <span class='ocrx_word' id='word_1_462' title='bbox 838 3186 998 3289; x_wconf 43' lang='lat' dir='ltr'><strong>gent,”</strong></span> <span class='ocrx_word' id='word_1_463' title='bbox 1030 3186 1153 3289; x_wconf 48' lang='grc' dir='ltr'><strong>βὰς..</strong></span> <span class='ocrx_word' id='word_1_464' title='bbox 1183 3186 1297 3290; x_wconf 55' lang='grc' dir='ltr'><strong>ἐϋ),</strong></span> <span class='ocrx_word' id='word_1_465' title='bbox 1329 3228 1384 3273; x_wconf 57' lang='grc' dir='ltr'><strong>ει</strong></span> <span class='ocrx_word' id='word_1_466' title='bbox 1414 3186 1515 3273; x_wconf 48' lang='lat' dir='ltr'><strong>&#39;am</strong></span> <span class='ocrx_word' id='word_1_467' title='bbox 1548 3218 1921 3289; x_wconf 38' lang='lat' dir='ltr'><strong>leﬁlmcuumr’</strong></span> <span class='ocrx_word' id='word_1_468' title='bbox 1951 3186 2045 3277; x_wconf 50' lang='grc' dir='ltr'><strong>νος</strong></span> <span class='ocrx_word' id='word_1_469' title='bbox 2079 3280 2116 3293; x_wconf 46' lang='grc' dir='ltr'><strong><em>Α</em></strong></span> <span class='ocrx_word' id='word_1_470' title='bbox 2149 3190 2329 3293; x_wconf 69' lang='lat' dir='ltr'><strong>uidetis</strong></span> <span class='ocrx_word' id='word_1_471' title='bbox 2367 3207 2527 3293; x_wconf 8' lang='lat' dir='ltr'><strong>quam,</strong></span> <span class='ocrx_word' id='word_1_472' title='bbox 2553 3191 2725 3293; x_wconf 74' lang='lat' dir='ltr'><strong>mollis</strong></span> <span class='ocrx_word' id='word_1_473' title='bbox 2753 3200 2820 3244; x_wconf 82' lang='lat' dir='ltr'><strong>sit</strong></span> <span class='ocrx_word' id='word_1_474' title='bbox 2857 3199 2904 3243; x_wconf 85' lang='lat' dir='ltr'><strong>ct</strong></span> <span class='ocrx_word' id='word_1_475' title='bbox 2950 3189 3277 3257; x_wconf 72' lang='lat' dir='ltr'><strong>effeminatus</strong></span> <span class='ocrx_word' id='word_1_476' title='bbox 3317 3191 3511 3293; x_wconf 74' lang='lat' dir='ltr'><strong>deliciis</strong></span> <span class='ocrx_word' id='word_1_477' title='bbox 3538 3186 3713 3293; x_wconf 66' lang='lat' dir='ltr'><strong>dimidio</strong></span> 
     </span>
    </p>
   </div>
   <div class='ocr_carea' id='block_1_64' title="bbox 440 3279 3713 3381">
    <p class='ocr_par' dir='ltr' id='par_1_64' title="bbox 440 3279 3713 3381">
     <span class='ocr_line' id='line_1_64' title="bbox 440 3279 3713 3381; baseline 0.003 -20"><span class='ocrx_word' id='word_1_478' title='bbox 440 3308 539 3361; x_wconf 89' lang='lat' dir='ltr'><strong>luit</strong></span> <span class='ocrx_word' id='word_1_479' title='bbox 581 3318 830 3379; x_wconf 87' lang='lat' dir='ltr'><strong>tanquam</strong></span> <span class='ocrx_word' id='word_1_480' title='bbox 862 3312 1103 3381; x_wconf 88' lang='lat' dir='ltr'><strong>ejusdem</strong></span> <span class='ocrx_word' id='word_1_481' title='bbox 1135 3313 1415 3368; x_wconf 85' lang='lat' dir='ltr'><strong>Ammonis</strong></span> <span class='ocrx_word' id='word_1_482' title='bbox 1456 3313 1632 3381; x_wconf 84' lang='lat' dir='ltr'><strong>filius,</strong></span> <span class='ocrx_word' id='word_1_483' title='bbox 1676 3315 1838 3370; x_wconf 88' lang='lat' dir='ltr'><strong>simili</strong></span> <span class='ocrx_word' id='word_1_484' title='bbox 1883 3317 2045 3372; x_wconf 91' lang='lat' dir='ltr'><strong>modo</strong></span> <span class='ocrx_word' id='word_1_485' title='bbox 2073 3280 2119 3343; x_wconf 64' lang='grc' dir='ltr'>Ο</span> <span class='ocrx_word' id='word_1_486' title='bbox 2148 3284 2443 3381; x_wconf 32' lang='lat' dir='ltr'><strong>inanima</strong></span> <span class='ocrx_word' id='word_1_487' title='bbox 2486 3284 2659 3381; x_wconf 48' lang='lat' dir='ltr'><strong>“alim</strong></span> <span class='ocrx_word' id='word_1_488' title='bbox 2702 3300 2734 3336; x_wconf 66' lang='grc' dir='ltr'><em>α</em></span> <span class='ocrx_word' id='word_1_489' title='bbox 2763 3299 2965 3381; x_wconf 34' lang='lat' dir='ltr'><strong>“mit”</strong></span> <span class='ocrx_word' id='word_1_490' title='bbox 3005 3300 3158 3381; x_wconf 31' lang='lat' dir='ltr'><strong>me&quot;?</strong></span> <span class='ocrx_word' id='word_1_491' title='bbox 3194 3300 3396 3381; x_wconf 46' lang='lat' dir='ltr'><strong>mem&quot;!</strong></span> <span class='ocrx_word' id='word_1_492' title='bbox 3425 3284 3630 3356; x_wconf 54' lang='lat' dir='ltr'><strong>spira&quot;</strong></span> <span class='ocrx_word' id='word_1_493' title='bbox 3651 3279 3713 3381; x_wconf 56' lang='lat' dir='ltr'><strong>Re</strong></span> 
     </span>
    </p>
   </div>
   <div class='ocr_carea' id='block_1_65' title="bbox 441 3370 2038 3485">
    <p class='ocr_par' dir='ltr' id='par_1_65' title="bbox 441 3402 841 3470">
     <span class='ocr_line' id='line_1_65' title="bbox 441 3402 841 3470; baseline 0.008 -17"><span class='ocrx_word' id='word_1_494' title='bbox 441 3402 841 3470; x_wconf 57' lang='lat' dir='ltr'><strong>repraesentari.</strong></span> 
     </span>
    </p>
   </div>
   <div class='ocr_carea' id='block_1_66' title="bbox 2152 3370 3713 3485">
    <p class='ocr_par' dir='ltr' id='par_1_66' title="bbox 2152 3370 3713 3453">
     <span class='ocr_line' id='line_1_66' title="bbox 2152 3370 3713 3453; baseline 0.001 -27"><span class='ocrx_word' id='word_1_495' title='bbox 2152 3373 2361 3429; x_wconf 81' lang='lat' dir='ltr'><strong>Venere</strong></span> <span class='ocrx_word' id='word_1_496' title='bbox 2394 3391 2524 3429; x_wconf 86' lang='lat' dir='ltr'><strong>vero</strong></span> <span class='ocrx_word' id='word_1_497' title='bbox 2562 3373 2816 3431; x_wconf 87' lang='lat' dir='ltr'><strong>Clemens</strong></span> <span class='ocrx_word' id='word_1_498' title='bbox 2845 3375 3246 3431; x_wconf 85' lang='lat' dir='ltr'><strong>Alexandrinus</strong></span> <span class='ocrx_word' id='word_1_499' title='bbox 3281 3396 3296 3433; x_wconf 89' lang='lat'><strong>:</strong></span> <span class='ocrx_word' id='word_1_500' title='bbox 3329 3373 3429 3452; x_wconf 73' lang='grc' dir='ltr'><strong>Κᾷν</strong></span> <span class='ocrx_word' id='word_1_501' title='bbox 3456 3381 3630 3453; x_wconf 75' lang='grc' dir='ltr'><strong>γυμνήν</strong></span> <span class='ocrx_word' id='word_1_502' title='bbox 3649 3370 3713 3447; x_wconf 68' lang='grc' dir='ltr'><strong>ἴδῃ</strong></span> 
     </span>
    </p>
   </div>
   <div class='ocr_carea' id='block_1_67' title="bbox 512 3471 2038 3570">
    <p class='ocr_par' dir='ltr' id='par_1_67' title="bbox 512 3496 2038 3570">
     <span class='ocr_line' id='line_1_67' title="bbox 512 3496 2038 3570; baseline 0.006 -21"><span class='ocrx_word' id='word_1_503' title='bbox 512 3496 777 3552; x_wconf 90' lang='lat' dir='ltr'><strong>Saturnus</strong></span> <span class='ocrx_word' id='word_1_504' title='bbox 804 3513 935 3554; x_wconf 88' lang='lat' dir='ltr'><strong>vero</strong></span> <span class='ocrx_word' id='word_1_505' title='bbox 961 3540 975 3564; x_wconf 95' lang='lat'><strong>,</strong></span> <span class='ocrx_word' id='word_1_506' title='bbox 1029 3518 1048 3550; x_wconf 79' lang='grc' dir='ltr'><strong>ι</strong></span> <span class='ocrx_word' id='word_1_507' title='bbox 1078 3515 1199 3555; x_wconf 90' lang='lat' dir='ltr'><strong>cum</strong></span> <span class='ocrx_word' id='word_1_508' title='bbox 1251 3500 1458 3556; x_wconf 76' lang='lat' dir='ltr'><strong>obunco</strong></span> <span class='ocrx_word' id='word_1_509' title='bbox 1487 3543 1502 3569; x_wconf 91' lang='lat'><strong>,</strong></span> <span class='ocrx_word' id='word_1_510' title='bbox 1544 3519 1563 3554; x_wconf 80' lang='grc' dir='ltr'><strong>ι</strong></span> <span class='ocrx_word' id='word_1_511' title='bbox 1620 3502 1694 3556; x_wconf 90' lang='lat' dir='ltr'><strong>ait</strong></span> <span class='ocrx_word' id='word_1_512' title='bbox 1740 3503 2038 3570; x_wconf 80' lang='lat' dir='ltr'><strong>Arnobius,</strong></span> 
     </span>
    </p>
   </div>
   <div class='ocr_carea' id='block_1_68' title="bbox 2152 3471 3711 3570">
    <p class='ocr_par' dir='ltr' id='par_1_68' title="bbox 2152 3471 3711 3548">
     <span class='ocr_line' id='line_1_68' title="bbox 2152 3471 3711 3548; baseline 0.002 -29"><span class='ocrx_word' id='word_1_513' title='bbox 2152 3487 2225 3526; x_wconf 80' lang='grc' dir='ltr'><strong>τις</strong></span> <span class='ocrx_word' id='word_1_514' title='bbox 2250 3471 2571 3542; x_wconf 72' lang='grc' dir='ltr'><strong>ἀνάγραπτον</strong></span> <span class='ocrx_word' id='word_1_515' title='bbox 2598 3476 2835 3541; x_wconf 72' lang='grc' dir='ltr'><strong>γυναῖκα,</strong></span> <span class='ocrx_word' id='word_1_516' title='bbox 2868 3474 2959 3528; x_wconf 72' lang='grc' dir='ltr'><strong>τήν</strong></span> <span class='ocrx_word' id='word_1_517' title='bbox 2990 3476 3201 3546; x_wconf 71' lang='grc' dir='ltr'><strong>χρυσῆν</strong></span> <span class='ocrx_word' id='word_1_518' title='bbox 3227 3471 3513 3548; x_wconf 66' lang='grc' dir='ltr'><strong>Ἀφροδίτην</strong></span> <span class='ocrx_word' id='word_1_519' title='bbox 3532 3476 3711 3525; x_wconf 60' lang='lat' dir='ltr'><strong>vasi...”</strong></span> 
     </span>
    </p>
   </div>
   <div class='ocr_carea' id='block_1_69' title="bbox 2147 3553 3715 3637">
    <p class='ocr_par' dir='ltr' id='par_1_69' title="bbox 2147 3553 3715 3637">
     <span class='ocr_line' id='line_1_69' title="bbox 2147 3553 3715 3637; baseline 0.001 -24"><span class='ocrx_word' id='word_1_520' title='bbox 2147 3562 2206 3614; x_wconf 85' lang='grc' dir='ltr'><strong>τό</strong></span> <span class='ocrx_word' id='word_1_521' title='bbox 2262 3556 2470 3633; x_wconf 69' lang='grc' dir='ltr'><strong>ἄγαλμα.</strong></span> <span class='ocrx_word' id='word_1_522' title='bbox 2514 3560 2806 3637; x_wconf 65' lang='grc' dir='ltr'><strong>Ἀφροδίτης</strong></span> <span class='ocrx_word' id='word_1_523' title='bbox 2856 3559 2914 3620; x_wconf 68' lang='grc' dir='ltr'><strong>ἦν</strong></span> <span class='ocrx_word' id='word_1_524' title='bbox 2940 3603 2955 3628; x_wconf 84' lang='grc'><strong>,</strong></span> <span class='ocrx_word' id='word_1_525' title='bbox 3009 3568 3095 3617; x_wconf 77' lang='grc' dir='ltr'><strong>καὶ</strong></span> <span class='ocrx_word' id='word_1_526' title='bbox 3144 3569 3313 3637; x_wconf 72' lang='grc' dir='ltr'><strong>γυμνή</strong></span> <span class='ocrx_word' id='word_1_527' title='bbox 3487 3561 3715 3635; x_wconf 73' lang='lat' dir='ltr'><strong>(Clemens</strong></span> 
     </span>
    </p>
   </div>
   <div class='ocr_carea' id='block_1_70' title="bbox 2148 3651 3715 3729">
    <p class='ocr_par' dir='ltr' id='par_1_70' title="bbox 2148 3651 3715 3729">
     <span class='ocr_line' id='line_1_70' title="bbox 2148 3651 3715 3729; baseline -0.001 -24"><span class='ocrx_word' id='word_1_528' title='bbox 2148 3651 2433 3707; x_wconf 65' lang='lat' dir='ltr'><strong>Alexandr.</strong></span> <span class='ocrx_word' id='word_1_529' title='bbox 2454 3692 2470 3719; x_wconf 86' lang='lat'><strong>,</strong></span> <span class='ocrx_word' id='word_1_530' title='bbox 2505 3654 2770 3707; x_wconf 78' lang='lat' dir='ltr'><strong>Admonit.</strong></span> <span class='ocrx_word' id='word_1_531' title='bbox 2820 3656 2889 3707; x_wconf 86' lang='lat' dir='ltr'><strong>ad</strong></span> <span class='ocrx_word' id='word_1_532' title='bbox 2919 3666 3055 3725; x_wconf 79' lang='lat' dir='ltr'><strong>gent.</strong></span> <span class='ocrx_word' id='word_1_533' title='bbox 3081 3698 3094 3719; x_wconf 93' lang='lat'><strong>,</strong></span> <span class='ocrx_word' id='word_1_534' title='bbox 3143 3673 3265 3729; x_wconf 82' lang='lat' dir='ltr'><strong>pag.</strong></span> <span class='ocrx_word' id='word_1_535' title='bbox 3298 3658 3412 3729; x_wconf 80' lang='grc'><strong>58),</strong></span> <span class='ocrx_word' id='word_1_536' title='bbox 3444 3655 3509 3711; x_wconf 80' lang='lat' dir='ltr'><strong>Et</strong></span> <span class='ocrx_word' id='word_1_537' title='bbox 3551 3654 3590 3709; x_wconf 83' lang='lat' dir='ltr'><strong>si</strong></span> <span class='ocrx_word' id='word_1_538' title='bbox 3627 3651 3715 3723; x_wconf 74' lang='lat' dir='ltr'><strong>quis</strong></span> 
     </span>
    </p>
   </div>
   <div class='ocr_carea' id='block_1_71' title="bbox 2151 3746 3714 3820">
    <p class='ocr_par' dir='ltr' id='par_1_71' title="bbox 2151 3746 3714 3820">
     <span class='ocr_line' id='line_1_71' title="bbox 2151 3746 3714 3820; baseline 0.001 -22"><span class='ocrx_word' id='word_1_539' title='bbox 2151 3746 2344 3799; x_wconf 76' lang='lat' dir='ltr'><strong>nudam</strong></span> <span class='ocrx_word' id='word_1_540' title='bbox 2388 3748 2571 3801; x_wconf 82' lang='lat' dir='ltr'><strong>viderit</strong></span> <span class='ocrx_word' id='word_1_541' title='bbox 2614 3749 2870 3820; x_wconf 78' lang='lat' dir='ltr'><strong>depictam</strong></span> <span class='ocrx_word' id='word_1_542' title='bbox 2918 3754 3181 3805; x_wconf 76' lang='lat' dir='ltr'><strong>mulierem</strong></span> <span class='ocrx_word' id='word_1_543' title='bbox 3205 3794 3220 3817; x_wconf 91' lang='lat'><strong>,</strong></span> <span class='ocrx_word' id='word_1_544' title='bbox 3265 3768 3476 3807; x_wconf 85' lang='lat' dir='ltr'><strong>auream</strong></span> <span class='ocrx_word' id='word_1_545' title='bbox 3514 3749 3714 3805; x_wconf 81' lang='lat' dir='ltr'><strong>Venerem</strong></span> 
     </span>
    </p>
   </div>
   <div class='ocr_carea' id='block_1_72' title="bbox 2151 3841 3715 3916">
    <p class='ocr_par' dir='ltr' id='par_1_72' title="bbox 2151 3841 3715 3916">
     <span class='ocr_line' id='line_1_72' title="bbox 2151 3841 3715 3916; baseline 0.003 -25"><span class='ocrx_word' id='word_1_546' title='bbox 2151 3841 2507 3912; x_wconf 77' lang='lat' dir='ltr'><strong>iutelligit.....</strong></span> <span class='ocrx_word' id='word_1_547' title='bbox 2537 3853 2647 3896; x_wconf 84' lang='lat' dir='ltr'><strong>erat</strong></span> <span class='ocrx_word' id='word_1_548' title='bbox 2675 3860 2735 3897; x_wconf 89' lang='lat' dir='ltr'><strong>ea</strong></span> <span class='ocrx_word' id='word_1_549' title='bbox 2758 3845 3095 3899; x_wconf 78' lang='lat' dir='ltr'><strong>simulacrum</strong></span> <span class='ocrx_word' id='word_1_550' title='bbox 3133 3845 3375 3916; x_wconf 82' lang='lat' dir='ltr'><strong>Veneris,</strong></span> <span class='ocrx_word' id='word_1_551' title='bbox 3424 3856 3473 3903; x_wconf 85' lang='lat' dir='ltr'><strong>et</strong></span> <span class='ocrx_word' id='word_1_552' title='bbox 3513 3856 3609 3902; x_wconf 86' lang='lat' dir='ltr'><strong>erat</strong></span> <span class='ocrx_word' id='word_1_553' title='bbox 3644 3858 3715 3897; x_wconf 86' lang='grc' dir='ltr'>ιιιι-</span> 
     </span>
    </p>
   </div>
   <div class='ocr_carea' id='block_1_73' title="bbox 2153 3934 3715 4017">
    <p class='ocr_par' dir='ltr' id='par_1_73' title="bbox 2153 3934 3715 4017">
     <span class='ocr_line' id='line_1_73' title="bbox 2153 3934 3715 4017; baseline 0.009 -32"><span class='ocrx_word' id='word_1_554' title='bbox 2153 3934 2297 3987; x_wconf 85' lang='lat' dir='ltr'><strong>dum.</strong></span> <span class='ocrx_word' id='word_1_555' title='bbox 2336 3936 2409 3990; x_wconf 90' lang='lat' dir='ltr'><strong>De</strong></span> <span class='ocrx_word' id='word_1_556' title='bbox 2440 3937 2527 3990; x_wconf 90' lang='lat' dir='ltr'><strong>illa</strong></span> <span class='ocrx_word' id='word_1_557' title='bbox 2575 3948 2756 3993; x_wconf 89' lang='lat' dir='ltr'><strong>autem</strong></span> <span class='ocrx_word' id='word_1_558' title='bbox 2803 3947 2858 3993; x_wconf 90' lang='lat' dir='ltr'><strong>et</strong></span> <span class='ocrx_word' id='word_1_559' title='bbox 2889 3938 3106 3995; x_wconf 76' lang='lat' dir='ltr'><strong>Baccho</strong></span> <span class='ocrx_word' id='word_1_560' title='bbox 3132 3940 3506 3997; x_wconf 89' lang='lat' dir='ltr'><strong>Theodoretus</strong></span> <span class='ocrx_word' id='word_1_561' title='bbox 3535 3956 3548 3994; x_wconf 90' lang='lat'><strong>:</strong></span> <span class='ocrx_word' id='word_1_562' title='bbox 3575 3940 3715 4017; x_wconf 71' lang='grc' dir='ltr'><strong>Ἀφρο-</strong></span> 
     </span>
    </p>
   </div>
   <div class='ocr_carea' id='block_1_74' title="bbox 2156 4029 3719 4112">
    <p class='ocr_par' dir='ltr' id='par_1_74' title="bbox 2156 4029 3719 4112">
     <span class='ocr_line' id='line_1_74' title="bbox 2156 4029 3719 4112; baseline 0.003 -29"><span class='ocrx_word' id='word_1_563' title='bbox 2156 4029 2317 4095; x_wconf 71' lang='grc' dir='ltr'><strong>δίτην,</strong></span> <span class='ocrx_word' id='word_1_564' title='bbox 2349 4037 2438 4090; x_wconf 73' lang='grc' dir='ltr'><strong>τὴν</strong></span> <span class='ocrx_word' id='word_1_565' title='bbox 2467 4035 2662 4087; x_wconf 79' lang='grc' dir='ltr'><strong>τούτων</strong></span> <span class='ocrx_word' id='word_1_566' title='bbox 2690 4032 3014 4101; x_wconf 76' lang='grc' dir='ltr'><strong>διδάσκαλον,</strong></span> <span class='ocrx_word' id='word_1_567' title='bbox 3039 4040 3233 4109; x_wconf 46' lang='lat' dir='ltr'><strong>Teutana</strong></span> <span class='ocrx_word' id='word_1_568' title='bbox 3251 4078 3265 4103; x_wconf 88' lang='lat'><strong>,</strong></span> <span class='ocrx_word' id='word_1_569' title='bbox 3296 4041 3383 4093; x_wconf 80' lang='grc' dir='ltr'><strong>καὶ</strong></span> <span class='ocrx_word' id='word_1_570' title='bbox 3397 4038 3443 4092; x_wconf 83' lang='grc' dir='ltr'><strong>οἱ</strong></span> <span class='ocrx_word' id='word_1_571' title='bbox 3470 4034 3719 4112; x_wconf 67' lang='grc' dir='ltr'><strong>ἀνδριαντο⁴</strong></span> 
     </span>
    </p>
   </div>
   <div class='ocr_carea' id='block_1_75' title="bbox 448 3588 2047 3664">
    <p class='ocr_par' dir='ltr' id='par_1_75' title="bbox 448 3588 2047 3664">
     <span class='ocr_line' id='line_1_75' title="bbox 448 3588 2047 3664; baseline 0.006 -24"><span class='ocrx_word' id='word_1_572' title='bbox 448 3606 467 3640; x_wconf 79' lang='grc' dir='ltr'><strong>ι</strong></span> <span class='ocrx_word' id='word_1_573' title='bbox 494 3588 661 3656; x_wconf 87' lang='lat' dir='ltr'><strong>falce,</strong></span> <span class='ocrx_word' id='word_1_574' title='bbox 710 3601 892 3645; x_wconf 88' lang='lat' dir='ltr'><strong>custos</strong></span> <span class='ocrx_word' id='word_1_575' title='bbox 920 3592 1096 3658; x_wconf 88' lang='lat' dir='ltr'><strong>ruris,</strong></span> <span class='ocrx_word' id='word_1_576' title='bbox 1145 3604 1201 3647; x_wconf 92' lang='lat' dir='ltr'><strong>ut</strong></span> <span class='ocrx_word' id='word_1_577' title='bbox 1236 3592 1430 3664; x_wconf 89' lang='lat' dir='ltr'><strong>aliquis</strong></span> <span class='ocrx_word' id='word_1_578' title='bbox 1466 3610 1737 3650; x_wconf 87' lang='lat' dir='ltr'><strong>ramorum</strong></span> <span class='ocrx_word' id='word_1_579' title='bbox 1769 3596 2047 3650; x_wconf 74' lang='lat' dir='ltr'><strong>luxurian—</strong></span> 
     </span>
    </p>
   </div>
   <div class='ocr_carea' id='block_1_76' title="bbox 444 3683 2047 3761">
    <p class='ocr_par' dir='ltr' id='par_1_76' title="bbox 444 3683 2047 3761">
     <span class='ocr_line' id='line_1_76' title="bbox 444 3683 2047 3761; baseline 0.007 -26"><span class='ocrx_word' id='word_1_580' title='bbox 444 3683 572 3737; x_wconf 90' lang='lat' dir='ltr'><strong>tium</strong></span> <span class='ocrx_word' id='word_1_581' title='bbox 627 3695 812 3740; x_wconf 85' lang='lat' dir='ltr'><strong>tonsor</strong></span> <span class='ocrx_word' id='word_1_582' title='bbox 858 3684 1106 3759; x_wconf 79' lang='lat' dir='ltr'><strong>(Arnob.,</strong></span> <span class='ocrx_word' id='word_1_583' title='bbox 1152 3687 1239 3742; x_wconf 88' lang='lat' dir='ltr'><strong>lib.</strong></span> <span class='ocrx_word' id='word_1_584' title='bbox 1272 3703 1345 3756; x_wconf 81' lang='lat' dir='ltr'><strong>vr,</strong></span> <span class='ocrx_word' id='word_1_585' title='bbox 1387 3706 1505 3760; x_wconf 89' lang='lat' dir='ltr'><strong>pag.</strong></span> <span class='ocrx_word' id='word_1_586' title='bbox 1537 3688 1683 3761; x_wconf 87' lang='lat'><strong>197).</strong></span> <span class='ocrx_word' id='word_1_587' title='bbox 1714 3708 1731 3741; x_wconf 75' lang='grc' dir='ltr'><strong>ι</strong></span> <span class='ocrx_word' id='word_1_588' title='bbox 1786 3690 1852 3744; x_wconf 88' lang='lat' dir='ltr'><strong>Et</strong></span> <span class='ocrx_word' id='word_1_589' title='bbox 1882 3691 2047 3746; x_wconf 87' lang='lat' dir='ltr'><strong>alibi:</strong></span> 
     </span>
    </p>
   </div>
   <div class='ocr_carea' id='block_1_77' title="bbox 451 3777 2049 3854">
    <p class='ocr_par' dir='ltr' id='par_1_77' title="bbox 451 3777 2049 3854">
     <span class='ocr_line' id='line_1_77' title="bbox 451 3777 2049 3854; baseline 0.004 -24"><span class='ocrx_word' id='word_1_590' title='bbox 451 3795 471 3829; x_wconf 73' lang='grc' dir='ltr'><strong>ι</strong></span> <span class='ocrx_word' id='word_1_591' title='bbox 501 3777 732 3833; x_wconf 86' lang='lat' dir='ltr'><strong>Falcifer</strong></span> <span class='ocrx_word' id='word_1_592' title='bbox 759 3788 816 3833; x_wconf 90' lang='lat' dir='ltr'><strong>et</strong></span> <span class='ocrx_word' id='word_1_593' title='bbox 847 3782 1119 3835; x_wconf 77' lang='lat' dir='ltr'><strong>vitisator)</strong></span> <span class='ocrx_word' id='word_1_594' title='bbox 1154 3779 1267 3852; x_wconf 85' lang='lat' dir='ltr'><strong>(Id.</strong></span> <span class='ocrx_word' id='word_1_595' title='bbox 1292 3825 1307 3849; x_wconf 91' lang='lat'><strong>,</strong></span> <span class='ocrx_word' id='word_1_596' title='bbox 1362 3784 1449 3837; x_wconf 85' lang='lat' dir='ltr'><strong>lib.</strong></span> <span class='ocrx_word' id='word_1_597' title='bbox 1478 3798 1571 3849; x_wconf 88' lang='grc' dir='ltr'>ιιι,</span> <span class='ocrx_word' id='word_1_598' title='bbox 1602 3800 1725 3854; x_wconf 84' lang='lat' dir='ltr'><strong>pag.</strong></span> <span class='ocrx_word' id='word_1_599' title='bbox 1761 3783 1910 3853; x_wconf 87' lang='lat'><strong>117);</strong></span> <span class='ocrx_word' id='word_1_600' title='bbox 1966 3796 2049 3837; x_wconf 82' lang='lat' dir='ltr'><strong>at-</strong></span> 
     </span>
    </p>
   </div>
   <div class='ocr_carea' id='block_1_78' title="bbox 446 3875 2051 3943">
    <p class='ocr_par' dir='ltr' id='par_1_78' title="bbox 446 3875 2051 3943">
     <span class='ocr_line' id='line_1_78' title="bbox 446 3875 2051 3943; baseline 0.002 -16"><span class='ocrx_word' id='word_1_601' title='bbox 446 3889 551 3943; x_wconf 91' lang='lat' dir='ltr'><strong>que</strong></span> <span class='ocrx_word' id='word_1_602' title='bbox 591 3875 766 3929; x_wconf 90' lang='lat' dir='ltr'><strong>adhuc</strong></span> <span class='ocrx_word' id='word_1_603' title='bbox 792 3876 919 3930; x_wconf 88' lang='lat' dir='ltr'><strong>alibi</strong></span> <span class='ocrx_word' id='word_1_604' title='bbox 954 3894 969 3929; x_wconf 89' lang='lat'>:</span> <span class='ocrx_word' id='word_1_605' title='bbox 1021 3898 1037 3929; x_wconf 78' lang='grc' dir='ltr'><strong>ι</strong></span> <span class='ocrx_word' id='word_1_606' title='bbox 1073 3875 1200 3930; x_wconf 82' lang='lat' dir='ltr'><strong>Falx</strong></span> <span class='ocrx_word' id='word_1_607' title='bbox 1226 3876 1497 3931; x_wconf 82' lang='lat' dir='ltr'><strong>&#39;messoria</strong></span> <span class='ocrx_word' id='word_1_608' title='bbox 1547 3889 1625 3931; x_wconf 88' lang='lat' dir='ltr'><strong>est</strong></span> <span class='ocrx_word' id='word_1_609' title='bbox 1655 3878 1907 3932; x_wconf 85' lang='lat' dir='ltr'><strong>attributa</strong></span> <span class='ocrx_word' id='word_1_610' title='bbox 1952 3877 2051 3932; x_wconf 81' lang='lat' dir='ltr'><strong>Sa-</strong></span> 
     </span>
    </p>
   </div>
   <div class='ocr_carea' id='block_1_79' title="bbox 449 3967 2053 4040">
    <p class='ocr_par' dir='ltr' id='par_1_79' title="bbox 449 3967 2053 4040">
     <span class='ocr_line' id='line_1_79' title="bbox 449 3967 2053 4040; baseline 0.002 -19"><span class='ocrx_word' id='word_1_611' title='bbox 449 3976 609 4023; x_wconf 90' lang='lat' dir='ltr'><strong>turno</strong></span> <span class='ocrx_word' id='word_1_612' title='bbox 639 3987 659 4020; x_wconf 70' lang='grc' dir='ltr'><strong>ι</strong></span> <span class='ocrx_word' id='word_1_613' title='bbox 691 3967 840 4040; x_wconf 88' lang='lat' dir='ltr'><strong>(ld.,</strong></span> <span class='ocrx_word' id='word_1_614' title='bbox 886 3970 973 4023; x_wconf 86' lang='lat' dir='ltr'><strong>lib.</strong></span> <span class='ocrx_word' id='word_1_615' title='bbox 1010 3984 1098 4035; x_wconf 78' lang='lat' dir='ltr'><strong>vi,</strong></span> <span class='ocrx_word' id='word_1_616' title='bbox 1147 3987 1260 4040; x_wconf 81' lang='lat' dir='ltr'><strong>pag.</strong></span> <span class='ocrx_word' id='word_1_617' title='bbox 1305 3967 1457 4039; x_wconf 71' lang='lat'><strong>209).</strong></span> <span class='ocrx_word' id='word_1_618' title='bbox 1505 3969 1708 4024; x_wconf 77' lang='lat' dir='ltr'><strong>Eximia</strong></span> <span class='ocrx_word' id='word_1_619' title='bbox 1750 3980 1928 4025; x_wconf 89' lang='lat' dir='ltr'><strong>autem</strong></span> <span class='ocrx_word' id='word_1_620' title='bbox 1960 3970 2053 4025; x_wconf 90' lang='lat' dir='ltr'><strong>illa</strong></span> 
     </span>
    </p>
   </div>
   <div class='ocr_carea' id='block_1_80' title="bbox 407 4062 2052 4133">
    <p class='ocr_par' dir='ltr' id='par_1_80' title="bbox 407 4062 2052 4133">
     <span class='ocr_line' id='line_1_80' title="bbox 407 4062 2052 4133; baseline -0.002 -13"><span class='ocrx_word' id='word_1_621' title='bbox 407 4064 751 4129; x_wconf 85' lang='lat' dir='ltr'><strong>.rustlcani,</strong></span> <span class='ocrx_word' id='word_1_622' title='bbox 803 4064 888 4119; x_wconf 90' lang='lat' dir='ltr'><strong>vel</strong></span> <span class='ocrx_word' id='word_1_623' title='bbox 938 4064 1262 4117; x_wconf 78' lang='lat' dir='ltr'><strong>ruSticorum</strong></span> <span class='ocrx_word' id='word_1_624' title='bbox 1313 4063 1399 4118; x_wconf 90' lang='lat' dir='ltr'><strong>dei</strong></span> <span class='ocrx_word' id='word_1_625' title='bbox 1454 4062 1622 4133; x_wconf 83' lang='lat' dir='ltr'><strong>figura</strong></span> <span class='ocrx_word' id='word_1_626' title='bbox 1672 4078 1794 4118; x_wconf 88' lang='lat' dir='ltr'><strong>cum</strong></span> <span class='ocrx_word' id='word_1_627' title='bbox 1850 4065 2052 4119; x_wconf 83' lang='lat' dir='ltr'><strong>nemini</strong></span> 
     </span>
    </p>
   </div>
   <div class='ocr_carea' id='block_1_81' title="bbox 450 4156 2054 4229">
    <p class='ocr_par' dir='ltr' id='par_1_81' title="bbox 450 4156 2054 4229">
     <span class='ocr_line' id='line_1_81' title="bbox 450 4156 2054 4229; baseline -0.001 -16"><span class='ocrx_word' id='word_1_628' title='bbox 450 4158 629 4229; x_wconf 78' lang='lat' dir='ltr'><strong>ignota</strong></span> <span class='ocrx_word' id='word_1_629' title='bbox 680 4157 789 4223; x_wconf 87' lang='lat' dir='ltr'><strong>sit,</strong></span> <span class='ocrx_word' id='word_1_630' title='bbox 844 4156 1075 4211; x_wconf 81' lang='lat' dir='ltr'><strong>sufficiet</strong></span> <span class='ocrx_word' id='word_1_631' title='bbox 1120 4158 1173 4211; x_wconf 91' lang='lat' dir='ltr'><strong>in</strong></span> <span class='ocrx_word' id='word_1_632' title='bbox 1223 4156 1364 4211; x_wconf 91' lang='lat' dir='ltr'><strong>illius</strong></span> <span class='ocrx_word' id='word_1_633' title='bbox 1416 4156 1881 4211; x_wconf 81' lang='lat' dir='ltr'><strong>confirmationem</strong></span> <span class='ocrx_word' id='word_1_634' title='bbox 1938 4156 2054 4211; x_wconf 58' lang='lat' dir='ltr'><strong>haec</strong></span> 
     </span>
    </p>
   </div>
   <div class='ocr_carea' id='block_1_82' title="bbox 449 4249 2052 4321">
    <p class='ocr_par' dir='ltr' id='par_1_82' title="bbox 449 4249 2052 4321">
     <span class='ocr_line' id='line_1_82' title="bbox 449 4249 2052 4321; baseline -0.001 -16"><span class='ocrx_word' id='word_1_635' title='bbox 449 4252 818 4307; x_wconf 87' lang='lat' dir='ltr'><strong>transcribere</strong></span> <span class='ocrx_word' id='word_1_636' title='bbox 843 4250 1093 4305; x_wconf 80' lang='lat' dir='ltr'><strong>Macrobii</strong></span> <span class='ocrx_word' id='word_1_637' title='bbox 1124 4250 1288 4305; x_wconf 86' lang='lat' dir='ltr'><strong>verba</strong></span> <span class='ocrx_word' id='word_1_638' title='bbox 1330 4267 1341 4301; x_wconf 94' lang='lat'><strong>:</strong></span> <span class='ocrx_word' id='word_1_639' title='bbox 1382 4266 1400 4300; x_wconf 78' lang='grc' dir='ltr'><strong>ι</strong></span> <span class='ocrx_word' id='word_1_640' title='bbox 1435 4249 1720 4305; x_wconf 86' lang='lat' dir='ltr'><strong>Observari</strong></span> <span class='ocrx_word' id='word_1_641' title='bbox 1751 4266 1872 4304; x_wconf 90' lang='lat' dir='ltr'><strong>eum</strong></span> <span class='ocrx_word' id='word_1_642' title='bbox 1912 4249 2052 4321; x_wconf 86' lang='lat' dir='ltr'><strong>(Sa-</strong></span> 
     </span>
    </p>
   </div>
   <div class='ocr_carea' id='block_1_83' title="bbox 449 4343 2057 4416">
    <p class='ocr_par' dir='ltr' id='par_1_83' title="bbox 449 4343 2057 4416">
     <span class='ocr_line' id='line_1_83' title="bbox 449 4343 2057 4416; baseline 0 -16"><span class='ocrx_word' id='word_1_643' title='bbox 449 4348 722 4410; x_wconf 86' lang='lat' dir='ltr'><strong>turnum),</strong></span> <span class='ocrx_word' id='word_1_644' title='bbox 766 4344 926 4415; x_wconf 87' lang='lat' dir='ltr'><strong>jussit</strong></span> <span class='ocrx_word' id='word_1_645' title='bbox 956 4343 1204 4416; x_wconf 82' lang='lat' dir='ltr'><strong>(Janus),</strong></span> <span class='ocrx_word' id='word_1_646' title='bbox 1259 4345 1538 4413; x_wconf 85' lang='lat' dir='ltr'><strong>majestate</strong></span> <span class='ocrx_word' id='word_1_647' title='bbox 1580 4344 1855 4414; x_wconf 79' lang='lat' dir='ltr'><strong>religionis</strong></span> <span class='ocrx_word' id='word_1_648' title='bbox 1901 4346 2057 4414; x_wconf 90' lang='lat' dir='ltr'><strong>quasi</strong></span> 
     </span>
    </p>
   </div>
   <div class='ocr_carea' id='block_1_84' title="bbox 453 4437 2054 4505">
    <p class='ocr_par' dir='ltr' id='par_1_84' title="bbox 453 4437 2054 4505">
     <span class='ocr_line' id='line_1_84' title="bbox 453 4437 2054 4505; baseline -0.003 -11"><span class='ocrx_word' id='word_1_649' title='bbox 453 4441 577 4494; x_wconf 64' lang='lat' dir='ltr'><strong>vita:</strong></span> <span class='ocrx_word' id='word_1_650' title='bbox 605 4439 843 4494; x_wconf 86' lang='lat' dir='ltr'><strong>melioris</strong></span> <span class='ocrx_word' id='word_1_651' title='bbox 860 4446 1157 4492; x_wconf 87' lang='lat' dir='ltr'><strong>auctorem.</strong></span> <span class='ocrx_word' id='word_1_652' title='bbox 1199 4437 1555 4492; x_wconf 84' lang='lat' dir='ltr'><strong>Simulacrum</strong></span> <span class='ocrx_word' id='word_1_653' title='bbox 1580 4438 1695 4504; x_wconf 88' lang='lat' dir='ltr'><strong>ejus</strong></span> <span class='ocrx_word' id='word_1_654' title='bbox 1724 4437 1922 4491; x_wconf 89' lang='lat' dir='ltr'><strong>indicio</strong></span> <span class='ocrx_word' id='word_1_655' title='bbox 1948 4448 2054 4505; x_wconf 89' lang='lat' dir='ltr'><strong>est,</strong></span> 
     </span>
    </p>
   </div>
   <div class='ocr_carea' id='block_1_85' title="bbox 454 4529 2055 4600">
    <p class='ocr_par' dir='ltr' id='par_1_85' title="bbox 454 4529 2055 4600">
     <span class='ocr_line' id='line_1_85' title="bbox 454 4529 2055 4600; baseline -0.002 -13"><span class='ocrx_word' id='word_1_656' title='bbox 454 4533 539 4587; x_wconf 89' lang='lat' dir='ltr'><strong>cui</strong></span> <span class='ocrx_word' id='word_1_657' title='bbox 569 4532 757 4585; x_wconf 87' lang='lat' dir='ltr'><strong>falcem</strong></span> <span class='ocrx_word' id='word_1_658' title='bbox 785 4572 801 4597; x_wconf 93' lang='lat'><strong>,</strong></span> <span class='ocrx_word' id='word_1_659' title='bbox 832 4531 1041 4600; x_wconf 83' lang='lat' dir='ltr'><strong>insigne</strong></span> <span class='ocrx_word' id='word_1_660' title='bbox 1082 4529 1290 4593; x_wconf 90' lang='lat' dir='ltr'><strong>messis,</strong></span> <span class='ocrx_word' id='word_1_661' title='bbox 1323 4529 1539 4598; x_wconf 88' lang='lat' dir='ltr'><strong>adjecit.</strong></span> <span class='ocrx_word' id='word_1_662' title='bbox 1583 4529 1717 4582; x_wconf 86' lang='lat' dir='ltr'><strong>lluic</strong></span> <span class='ocrx_word' id='word_1_663' title='bbox 1747 4529 1849 4583; x_wconf 82' lang='lat' dir='ltr'><strong>deo</strong></span> <span class='ocrx_word' id='word_1_664' title='bbox 1880 4530 2055 4584; x_wconf 89' lang='lat' dir='ltr'><strong>inser-</strong></span> 
     </span>
    </p>
   </div>
   <div class='ocr_carea' id='block_1_86' title="bbox 456 4620 2057 4692">
    <p class='ocr_par' dir='ltr' id='par_1_86' title="bbox 456 4620 2057 4692">
     <span class='ocr_line' id='line_1_86' title="bbox 456 4620 2057 4692; baseline -0.002 -13"><span class='ocrx_word' id='word_1_665' title='bbox 456 4625 629 4679; x_wconf 84' lang='lat' dir='ltr'><strong>tiones</strong></span> <span class='ocrx_word' id='word_1_666' title='bbox 679 4623 1055 4687; x_wconf 89' lang='lat' dir='ltr'><strong>surculorum,</strong></span> <span class='ocrx_word' id='word_1_667' title='bbox 1114 4638 1506 4692; x_wconf 82' lang='lat' dir='ltr'><strong>pomorumque</strong></span> <span class='ocrx_word' id='word_1_668' title='bbox 1562 4620 1948 4687; x_wconf 86' lang='lat' dir='ltr'><strong>educationes,</strong></span> <span class='ocrx_word' id='word_1_669' title='bbox 2002 4632 2057 4678; x_wconf 91' lang='lat' dir='ltr'><strong>et</strong></span> 
     </span>
    </p>
   </div>
   <div class='ocr_carea' id='block_1_87' title="bbox 454 4710 2048 4784">
    <p class='ocr_par' dir='ltr' id='par_1_87' title="bbox 454 4710 2048 4784">
     <span class='ocr_line' id='line_1_87' title="bbox 454 4710 2048 4784; baseline 0 -15"><span class='ocrx_word' id='word_1_670' title='bbox 454 4716 693 4769; x_wconf 87' lang='lat' dir='ltr'><strong>onmium</strong></span> <span class='ocrx_word' id='word_1_671' title='bbox 728 4714 1096 4784; x_wconf 83' lang='lat' dir='ltr'><strong>hujuscemodi</strong></span> <span class='ocrx_word' id='word_1_672' title='bbox 1130 4710 1378 4769; x_wconf 72' lang='lat' dir='ltr'><strong>fertilium</strong></span> <span class='ocrx_word' id='word_1_673' title='bbox 1421 4713 1662 4768; x_wconf 85' lang='lat' dir='ltr'><strong>tribuunt</strong></span> <span class='ocrx_word' id='word_1_674' title='bbox 1688 4713 1997 4783; x_wconf 84' lang='lat' dir='ltr'><strong>disciplinas</strong></span> <span class='ocrx_word' id='word_1_675' title='bbox 2030 4735 2048 4768; x_wconf 75' lang='grc' dir='ltr'><strong>ι</strong></span> 
     </span>
    </p>
   </div>
   <div class='ocr_carea' id='block_1_88' title="bbox 456 4806 2055 4881">
    <p class='ocr_par' dir='ltr' id='par_1_88' title="bbox 456 4806 2055 4881">
     <span class='ocr_line' id='line_1_88' title="bbox 456 4806 2055 4881; baseline 0.001 -19"><span class='ocrx_word' id='word_1_676' title='bbox 456 4808 713 4881; x_wconf 72' lang='lat' dir='ltr'><strong>(Macrob.</strong></span> <span class='ocrx_word' id='word_1_677' title='bbox 744 4851 758 4869; x_wconf 88' lang='lat'><em>.</em></span> <span class='ocrx_word' id='word_1_678' title='bbox 815 4809 903 4861; x_wconf 89' lang='lat' dir='ltr'><strong>lib.</strong></span> <span class='ocrx_word' id='word_1_679' title='bbox 946 4823 961 4863; x_wconf 92' lang='grc' dir='ltr'><strong>ι</strong></span> <span class='ocrx_word' id='word_1_680' title='bbox 1004 4807 1245 4873; x_wconf 84' lang='lat' dir='ltr'><strong>Saturn.,</strong></span> <span class='ocrx_word' id='word_1_681' title='bbox 1278 4825 1397 4878; x_wconf 89' lang='lat' dir='ltr'><strong>pag.</strong></span> <span class='ocrx_word' id='word_1_682' title='bbox 1446 4806 1597 4877; x_wconf 73' lang='lat'><strong>205).</strong></span> <span class='ocrx_word' id='word_1_683' title='bbox 1642 4806 1759 4863; x_wconf 82' lang='lat' dir='ltr'><strong>Huc</strong></span> <span class='ocrx_word' id='word_1_684' title='bbox 1799 4810 1842 4862; x_wconf 93' lang='lat' dir='ltr'><strong>si</strong></span> <span class='ocrx_word' id='word_1_685' title='bbox 1890 4808 2055 4878; x_wconf 86' lang='lat' dir='ltr'><strong>velis,</strong></span> 
     </span>
    </p>
   </div>
   <div class='ocr_carea' id='block_1_89' title="bbox 454 4898 1339 4968">
    <p class='ocr_par' dir='ltr' id='par_1_89' title="bbox 454 4898 1339 4968">
     <span class='ocr_line' id='line_1_89' title="bbox 454 4898 1339 4968; baseline -0.001 -12"><span class='ocrx_word' id='word_1_686' title='bbox 454 4900 677 4956; x_wconf 86' lang='lat' dir='ltr'><strong>accedet</strong></span> <span class='ocrx_word' id='word_1_687' title='bbox 706 4899 952 4961; x_wconf 81' lang='lat' dir='ltr'><strong>Ovidius,</strong></span> <span class='ocrx_word' id='word_1_688' title='bbox 986 4900 1073 4968; x_wconf 86' lang='lat' dir='ltr'><strong>qui</strong></span> <span class='ocrx_word' id='word_1_689' title='bbox 1103 4898 1298 4953; x_wconf 89' lang='lat' dir='ltr'><strong>cecinit</strong></span> <span class='ocrx_word' id='word_1_690' title='bbox 1325 4916 1339 4956; x_wconf 91' lang='lat'>:</span> 
     </span>
    </p>
   </div>
   <div class='ocr_carea' id='block_1_90' title="bbox 547 4989 1865 5053">
    <p class='ocr_par' dir='ltr' id='par_1_90' title="bbox 547 4989 1865 5053">
     <span class='ocr_line' id='line_1_90' title="bbox 547 4989 1865 5053; baseline 0.002 -13"><span class='ocrx_word' id='word_1_691' title='bbox 547 4992 691 5041; x_wconf 86' lang='lat' dir='ltr'><strong>Fama</strong></span> <span class='ocrx_word' id='word_1_692' title='bbox 710 4998 872 5047; x_wconf 83' lang='lat' dir='ltr'><strong>vetus,</strong></span> <span class='ocrx_word' id='word_1_693' title='bbox 897 4996 996 5039; x_wconf 90' lang='lat' dir='ltr'><strong>tum</strong></span> <span class='ocrx_word' id='word_1_694' title='bbox 1022 5001 1143 5053; x_wconf 13' lang='lat' dir='ltr'><strong>cum,</strong></span> <span class='ocrx_word' id='word_1_695' title='bbox 1164 4989 1390 5039; x_wconf 87' lang='lat' dir='ltr'><strong>Saturnia</strong></span> <span class='ocrx_word' id='word_1_696' title='bbox 1416 4995 1555 5040; x_wconf 88' lang='lat' dir='ltr'><strong>terra</strong></span> <span class='ocrx_word' id='word_1_697' title='bbox 1579 4999 1747 5041; x_wconf 84' lang='lat' dir='ltr'><strong>vocata</strong></span> <span class='ocrx_word' id='word_1_698' title='bbox 1772 5000 1865 5053; x_wconf 90' lang='lat' dir='ltr'><strong>est,</strong></span> 
     </span>
    </p>
   </div>
   <div class='ocr_carea' id='block_1_91' title="bbox 610 5052 1387 5103">
    <p class='ocr_par' dir='ltr' id='par_1_91' title="bbox 610 5052 1387 5103">
     <span class='ocr_line' id='line_1_91' title="bbox 610 5052 1387 5103; baseline -0.001 0"><span class='ocrx_word' id='word_1_699' title='bbox 610 5053 747 5103; x_wconf 86' lang='lat' dir='ltr'><strong>Talia</strong></span> <span class='ocrx_word' id='word_1_700' title='bbox 770 5053 948 5102; x_wconf 86' lang='lat' dir='ltr'><strong>fatidici</strong></span> <span class='ocrx_word' id='word_1_701' title='bbox 972 5053 1101 5102; x_wconf 84' lang='lat' dir='ltr'><strong>dicta</strong></span> <span class='ocrx_word' id='word_1_702' title='bbox 1126 5052 1266 5101; x_wconf 84' lang='lat' dir='ltr'><strong>fuere</strong></span> <span class='ocrx_word' id='word_1_703' title='bbox 1288 5056 1387 5102; x_wconf 88' lang='lat' dir='ltr'><strong>dei.</strong></span> 
     </span>
    </p>
   </div>
   <div class='ocr_carea' id='block_1_92' title="bbox 549 5113 1680 5227">
    <p class='ocr_par' dir='ltr' id='par_1_92' title="bbox 549 5113 1680 5227">
     <span class='ocr_line' id='line_1_92' title="bbox 549 5113 1680 5227; baseline 0.002 -62"><span class='ocrx_word' id='word_1_704' title='bbox 549 5116 789 5227; x_wconf 47' lang='lat' dir='ltr'><strong>Falﬂfetrio</strong></span> <span class='ocrx_word' id='word_1_705' title='bbox 810 5115 962 5166; x_wconf 88' lang='lat' dir='ltr'><strong>libate</strong></span> <span class='ocrx_word' id='word_1_706' title='bbox 981 5115 1090 5165; x_wconf 87' lang='lat' dir='ltr'><strong>seni</strong></span> <span class='ocrx_word' id='word_1_707' title='bbox 1107 5153 1120 5177; x_wconf 92' lang='lat'><strong>,</strong></span> <span class='ocrx_word' id='word_1_708' title='bbox 1147 5113 1245 5163; x_wconf 90' lang='lat' dir='ltr'><strong>duo</strong></span> <span class='ocrx_word' id='word_1_709' title='bbox 1270 5127 1472 5178; x_wconf 89' lang='lat' dir='ltr'><strong>corpora</strong></span> <span class='ocrx_word' id='word_1_710' title='bbox 1496 5121 1680 5178; x_wconf 79' lang='lat' dir='ltr'><strong>gentes</strong></span> 
     </span>
     <span class='ocr_line' id='line_1_93' title="bbox 691 5192 839 5227; baseline 0 0"><span class='ocrx_word' id='word_1_711' title='bbox 691 5193 707 5227; x_wconf 90' lang='grc' dir='ltr'><strong>ι</strong></span> <span class='ocrx_word' id='word_1_712' title='bbox 793 5192 839 5227; x_wconf 92' lang='lat' dir='ltr'><strong>e.</strong></span> 
     </span>
    </p>
   </div>
   <div class='ocr_carea' id='block_1_93' title="bbox 2156 4122 3719 4203">
    <p class='ocr_par' dir='ltr' id='par_1_93' title="bbox 2156 4122 3719 4203">
     <span class='ocr_line' id='line_1_94' title="bbox 2156 4122 3719 4203; baseline 0.003 -23"><span class='ocrx_word' id='word_1_713' title='bbox 2156 4130 2294 4189; x_wconf 77' lang='grc' dir='ltr'><strong>ποθὶ,</strong></span> <span class='ocrx_word' id='word_1_714' title='bbox 2319 4130 2406 4180; x_wconf 78' lang='grc' dir='ltr'><strong>καὶ</strong></span> <span class='ocrx_word' id='word_1_715' title='bbox 2432 4128 2477 4180; x_wconf 81' lang='grc' dir='ltr'><strong>οἱ</strong></span> <span class='ocrx_word' id='word_1_716' title='bbox 2499 4127 2941 4203; x_wconf 69' lang='grc' dir='ltr'><strong>ἀγαλματογλύφοι</strong></span> <span class='ocrx_word' id='word_1_717' title='bbox 2989 4134 3441 4197; x_wconf 76' lang='grc' dir='ltr'><strong>κατασκευάζουσι</strong></span> <span class='ocrx_word' id='word_1_718' title='bbox 3463 4174 3477 4197; x_wconf 95' lang='grc'><strong>,</strong></span> <span class='ocrx_word' id='word_1_719' title='bbox 3508 4133 3589 4186; x_wconf 79' lang='grc' dir='ltr'><em>καὶ</em></span> <span class='ocrx_word' id='word_1_720' title='bbox 3633 4122 3719 4180; x_wconf 61' lang='grc' dir='ltr'><strong>οὐδὲ</strong></span> 
     </span>
    </p>
   </div>
   <div class='ocr_carea' id='block_1_94' title="bbox 2158 4219 3722 4293">
    <p class='ocr_par' dir='ltr' id='par_1_94' title="bbox 2158 4219 3722 4293">
     <span class='ocr_line' id='line_1_95' title="bbox 2158 4219 3722 4293; baseline 0.002 -22"><span class='ocrx_word' id='word_1_721' title='bbox 2158 4220 2459 4290; x_wconf 71' lang='grc' dir='ltr'><strong>χιτωνίσκῳ</strong></span> <span class='ocrx_word' id='word_1_722' title='bbox 2499 4219 2938 4275; x_wconf 54' lang='lat' dir='ltr'><strong>uult-baratrum“...</strong></span> <span class='ocrx_word' id='word_1_723' title='bbox 2986 4226 3070 4276; x_wconf 75' lang='grc' dir='ltr'><strong>καὶ</strong></span> <span class='ocrx_word' id='word_1_724' title='bbox 3107 4225 3281 4293; x_wconf 78' lang='grc' dir='ltr'><strong>μέντοι</strong></span> <span class='ocrx_word' id='word_1_725' title='bbox 3305 4265 3321 4290; x_wconf 90' lang='grc'><strong>,</strong></span> <span class='ocrx_word' id='word_1_726' title='bbox 3354 4227 3442 4278; x_wconf 76' lang='grc' dir='ltr'><strong>καὶ</strong></span> <span class='ocrx_word' id='word_1_727' title='bbox 3479 4221 3722 4278; x_wconf 62' lang='lat' dir='ltr'><strong>timorum;</strong></span> 
     </span>
    </p>
   </div>
   <div class='ocr_carea' id='block_1_95' title="bbox 2157 4313 3719 4388">
    <p class='ocr_par' dir='ltr' id='par_1_95' title="bbox 2157 4313 3719 4388">
     <span class='ocr_line' id='line_1_96' title="bbox 2157 4313 3719 4388; baseline -0.002 -23"><span class='ocrx_word' id='word_1_728' title='bbox 2157 4313 2429 4383; x_wconf 75' lang='grc' dir='ltr'><strong>λυσιμελής</strong></span> <span class='ocrx_word' id='word_1_729' title='bbox 2454 4334 2508 4367; x_wconf 80' lang='grc' dir='ltr'><strong>τε</strong></span> <span class='ocrx_word' id='word_1_730' title='bbox 2529 4355 2544 4379; x_wconf 91' lang='grc'><strong>,</strong></span> <span class='ocrx_word' id='word_1_731' title='bbox 2591 4318 2677 4369; x_wconf 77' lang='grc' dir='ltr'><strong><em>καὶ</em></strong></span> <span class='ocrx_word' id='word_1_732' title='bbox 2717 4318 2907 4388; x_wconf 73' lang='grc' dir='ltr'><strong>γυμνὸς</strong></span> <span class='ocrx_word' id='word_1_733' title='bbox 2947 4317 3051 4371; x_wconf 71' lang='grc' dir='ltr'><strong>ὑπὸ</strong></span> <span class='ocrx_word' id='word_1_734' title='bbox 3077 4319 3274 4371; x_wconf 79' lang='grc' dir='ltr'>τούτων</span> <span class='ocrx_word' id='word_1_735' title='bbox 3300 4318 3719 4380; x_wconf 76' lang='grc' dir='ltr'><strong>κατασκευάζεται.</strong></span> 
     </span>
    </p>
   </div>
   <div class='ocr_carea' id='block_1_96' title="bbox 2160 4397 3720 4478">
    <p class='ocr_par' dir='ltr' id='par_1_96' title="bbox 2160 4397 3720 4478">
     <span class='ocr_line' id='line_1_97' title="bbox 2160 4397 3720 4478; baseline 0.006 -21"><span class='ocrx_word' id='word_1_736' title='bbox 2160 4404 2442 4464; x_wconf 85' lang='lat' dir='ltr'><strong>(Theodar.</strong></span> <span class='ocrx_word' id='word_1_737' title='bbox 2473 4421 2626 4458; x_wconf 82' lang='lat' dir='ltr'><strong>serat.</strong></span> <span class='ocrx_word' id='word_1_738' title='bbox 2645 4406 2699 4473; x_wconf 78' lang='grc'>5,</span> <span class='ocrx_word' id='word_1_739' title='bbox 2720 4406 2784 4459; x_wconf 88' lang='lat' dir='ltr'><strong>de</strong></span> <span class='ocrx_word' id='word_1_740' title='bbox 2800 4406 2981 4478; x_wconf 81' lang='lat' dir='ltr'><strong>Augel.</strong></span> <span class='ocrx_word' id='word_1_741' title='bbox 3011 4416 3061 4461; x_wconf 81' lang='lat' dir='ltr'><strong>et</strong></span> <span class='ocrx_word' id='word_1_742' title='bbox 3087 4408 3222 4463; x_wconf 88' lang='lat' dir='ltr'><strong>dem.</strong></span> <span class='ocrx_word' id='word_1_743' title='bbox 3272 4418 3399 4463; x_wconf 84' lang='lat' dir='ltr'><strong>tom.</strong></span> <span class='ocrx_word' id='word_1_744' title='bbox 3423 4423 3497 4475; x_wconf 82' lang='lat' dir='ltr'><strong>tv,</strong></span> <span class='ocrx_word' id='word_1_745' title='bbox 3526 4424 3574 4477; x_wconf 88' lang='lat' dir='ltr'><strong>p.</strong></span> <span class='ocrx_word' id='word_1_746' title='bbox 3600 4397 3720 4467; x_wconf 61' lang='grc' dir='ltr'><strong>δῖοι)</strong></span> 
     </span>
    </p>
   </div>
   <div class='ocr_carea' id='block_1_97' title="bbox 2169 4496 3721 4573">
    <p class='ocr_par' dir='ltr' id='par_1_97' title="bbox 2169 4496 3721 4573">
     <span class='ocr_line' id='line_1_98' title="bbox 2169 4496 3721 4573; baseline 0 -23"><span class='ocrx_word' id='word_1_747' title='bbox 2169 4496 2415 4551; x_wconf 82' lang='lat' dir='ltr'><strong>Venerem</strong></span> <span class='ocrx_word' id='word_1_748' title='bbox 2446 4499 2630 4552; x_wconf 74' lang='lat' dir='ltr'><strong>Irarum</strong></span> <span class='ocrx_word' id='word_1_749' title='bbox 2651 4542 2664 4563; x_wconf 93' lang='lat'><strong>,</strong></span> <span class='ocrx_word' id='word_1_750' title='bbox 2696 4501 3038 4554; x_wconf 86' lang='lat' dir='ltr'><strong>meretricum</strong></span> <span class='ocrx_word' id='word_1_751' title='bbox 3059 4543 3074 4568; x_wconf 95' lang='lat'><strong>,</strong></span> <span class='ocrx_word' id='word_1_752' title='bbox 3109 4502 3416 4573; x_wconf 74' lang='lat' dir='ltr'><strong>magistram</strong></span> <span class='ocrx_word' id='word_1_753' title='bbox 3459 4500 3631 4555; x_wconf 78' lang='lat' dir='ltr'><strong>trudam</strong></span> <span class='ocrx_word' id='word_1_754' title='bbox 3655 4497 3721 4565; x_wconf 49' lang='lat' dir='ltr'><strong>[ad</strong></span> 
     </span>
    </p>
   </div>
   <div class='ocr_carea' id='block_1_98' title="bbox 2161 4588 3720 4665">
    <p class='ocr_par' dir='ltr' id='par_1_98' title="bbox 2161 4588 3720 4665">
     <span class='ocr_line' id='line_1_99' title="bbox 2161 4588 3720 4665; baseline 0.001 -24"><span class='ocrx_word' id='word_1_755' title='bbox 2161 4590 2302 4643; x_wconf 84' lang='lat' dir='ltr'><strong>ciant</strong></span> <span class='ocrx_word' id='word_1_756' title='bbox 2350 4592 2617 4657; x_wconf 85' lang='lat' dir='ltr'><strong>statuarii,</strong></span> <span class='ocrx_word' id='word_1_757' title='bbox 2672 4602 2721 4645; x_wconf 88' lang='lat' dir='ltr'><strong>et</strong></span> <span class='ocrx_word' id='word_1_758' title='bbox 2768 4592 3093 4661; x_wconf 85' lang='lat' dir='ltr'><strong>sculptores,</strong></span> <span class='ocrx_word' id='word_1_759' title='bbox 3147 4611 3315 4665; x_wconf 85' lang='lat' dir='ltr'><strong>neque</strong></span> <span class='ocrx_word' id='word_1_760' title='bbox 3365 4595 3534 4647; x_wconf 82' lang='lat' dir='ltr'><strong>trurica</strong></span> <span class='ocrx_word' id='word_1_761' title='bbox 3576 4588 3720 4642; x_wconf 76' lang='grc' dir='ltr'>εαιιεπι</span> 
     </span>
    </p>
   </div>
   <div class='ocr_carea' id='block_1_99' title="bbox 2083 4672 3719 4756">
    <p class='ocr_par' dir='ltr' id='par_1_99' title="bbox 2083 4672 3719 4756">
     <span class='ocr_line' id='line_1_100' title="bbox 2083 4672 3719 4756; baseline 0.001 -25"><span class='ocrx_word' id='word_1_762' title='bbox 2083 4672 2306 4735; x_wconf 85' lang='lat' dir='ltr'><strong>Dillam</strong></span> <span class='ocrx_word' id='word_1_763' title='bbox 2355 4681 2730 4739; x_wconf 85' lang='lat' dir='ltr'><strong>obducunt.....</strong></span> <span class='ocrx_word' id='word_1_764' title='bbox 2778 4683 3042 4737; x_wconf 80' lang='lat' dir='ltr'><strong>Bacchum</strong></span> <span class='ocrx_word' id='word_1_765' title='bbox 3096 4700 3294 4756; x_wconf 82' lang='lat' dir='ltr'><strong>quoque</strong></span> <span class='ocrx_word' id='word_1_766' title='bbox 3342 4685 3494 4739; x_wconf 86' lang='lat' dir='ltr'><strong>iidem</strong></span> <span class='ocrx_word' id='word_1_767' title='bbox 3538 4676 3719 4746; x_wconf 69' lang='lat' dir='ltr'><strong>artiﬁces</strong></span> 
     </span>
    </p>
   </div>
   <div class='ocr_carea' id='block_1_100' title="bbox 2161 4766 3721 4847">
    <p class='ocr_par' dir='ltr' id='par_1_100' title="bbox 2161 4766 3721 4847">
     <span class='ocr_line' id='line_1_101' title="bbox 2161 4766 3721 4847; baseline 0 -20"><span class='ocrx_word' id='word_1_768' title='bbox 2161 4776 2400 4829; x_wconf 83' lang='lat' dir='ltr'><strong>mollibus</strong></span> <span class='ocrx_word' id='word_1_769' title='bbox 2430 4793 2489 4830; x_wconf 88' lang='lat' dir='ltr'><strong>ac</strong></span> <span class='ocrx_word' id='word_1_770' title='bbox 2517 4776 2701 4831; x_wconf 81' lang='lat' dir='ltr'><strong>solutis</strong></span> <span class='ocrx_word' id='word_1_771' title='bbox 2743 4766 2981 4832; x_wconf 81' lang='lat' dir='ltr'><strong>membris</strong></span> <span class='ocrx_word' id='word_1_772' title='bbox 3012 4776 3415 4847; x_wconf 67' lang='lat' dir='ltr'><strong>eﬂciniitatoqzte</strong></span> <span class='ocrx_word' id='word_1_773' title='bbox 3442 4792 3636 4847; x_wconf 83' lang='lat' dir='ltr'><strong>corpore</strong></span> <span class='ocrx_word' id='word_1_774' title='bbox 3659 4771 3721 4842; x_wconf 79' lang='lat' dir='ltr'><strong>{a-</strong></span> 
     </span>
    </p>
   </div>
   <div class='ocr_carea' id='block_1_101' title="bbox 2162 4862 3719 4940">
    <p class='ocr_par' dir='ltr' id='par_1_101' title="bbox 2162 4862 3719 4940">
     <span class='ocr_line' id='line_1_102' title="bbox 2162 4862 3719 4940; baseline 0.002 -20"><span class='ocrx_word' id='word_1_775' title='bbox 2162 4869 2322 4921; x_wconf 86' lang='lat' dir='ltr'><strong>ciunt.</strong></span> <span class='ocrx_word' id='word_1_776' title='bbox 2366 4868 2735 4924; x_wconf 79' lang='lat' dir='ltr'><strong>Tertullianus</strong></span> <span class='ocrx_word' id='word_1_777' title='bbox 2785 4870 3019 4940; x_wconf 86' lang='lat' dir='ltr'><strong>denique</strong></span> <span class='ocrx_word' id='word_1_778' title='bbox 3087 4873 3219 4926; x_wconf 85' lang='lat' dir='ltr'><strong>vitio</strong></span> <span class='ocrx_word' id='word_1_779' title='bbox 3280 4872 3511 4928; x_wconf 86' lang='lat' dir='ltr'><strong>ethnicis</strong></span> <span class='ocrx_word' id='word_1_780' title='bbox 3559 4862 3719 4923; x_wconf 67' lang='lat' dir='ltr'><strong>verm.</strong></span> 
     </span>
    </p>
   </div>
   <div class='ocr_carea' id='block_1_102' title="bbox 2163 4951 3721 5041">
    <p class='ocr_par' dir='ltr' id='par_1_102' title="bbox 2163 4951 3721 5041">
     <span class='ocr_line' id='line_1_103' title="bbox 2163 4951 3721 5041; baseline 0.003 -28"><span class='ocrx_word' id='word_1_781' title='bbox 2163 4961 2304 5030; x_wconf 83' lang='lat' dir='ltr'><strong>quod</strong></span> <span class='ocrx_word' id='word_1_782' title='bbox 2324 4961 2591 5041; x_wconf 79' lang='lat' dir='ltr'><strong>Bacchum</strong></span> <span class='ocrx_word' id='word_1_783' title='bbox 2614 4960 2935 5018; x_wconf 83' lang='lat' dir='ltr'><strong>etVenerem</strong></span> <span class='ocrx_word' id='word_1_784' title='bbox 2963 4973 3068 5018; x_wconf 89' lang='lat' dir='ltr'><strong>tam</strong></span> <span class='ocrx_word' id='word_1_785' title='bbox 3099 4965 3238 5035; x_wconf 88' lang='lat' dir='ltr'><strong>turpi</strong></span> <span class='ocrx_word' id='word_1_786' title='bbox 3269 4964 3556 5033; x_wconf 88' lang='lat' dir='ltr'><strong>infamique</strong></span> <span class='ocrx_word' id='word_1_787' title='bbox 3576 4951 3721 5029; x_wconf 70' lang='lat' dir='ltr'><strong>spefie</strong></span> 
     </span>
    </p>
   </div>
   <div class='ocr_carea' id='block_1_103' title="bbox 2160 5046 3720 5129">
    <p class='ocr_par' dir='ltr' id='par_1_103' title="bbox 2160 5046 3720 5129">
     <span class='ocr_line' id='line_1_104' title="bbox 2160 5046 3720 5129; baseline 0.004 -21"><span class='ocrx_word' id='word_1_788' title='bbox 2160 5056 2214 5109; x_wconf 90' lang='lat' dir='ltr'><strong>in</strong></span> <span class='ocrx_word' id='word_1_789' title='bbox 2235 5053 2455 5111; x_wconf 86' lang='lat' dir='ltr'><strong>theatris</strong></span> <span class='ocrx_word' id='word_1_790' title='bbox 2470 5057 2787 5111; x_wconf 84' lang='lat' dir='ltr'><strong>exhiberem</strong></span> <span class='ocrx_word' id='word_1_791' title='bbox 2804 5055 3071 5129; x_wconf 86' lang='lat' dir='ltr'><strong>(Tertull.,</strong></span> <span class='ocrx_word' id='word_1_792' title='bbox 3092 5058 3128 5112; x_wconf 81' lang='grc' dir='ltr'>ι.</span> <span class='ocrx_word' id='word_1_793' title='bbox 3148 5058 3211 5113; x_wconf 87' lang='lat' dir='ltr'><strong>de</strong></span> <span class='ocrx_word' id='word_1_794' title='bbox 3228 5060 3493 5128; x_wconf 76' lang='lat' dir='ltr'><strong>&quot;Spectac.,</strong></span> <span class='ocrx_word' id='word_1_795' title='bbox 3514 5072 3615 5124; x_wconf 80' lang='lat' dir='ltr'><strong>cap.</strong></span> <span class='ocrx_word' id='word_1_796' title='bbox 3636 5046 3720 5115; x_wconf 72' lang='grc'><strong>10)·</strong></span> 
     </span>
    </p>
   </div>
   <div class='ocr_carea' id='block_1_104' title="bbox 2231 5138 3719 5223">
    <p class='ocr_par' dir='ltr' id='par_1_104' title="bbox 2231 5138 3719 5223">
     <span class='ocr_line' id='line_1_105' title="bbox 2231 5138 3719 5223; baseline -0.005 -22"><span class='ocrx_word' id='word_1_797' title='bbox 2231 5149 2369 5214; x_wconf 83' lang='lat' dir='ltr'><strong>Quid</strong></span> <span class='ocrx_word' id='word_1_798' title='bbox 2390 5149 2588 5220; x_wconf 84' lang='lat' dir='ltr'><strong>plura?</strong></span> <span class='ocrx_word' id='word_1_799' title='bbox 2616 5167 2636 5201; x_wconf 80' lang='grc' dir='ltr'><strong>ι</strong></span> <span class='ocrx_word' id='word_1_800' title='bbox 2666 5148 2795 5204; x_wconf 81' lang='lat' dir='ltr'><strong>Cum</strong></span> <span class='ocrx_word' id='word_1_801' title='bbox 2824 5153 2978 5222; x_wconf 87' lang='lat' dir='ltr'><strong>pileo,</strong></span> <span class='ocrx_word' id='word_1_802' title='bbox 3014 5171 3032 5203; x_wconf 73' lang='grc' dir='ltr'><strong>ι</strong></span> <span class='ocrx_word' id='word_1_803' title='bbox 3059 5153 3236 5223; x_wconf 91' lang='lat' dir='ltr'><strong>inquit</strong></span> <span class='ocrx_word' id='word_1_804' title='bbox 3257 5153 3554 5214; x_wconf 82' lang='lat' dir='ltr'><strong>Arnobius,</strong></span> <span class='ocrx_word' id='word_1_805' title='bbox 3584 5166 3600 5198; x_wconf 84' lang='grc' dir='ltr'><strong>ι</strong></span> <span class='ocrx_word' id='word_1_806' title='bbox 3619 5138 3719 5198; x_wconf 80' lang='lat' dir='ltr'><strong>Val-</strong></span> 
     </span>
    </p>
   </div>
   <div class='ocr_carea' id='block_1_105' title="bbox 2158 5238 3721 5317">
    <p class='ocr_par' dir='ltr' id='par_1_105' title="bbox 2158 5238 3721 5317">
     <span class='ocr_line' id='line_1_106' title="bbox 2158 5238 3721 5317; baseline 0 -22"><span class='ocrx_word' id='word_1_807' title='bbox 2158 5257 2352 5309; x_wconf 83' lang='lat' dir='ltr'><strong>canus,</strong></span> <span class='ocrx_word' id='word_1_808' title='bbox 2388 5253 2434 5296; x_wconf 83' lang='lat' dir='ltr'><strong>et</strong></span> <span class='ocrx_word' id='word_1_809' title='bbox 2470 5244 2688 5310; x_wconf 85' lang='lat' dir='ltr'><strong>malleo,</strong></span> <span class='ocrx_word' id='word_1_810' title='bbox 2728 5265 2747 5297; x_wconf 84' lang='grc'><strong>›</strong></span> <span class='ocrx_word' id='word_1_811' title='bbox 2786 5247 2902 5312; x_wconf 87' lang='lat' dir='ltr'><strong>vel,</strong></span> <span class='ocrx_word' id='word_1_812' title='bbox 2952 5256 3008 5302; x_wconf 92' lang='lat' dir='ltr'><strong>ut</strong></span> <span class='ocrx_word' id='word_1_813' title='bbox 3040 5260 3224 5317; x_wconf 88' lang='lat' dir='ltr'><strong>postea</strong></span> <span class='ocrx_word' id='word_1_814' title='bbox 3256 5246 3428 5302; x_wconf 85' lang='lat' dir='ltr'><strong>dixit:</strong></span> <span class='ocrx_word' id='word_1_815' title='bbox 3461 5265 3478 5298; x_wconf 84' lang='grc' dir='ltr'><strong>ι</strong></span> <span class='ocrx_word' id='word_1_816' title='bbox 3512 5238 3721 5298; x_wconf 67' lang='lat' dir='ltr'><strong>Mulciber</strong></span> 
     </span>
    </p>
   </div>
   <div class='ocr_carea' id='block_1_106' title="bbox 2159 5326 3716 5414">
    <p class='ocr_par' dir='ltr' id='par_1_106' title="bbox 2159 5326 3716 5414">
     <span class='ocr_line' id='line_1_107' title="bbox 2159 5326 3716 5414; baseline 0.007 -26"><span class='ocrx_word' id='word_1_817' title='bbox 2159 5338 2334 5407; x_wconf 79' lang='lat' dir='ltr'><strong>fabrili</strong></span> <span class='ocrx_word' id='word_1_818' title='bbox 2359 5353 2472 5391; x_wconf 81' lang='lat' dir='ltr'><strong>cum</strong></span> <span class='ocrx_word' id='word_1_819' title='bbox 2499 5339 2674 5393; x_wconf 83' lang='lat' dir='ltr'><strong>habitu</strong></span> <span class='ocrx_word' id='word_1_820' title='bbox 2704 5359 2722 5392; x_wconf 74' lang='grc' dir='ltr'><strong>ι</strong></span> <span class='ocrx_word' id='word_1_821' title='bbox 2768 5341 2985 5409; x_wconf 72' lang='lat' dir='ltr'><strong>(Arnob.</strong></span> <span class='ocrx_word' id='word_1_822' title='bbox 3010 5385 3024 5407; x_wconf 91' lang='lat'><strong>,</strong></span> <span class='ocrx_word' id='word_1_823' title='bbox 3050 5342 3139 5397; x_wconf 86' lang='lat' dir='ltr'><strong>lib.</strong></span> <span class='ocrx_word' id='word_1_824' title='bbox 3167 5358 3240 5409; x_wconf 81' lang='lat' dir='ltr'><strong>v1,</strong></span> <span class='ocrx_word' id='word_1_825' title='bbox 3264 5359 3389 5414; x_wconf 86' lang='lat' dir='ltr'><strong>pag.</strong></span> <span class='ocrx_word' id='word_1_826' title='bbox 3412 5341 3510 5397; x_wconf 87' lang='lat'><strong>197</strong></span> <span class='ocrx_word' id='word_1_827' title='bbox 3528 5346 3577 5395; x_wconf 89' lang='lat' dir='ltr'><strong>et</strong></span> <span class='ocrx_word' id='word_1_828' title='bbox 3596 5326 3716 5399; x_wconf 73' lang='lat'><strong>9.09)-</strong></span> 
     </span>
    </p>
   </div>
   <div class='ocr_carea' id='block_1_107' title="bbox 2158 5431 3718 5502">
    <p class='ocr_par' dir='ltr' id='par_1_107' title="bbox 2158 5431 3718 5502">
     <span class='ocr_line' id='line_1_108' title="bbox 2158 5431 3718 5502; baseline -0.004 -18"><span class='ocrx_word' id='word_1_829' title='bbox 2158 5431 2619 5499; x_wconf 84' lang='lat' dir='ltr'><strong>Quemadmodum</strong></span> <span class='ocrx_word' id='word_1_830' title='bbox 2640 5434 2786 5489; x_wconf 90' lang='lat' dir='ltr'><strong>enim</strong></span> <span class='ocrx_word' id='word_1_831' title='bbox 2808 5451 2837 5489; x_wconf 91' lang='lat' dir='ltr'><strong>a</strong></span> <span class='ocrx_word' id='word_1_832' title='bbox 2858 5435 3131 5492; x_wconf 84' lang='lat' dir='ltr'><strong>Macrobio</strong></span> <span class='ocrx_word' id='word_1_833' title='bbox 3158 5446 3473 5493; x_wconf 89' lang='lat' dir='ltr'><strong>annotatum</strong></span> <span class='ocrx_word' id='word_1_834' title='bbox 3501 5431 3718 5502; x_wconf 84' lang='lat' dir='ltr'><strong>legimus:</strong></span> 
     </span>
    </p>
   </div>
   <div class='ocr_carea' id='block_1_108' title="bbox 2166 5514 3718 5601">
    <p class='ocr_par' dir='ltr' id='par_1_108' title="bbox 2166 5514 3718 5601">
     <span class='ocr_line' id='line_1_109' title="bbox 2166 5514 3718 5601; baseline 0.001 -23"><span class='ocrx_word' id='word_1_835' title='bbox 2166 5544 2185 5577; x_wconf 83' lang='grc' dir='ltr'><strong>ι</strong></span> <span class='ocrx_word' id='word_1_836' title='bbox 2221 5526 2478 5582; x_wconf 79' lang='lat' dir='ltr'><strong>Mulciber</strong></span> <span class='ocrx_word' id='word_1_837' title='bbox 2518 5536 2602 5582; x_wconf 92' lang='lat' dir='ltr'><strong>est</strong></span> <span class='ocrx_word' id='word_1_838' title='bbox 2628 5526 2937 5596; x_wconf 80' lang='lat' dir='ltr'><strong>Vulcanus,</strong></span> <span class='ocrx_word' id='word_1_839' title='bbox 2987 5531 3129 5599; x_wconf 90' lang='lat' dir='ltr'><strong>quod</strong></span> <span class='ocrx_word' id='word_1_840' title='bbox 3175 5530 3315 5601; x_wconf 85' lang='lat' dir='ltr'><strong>ignis</strong></span> <span class='ocrx_word' id='word_1_841' title='bbox 3364 5530 3433 5583; x_wconf 88' lang='lat' dir='ltr'><strong>sit</strong></span> <span class='ocrx_word' id='word_1_842' title='bbox 3476 5535 3527 5583; x_wconf 92' lang='lat' dir='ltr'><strong>et</strong></span> <span class='ocrx_word' id='word_1_843' title='bbox 3569 5514 3718 5579; x_wconf 69' lang='lat' dir='ltr'><strong>Omnia</strong></span> 
     </span>
    </p>
   </div>
   <div class='ocr_carea' id='block_1_109' title="bbox 2162 5610 3715 5692">
    <p class='ocr_par' dir='ltr' id='par_1_109' title="bbox 2162 5610 3715 5692">
     <span class='ocr_line' id='line_1_110' title="bbox 2162 5610 3715 5692; baseline -0.002 -20"><span class='ocrx_word' id='word_1_844' title='bbox 2162 5619 2395 5673; x_wconf 88' lang='lat' dir='ltr'><strong>mulceat</strong></span> <span class='ocrx_word' id='word_1_845' title='bbox 2446 5634 2509 5675; x_wconf 87' lang='lat' dir='ltr'><strong>ac</strong></span> <span class='ocrx_word' id='word_1_846' title='bbox 2565 5621 2749 5675; x_wconf 87' lang='lat' dir='ltr'><strong>domet</strong></span> <span class='ocrx_word' id='word_1_847' title='bbox 2781 5641 2800 5673; x_wconf 80' lang='grc' dir='ltr'><strong>ι</strong></span> <span class='ocrx_word' id='word_1_848' title='bbox 2860 5622 3154 5692; x_wconf 80' lang='lat' dir='ltr'><strong>(Macrob.,</strong></span> <span class='ocrx_word' id='word_1_849' title='bbox 3203 5622 3292 5677; x_wconf 87' lang='lat' dir='ltr'><strong>lib.</strong></span> <span class='ocrx_word' id='word_1_850' title='bbox 3341 5636 3395 5675; x_wconf 85' lang='lat' dir='ltr'><strong>vr</strong></span> <span class='ocrx_word' id='word_1_851' title='bbox 3447 5610 3715 5675; x_wconf 50' lang='lat' dir='ltr'><strong>Saturno!”</strong></span> 
     </span>
    </p>
   </div>
   <div class='ocr_carea' id='block_1_110' title="bbox 2161 5698 3716 5786">
    <p class='ocr_par' dir='ltr' id='par_1_110' title="bbox 2161 5698 3716 5786">
     <span class='ocr_line' id='line_1_111' title="bbox 2161 5698 3716 5786; baseline 0.001 -22"><span class='ocrx_word' id='word_1_852' title='bbox 2161 5727 2277 5781; x_wconf 84' lang='lat' dir='ltr'><strong>cap.</strong></span> <span class='ocrx_word' id='word_1_853' title='bbox 2309 5711 2385 5782; x_wconf 91' lang='lat'><strong>7).</strong></span> <span class='ocrx_word' id='word_1_854' title='bbox 2416 5711 2621 5767; x_wconf 85' lang='lat' dir='ltr'><strong>Fabrili</strong></span> <span class='ocrx_word' id='word_1_855' title='bbox 2646 5721 2825 5769; x_wconf 84' lang='lat' dir='ltr'><strong>autem</strong></span> <span class='ocrx_word' id='word_1_856' title='bbox 2856 5714 3039 5770; x_wconf 88' lang='lat' dir='ltr'><strong>habitu</strong></span> <span class='ocrx_word' id='word_1_857' title='bbox 3085 5710 3580 5786; x_wconf 72' lang='lat' dir='ltr'><strong>reprmsentabatur,</strong></span> <span class='ocrx_word' id='word_1_858' title='bbox 3618 5698 3716 5774; x_wconf 53' lang='lat' dir='ltr'><strong>qui:l</strong></span> 
     </span>
    </p>
   </div>
   <div class='ocr_carea' id='block_1_111' title="bbox 2159 5790 3710 5878">
    <p class='ocr_par' dir='ltr' id='par_1_111' title="bbox 2159 5790 3710 5878">
     <span class='ocr_line' id='line_1_112' title="bbox 2159 5790 3710 5878; baseline 0.005 -22"><span class='ocrx_word' id='word_1_859' title='bbox 2159 5804 2309 5858; x_wconf 87' lang='lat' dir='ltr'><strong>illum</strong></span> <span class='ocrx_word' id='word_1_860' title='bbox 2328 5804 2602 5861; x_wconf 84' lang='lat' dir='ltr'><strong>fabrorum</strong></span> <span class='ocrx_word' id='word_1_861' title='bbox 2625 5807 2904 5877; x_wconf 82' lang='lat' dir='ltr'><strong>aperibus,</strong></span> <span class='ocrx_word' id='word_1_862' title='bbox 2925 5809 3000 5864; x_wconf 90' lang='lat' dir='ltr'><strong>uti</strong></span> <span class='ocrx_word' id='word_1_863' title='bbox 3023 5806 3152 5865; x_wconf 86' lang='lat' dir='ltr'><strong>alibi</strong></span> <span class='ocrx_word' id='word_1_864' title='bbox 3170 5790 3710 5878; x_wconf 66' lang='lat' dir='ltr'><strong>diximus(Disscrtat.)v</strong></span> 
     </span>
    </p>
   </div>
   <div class='ocr_carea' id='block_1_112' title="bbox 2159 5895 2906 5965">
    <p class='ocr_par' dir='ltr' id='par_1_112' title="bbox 2159 5895 2906 5965">
     <span class='ocr_line' id='line_1_113' title="bbox 2159 5895 2906 5965; baseline 0.005 -12"><span class='ocrx_word' id='word_1_865' title='bbox 2159 5895 2471 5965; x_wconf 60' lang='lat' dir='ltr'><strong>praefectum</strong></span> <span class='ocrx_word' id='word_1_866' title='bbox 2498 5897 2906 5957; x_wconf 77' lang='lat' dir='ltr'><strong>existimabant.</strong></span> 
     </span>
    </p>
   </div>
   <div class='ocr_carea' id='block_1_113' title="bbox 1188 5237 1957 5309">
    <p class='ocr_par' dir='ltr' id='par_1_113' title="bbox 1188 5237 1957 5309">
     <span class='ocr_line' id='line_1_114' title="bbox 1188 5237 1957 5309; baseline 0.003 -17"><span class='ocrx_word' id='word_1_867' title='bbox 1188 5237 1375 5305; x_wconf 83' lang='lat' dir='ltr'><strong>(Ovid.,</strong></span> <span class='ocrx_word' id='word_1_868' title='bbox 1400 5237 1483 5293; x_wconf 88' lang='lat' dir='ltr'><strong>lib.</strong></span> <span class='ocrx_word' id='word_1_869' title='bbox 1511 5256 1540 5293; x_wconf 92' lang='lat' dir='ltr'><strong>v</strong></span> <span class='ocrx_word' id='word_1_870' title='bbox 1560 5243 1778 5305; x_wconf 51' lang='grc' dir='ltr'><strong>Γαβίοις,</strong></span> <span class='ocrx_word' id='word_1_871' title='bbox 1806 5246 1828 5307; x_wconf 86' lang='lat'><strong>§</strong></span> <span class='ocrx_word' id='word_1_872' title='bbox 1856 5244 1957 5309; x_wconf 81' lang='lat'><strong>15.)</strong></span> 
     </span>
    </p>
   </div>
   <div class='ocr_carea' id='block_1_114' title="bbox 455 5323 2054 5397">
    <p class='ocr_par' dir='ltr' id='par_1_114' title="bbox 455 5323 2054 5397">
     <span class='ocr_line' id='line_1_115' title="bbox 455 5323 2054 5397; baseline 0.003 -17"><span class='ocrx_word' id='word_1_873' title='bbox 455 5324 589 5380; x_wconf 90' lang='lat' dir='ltr'><strong>Tum</strong></span> <span class='ocrx_word' id='word_1_874' title='bbox 634 5324 830 5381; x_wconf 87' lang='lat' dir='ltr'><strong>deinde</strong></span> <span class='ocrx_word' id='word_1_875' title='bbox 859 5324 1133 5380; x_wconf 83' lang='lat' dir='ltr'><strong>Arnobius</strong></span> <span class='ocrx_word' id='word_1_876' title='bbox 1157 5343 1172 5378; x_wconf 88' lang='lat'><strong><em>:</em></strong></span> <span class='ocrx_word' id='word_1_877' title='bbox 1201 5323 1327 5379; x_wconf 86' lang='lat' dir='ltr'><strong>Cum</strong></span> <span class='ocrx_word' id='word_1_878' title='bbox 1354 5336 1527 5396; x_wconf 83' lang='lat' dir='ltr'><strong>petaso</strong></span> <span class='ocrx_word' id='word_1_879' title='bbox 1558 5338 1742 5397; x_wconf 83' lang='lat' dir='ltr'><strong>gnatus</strong></span> <span class='ocrx_word' id='word_1_880' title='bbox 1770 5328 1930 5383; x_wconf 72' lang='lat' dir='ltr'><strong>Maia:</strong></span> <span class='ocrx_word' id='word_1_881' title='bbox 1949 5371 1964 5394; x_wconf 92' lang='lat'><strong>,</strong></span> <span class='ocrx_word' id='word_1_882' title='bbox 1999 5329 2054 5385; x_wconf 92' lang='lat' dir='ltr'><strong>id</strong></span> 
     </span>
    </p>
   </div>
   <div class='ocr_carea' id='block_1_115' title="bbox 455 5420 2053 5495">
    <p class='ocr_par' dir='ltr' id='par_1_115' title="bbox 455 5420 2053 5495">
     <span class='ocr_line' id='line_1_116' title="bbox 455 5420 2053 5495; baseline 0.002 -19"><span class='ocrx_word' id='word_1_883' title='bbox 455 5430 564 5485; x_wconf 89' lang='lat' dir='ltr'><strong>est,</strong></span> <span class='ocrx_word' id='word_1_884' title='bbox 596 5420 890 5475; x_wconf 83' lang='lat' dir='ltr'><strong>Mercurius</strong></span> <span class='ocrx_word' id='word_1_885' title='bbox 919 5420 1161 5494; x_wconf 77' lang='lat' dir='ltr'><strong>(Aruob.,</strong></span> <span class='ocrx_word' id='word_1_886' title='bbox 1193 5420 1281 5476; x_wconf 86' lang='lat' dir='ltr'><strong>lib.</strong></span> <span class='ocrx_word' id='word_1_887' title='bbox 1316 5436 1390 5487; x_wconf 78' lang='lat' dir='ltr'><strong>vr,</strong></span> <span class='ocrx_word' id='word_1_888' title='bbox 1424 5438 1541 5492; x_wconf 88' lang='lat' dir='ltr'><strong>pag.</strong></span> <span class='ocrx_word' id='word_1_889' title='bbox 1572 5422 1719 5495; x_wconf 88' lang='lat'><strong>197).</strong></span> <span class='ocrx_word' id='word_1_890' title='bbox 1747 5423 1816 5478; x_wconf 82' lang='lat' dir='ltr'><strong>At</strong></span> <span class='ocrx_word' id='word_1_891' title='bbox 1840 5435 2053 5494; x_wconf 86' lang='lat' dir='ltr'><strong>petasus</strong></span> 
     </span>
    </p>
   </div>
   <div class='ocr_carea' id='block_1_116' title="bbox 455 5514 2053 5585">
    <p class='ocr_par' dir='ltr' id='par_1_116' title="bbox 455 5514 2053 5585">
     <span class='ocr_line' id='line_1_117' title="bbox 455 5514 2053 5585; baseline 0.005 -18"><span class='ocrx_word' id='word_1_892' title='bbox 455 5529 629 5584; x_wconf 65' lang='lat' dir='ltr'><strong>grmce</strong></span> <span class='ocrx_word' id='word_1_893' title='bbox 658 5516 906 5580; x_wconf 79' lang='grc' dir='ltr'><strong>πέτασος,</strong></span> <span class='ocrx_word' id='word_1_894' title='bbox 938 5515 1154 5585; x_wconf 77' lang='lat' dir='ltr'><strong>galerus</strong></span> <span class='ocrx_word' id='word_1_895' title='bbox 1184 5522 1330 5580; x_wconf 89' lang='lat' dir='ltr'><strong>erat,</strong></span> <span class='ocrx_word' id='word_1_896' title='bbox 1355 5530 1450 5569; x_wconf 88' lang='lat' dir='ltr'><strong>seu</strong></span> <span class='ocrx_word' id='word_1_897' title='bbox 1502 5514 1705 5583; x_wconf 89' lang='lat' dir='ltr'><strong>pileus,</strong></span> <span class='ocrx_word' id='word_1_898' title='bbox 1755 5520 1834 5571; x_wconf 91' lang='lat' dir='ltr'><strong>sic</strong></span> <span class='ocrx_word' id='word_1_899' title='bbox 1877 5518 2053 5575; x_wconf 86' lang='lat' dir='ltr'><strong>dictus</strong></span> 
     </span>
    </p>
   </div>
   <div class='ocr_carea' id='block_1_117' title="bbox 455 5606 2054 5693">
    <p class='ocr_par' dir='ltr' id='par_1_117' title="bbox 455 5606 2054 5693">
     <span class='ocr_line' id='line_1_118' title="bbox 455 5606 2054 5693; baseline 0.003 -33"><span class='ocrx_word' id='word_1_900' title='bbox 455 5608 597 5677; x_wconf 88' lang='lat' dir='ltr'><strong>quod</strong></span> <span class='ocrx_word' id='word_1_901' title='bbox 642 5606 780 5661; x_wconf 84' lang='lat' dir='ltr'><strong>latos</strong></span> <span class='ocrx_word' id='word_1_902' title='bbox 826 5607 1050 5693; x_wconf 63' lang='lat' dir='ltr'><strong>haberet</strong></span> <span class='ocrx_word' id='word_1_903' title='bbox 1096 5608 1386 5676; x_wconf 79' lang='lat' dir='ltr'><strong>margines.</strong></span> <span class='ocrx_word' id='word_1_904' title='bbox 1439 5608 1638 5662; x_wconf 87' lang='lat' dir='ltr'><strong>Scribit</strong></span> <span class='ocrx_word' id='word_1_905' title='bbox 1678 5622 1856 5664; x_wconf 84' lang='lat' dir='ltr'><strong>autem</strong></span> <span class='ocrx_word' id='word_1_906' title='bbox 1885 5609 2054 5667; x_wconf 82' lang='lat' dir='ltr'><strong>Athe-</strong></span> 
     </span>
    </p>
   </div>
   <div class='ocr_carea' id='block_1_118' title="bbox 460 5701 2051 5774">
    <p class='ocr_par' dir='ltr' id='par_1_118' title="bbox 460 5701 2051 5774">
     <span class='ocr_line' id='line_1_119' title="bbox 460 5701 2051 5774; baseline 0.003 -20"><span class='ocrx_word' id='word_1_907' title='bbox 460 5716 608 5756; x_wconf 67' lang='lat' dir='ltr'><strong>naeus</strong></span> <span class='ocrx_word' id='word_1_908' title='bbox 637 5701 893 5772; x_wconf 53' lang='lat' dir='ltr'><strong>(Athan,</strong></span> <span class='ocrx_word' id='word_1_909' title='bbox 922 5701 1010 5755; x_wconf 62' lang='grc' dir='ltr'><strong>Μή</strong></span> <span class='ocrx_word' id='word_1_910' title='bbox 1046 5717 1122 5755; x_wconf 79' lang='lat' dir='ltr'><strong>xn</strong></span> <span class='ocrx_word' id='word_1_911' title='bbox 1154 5701 1423 5769; x_wconf 55' lang='lat' dir='ltr'><strong>Damnum,</strong></span> <span class='ocrx_word' id='word_1_912' title='bbox 1456 5718 1577 5773; x_wconf 90' lang='lat' dir='ltr'><strong>pag.</strong></span> <span class='ocrx_word' id='word_1_913' title='bbox 1614 5702 1714 5756; x_wconf 76' lang='grc'><strong>557</strong></span> <span class='ocrx_word' id='word_1_914' title='bbox 1745 5701 1786 5774; x_wconf 89' lang='grc'>),</span> <span class='ocrx_word' id='word_1_915' title='bbox 1817 5704 2051 5758; x_wconf 82' lang='lat' dir='ltr'><strong>Alexan-</strong></span> 
     </span>
    </p>
   </div>
   <div class='ocr_carea' id='block_1_119' title="bbox 460 5793 2050 5866">
    <p class='ocr_par' dir='ltr' id='par_1_119' title="bbox 460 5793 2050 5866">
     <span class='ocr_line' id='line_1_120' title="bbox 460 5793 2050 5866; baseline 0.001 -19"><span class='ocrx_word' id='word_1_916' title='bbox 460 5793 614 5848; x_wconf 89' lang='lat' dir='ltr'><strong>drum</strong></span> <span class='ocrx_word' id='word_1_917' title='bbox 660 5810 911 5865; x_wconf 82' lang='lat' dir='ltr'><strong>magnum</strong></span> <span class='ocrx_word' id='word_1_918' title='bbox 953 5794 1243 5863; x_wconf 84' lang='lat' dir='ltr'><strong>aliquando</strong></span> <span class='ocrx_word' id='word_1_919' title='bbox 1267 5796 1317 5847; x_wconf 92' lang='lat' dir='ltr'><strong>in</strong></span> <span class='ocrx_word' id='word_1_920' title='bbox 1337 5794 1602 5849; x_wconf 81' lang='lat' dir='ltr'><strong>conviviis</strong></span> <span class='ocrx_word' id='word_1_921' title='bbox 1626 5807 1868 5866; x_wconf 82' lang='lat' dir='ltr'><strong>gestasse</strong></span> <span class='ocrx_word' id='word_1_922' title='bbox 1898 5796 2050 5851; x_wconf 87' lang='lat' dir='ltr'><strong>indu-</strong></span> 
     </span>
    </p>
   </div>
   <div class='ocr_carea' id='block_1_120' title="bbox 464 5888 2051 5966">
    <p class='ocr_par' dir='ltr' id='par_1_120' title="bbox 464 5888 2051 5966">
     <span class='ocr_line' id='line_1_121' title="bbox 464 5888 2051 5966; baseline 0.001 -21"><span class='ocrx_word' id='word_1_923' title='bbox 464 5896 699 5945; x_wconf 85' lang='lat' dir='ltr'><strong>mentum</strong></span> <span class='ocrx_word' id='word_1_924' title='bbox 728 5888 1005 5953; x_wconf 86' lang='lat' dir='ltr'><strong>Mercurii,</strong></span> <span class='ocrx_word' id='word_1_925' title='bbox 1040 5896 1095 5944; x_wconf 86' lang='lat' dir='ltr'><strong>et</strong></span> <span class='ocrx_word' id='word_1_926' title='bbox 1118 5890 1205 5944; x_wconf 77' lang='grc' dir='ltr'><strong>τὸν</strong></span> <span class='ocrx_word' id='word_1_927' title='bbox 1245 5890 1471 5947; x_wconf 78' lang='grc' dir='ltr'><strong>πέτασον</strong></span> <span class='ocrx_word' id='word_1_928' title='bbox 1500 5890 1583 5947; x_wconf 82' lang='grc' dir='ltr'><em>ἐπὶ</em></span> <span class='ocrx_word' id='word_1_929' title='bbox 1610 5891 1835 5966; x_wconf 75' lang='grc' dir='ltr'><strong>κεφαλῇ,</strong></span> <span class='ocrx_word' id='word_1_930' title='bbox 1865 5894 1949 5949; x_wconf 77' lang='grc' dir='ltr'><strong>καὶ</strong></span> <span class='ocrx_word' id='word_1_931' title='bbox 1992 5893 2051 5947; x_wconf 82' lang='grc' dir='ltr'><strong>τὸ</strong></span> 
     </span>
    </p>
   </div>
  </div>
