3878 6312
403 341 510 399 6ἱ5

1654 339 2142 402 ῡιεεεειιτΑτιο
2168 341 2445 401 ΡΒᾹΞἯΑ

3555 349 3642 407 ϐὶι

401 467 526 530 post
550 456 660 528 jam
697 457 858 514 citata
889 469 920 512 a
950 456 1107 512 nobis
1135 457 1254 528 ejus
1277 458 1442 514 verba
1465 497 1480 524 ,
1514 457 1594 514 sic
1619 457 1787 516 latine
1830 461 1995 516 inter—
2023 478 2078 538 Α
2102 460 2430 516 horrendum
2453 500 2468 525 ,
2520 471 2680 529 quam
2720 472 2750 510 a
2801 456 3205 514 lascivientihus
3234 471 3295 513 ac
3321 459 3644 529 petulantibus

404 559 651 620 pretatns
681 559 763 605 est
795 568 808 604 :
844 567 864 601 ι
916 549 1048 618 Quis
1095 549 1422 606 Praxitelem
1473 551 1680 616 nescit,
1723 552 1999 623 POsidippi

402 644 452 700 si
485 643 724 713 rell-gat,
774 641 841 697 ad
893 641 1119 697 formam
1171 641 1406 698 Cratina:
1455 644 1784 712 meretricis,
1837 661 1996 716 quam

403 734 594 791 infelix
625 735 839 806 perdite
884 734 1179 805 diligebat,
1230 749 1293 791 os
1343 735 1568 792 Veneris
1620 736 1848 803 Cuidim,
1902 752 1994 792 so-

401 827 681 883 lertiarum
726 827 973 898 coegisse
1023 829 1323 883 certamine
1383 847 1402 880 ι
1462 827 1700 898 (Arnob.
1728 871 1742 893 ,
1789 827 1879 882 lib.
1921 844 1994 892 vi,

402 937 524 991 pag.
547 917 868 990 l98).Vides
897 933 1029 974 sane
1056 929 1179 989 post
1208 918 1324 975 haec
1350 921 1536 985 verba,
1561 921 1605 975 si
1631 921 1845 992 relegat,
1875 936 1998 977 esse

400 1011 631 1077 hiatum,
650 1021 707 1067 et
733 1011 923 1067 istlncc
951 1013 1004 1066 in
1033 1013 1164 1068 libro
1182 1013 1247 1067 de
1262 1013 1460 1079 Cnido,
1496 1015 1700 1070 librarii
1730 1015 1996 1085 imperitia

399 1116 496 1163 aut
544 1107 752 1164 incuria
799 1108 1026 1178 deesse,
1073 1125 1195 1180 qua:
1237 1125 1303 1166 ex
1335 1111 1628 1167 Clementis
1676 1119 1822 1166 textu
1872 1127 1998 1181 sup-

398 1201 598 1270 plenda
623 1209 767 1258 sunt.

461 1295 664 1351 Verum
716 1296 959 1368 posthaec
987 1296 1263 1354 Arnobius
1289 1296 1495 1369 (lbid.)
1528 1298 1758 1354 multum
1790 1312 1853 1353 ea
1884 1313 1999 1352 am-

396 1391 659 1462 plificavit
681 1435 696 1460 ,
730 1409 851 1464 quae
866 1393 1206 1452 brevissime
1234 1393 1371 1448 dixit
1403 1393 1658 1449 Clemens
1689 1411 1703 1448 :
1734 1391 1862 1448 Cum
1903 1395 1998 1464 ﬂo-

397 1495 532 1540 reret
558 1483 774 1557 Phryne
805 1487 1050 1541 meretrix
1077 1484 1366 1556 Thespiaca
1386 1527 1400 1550 ,
1433 1487 1653 1556 pictores
1681 1503 1855 1542 omnes
1906 1485 2002 1541 Ve—

399 1582 538 1633 neris
586 1580 835 1650 imagines
882 1578 952 1634 ad
991 1577 1231 1650 Phrynes
1279 1580 1442 1634 instar
1483 1578 1768 1650 referebant
1799 1582 1998 1654 τψρύνη

397 1673 453 1728 δὲ
507 1675 726 1733 ὁπηνίκα
771 1675 904 1733 ἤνθει
949 1678 979 1734 ἡ
1030 1675 1208 1751 ἑταίρα
1259 1677 1290 1732 ἡ
1342 1680 1640 1737 Θισπιακή,
1671 1676 1716 1728 οἱ
1748 1676 1999 1750 ζωγράφοι

395 1770 585 1829 πάντες
612 1779 702 1829 τῆς
729 1767 1017 1848 Ἀφροδίτης
1061 1769 1257 1829 εἰκόνας
1287 1770 1414 1844 πρὸς
1462 1770 1520 1824 τὸ
1582 1769 1760 1827 κάλλος
1809 1769 1997 1838 ἀπεμι-

2100 553 2374 608 statuariis
2418 561 2470 607 et
2518 549 2812 621 pictoribus
2843 550 3062 620 impune
3099 551 3402 621 consignata
3431 551 3578 610 fuisse
3601 556 3644 612 in

2100 645 2326 702 deorum
2373 643 2694 714 imaginibus
2720 651 2775 697 et
2803 642 3108 697 simulacris
3151 643 3648 701 exsecrandarumli-

2100 739 2345 794 bidinnm
2401 753 2621 792 suarum
2679 735 3077 791 monumenta?
3129 736 3448 807 Scmetipsns
3514 737 3648 808 igitur

2100 832 2402 887 voluntaria
2454 830 2701 886 caecitate
2744 829 3004 885 fallebant
3047 828 3290 896 ethnici,
3338 831 3423 901 qui
3463 829 3566 886 haec
3587 833 3648 886 si-

2101 924 2339 979 mulacra
2367 923 2786 989 venerabantur,
2821 922 3183 994 uulebautque
3222 922 3345 993 quid
3373 939 3430 978 ea
3460 933 3646 990 essent,

2101 1015 2440 1080 examinare;
2469 1031 2535 1072 ne
2554 1015 2797 1071 discussa
2821 1031 3070 1072 errorum
3090 1017 3316 1087 caligine
3334 1017 3398 1072 ad
3418 1020 3650 1074 saniorem

2100 1118 2336 1164 mentem
2369 1109 2548 1164 redire
2576 1119 2923 1180 cogerentur.

2171 1199 2280 1256 Sed
2321 1201 2446 1256 illos
2491 1201 2672 1257 adhuc
2718 1211 2872 1273 urget
2919 1203 3224 1268 Arnobius,
3276 1202 3460 1274 hisque
3503 1204 3655 1260 verbis

2100 1294 2389 1364 compellat
2416 1313 2430 1350 :
2460 1314 2482 1348 ι
2510 1295 2806 1352 Abstiuetis
2827 1311 2858 1351 a
2883 1296 3150 1364 risu,cum
3172 1314 3269 1368 pro
3295 1297 3394 1353 diis
3419 1300 3658 1356 immorta-

2101 1389 2264 1451 libus.
2293 1388 2560 1460 sigillinlis
2591 1389 2868 1446 hominum
2895 1434 2911 1459 ,
2956 1401 3012 1446 et
3041 1392 3231 1447 formis
3253 1393 3553 1462 supplicatis
3577 1395 3657 1449 lin-

2101 1482 2308 1536 manis?
2326 1481 2464 1550 Quin
2489 1484 2654 1539 immo
2664 1483 2796 1540 deos
2809 1499 2928 1539 esse
2949 1485 3205 1556 sigillaria
3223 1487 3336 1556 ipsa
3349 1488 3566 1543 censetis
3578 1503 3657 1545 nec

2101 1585 2298 1643 praeter
2324 1575 2440 1630 haec
2464 1575 2755 1646 quidquam
2783 1577 2888 1630 vim
2922 1575 3146 1632 creditis
3170 1576 3372 1634 habere
3405 1578 3615 1634 divinam
3638 1600 3652 1631 ι

2109 1670 2290 1742 (Arn.,
2325 1671 2412 1724 lib.
2436 1686 2508 1737 νι,
2541 1688 2594 1740 p.
2623 1669 2770 1744 197).
2805 1671 3102 1742 l’anlnpnst
3127 1688 3256 1728 vero
3277 1673 3398 1728 illos
3416 1673 3576 1730 adhuc
3594 1674 3658 1728 his

2100 1763 2643 1832 castigatacrioribns
2662 1763 2838 1819 verbis
2871 1783 2886 1819 :
2916 1783 2934 1814 ι
2962 1763 3142 1836 Usque
3168 1765 3307 1821 adeo
3334 1765 3484 1821 Indus
3508 1775 3598 1831 est,
3617 1777 3660 1822 et

398 1869 588 1931 μοῡντο
640 1863 853 1940 Φρύνης.
910 1861 1037 1916 llaec
1083 1861 1262 1925 enim,
1296 1863 1375 1914 sic
1422 1869 1606 1915 narrat
1663 1861 1936 1915 Arnobius
1980 1877 1993 1914 :
2030 1870 2076 1929 Β
2105 1855 2324 1925 puerilis
2353 1855 2602 1920 aﬂ'ectio,
2633 1857 2892 1928 sigillaria
2919 1859 3018 1913 ista
3047 1858 3307 1926 formare,
3341 1861 3553 1916 adorare
3581 1878 3659 1930 pro

394 1950 612 2023 Phryne
657 1953 750 2006 illa
781 1952 1112 2024 Thespiaca,
1158 1953 1286 2006 sicut
1323 1951 1402 2006 illi
1454 1956 1720 2023 referunt,
1778 1953 1867 2022 qni
1912 1969 2000 2006 ne-

395 2045 535 2115 gotia
568 2043 851 2116 Thespiaca
893 2045 1282 2113 scriptitarunt,
1335 2060 1451 2098 cum
1505 2045 1558 2097 in
1609 2045 1844 2098 acumine
1888 2045 2002 2113 ipso

395 2148 523 2193 esset
551 2137 979 2209 pulchritudinis,
1009 2137 1319 2202 venustatis,
1356 2144 1404 2190 et
1431 2137 1576 2207 floris
1594 2178 1609 2202 ,
1632 2137 2002 2207 exemplarium

399 2234 556 2304 fuisse
586 2233 880 2302 perhibetur
903 2243 1225 2300 cunctarum,
1257 2249 1373 2304 qute
1404 2235 1458 2286 in
1488 2233 1729 2304 Opinione
1752 2241 1870 2286 sunt
1907 2230 2002 2286 Ve-

398 2343 579 2382 nerunt
599 2369 614 2394 ,
643 2328 748 2383 sive
768 2344 862 2398 per
885 2328 1033 2382 urbes
1055 2325 1243 2382 Graias
1261 2367 1277 2394 ,
1308 2327 1413 2381 sive
1441 2327 1534 2380 iste
1558 2343 1659 2396 quo
1680 2326 1832 2394 ﬂuxit
1857 2341 2004 2378 amor

399 2421 578 2476 talium
604 2419 955 2492 cupiditasque
981 2421 1245 2491 signorum
1280 2438 1300 2473 ι
1333 2418 1486 2490 (ibid.
1497 2429 1540 2490 ).
1567 2419 1642 2473 De
1664 2427 1850 2473 aurata
1873 2433 2002 2472 vero

398 2513 648 2586 Phryncs
688 2513 899 2585 efﬁgie,
949 2530 978 2568 a
1001 2513 1276 2569 Praxitele
1299 2513 1478 2568 efficta
1500 2553 1515 2578 ,
1560 2511 1677 2568 haec
1712 2512 2004 2568 Pausanias

399 2606 616 2676 scriptis
646 2605 869 2662 tradidit
894 2608 1119 2679 εψρύνης
1135 2604 1188 2661 δέ
1211 2607 1381 2660 εἰκόνα
1396 2606 1685 2684 ἐπίχρυσον
1701 2606 2003 2681 Πραξιτέλης

399 2699 493 2766 μὲν
534 2699 836 2773 εἰργάσατο,
878 2699 1103 2774 ἐρὰστης
1140 2701 1227 2752 καὶ
1264 2694 1454 2762 οὗτος,
1504 2699 1734 2769 ἀνάθημα
1761 2695 1816 2751 δὲ
1847 2699 2003 2758 αὐτῆς

399 2791 596 2863 Φρύνης
643 2792 781 2846 ἐστὶν
821 2793 852 2850 ἡ
896 2793 1061 2846 εἰκών.
1106 2788 1414 2860 (Pansam,
1465 2789 1551 2844 lib.
1604 2807 1668 2857 x,
1701 2807 1819 2861 pag.
1849 2788 2000 2860 550.)

400 2882 639 2955 Phryne:
694 2886 988 2940 inauratam
1044 2887 1270 2957 efﬁgiem
1341 2885 1620 2940 elaboravit
1675 2883 2000 2950 Praxiteles,

400 2993 534 3030 unus
569 2987 616 3030 et
668 2978 778 3045 ipse
830 2979 893 3033 de
946 2979 1174 3034 mulieris
1226 2979 1540 3034 amatoribus
1587 2998 1601 3032 :
1649 2979 1868 3050 ipsumet
1918 2978 2007 3032 ile-

399 3068 609 3124 dicavit.
670 3069 832 3126 Plura
899 3071 945 3126 si
1009 3071 1176 3138 velis,
1242 3073 1310 3127 ab
1359 3073 1625 3128 Athenaeo
1673 3088 1782 3127 nou
1829 3073 2003 3129 solum

401 3161 472 3218 de
525 3165 626 3220 hac
676 3163 904 3222 Veneris
965 3166 1184 3239 effigie,
1239 3169 1335 3224 sed
1387 3169 1494 3224 alia
1545 3169 1615 3224 ab
1667 3169 1857 3240 Apelle
1909 3170 2002 3227 de-

2103 1949 2206 2003 diis
2219 1964 2304 2016 ea,
2325 1951 2696 2006 sanctitatibns
2710 1954 3051 2009 accumulare
3071 1953 3270 2009 divinis
3291 1955 3459 2026 i(ibid.
3479 1955 3656 2026 p.l99).

2101 2041 2372 2114 Sigillaria
2400 2052 2581 2098 autem
2630 2054 2686 2099 et
2714 2045 2875 2116 sigilli
2897 2045 2962 2100 ila
2991 2058 3147 2101 vocat
3179 2062 3370 2117 parvas
3399 2049 3656 2118 imagines,

2105 2150 2225 2206 quae
2249 2146 2367 2191 arte
2380 2135 2555 2191 fabrili
2572 2137 2726 2193 facta:
2744 2140 3208 2208 repraesentabant
3231 2142 3440 2196 illorum
3458 2142 3595 2208 deos,
3613 2157 3662 2196 ac

2107 2229 2319 2299 publice
2350 2231 2508 2285 vendi
2530 2272 2546 2296 ,
2593 2241 2687 2286 aut
2733 2233 2855 2288 aliis
2887 2233 3024 2288 mitti
3054 2233 3323 2290 solebant.
3351 2234 3585 2291 Testatur
3603 2235 3664 2290 si-

2104 2321 2323 2391 quidem
2350 2323 2667 2394 Spartianus
2711 2325 2829 2382 liaac
2875 2326 3133 2397 sigillaria
3169 2329 3240 2385 ab
3265 2328 3500 2384 Adriano
3523 2329 3664 2398 Impe-

2105 2426 2286 2471 ratore
2339 2418 2627 2474 clientibus
2674 2435 2738 2476 ac
2781 2423 3054 2492 magistris
3103 2434 3301 2494 sp0nte
3326 2424 3443 2479 data
3473 2441 3500 2479 a
3526 2424 3663 2479 Cara-

2104 2508 2242 2565 calla
2272 2509 2504 2567 libenter
2532 2512 2600 2567 ab
2627 2513 2817 2569 amicis
2852 2525 3071 2584 accepta
3096 2557 3110 2582 ,
3145 2517 3319 2588 iisque
3348 2519 3503 2574 missa
3532 2518 3665 2573 etiam

2107 2607 2556 2682 inopinantibus(
2583 2610 2766 2682 Spart.
2793 2651 2810 2676 ,
2852 2611 2906 2665 in
2963 2609 3066 2666 Vit.
3099 2611 3347 2677 Adrian.,
3376 2615 3492 2668 circ.
3523 2614 3662 2676 nied.,

2107 2696 2175 2752 Et
2220 2701 2273 2754 in
2310 2699 2428 2756 Vita
2453 2700 2711 2758 Caracall.
2734 2745 2750 2769 ,
2803 2705 2917 2759 init.
2941 2703 2985 2777 ).
3017 2704 3324 2762 Macrobius
3351 2718 3520 2762 autem
3548 2715 3668 2776 putat

2108 2791 2268 2864 hujus
2314 2797 2482 2851 moris
2527 2798 2789 2868 originem
2818 2815 2845 2852 a
2877 2799 3260 2856 Saturnalibus
3291 2801 3442 2858 festis
3465 2817 3574 2858 esse
3595 2801 3668 2856 de-

2107 2886 2360 2944 rivatum.
2387 2890 2441 2946 Si
2471 2905 2559 2946 res
2588 2892 2658 2946 ita
2689 2907 2748 2949 se
2772 2892 2984 2960 habeat,
3019 2896 3255 2964 pessima
3283 2906 3368 2952 est
3392 2897 3502 2954 haec
3523 2898 3668 2967 origo,

2107 2995 2209 3036 nec
2234 2984 2470 3038 maximo
2493 2984 2616 3040 sine
2644 2986 2861 3056 piaculo
2888 2986 3090 3044 ethnici
3118 3006 3182 3046 ea
3209 2993 3468 3062 sigillaria
3488 3035 3501 3057 ,
3530 3003 3580 3046 nt
3612 2991 3669 3045 ait

2107 3075 2508 3145 Tertullianus,
2559 3079 2612 3134 in
2653 3079 2946 3150 cathedra,
2995 3092 3089 3139 aut
3132 3085 3412 3142 subselliis
3458 3085 3671 3141 sedentes

2105 3171 2405 3227 adorabant
2433 3173 2727 3247 (Ματιήνη
2768 3176 2858 3231 lib.
2890 3193 2908 3232 ι
2959 3177 3203 3248 Saturn.,
3241 3182 3297 3236 in
3323 3183 3417 3251 ﬁn.
3467 3199 3573 3252 cap.
3600 3180 3668 3244 ll;

399 3254 581 3325 picta,
638 3258 857 3329 scriptis
919 3261 1113 3314 tradita
1163 3260 1428 3316 invenies.
1475 3260 1640 3317 Adire
1687 3261 1866 3319 adhuc
1913 3270 2082 3333 po-C
2115 3263 2448 3335 Tertullian.,
2479 3268 2542 3323 de
2569 3268 2742 3338 0rat.,
2782 3288 2902 3342 cap.
2930 3272 3020 3338 12,
3067 3288 3192 3346 pag.
3246 3275 3408 3347 154).

401 3350 533 3406 teris
561 3351 910 3408 Plutarchum
931 3396 946 3420 ,
973 3361 1028 3408 et
1053 3352 1350 3421 Eliannm,
1384 3370 1448 3411 ac
1492 3355 1538 3410 si
1589 3355 1740 3412 lubet
1766 3398 1782 3423 ,
1825 3373 1950 3428 qua:
1981 3373 2013 3412 a

400 3444 564 3501 nobis
620 3446 686 3501 in.
728 3447 995 3518 superiori
1030 3449 1339 3518 Apparatus
1391 3457 1542 3504 tomo
1591 3459 1848 3505 annotata
1894 3461 2023 3508 sunt

403 3539 662 3610 (Athen.,
692 3542 780 3598 lib.
817 3560 909 3599 xm
936 3543 1211 3614 Deipnos.,
1266 3562 1382 3617 cap.
1416 3546 1468 3610 6,
1502 3564 1620 3618 pag.
1673 3547 1779 3603 590
1808 3555 1854 3600 et
1884 3563 2013 3617 seq.;

405 3631 682 3690 Plutarch.
707 3677 722 3702 ,
755 3636 821 3690 de
859 3635 1051 3691 Virtut.
1086 3637 1372 3692 Alexandr.
1401 3680 1416 3702 ,
1469 3647 1592 3692 tom.
1629 3654 1688 3704 ιι,
1723 3656 1844 3710 pag.
1876 3639 2012 3702 556;

403 3726 639 3794 Elian,
693 3730 785 3785 lib.
831 3746 884 3785 ιιι
933 3728 1165 3798 Variar.,
1196 3748 1314 3802 cap.
1361 3731 1463 3799 59.;
1496 3742 1622 3787 tom.
1669 3733 2012 3802 tApparat.,

404 3838 530 3894 pag.
568 3822 670 3879 150
694 3831 740 3877 et
770 3822 924 3888 744).

478 3916 618 3984 Quin
642 3915 807 3972 etiam
842 3935 860 3968 ι
900 3917 1158 3984 Phidias,
1198 3939 1216 3971 ι
1247 3920 1325 3974 ait
1367 3928 1556 3974 auctor
1583 3927 1793 3984 noster,
1835 3938 1853 3970 (
1891 3933 2014 3973 cum

405 4013 644 4086 Olympii
697 4013 925 4069 formam
957 4013 1110 4070 lovis
1157 4014 1440 4070 molimine
1489 4014 1678 4086 operis
1725 4013 2017 4070 extulisset

407 4111 699 4179 immensi,
732 4126 896 4184 super
925 4110 1011 4166 dei
1043 4111 1232 4182 digito,
1269 4111 1563 4166 Pantarces
1591 4111 1870 4181 inscripsit
1897 4109 2016 4179 pnl-

408 4209 564 4262 cher.
595 4205 804 4263 Nomen
840 4215 1022 4262 autem
1056 4205 1232 4261 fuerat
1273 4207 1437 4262 amati
1469 4221 1500 4262 a
1541 4221 1602 4262 se
1629 4204 1817 4277 pneii,
1853 4214 2014 4274 atque

409 4301 648 4357 obscena
670 4299 921 4368 cupidate
941 4299 1146 4356 dilecti.
1178 4318 1198 4351 ›
1227 4299 1472 4369 (Arnob.,
1498 4299 1590 4354 lib.
1615 4313 1692 4365 vt,
1718 4315 1840 4369 pag.
1861 4295 2013 4368 199.)

408 4392 493 4449 Ex
539 4393 823 4450 Clemente
864 4401 1041 4447 autem
1088 4393 1462 4450 Alexandrino
1495 4392 1614 4448 hmo
1659 4393 1746 4448 ille
1795 4407 2013 4447 rursum

409 4495 691 4543 mutuatus
738 4496 842 4542 est.
902 4486 1149 4543 Ethnicis
1205 4488 1405 4559 quippe
1473 4486 1872 4542 eruditissimus
1927 4487 2014 4542 hic

412 4580 635 4638 Grzncus
667 4579 900 4649 scriptor
926 4580 1178 4636 similiter
1208 4580 1485 4650 olijecerat
1518 4597 1532 4634 :
1566 4579 1622 4635 ὀ
1643 4583 1735 4652 μὲν
1759 4578 2014 4640 Ἀθηναῖος

2709 3402 3006 3444 Αιιτιουιυε
3045 3405 3116 3444 ιν.

2118 3498 2697 3576 QuarationeArnobius
2721 3517 2786 3556 ex
2809 3510 3012 3576 materia
3040 3517 3095 3576 et
3111 3519 3238 3574 arte,
3256 3527 3350 3576 qua
3375 3514 3494 3564 facta
3513 3512 3673 3576 fuerant

2177 3562 2383 3638 deorum
2409 3565 2683 3624 simulacra,
2707 3571 2953 3638 ostendat
2974 3585 3032 3620 ea
3056 3562 3355 3638 alreth'ni'cis
3377 3562 3533 3638 impio
3565 3574 3672 3625 cultu

2178 3625 2691 3702 adorariLciorumque
2710 3630 2788 3692 ἱιιιι
2811 3631 2958 3702 locari
2982 3637 3241 3692 auxilium.
3264 3651 3322 3687 ac
3345 3625 3485 3702 quam
3511 3651 3616 3702 vana
3633 3645 3674 3686 et

2178 3687 2329 3763 futilis
2352 3692 2414 3738 sit
2437 3687 3008 3763 eoritmdemgentilium
3043 3687 3322 3761 reSponsio,
3348 3687 3442 3763 qua
3459 3701 3674 3763 simulacra

2180 3758 2289 3826 post
2311 3764 2481 3826 eorum
2503 3760 2689 3826 tantum
2706 3757 3066 3826 dedicationem
3086 3757 3142 3811 se
3163 3757 3398 3814 venerari
3421 3762 3674 3826 profiteban-

2179 3815 2493 3887 tui';_uhi.de
2517 3818 2724 3887 _t:euiis,_
2745 3823 3023 3887 veternosis
3060 3826 3339 3887 arboribus,
3385 3815 3437 3878 et
3476 3829 3565 3877 ritu
3599 3838 3674 3886 quo

2181 3875 2365 3925 ethnici
2385 3877 2642 3928 simulacra
2667 3881 2949 3934 adorabant.

2191 3999 2412 4058 Nescire
2429 4003 2626 4060 ethnici
2646 4022 2754 4061 non
2774 4017 3024 4078 poterant
3042 4011 3268 4070 deorum
3301 4032 3514 4074 suorum
3538 4016 3674 4072 simn-

2120 4093 2305 4159 lacra,
2338 4111 2459 4166 qua:
2514 4097 2780 4166 humiles,
2834 4107 3126 4172 prostrati,
3175 4117 3342 4180 atque
3389 4112 3439 4165 in
3480 4109 3670 4171 faciem,

2119 4197 2177 4243 ut
2225 4189 2301 4243 ait
2343 4191 2614 4248 Arnobius
2663 4193 2924 4266 (Arnob.,
2978 4198 3064 4252 lib.
3099 4217 3171 4268 v1,
3213 4201 3526 4276 pag.200),
3553 4198 3676 4273 proni

2117 4282 2432 4352 adorabant,
2460 4285 2654 4356 quibus
2682 4289 3020 4346 tremebuudi
3048 4294 3454 4364 supplicabant,
3485 4307 3674 4368 quorum

2118 4377 2172 4432 in
2199 4377 2442 4434 adversis
2469 4381 2634 4437 rebus
2656 4398 2815 4454 opem
2836 4427 2852 4454 ,
2883 4395 2939 4441 et
2980 4387 3035 4442 in
3082 4394 3388 4462 prosperis,
3436 4392 3676 4451 continua.

2117 4471 2319 4528 tionem
2341 4474 2542 4530 amoris
2566 4475 2874 4549 favorisque
2899 4479 3036 4536 adeo
3063 4486 3334 4542 submisse
3351 4485 3674 4558 postulabant.

2117 4565 2186 4620 ab
2226 4564 2524 4622 artificibus
2570 4567 2704 4624 facta
2752 4587 2872 4628 esse
2901 4589 2966 4628 ex
3012 4590 3166 4644 auro,
3209 4590 3456 4652 argento,
3507 4579 3673 4638 ebore.

413 4675 610 4738 Φειδίας
648 4678 732 4731 ἐπὶ
756 4685 829 4750 τῷ
893 4675 1128 4750 δακτύλῳ
1171 4683 1259 4732 τοῦ
1301 4679 1409 4737 Διὸς
1437 4683 1527 4732 τοῦ
1575 4676 1854 4746 Ὀλυμπίου
1899 4676 2006 4730 ἐπι·

2122 4658 2329 4730 aliaque
2394 4669 2606 4718 terrena
2681 4667 2936 4734 materia,
2993 4679 3155 4740 atque
3216 4673 3379 4728 etiam
3434 4668 3672 4732 muliebri,

414 4769 640 4846 γράψας,
671 4769 966 4844 Παντάρκης
992 4771 1163 4830 καλὸς.
1213 4772 1270 4824 οὐ
1313 4773 1412 4846 γὰρ
1462 4770 1611 4829 καλὸς·
1635 4771 1773 4841 αὐτῷ
1798 4767 1825 4822 ὁ
1870 4768 2012 4830 Ζεὺς,

413 4863 518 4920 ἀλλ’
541 4863 568 4919 ὁ
595 4864 844 4939 ἐρώμενος
870 4860 946 4922 ἦν.
977 4861 1251 4934 (Clemens
1281 4862 1564 4916 Alexandr.
1585 4903 1600 4925 ,
1633 4861 1896 4915 Admonit.
1947 4859 2016 4912 ad

415 4964 555 5028 gent.
575 4999 590 5023 ,
641 4971 760 5025 pag.
791 4953 1263 5024 55.)-Atheniensis
1307 4955 1514 5022 quidem
1541 4951 1793 5019 Phidias,
1822 4953 1911 5023 qui
1961 4952 2015 5006 in

416 5047 562 5104 Jovis
590 5048 820 5120 Olympii
851 5047 1012 5119 digito
1040 5048 1243 5117 scripsit
1276 5045 1599 5102 :Pantarces
1629 5046 1858 5116 pulcher.
1895 5045 2016 5100 Non

419 5153 528 5198 erat
577 5142 710 5197 enim
750 5142 797 5197 ei
839 5140 1050 5212 pulcher
1084 5139 1312 5209 Jupiter,
1364 5141 1452 5194 sed
1501 5141 1546 5194 is
1569 5142 1655 5212 qui
1686 5141 1751 5195 ab
1779 5157 1839 5195 eo
1871 5158 2016 5194 ama-

419 5242 591 5292 batur.
621 5233 727 5290 Sed
771 5233 838 5288 de
877 5232 962 5287 his
992 5231 1245 5310 omnibus
1285 5232 1394 5300 jam
1444 5232 1497 5286 in
1547 5233 1815 5302 superiori
1845 5247 2016 5300 appa-

420 5337 573 5384 ratus
600 5327 770 5383 nostri
803 5335 951 5381 tomo
971 5324 1179 5396 egimus
1201 5322 1348 5397 (tom.
1379 5340 1396 5379 ι
1424 5324 1701 5396 Apparat.,
1735 5342 1856 5396 pag.
1887 5325 2013 5389 550,

420 5421 552 5488 737,
589 5420 690 5476 744
713 5417 758 5492 ).
787 5419 862 5475 Ea
888 5431 1070 5474 autem
1096 5417 1274 5472 omnia
1308 5417 1592 5472 retulimus
1612 5459 1628 5484 ,
1659 5429 1716 5472 ut
1742 5433 1851 5473 uno
1872 5416 2016 5472 oculi

424 5516 589 5572 ductu
639 5531 829 5570 omnes
859 5515 1114 5578 videant,
1159 5510 1434 5584 quomodo
1477 5527 1540 5566 ac
1580 5526 1701 5582 qua:
1743 5510 2020 5566 Arnobius

426 5625 494 5666 ex
525 5607 804 5665 Clemente
833 5605 1206 5664 Alexandrino
1231 5603 1587 5673 decerpserit.

501 5704 574 5757 At
625 5701 1017 5756 validissimum
1073 5708 1226 5756 certe
1253 5707 1444 5753 contra
1491 5698 1830 5754 ethnicorum
1888 5699 2022 5754 ima-

428 5796 583 5866 gines
607 5804 664 5850 et
696 5794 982 5852 simulacra
1014 5802 1388 5866 argumentum
1436 5792 1563 5849 inde
1589 5807 1711 5848 cum
1741 5791 1832 5848 illo
1857 5792 2019 5848 eruit.

431 5885 570 5961 Quid
597 5903 828 5960 namque
859 5888 1028 5962 magis
1057 5887 1307 5959 impium,
1332 5887 1541 5960 inquit,
1569 5886 1830 5958 dictuque
1852 5886 2022 5960 magis

2118 4755 2282 4808 immo
2333 4770 2463 4812 vero
2537 4773 2944 4830 nonnumquam
2990 4768 3303 4824 meretricio
3365 4779 3579 4831 ornatu,
3622 4779 3675 4819 ex

2119 4850 2421 4916 cacabulis,
2478 4852 2530 4907 id
2580 4863 2704 4921 est,
2757 4858 3018 4924 vasculis,
3077 4860 3127 4914 in
3175 4864 3374 4933 quibus
3441 4863 3672 4934 pulmenta

2126 4943 2531 5014 coquebautnr,
2580 4948 2808 5020 aliisque
2851 4951 3093 5020 ejusdem
3145 4958 3404 5026 generis,
3445 4965 3496 5012 et
3522 4954 3676 5011 obsce-

2127 5038 2370 5094 niuribus
2420 5041 2674 5096 vasculis.
2733 5042 2903 5110 Quam
2937 5055 3116 5100 autem
3161 5049 3278 5104 haec
3328 5063 3449 5104 vera
3479 5042 3672 5114 sint,in

2123 5136 2385 5204 superiori
2401 5134 2779 5194 dissertatione
2797 5139 3166 5212 ostendimus(
3177 5140 3394 5199 Dissert.
3417 5144 3467 5196 in
3488 5138 3672 5198 Minue.

2125 5242 2244 5296 cap.
2273 5228 2366 5294 2|,
2393 5238 2496 5283 art.
2529 5231 2552 5284 1
2581 5230 2622 5301 ).
2649 5231 2783 5297 Quis
2809 5244 2990 5287 autem
3015 5234 3222 5290 inficias
3271 5235 3349 5290 ire
3382 5241 3544 5303 potest
3562 5229 3672 5283 hanc

2126 5321 2448 5393 imaginum,
2499 5324 2944 5393 simulacrorum,
2995 5335 3156 5398 atque
3202 5338 3496 5384 statuarum
3543 5332 3674 5376 vene-

2127 5416 2426 5482 rationem,
2481 5417 2551 5474 de
2600 5435 2701 5489 qua
2757 5437 2863 5475 non
2920 5422 3090 5476 semel
3139 5421 3262 5478 alibi
3301 5419 3502 5476 anubis
3527 5424 3672 5470 aetum

2128 5520 2244 5570 est.
2299 5511 2367 5565 ab
2415 5511 2655 5568 Arnobio
2705 5513 2830 5585 jnro
2876 5515 3224 5570 meritissimo
3251 5512 3672 5586 proscribiacre

2129 5604 2364 5674 pudiari.

2199 5703 2269 5752 At
2305 5709 2452 5755 certe
2495 5715 2561 5756 eo
2605 5701 2775 5772 magis
2816 5701 3118 5758 damnanda
3149 5712 3298 5769 erat,
3327 5698 3464 5772 quod
3506 5685 3674 5751 ethnici

2127 5791 2206 5846 sic
2236 5791 2305 5846 ab
2332 5793 2438 5848 illis
2466 5809 2654 5864 opem,
2704 5795 2947 5852 favorem
2997 5807 3054 5853 et
3091 5796 3348 5854 beneficia
3379 5789 3670 5863 poscebant.

2129 5892 2288 5957 atque
2317 5887 2743 5958 exspectabant,
2777 5897 3051 5964 tamquam
3080 5905 3111 5946 a
3132 5889 3236 5950 diis
3267 5882 3613 5962 praesentibus,
3636 5877 3678 5929 ει
