3878 6312
239 269 333 327 625

1418 269 1484 326 ΙΝ
1521 269 1897 338 ARNOBIUM,
1937 271 2091 330 CAP.
2136 271 2298 332 XXII.

3399 277 3504 334 6‘26

239 383 414 456 quibus
437 381 612 437 divina
640 382 814 439 inerat
835 384 917 440 vis
932 392 987 441 et
1009 385 1266 457 potentia.
1289 384 1579 440 Gentilium
1609 387 1806 456 quippe
1833 398 1884 456 Α
1909 405 2053 446 nunc
2081 391 2186 448 deo
2215 393 2619 464 praecellentem
2648 394 2901 449 arborem
2947 392 3152 451 dicant.
3181 393 3290 451 Nec
3334 397 3505 468 magis

237 477 414 532 animis
459 475 660 532 insulsa
705 477 819 533 haec
860 479 1042 550 opinio
1097 480 1234 535 adeo
1286 479 1447 534 infixa
1521 479 1793 546 luerebat;

239 583 289 629 ut
313 571 467 628 Siculi
499 573 638 642 apud
671 571 986 630 Ciceronem
1031 575 1308 644 conquesti
1352 574 1549 630 fuerint
1577 593 1592 630 :
1626 594 1646 628 ‹
1676 573 1810 631 Sese

231 669 330 740 jam
361 683 424 722 ne
450 665 580 722 deos
607 669 823 736 quidem
856 670 907 723 in
933 669 1046 722 suis
1073 669 1327 730 urbibus.
1377 668 1444 722 ad
1493 682 1630 738 quos
1680 683 1810 723 con-

233 759 459 830 fugerent
479 800 494 824 ,
524 759 742 822 habere.
773 761 914 832 quod
941 777 1127 817 eorum
1155 761 1440 817 simulacra
1468 761 1808 817 sanctissima

231 851 286 907 C.
319 851 506 907 Verres
551 867 617 907 ex
650 853 890 910 delubris
944 855 1364 926 religiosissimis
1403 856 1753 910 sustulisset?
1782 873 1800 907 ι

235 946 460 1018 (Cicer.,
511 960 643 1004 orat.
701 951 756 1016 4,
804 951 858 1004 in
911 949 1082 1014 Verr.,
1132 950 1270 1017 init.,
1311 966 1428 1022 pag.
1459 946 1574 1020 46.)
1605 948 1807 1004 Eadem

229 1056 427 1112 quoque
459 1041 554 1097 fuit
575 1085 590 1109 ,
625 1053 762 1099 teste
794 1043 980 1108 Livio,
1027 1045 1474 1100 Atnbracensinm
1506 1044 1808 1116 legatorum

229 1135 275 1188 in
304 1143 484 1188 senatu
515 1135 756 1192 Romano
785 1139 1033 1208 querela:
1059 1156 1078 1189 ‹
1117 1136 1260 1192 Bona
1287 1139 1557 1208 adempta,
1589 1147 1644 1192 et
1666 1138 1808 1207 quod

226 1241 280 1281 se
315 1236 436 1282 ante
463 1230 646 1283 omnia
675 1241 924 1296 moveat,
976 1229 1175 1300 templa
1232 1239 1340 1285 tota
1399 1230 1532 1286 urbe
1580 1234 1807 1304 spoliata

224 1327 576 1392 ornamentis,
635 1329 925 1384 simulacra
976 1329 1174 1397 deum,
1227 1332 1358 1386 deos
1411 1333 1576 1388 immo
1625 1334 1806 1403 ipsos,

223 1420 496 1474 convulsos
525 1435 590 1476 ex
621 1422 842 1479 sedibus
892 1425 1035 1492 suis,
1089 1426 1300 1480 ablatos
1347 1441 1470 1483 esse
1501 1429 1806 1498 parientes,

223 1522 500 1582 postesque
524 1514 774 1570 nudatos.
806 1516 955 1583 Quos
1003 1516 1332 1586 adorarent,
1388 1519 1455 1574 ad
1510 1536 1647 1589 quos
1679 1537 1805 1592 pre-

221 1615 400 1659 centur
415 1614 474 1660 et
493 1610 814 1678 supplicent,
836 1608 1312 1666 Ambraciensibus
1333 1627 1438 1668 non
1458 1628 1764 1684 superesse.
1785 1636 1801 1667 ι

221 1696 343 1768 (Liv.
367 1698 458 1753 lib.
496 1715 726 1766 xxxvtu,
757 1718 872 1772 cap.
902 1701 1021 1776 45.)
1047 1704 1181 1772 Quis
1206 1714 1384 1760 autem
1409 1721 1477 1761 ex
1524 1706 1608 1762 his
1631 1709 1808 1764 verbis

1911 499 2045 539 auro
2076 485 2330 558 fulgentia
2362 497 2524 559 atque
2567 488 2733 544 ebore
2763 488 3051 544 simulacra
3076 532 3092 556 ,
3142 504 3303 560 quam
3353 491 3508 546 lucos

1909 586 1965 632 et
1994 578 2047 632 in
2080 579 2144 632 iis
2186 579 2398 636 silentia
2447 581 2560 652 ipsa
2590 579 2902 636 adoramus.
2949 599 2968 633 ι
3009 579 3229 654 (Plin.,
3280 581 3370 637 lib.
3430 598 3509 637 xu

1916 668 2050 724 Hist.
2096 679 2292 736 natur.,
2346 688 2462 742 cap.
2513 673 2566 739 1,
2614 690 2736 743 pag.
2766 673 2850 742 4.)
2883 673 2960 728 De
2988 673 3330 728 Phaenicibus
3377 689 3508 729 vero

1911 764 2024 819 bare
2078 763 2234 820 Philo
2274 779 2338 821 ex
2390 764 2860 832 Sancltouiatone,
2908 775 2961 821 et
2986 765 3075 821 hic
3099 782 3165 822 ex
3191 766 3429 830 Tuauto,
3461 768 3507 822 si

1910 857 2147 914 Eusebio
2174 856 2338 923 fides,
2368 858 2559 913 retulit
2590 877 2603 912 :
2634 856 2788 915 Οὖτοὶ
2815 881 2871 935 γε
2901 868 3093 934 πρῶτοι
3123 863 3412 938 ἀφιέρωσαν
3440 864 3509 917 τὰ

1909 959 2001 1012 τῆς·
2026 960 2120 1024 γῆς
2149 951 2516 1025 βλαστήματα,
2549 956 2636 1006 καὶ
2659 953 2803 1014 θεοὺς
2847 953 3070 1024 ἐνόμιζον
3090 994 3106 1020 ,
3158 957 3508 1030 προσεκύνουν

1909 1051 2100 1100 ταῦτα.
2153 1062 2172 1095 t
2217 1043 2312 1098 Illi
2366 1045 2594 1099 omnium
2644 1045 2800 1115 primi
2851 1047 3079 1116 germina
3133 1056 3312 1111 terrae,
3370 1066 3388 1098 ι
3444 1061 3510 1102 ac

1911 1137 2143 1208 proinde
2172 1138 2395 1192 arbores
2417 1180 2430 1204 ,
2467 1156 2487 1190 t
2519 1147 2946 1205 consecrarunt,
2980 1139 3152 1210 iisque
3178 1140 3400 1194 deorum
3453 1141 3512 1194 in

1914 1231 2035 1286 loco
2061 1231 2256 1287 habitis
2282 1233 2613 1287 adorationis
2637 1232 2838 1288 cultum
2867 1233 3188 1290 tribuerunt.
3217 1254 3237 1288 ι
3265 1233 3506 1308 (Euseb,

1912 1325 2003 1381 lib.
2035 1340 2094 1381 ιιι
2145 1325 2388 1398 Prwpar.
2418 1325 2670 1399 Evangel.
2694 1368 2710 1390 ,
2757 1345 2872 1398 cap.
2921 1329 3010 1390 10,
3039 1345 3161 1399 pag.
3192 1330 3281 1385 δι.
3310 1329 3330 1400 )
3357 1329 3509 1384 Men-

1911 1419 2114 1476 tionem
2139 1436 2356 1491 quoque
2399 1422 2672 1477 Arnobius
2698 1421 2864 1487 facit,
2909 1422 3145 1476 fabricati
3191 1423 3413 1495 lapidis,
3443 1423 3512 1478 de

1911 1530 2019 1586 quo
2066 1515 2120 1570 in
2161 1515 2448 1586 superiore
2478 1526 2662 1570 nostra
2693 1514 3103 1582 dissertatione,
3137 1515 3226 1572 ubi
3252 1518 3414 1572 etiam
3443 1517 3514 1571 de

1911 1609 2197 1664 arboribus
2251 1609 2454 1678 aliquid
2522 1610 2800 1681 attigimus
2847 1609 3108 1682 (Disserl.
3168 1612 3220 1665 in
3271 1609 3510 1676 blitum,

1911 1719 2029 1774 cap.
2057 1703 2149 1768 19,
2191 1713 2292 1756 art.
2317 1701 2415 1773 ‘2).
2451 1701 2700 1758 Decfarat
2769 1703 2952 1774 itaque
2981 1702 3253 1759 Arnobius
3283 1718 3342 1759 se
3383 1703 3512 1759 olim

223 1806 315 1844 non
345 1791 771 1860 anitttadvertat,
805 1811 964 1865 quam
1000 1797 1281 1854 evidenter
1307 1815 1369 1854 ac
1396 1802 1540 1856 serio
1565 1801 1812 1858 homines
1843 1810 1890 1870 Β
1915 1811 2036 1851 cum
2097 1797 2330 1852 insulsas
2375 1796 2658 1867 gentilium
2707 1797 3124 1868 superstitiones
3190 1807 3512 1866 sectaretur.

222 1885 346 1940 inter
397 1887 652 1943 ethnicos
703 1889 992 1946 clarissimi
1062 1907 1244 1949 coram
1281 1895 1548 1950 .Rotnano
1597 1907 1810 1965 senatu,

221 1991 360 2050 atque
382 1983 600 2052 ipsimet
618 1984 844 2040 Romani
868 1987 1207 2044 adseruerint
1224 1989 1341 2046 haec
1368 1991 1656 2046 simulacra
1685 2008 1813 2049 suos

225 2090 391 2129 revera
419 2091 551 2131 esse
577 2077 741 2144 deos,
777 2079 862 2134 vel
892 2079 989 2136 hos
1019 2081 1071 2135 in
1107 2082 1243 2146 illis,
1279 2091 1550 2154 tamquam
1576 2083 1810 2140 domici-

229 2166 296 2220 liis
337 2166 454 2223 suis
508 2167 754 2224 habitare
778 2211 792 2236 ,
827 2171 900 2224 ita
933 2180 990 2226 ut
1013 2171 1241 2228 sublatis
1288 2174 1438 2230 hisce
1472 2174 1810 2242 simulacris,

226 2261 374 2315 nullos
403 2263 645 2334 amplius
670 2265 798 2320 deos
829 2280 888 2321 se
918 2265 1117 2323 habere
1145 2268 1452 2326 crederent.

277 2355 325 2411 Si
353 2358 482 2427 quis
511 2367 687 2412 tamen
719 2360 941 2416 nimium
968 2363 1222 2430 pervicax
1280 2363 1410 2417 illud
1467 2363 1644 2420 adhuc
1686 2365 1809 2420 infi-

215 2451 352 2516 ciari,
384 2461 489 2507 aut
519 2453 571 2506 in
595 2453 817 2508 dubium
849 2469 1043 2510 vocare
1072 2455 1299 2527 audeat,
1332 2457 1376 2512 is
1398 2467 1545 2513 certe
1575 2459 1807 2515 Arnobii

214 2546 366 2600 nostri
405 2547 779 2614 auctoritate,
808 2548 896 2603 cui
946 2563 1140 2612 nemo,
1189 2551 1234 2604 si
1263 2565 1411 2604 sana:
1452 2552 1650 2607 mentis
1698 2553 1803 2619 sit,

213 2639 448 2711 refragari
508 2649 713 2711 potest,
764 2641 925 2711 plane
973 2643 1359 2698 confutabitur.
1394 2644 1577 2700 Palam
1625 2648 1802 2715 enim,

213 2751 299 2790 nec
324 2737 439 2792 sine
497 2751 708 2792 summo
751 2738 969 2792 contriti
1014 2737 1196 2793 cordis
1247 2738 1472 2807 dolore,
1529 2750 1806 2797 asseverat

211 2829 454 2900 (Arnob.,
501 2828 589 2883 lib.
616 2845 654 2897 t,
682 2846 801 2900 pag.
832 2830 950 2902 29.),
977 2845 1036 2885 se
1054 2845 1174 2885 cum
1197 2832 1476 2903 gentilium
1499 2833 1798 2900 erroribus,

1920 1888 2156 1943 coluisse
2185 1897 2239 1944 et
2267 1887 2524 1943 adorasse
2558 1888 2843 1944 simulacra
2871 1932 2886 1956 ,
2911 1890 3135 1945 arbores
3157 1933 3173 1957 ,
3205 1899 3262 1946 et
3290 1891 3501 1960 lapides

1913 1982 1983 2038 ab
2015 1983 2228 2054 illisque
2250 1982 2517 2039 beneficia
2543 1984 2892 2054 poposcisse,
2924 1998 3350 2055 persuasumque
3379 1983 3516 2039 falso

1914 2075 2170 2131 habuisse
2202 2075 2319 2132 haec
2351 2077 2616 2146 ipsosmet
2639 2092 2761 2133 esse
2788 2076 2953 2145 deos,
2985 2086 3038 2132 et
3066 2077 3118 2132 in
3152 2076 3257 2133 illis
3283 2077 3388 2132 vim
3419 2092 3514 2148 po-

1914 2177 2274 2242 testatemque
2304 2171 2484 2226 inesse
2509 2170 2768 2226 divinam.

1981 2263 2244 2332 Quamvis
2269 2273 2452 2317 autem
2482 2263 2575 2318 ille
2624 2263 2954 2318 christianos
2995 2263 3198 2331 factus,
3241 2279 3347 2320 non
3395 2264 3518 2320 sine

1910 2356 2112 2411 acerbo
2138 2357 2303 2411 animi
2328 2371 2510 2420 sensu,
2533 2357 2852 2428 sinceraque
2873 2357 3186 2428 poenitentia
3209 2373 3269 2414 se
3290 2357 3519 2413 deorum

1909 2451 2193 2506 simulacra
2235 2451 2468 2506 coluisse
2514 2450 2837 2506 confiteatur
2879 2450 3130 2524 (Arnob.,
3160 2451 3251 2506 lib.
3282 2466 3360 2515 ιιι,
3391 2466 3515 2522 pag.

1910 2547 2068 2617 101);
2104 2555 2250 2600 tanta
2285 2556 2468 2600 tamen
2493 2555 2609 2600 erat
2653 2545 2938 2616 gentilium
2971 2545 3286 2612 obstinatio,
3344 2554 3404 2600 ut
3454 2559 3520 2598 ea

1908 2641 2022 2712 ipsa
2049 2655 2169 2712 qua:
2197 2655 2262 2694 ex
2291 2639 2557 2694 vilissimo
2583 2639 2696 2694 luto
2723 2638 2856 2694 facta
2884 2653 3006 2694 esse
3039 2640 3250 2694 nescire
3289 2654 3396 2694 non
3425 2653 3524 2708 po-

1905 2744 2114 2800 terant,
2170 2735 2222 2789 in
2254 2734 2467 2804 templis
2499 2742 2678 2788 tamen
2707 2733 2820 2786 suis
2848 2734 3018 2802 posita
3039 2773 3058 2801 ,
3085 2747 3184 2803 pro
3208 2731 3312 2787 diis
3352 2731 3521 2787 habe-

1906 2838 2064 2893 rent,
2101 2843 2164 2883 ac
2202 2836 2619 2882 venerarentur.
2653 2825 2796 2881 Caeci
2821 2827 3102 2881 enimvero
3133 2825 3417 2894 homines,
3463 2838 3523 2881 ut

210 2921 298 2975 sibi
342 2923 515 2993 plane
575 2923 836 2993 cognitis,
892 2923 1200 2993 implicatus
1247 2934 1426 2993 esset,
1483 2941 1799 2996 persuasum
1899 2922 2107 2979 aii'llid
2148 2922 2216 2978 ab
2250 2923 2348 2986 iis,
2383 2921 2839 2994 quemadmodum
2892 2922 2968 2976 ait
2994 2921 3306 2988 Arnobius,
3341 2921 3454 2992 imp
3490 2936 3524 2974 e

211 3018 413 3072 omnino
440 3017 709 3074 habuisse
738 3018 965 3074 deorum
998 3020 1285 3076 simulacra
1310 3064 1324 3086 ,
1359 3032 1412 3077 et
1441 3023 1726 3092 picturatas
1746 3025 1802 3077 in

210 3113 470 3166 veternosis
521 3111 786 3166 arboribus
838 3116 1054 3182 latitius,
1105 3131 1200 3170 eos
1259 3115 1406 3185 ipsos
1455 3131 1577 3172 esse
1629 3116 1796 3181 deos,

1905 3025 2112 3072 trarent
2134 3057 2150 3081 ,
2185 3036 2204 3069 ‹
2233 3017 2504 3085 Deorum,
2542 3037 2560 3070 ι
2597 3016 2709 3071 sive
2731 3015 3144 3072 simulacrorum
3165 3057 3182 3082 ,
3218 3034 3238 3067 ‹
3273 3024 3403 3070 ante
3423 3029 3521 3070 ora

1904 3110 2182 3180 prostrati,
2209 3110 2394 3164 limina
2426 3111 2537 3180 ipsa
2563 3109 2962 3166 converrebant
2982 3109 3187 3167 osculis
3207 3109 3334 3180 t(id.
3359 3109 3451 3164 lib.
3477 3126 3520 3172 t,

209 3203 387 3274 quibus
437 3204 771 3260 adulabatur
794 3247 812 3274 ,
874 3221 1010 3277 quos
1073 3206 1336 3264 aﬂ‘abatttr
1359 3249 1373 3273 ,
1426 3218 1482 3266 et
1538 3224 1568 3264 a
1625 3211 1821 3279 quibus
1849 3201 1895 3264 C
1927 3223 1979 3276 p.
2006 3203 2124 3276 29).
2155 3205 2256 3274 Qui
2283 3206 2499 3276 quidem
2529 3207 2870 3262 adorantium
2896 3207 3032 3261 ritus
3057 3216 3195 3274 erat,
3219 3205 3426 3261 utsatis
3453 3221 3522 3260 cx

211 3297 454 3353 benelicia
535 3298 880 3368 postulabat,
956 3311 1199 3371 tanquam
1284 3302 1522 3368 inesset,
1601 3303 1810 3375 inquit,

215 3387 422 3445 deorum
445 3392 532 3446 vis
563 3406 825 3461 praesens,
849 3393 933 3448 vel
963 3393 1015 3446 in
1041 3395 1121 3449 eis
1138 3410 1324 3450 revera
1354 3396 1736 3453 inhabitarent.

279 3481 408 3549 Quid
441 3482 547 3538 hoc
602 3483 911 3538 testimonio
952 3486 1182 3550 clarius,
1214 3496 1268 3540 et
1298 3488 1650 3557 expressius?
1678 3490 1811 3556 Quis

216 3587 379 3630 autem
413 3577 617 3632 abttuet
656 3577 793 3631 hanc
824 3578 1046 3633 Arnobii
1075 3579 1430 3649 opinionem,
1465 3597 1562 3636 seu
1593 3582 1807 3651 potius,

217 3681 265 3723 ut
293 3672 403 3742 ipse
431 3674 656 3738 fatetur,
687 3673 1064 3740 gravissimum
1098 3689 1338 3728 errorem
1363 3716 1379 3740 ,
1413 3676 1511 3744 ipsi
1539 3690 1660 3730 cum
1689 3675 1810 3730 aliis

217 3780 545 3820 communem
597 3764 763 3820 fuisse
806 3766 1133 3836 gentilibus?
1183 3766 1548 3832 Quamobrem
1590 3768 1806 3822 Tertul-

218 3859 376 3916 liantts
414 3871 543 3916 ante
590 3859 848 3914 fabricata
882 3860 1107 3915 deorum
1141 3861 1430 3916 simulacra
1467 3881 1479 3914 :
1515 3881 1533 3911 ‹
1570 3862 1744 3927 Deus,
1785 3883 1802 3915 ι

217 3953 404 4024 inquit,
441 3976 459 4008 ι
500 3956 618 4025 ipse
647 3970 929 4025 nusquam.
963 3953 1208 4008 Nondum
1239 3954 1382 4008 enim
1419 3963 1546 4008 tunc
1594 3955 1806 4024 ingenia

216 4049 551 4117 Grtecorum,
619 4061 777 4120 atque
836 4050 1132 4104 Tuscorum
1185 4049 1450 4118 fingendis
1504 4048 1808 4104 simulacris

220 4141 402 4197 [rbem
427 4143 849 4197 inundaverant)
875 4141 1231 4214 (Tertullian.,
1255 4142 1500 4212 Apolog.,
1553 4159 1670 4212 cap.
1709 4142 1802 4207 25,

217 4252 263 4303 p.
287 4235 396 4304 5.8).
417 4237 523 4292 Sed
550 4236 619 4292 de
643 4236 730 4290 illa
759 4236 989 4290 absurda
1021 4235 1304 4306 gentilium
1334 4234 1612 4305 opinione,
1646 4247 1807 4307 atque

219 4329 481 4397 impietate
541 4329 742 4398 aliquid
793 4329 845 4382 in
911 4329 1085 4399 primo
1139 4331 1446 4400 Apparatus
1514 4329 1682 4383 nostri
1752 4340 1806 4384 et

217 4429 353 4474 tomo
407 4422 828 4491 perstrinximus
894 4419 1224 4494 (Apparat.,
1269 4438 1392 4491 pag.
1428 4420 1535 4476 496
1585 4429 1633 4474 ct
1660 4436 1800 4492 seq.,

218 4531 326 4585 pag.
369 4517 475 4571 7.50
510 4526 558 4569 et
589 4531 725 4586 seqq.
751 4514 792 4585 ).
826 4514 902 4569 De
933 4514 1270 4570 Tertulliano
1309 4523 1488 4570 autem
1541 4528 1640 4569 suo
1687 4514 1804 4571 loco

218 4611 492 4675 agendum.

280 4700 546 4756 (holerum
586 4701 858 4756 Arnobius
906 4701 1046 4756 dixit
1098 4703 1312 4767 uenias,
1360 4717 1538 4773 grarce
1567 4707 1806 4771 ταινίας,

219 4790 265 4846 id
295 4806 406 4859 cst,
432 4793 662 4859 fascias,
697 4795 830 4860 sive,
865 4805 920 4847 ut
945 4793 1170 4849 Servius
1197 4793 1582 4850 animadvertit
1605 4794 1806 4868 (Seria,

220 4887 267 4939 in
289 4889 374 4941 lib.
420 4905 452 4941 v
487 4887 707 4943 Ᾱῖηεὶά.
749 4888 959 4959 Virgil.,
991 4906 1112 4958 pag.
1138 4889 1245 4943 574
1270 4889 1308 4960 ),
1349 4890 1542 4953 vittas,
1592 4899 1684 4944 aut
1709 4888 1815 4944 vit-

222 4987 382 5034 tarum
412 4983 816 5048 extremitates,
854 4982 906 5036 in
939 4982 1221 5037 arboribus
1248 4983 1549 5043 veternosis.
1579 4982 1682 5037 hoc
1702 4993 1805 5049 est,

223 5076 363 5129 senio
384 5119 399 5141 ,
447 5091 546 5132 seu
575 5075 766 5130 morbo
797 5087 979 5130 vetere
1009 5077 1304 5143 confectis,
1339 5087 1396 5131 ut
1425 5077 1657 5148 explicat
1700 5078 1807 5134 Do-

223 5176 368 5222 natus
393 5168 625 5241 (Donat.
647 5211 662 5235 ,
704 5170 758 5222 in
787 5168 1014 5234 Terent.,
1046 5169 1313 5238 Eunuch.,
1341 5179 1443 5225 act.
1474 5172 1528 5236 4,
1555 5188 1693 5226 scen.
1723 5173 1801 5242 4).

225 5255 496 5329 Significat
564 5263 744 5332 itaque
792 5262 998 5318 Auctor
1068 5272 1277 5328 noster,
1329 5278 1513 5319 secum
1559 5264 1808 5320 ethnicus

226 5353 388 5412 adhuc
408 5366 589 5418 esset.
619 5359 856 5414 coluisse
887 5359 938 5413 iu
969 5357 1291 5425 arboribus,
1324 5358 1479 5427 longa
1507 5369 1810 5415 :etateeon-

227 5451 481 5519 sumptis,
511 5451 672 5506 vittas
704 5461 758 5507 et
785 5466 1017 5508 coronas
1038 5495 1052 5516 ,
1102 5464 1197 5505 seu
1249 5451 1430 5519 potius
1450 5452 1698 5520 antiquas
1721 5466 1809 5506 ar-

229 5541 374 5598 bores
404 5546 553 5599 vittis
582 5559 634 5601 et
665 5546 882 5600 coronis
927 5545 1230 5600 redimitus.
1277 5545 1514 5599 Arbores
1541 5544 1808 5613 siquidem

227 5631 321 5687 deo
340 5637 497 5691 alicui
523 5636 754 5700 dicatas,
788 5639 930 5694 sicut
955 5639 1107 5703 deos,
1145 5644 1238 5690 aut
1263 5651 1451 5690 eorum
1493 5636 1651 5691 sedes
1675 5636 1809 5691 olim

230 5729 419 5785 ethnici
463 5731 784 5788 adorabant.
819 5751 838 5785 ί
869 5732 994 5786 Ηιιεο
1016 5774 1030 5797 ,
1069 5752 1088 5784 ι
1125 5729 1298 5800 inquit
1329 5729 1573 5795 Plinius,
1606 5749 1625 5781 ‹
1663 5730 1812 5786 fuere

230 5822 492 5878 numinum
528 5827 724 5895 templa
742 5867 759 5884 .
783 5827 1068 5894 priscoqtte
1089 5825 1193 5879 ritu
1217 5823 1479 5894 simplicia
1502 5837 1627 5879 rura
1650 5823 1815 5880 etiam

1837 4601 1890 4661 D

1918 3299 2199 3364 Suetonio,
2225 3300 2398 3364 Livio,
2433 3300 2680 3373 Polybio,
2714 3312 2769 3357 et
2790 3301 2913 3357 aliis
2939 3303 3210 3373 colligitur
3235 3300 3479 3372 (Sueton.
3502 3344 3518 3369 ,

1916 3395 2008 3449 lib.
2037 3410 2134 3456 vn.
2163 3397 2216 3450 in
2247 3397 2349 3450 vita
2381 3395 2575 3461 Vin-IL,
2604 3397 2758 3466 paulo
2781 3405 2894 3468 post
2919 3397 3032 3450 init.
3057 3413 3072 3462 ;
3093 3394 3234 3462 Liv.,
3265 3395 3354 3450 lib.
3383 3410 3520 3460 xxx,

1915 3503 2031 3556 cap.
2058 3489 2130 3553 8;
2168 3487 2352 3559 Polyb.
2381 3531 2395 3554 ,
2425 3487 2512 3543 lib.
2544 3504 2634 3556 xv,
2664 3491 2779 3544 init.
2802 3488 2848 3561 ).
2879 3489 3244 3558 Quamobrem
3275 3487 3524 3544 Tibullus

1913 3586 2188 3641 canebat:

2008 3699 2483 3766 Nec_egortellurem
2503 3702 2717 3763 genibus
2740 3714 3020 3766 prorepere
3047 3700 3279 3766 supplex,

2100 3762 2162 3812 Et
2185 3765 2418 3828 miserum
2444 3762 2616 3828 sancto
2637 3762 2846 3813 tundere
2874 3762 3018 3826 posse
3044 3762 3207 3828 caput.

2008 3826 2234 3892 Nec_eg_o
2257 3827 2299 3875 si
2322 3827 2504 3892 merui,
2523 3826 2749 3892 dubitem
2764 3826 3344 3892 ,procumhere‘templis,

2101 3887 2164 3938 Et
2180 3887 2300 3938 dare
2325 3890 2529 3938 sacratis
2551 3889 2717 3939 oscula
2738 3887 3004 3939 liminibus.

2617 3970 2848 4036 (Tibull.,
2873 3972 2957 4024 lib.
2985 3990 3019 4037 t,
3049 3975 3172 4039 eleg.
3200 3977 3275 4042 5.)

1913 4078 2108 4133 Verum
2137 4079 2436 4147 Lucretius,
2461 4095 2491 4134 a
2509 4079 2790 4136 Lactantio
2815 4083 3010 4138 citatus
3039 4081 3340 4153 (Laclanl.,
3364 4082 3453 4136 lib.
3484 4099 3524 4141 tt

1910 4172 2121 4239 lnstit.,
2152 4189 2268 4238 cap.
2294 4175 2348 4238 3,
2383 4190 2502 4244 pag.
2559 4173 2712 4245 150),
2767 4174 2984 4245 impium
3037 4175 3190 4232 illum
3241 4173 3523 4246 gentilium

1909 4283 2129 4322 suorum
2162 4267 2365 4323 cultum
2395 4267 2478 4323 his
2505 4269 2750 4324 versibus
2777 4270 3051 4342 explodit:

2001 4409 2106 4476 pice
2131 4414 2290 4476 pietas
2311 4409 2410 4476 ulla
2427 4418 2509 4476 est
2529 4411 2747 4462 velatum
2771 4425 2906 4476 sepe
2931 4413 3094 4464 videri

1999 4473 2201 4538 Yertire
2227 4475 2283 4522 ad
2310 4473 2546 4538 lapiJem,
2570 4483 2721 4538 atque
2745 4473 2920 4524 omnes
2942 4477 3188 4526 accedere
3212 4475 3271 4526 ad
3293 4489 3425 4538 aras,

2005 4535 2112 4604 Nec
2137 4535 2465 4604 procumbere
2481 4537 2616 4586 humi
2637 4535 2950 4602 prostratum,
2977 4545 3030 4589 et
3047 4538 3270 4602 pandere
3286 4535 3491 4603 palmas,
3520 4549 3529 4604 ξ

2008 4599 2139 4649 Ante
2163 4598 2313 4648 deum
2333 4599 2563 4650 delubra.

2345 4682 2580 4743 (Lucret.,
2605 4679 2690 4733 lib.
2716 4699 2766 4744 ν,
2787 4696 2911 4734 vers.
2935 4683 3059 4734 1198
3079 4691 3127 4734 et
3143 4686 3303 4751 seqq.)

1915 4789 2059 4858 Lege
2105 4787 2316 4852 adhuc,
2368 4769 2434 4843 si,
2469 4790 2635 4856 velis,
2687 4789 3032 4846 Plutarchum
3061 4833 3076 4858 ,
3123 4791 3437 4864 Lucanum,
3468 4805 3527 4852 et

1918 4883 2282 4947 Brissonium,
2332 4883 2421 4954 qtti
2472 4883 2621 4952 plura
2671 4882 2739 4937 de
2778 4884 2862 4940 his
2890 4886 3170 4955 gentilium
3199 4888 3392 4943 ritibus
3420 4887 3523 4943 ob-

1917 4984 2202 5029 servarunt
2229 4974 2553 5045 (Plularclt.,
2587 4973 2784 5041 Qtta'st.
2818 4993 3045 5044 romam,
3079 4994 3202 5049 pag.
3243 4977 3378 5040 266;
3423 4977 3526 5033 Lu-

1913 5084 2056 5136 can.,
2107 5069 2197 5124 lib.
2252 5085 2310 5135 tt,
2356 5086 2486 5123 vers.
2522 5067 2627 5124 128
2667 5079 2714 5123 et
2759 5085 2898 5141 seqq.
2919 5089 2940 5137 ;
2977 5069 3235 5137 Brisson.,
3267 5072 3357 5126 lib.
3386 5087 3426 5139 ι,
3460 5072 3526 5126 de

1917 5162 2124 5229 Form.,
2147 5181 2272 5236 pag.
2297 5164 2412 5235 46).

1991 5257 2262 5313 Arnobius
2289 5272 2454 5327 porro
2482 5257 2618 5313 hanc
2665 5258 3000 5328 impietatem
3048 5257 3313 5313 acerrime
3339 5273 3406 5312 eo
3437 5258 3523 5312 in-

1918 5362 2176 5419 sectatur,
2214 5370 2234 5404 t
2263 5352 2428 5423 quod,
2461 5352 2505 5406 si
2539 5351 2762 5416 liceret,
2805 5373 2824 5405 ›
2858 5351 3059 5420 inquit,
3109 5370 3127 5403 t
3163 5352 3214 5405 in
3245 5350 3526 5406 simulacri

1919 5447 2148 5516 alicujus
2194 5445 2419 5500 introire
2449 5445 2797 5516 pendigines,
2839 5464 2858 5496 ι
2889 5459 3005 5509 seu,
3035 5455 3093 5498 ut
3133 5443 3333 5498 clarius
3365 5441 3524 5512 paulo

1919 5553 2043 5611 post
2089 5539 2346 5610 loquitur,
2401 5557 2420 5590 ς
2461 5539 2513 5592 itt
2557 5551 2748 5592 omnes
2800 5535 2953 5592 sinus
2979 5545 3034 5591 et
3063 5536 3444 5591 commissuras
3495 5556 3516 5588 ν

1917 5631 2165 5706 (Arnob,
2198 5631 2288 5686 lib.
2320 5645 2397 5695 Vl,
2427 5646 2551 5700 pag.
2579 5629 2680 5684 2M
2712 5639 2760 5682 et
2779 5625 2966 5701 seqq.),
2998 5627 3129 5682 nihil
3160 5627 3304 5681 aliud
3327 5642 3521 5682 cerne-

1917 5734 2087 5792 retur,
2116 5739 2276 5796 qnam
2300 5723 2462 5778 variae
2492 5723 2637 5776 illius
2662 5733 2876 5790 partes,
2907 5736 3042 5792 quas
3067 5731 3274 5775 catena:
3305 5719 3520 5786 ferreae,

1919 5820 2076 5885 unci,
2113 5819 2347 5884 ansulae,
2377 5827 2434 5874 et
2468 5815 2729 5873 suffusum
2757 5817 3038 5888 plumbum
3068 5817 3396 5874 retinebant.
3439 5815 3524 5873 Ad
