3878 6312
250 196 254 201 ’
342 232 449 291 627

1596 220 2049 293 DISSERTATIO
2085 231 2364 293 PREVIA
2528 222 2533 226 ”
3509 238 3598 297 θεε

336 356 461 413 hac
485 370 618 413 vero
648 354 740 411 illa
769 356 1056 412 simulacra
1078 394 1093 422 ,
1130 372 1147 406 ι
1182 367 1415 423 quorum
1442 350 1656 422 plantas
1681 360 1735 408 et
1761 367 1933 423 genua
1966 364 2020 427 Α
2045 354 2173 409 deos
2195 362 2406 409 vestros
2432 350 2657 408 illuditis
2678 394 2695 420 ,
2723 351 2851 409 dum
2882 351 3125 422 lapideos
3158 352 3398 425 quidem,
3447 363 3500 409 et
3535 363 3601 410 te-

336 448 544 503 ethnici
561 457 782 503 orantes
804 446 1209 502 contrectabant
1228 443 1490 518 i(Veget.,
1503 444 1663 512 lib.n,
1679 461 1798 515 cap.
1819 444 1937 517 44).

337 542 640 613 semiplena
668 549 723 596 et
746 554 935 605 vacua,
966 553 1030 594 ac
1057 538 1278 595 minime
1306 537 1541 594 animata
1568 548 1620 594 et
1650 538 1937 608 spirantia,

338 644 646 705 temporum
669 632 880 709 injuriis
903 642 1245 701 putrescunt,
1275 645 1338 683 ac
1373 628 1760 685 dissolvuntur.
1799 627 1855 683 ln
1876 628 1945 684 iis

339 726 505 781 etiam
520 726 743 792 soriees,
762 723 1059 789 stelliones,
1080 722 1259 777 blattte
1271 721 1567 788 nidiﬁcant,
1586 721 1799 777 araneis
1814 735 1944 775 vero

340 817 761 889 coinquinantur
783 814 1252 871 ethirundinibus.
1274 814 1544 869 Arnobius
1574 813 1755 883 itaque
1781 811 1943 867 sicuti

342 912 609 968 Minucius
631 907 806 975 Felix,
821 909 1040 980 aliique,
1058 919 1117 963 ut
1134 907 1364 963 vidimus
1382 906 1619 979 (Dium.
1644 906 1698 960 in
1718 905 1940 975 Minuta,

342 1021 464 1076 cap.
496 1003 563 1059 19
593 1013 697 1058 art.
728 1003 814 1073 2),
862 1002 1119 1057 Ecclesia:
1150 1000 1337 1056 Patres
1365 1000 1494 1054 hinc
1541 1008 1690 1055 recte
1717 999 1942 1055 conclu-

342 1096 500 1165 dunt,
530 1097 663 1152 nihil
684 1096 906 1151 omnino
930 1096 981 1150 in
1001 1094 1150 1151 hisce
1176 1093 1481 1150 simulacris
1501 1102 1557 1149 et
1577 1092 1744 1164 signis
1766 1092 1946 1148 inesse

342 1206 507 1263 posse
530 1190 850 1247 divinitatis.

418 1289 633 1345 Ethnici
664 1304 819 1357 vero,
851 1297 908 1343 ut
938 1289 1044 1345 hoc
1070 1296 1451 1358 argumentum
1473 1328 1489 1353 ,
1515 1284 1672 1355 cujus
1698 1284 1944 1356 pondere

343 1399 408 1441 se
428 1383 663 1455 Opprimi
691 1383 997 1439 sentiebant
1016 1424 1030 1447 ,
1059 1397 1279 1453 quoquo
1306 1380 1469 1437 modo
1501 1380 1773 1435 inﬁrmare
1818 1395 1943 1451 pos-

344 1484 502 1543 sent,
552 1474 953 1544 respondebant
999 1489 1062 1530 se
1106 1489 1397 1545 numquam
1444 1473 1743 1530 credidisse
1778 1488 1841 1529 ea
1872 1475 1946 1531 si-

344 1569 588 1625 mulacra
632 1582 754 1623 esse
795 1583 890 1639 per
938 1582 999 1625 se
1048 1567 1181 1624 deos
1211 1585 1225 1622 :
1254 1567 1350 1623 sed
1377 1567 1430 1621 in
1464 1567 1572 1623 illis
1604 1566 1705 1623 hos
1732 1576 1942 1625 tantum

344 1660 532 1716 colere
559 1674 623 1714 ac
650 1661 941 1726 venerari,
995 1677 1014 1712 ι
1048 1674 1187 1730 quos
1214 1659 1481 1716 dedicatio
1537 1659 1701 1715 infert
1750 1674 1938 1727 sacra,

2045 453 2259 501 staceos
2285 444 2615 501 veneramini
2639 485 2655 512 ,
2686 443 3001 501 custodibus
3038 454 3286 501 carentes
3332 463 3346 501 :
3390 448 3509 508 res:
3556 447 3603 503 δᾶ

2043 541 2331 616 ἀργυρέους
2360 543 2448 596 καὶ
2473 545 2714 616 χρυσοῦς
2743 541 3050 615 ἕγκλείοντισ
3074 547 3191 602 ταῖς
3227 541 3365 608 νυξὶ,
3389 543 3467 596 καὶ
3506 550 3604 603 ταῖς

2044 635 2257 709 ἡμέραις
2306 634 2530 704 φύλακας
2597 635 3045 709 παρακαθίσαντις
3069 673 3085 699 ,
3140 635 3223 689 ἵνα
3267 638 3334 707 μή
3401 634 3606 689 ﬂuitat

2045 723 2065 796 (
2091 725 2283 796 Epist,
2311 727 2378 780 ad
2407 725 2673 797 Diognel.,
2700 736 2835 797 post.
2868 724 3020 795 init.)
3057 744 3071 779 :
3101 724 3372 797 Argenteos
3399 734 3549 779 autem
3567 736 3608 780 et

2044 834 2227 875 aureos
2269 820 2533 876 includitis
2577 828 2732 875 noctu
2755 862 2771 884 ,
2826 830 2916 875 aut
2945 820 3175 875 interdiu
3218 819 3444 875 custodes
3468 837 3611 890 appo-

2045 915 2167 969 nitis
2207 929 2271 971 ne
2313 918 2454 985 furto
2491 919 2817 988 auferantur.
2865 896 3128 997 Similiter
3171 913 3483 985 Cyprianus,
3526 929 3610 969 nec

2045 1006 2227 1063 minus
2249 1007 2362 1063 acri
2396 1007 2519 1077 styli
2556 1008 2641 1064 sui
2679 1008 2869 1064 aculeo
2906 1023 3002 1063 eos
3022 1007 3209 1076 pungit
3231 1024 3277 1061 ς(
3313 1004 3400 1062 Sic
3421 1006 3560 1071 illos,
3592 1025 3609 1058 ι

2046 1095 2258 1167 inquit,
2316 1118 2334 1151 ι
2385 1098 2546 1155 laesos
2586 1100 2720 1157 ultio
2750 1109 2927 1172 vestra
2960 1099 3241 1159 defendit.
3289 1098 3547 1169 quomodo
3570 1110 3614 1154 et

2046 1189 2259 1245 clausos
2309 1206 2377 1247 ne
2425 1200 2685 1262 pereant,
2747 1192 2912 1247 tutela
2945 1201 3128 1247 vestra
3153 1190 3405 1247 custodit.
3438 1191 3617 1247 Pudeat

2046 1283 2269 1341 tutelam
2288 1282 2358 1339 de
2387 1284 2452 1340 iis
2469 1299 2710 1353 sperare,
2736 1299 2872 1356 quos
2895 1296 2949 1340 tu
2968 1284 3081 1354 ipse
3099 1285 3287 1340 tueris.
3314 1282 3334 1355 (
3354 1282 3580 1354 Cyprian.
3601 1325 3615 1349 ,

2045 1384 2195 1433 tract.
2224 1376 2293 1430 ad
2320 1376 2575 1445 Demetr.,
2606 1395 2729 1451 pag.
2763 1378 2916 1451 191.)

2116 1465 2260 1523 Satis
2305 1483 2469 1539 porro
2510 1469 2803 1539 gentilibus
2852 1485 2961 1527 non
3015 1480 3134 1525 erat
3186 1468 3621 1534 simulacra,sive

2046 1559 2179 1619 deos
2225 1575 2353 1617 suos
2403 1562 2681 1617 hominum
2707 1562 3003 1629 custodiis,
3054 1577 3118 1617 ac
3166 1560 3375 1618 diurnis
3423 1570 3620 1617 noctur-

2045 1656 2238 1727 nisque
2265 1657 2464 1729 vigiliis
2494 1660 2631 1713 tueri
2650 1699 2665 1725 ,
2694 1658 2789 1715 sed
2813 1657 3058 1717 eamdem
3083 1698 3099 1724 ,
3142 1657 3319 1728 pergit
3346 1656 3617 1718 Arnobius.

346 1764 405 1811 et
430 1755 712 1821 fabrilibus
738 1755 906 1809 ellicit
936 1755 1237 1810 inhabitare
1276 1754 1581 1810 simulacris
1640 1773 1660 1806 ι
1692 1752 1936 1825 (Arnob.,
1972 1751 2116 1819 Bob
2162 1767 2422 1819 causam,
2472 1768 2637 1808 canes
2689 1762 2746 1808 et
2800 1767 3027 1811 anseres
3089 1752 3331 1811 alebant.
3385 1751 3450 1807 Et
3493 1760 3624 1807 certe

346 1848 439 1903 lib.
473 1864 545 1913 γι,
575 1864 699 1919 pag.
732 1847 838 1903 205
865 1845 1120 1919 ακρῳ).
1157 1847 1354 1901 Verum
1377 1855 1568 1901 auctor
1595 1855 1783 1902 noster
1810 1847 1943 1902 illud

345 1941 592 1997 ridicula:
634 1942 906 2012 Opinionis
931 1951 1302 1997 commentum
1334 1923 1499 1997 variis
1527 1942 1801 1997 rationum
1828 1956 1946 1997 mo-

344 2034 547 2091 mentis
575 2033 737 2105 plane
766 2034 1124 2100 comminuit,
1157 2032 1478 2104 penitusque
1498 2033 1743 2103 dissipat.
1780 2032 1946 2089 Eccui

346 2128 494 2182 enim
514 2168 529 2194 ,
561 2127 606 2181 si
635 2140 797 2180 sanus
818 2125 922 2192 sit,
955 2141 1191 2196 unquam
1213 2166 1229 2193 ,
1258 2126 1335 2179 ait
1380 2126 1504 2192 ille,
1539 2124 1949 2196 persuadebitur

345 2223 482 2280 deos
506 2221 737 2279 ridiculo
763 2221 1000 2292 quodam
1046 2220 1406 2277 dedicationis
1444 2221 1590 2291 jure,
1617 2228 1715 2275 aut
1736 2220 1807 2275 ad
1834 2228 1947 2275 ter-

345 2331 482 2374 rena
511 2314 803 2373 simulacra
848 2314 1196 2371 inhabitanda
1223 2316 1383 2385 cogi,
1441 2322 1535 2369 aut
1579 2314 1807 2370 sidereis
1857 2328 1947 2368 se-

348 2408 509 2464 dibus
539 2408 674 2475 suis,
703 2416 898 2476 sponte
927 2422 1025 2462 sua
1055 2407 1280 2472 relictis,
1309 2405 1377 2461 ad
1405 2422 1469 2463 ea
1518 2408 1677 2461 toties
1722 2407 1950 2462 commi-

348 2514 511 2571 grare
532 2540 549 2569 ,
577 2500 789 2571 quoties
816 2500 1020 2555 homini
1064 2508 1299 2555 statuam
1348 2499 1600 2555 dedicare
1644 2499 1951 2571 placuerit?

348 2592 494 2660 Quid
521 2607 670 2660 vero,
704 2593 845 2665 quod
878 2592 952 2649 dii
983 2593 1134 2649 nulla
1161 2595 1210 2647 vi
1254 2593 1491 2651 humana
1528 2595 1783 2664 coinpelli
1827 2609 1951 2663 pos-

349 2694 512 2753 sunt,
543 2695 602 2741 ut
646 2687 699 2741 in
735 2687 1038 2742 simulacris
1083 2687 1187 2741 illis
1212 2701 1430 2757 semper
1473 2687 1775 2743 maneant?
1803 2686 1951 2742 Nihil
1980 2732 1989 2739 .

350 2780 498 2835 enim
529 2795 592 2835 ea
625 2778 946 2835 necessitate
978 2780 1249 2846 miserius,
1276 2780 1521 2850 nihilque
1536 2781 1648 2836 Deo
1667 2781 1836 2851 magis
1858 2781 1942 2835 in-

352 2871 599 2942 dignum.
636 2873 839 2928 Deinde
870 2889 1019 2940 vero,
1050 2874 1099 2930 si
1140 2874 1195 2929 in
1233 2876 1314 2930 eis
1344 2875 1547 2930 tamdiu
1574 2884 1777 2933 tantum
1806 2890 1953 2931 com-

351 2975 654 3030 mnrentur,
708 2967 962 3036 quamdiu
1011 2968 1139 3037 ipsis
1169 2968 1422 3033 libuerit,
1467 2979 1617 3026 certe
1661 2970 1952 3025 simulacra

353 3058 667 3128 aliquando,
688 3043 795 3114 illis
820 3059 1220 3126 recedentibus,
1242 3061 1314 3115 dii
1337 3077 1459 3117 esse
1482 3062 1749 3119 desinent.
1772 3063 1828 3118 ln
1851 3064 1949 3119 du-

2048 1846 2306 1918 scriptum
2346 1862 2377 1901 a
2407 1846 2671 1905 Cicerone
2714 1847 2944 1917 legimus
2982 1866 2997 1903 :
3047 1864 3067 1898 ι
3120 1846 3419 1903 Anseribus
3443 1844 3621 1899 cibaria

2048 1939 2264 2010 publica
2312 1940 2581 2006 locantur,
2617 1950 2673 1996 et
2718 1955 2884 1997 canes
2909 1940 3127 1996 aluntur
3159 1941 3215 1995 in
3244 1938 3533 2009 Capitolio;
3575 1944 3626 1991 ut

2048 2034 2386 2107 signiﬁcent,
2428 2036 2475 2091 si
2517 2035 2662 2091 iures
2713 2036 2984 2091 venerint.
3034 2034 3270 2106 (Cicer.,
3310 2043 3436 2089 orat.
3463 2032 3517 2097 2,
3544 2048 3625 2099 pro

2050 2127 2208 2183 Rosc.
2239 2129 2411 2184 Anter.
2444 2130 2495 2195 Ι,
2527 2145 2650 2200 pag.
2677 2127 2799 2201 Si.)
2843 2127 3001 2197 Quod
3048 2129 3213 2184 etiam
3246 2127 3378 2185 Livii
3405 2168 3421 2191 ,
3452 2125 3626 2189 Plinii,

2050 2221 2361 2288 Plutarchi,
2418 2223 2662 2293 IEliani,
2709 2237 2764 2280 et
2811 2225 3043 2281 aliorum
3092 2223 3407 2279 testimonio
3455 2219 3629 2277 conﬁr-

2052 2317 2434 2391 matur(Liv.,
2468 2319 2556 2374 lib.
2601 2336 2655 2387 v,
2706 2329 2826 2375 ante
2870 2320 2991 2385 βπ..
3042 2317 3189 2375 Plin.
3220 2359 3238 2384 ,
3284 2319 3375 2374 lib.
3430 2332 3462 2373 ι
3505 2314 3624 2369 Hist.

2052 2418 2187 2476 παι..
2217 2427 2335 2479 cap.
2365 2409 2458 2476 22,
2490 2428 2612 2483 pag.
2637 2412 2775 2477 ‘08;
2827 2411 3097 2467 Plutarch.
3118 2451 3134 2476 ,
3184 2411 3240 2467 in
3262 2410 3352 2465 rit.
3402 2406 3590 2469 Camill.
3614 2445 3627 2468 ο

2053 2518 2177 2574 Ραα.
2208 2503 2331 2570 1ιῖ,
2365 2515 2412 2559 et
2446 2503 2645 2570 Quwst.
2691 2521 2896 2561 roman.
2922 2544 2936 2569 ,
2970 2521 3091 2576 pag.
3116 2504 3255 2571 284;
3284 2500 3509 2567 ditium,
3553 2498 3629 2554 lib.

2056 2613 2134 2653 xu
2185 2597 2248 2652 de
2277 2598 2533 2665 Animal.,
2563 2614 2683 2669 cap.
2711 2600 2781 2654 55
2804 2596 2844 2669 ).
2884 2598 3045 2674 Atqui
3068 2598 3153 2653 lite
3174 2594 3456 2657 custodiae,
3477 2592 3633 2662 arguit

2054 2690 2345 2755 Arnobius.
2379 2702 2484 2746 tam
2516 2692 2755 2756 inutiles,
2787 2704 2950 2759 quam
3007 2689 3113 2745 diis
3156 2687 3436 2758 injuriosa:
3480 2693 3631 2741 erant.

2057 2782 2124 2843 In
2149 2786 2450 2845 simulacris
2483 2783 2750 2854 siquidem
2795 2783 2839 2837 si
2885 2783 2986 2852 ipsi
3013 2783 3205 2837 saltem
3241 2778 3631 2839 inhabitasscnt,

2058 2884 2166 2940 illis
2196 2880 2437 2952 proiecto
2467 2894 2567 2934 nec
2592 2879 2746 2943 aliis,
2776 2892 2839 2933 ea
2869 2892 2897 2931 a
2928 2876 3171 2947 quolibet
3194 2890 3358 2939 casu,
3385 2881 3439 2929 et
3466 2869 3634 2941 injuria

2058 2974 2373 3046 protegendi
2413 2988 2542 3028 cura
2588 2969 2942 3042 relinquenda
2995 2978 3133 3023 erat.
3167 2967 3361 3025 Nullus
3387 2965 3637 3021 enimvero

2056 3067 2274 3140 gentilis
2320 3065 2502 3121 dicere
2550 3077 2787 3132 unquam
2846 3062 3016 3135 potuit
3059 3061 3183 3119 illos
3226 3069 3323 3117 aut
3379 3057 3632 3121 dormire,

354 3148 447 3203 bio
488 3150 647 3221 igitur
668 3150 832 3205 stabit
851 3152 1064 3222 quando
1086 3155 1163 3208 eis
1185 3167 1335 3209 sacra
1361 3156 1500 3218 lieri,
1525 3166 1581 3211 et
1626 3171 1688 3211 ea
1735 3157 1950 3211 adorari
1981 3149 2028 3211 C
2058 3173 2148 3219 aut
2175 3178 2281 3221 non
2313 3174 2471 3232 posse
2516 3174 2575 3213 se
2606 3162 2766 3214 tueri.
2800 3155 2953 3213 Unde
2987 3156 3149 3213 etiam
3198 3154 3525 3226 Augustinus
3560 3163 3635 3212 ex,

354 3240 607 3298 debeant.
638 3241 906 3297 Praeterea
941 3259 1094 3310 vero,
1129 3262 1253 3300 cum
1287 3249 1457 3317 plura,
1482 3248 1657 3318 inquit
1683 3246 1958 3307 Arnobius

354 3334 518 3388 unius
544 3333 895 3405 ejusdemque
919 3337 1005 3393 dei
1036 3339 1343 3404 sitttulacra,
1374 3340 1538 3397 modo
1571 3358 1764 3412 parva,
1795 3345 1957 3401 modo

352 3427 590 3480 maxima
614 3427 965 3496 fabricantur,
998 3432 1260 3501 numquid
1291 3432 1365 3489 dii
1395 3437 1446 3487 in
1481 3433 1588 3487 illis
1614 3444 1709 3489 aut
1735 3449 1795 3490 se
1821 3451 1957 3490 con-

354 3521 612 3589 trahunt,
662 3532 755 3577 aut
799 3539 858 3579 se
889 3525 1206 3595 porrigunt,
1236 3542 1500 3596 suumque
1526 3543 1723 3597 corpus
1753 3544 1850 3600 pro
1880 3532 1955 3586 si-

354 3618 585 3672 mulacri
616 3631 945 3688 componunt
969 3620 1140 3675 forma
1164 3638 1227 3676 ac
1255 3622 1463 3695 ﬁgura?
1483 3623 1623 3691 Quid
1650 3634 1828 3680 autem
1858 3627 1955 3680 ab-

354 3712 575 3766 surdius
604 3712 674 3768 de
708 3713 819 3768 Deo
850 3714 955 3769 dici
986 3726 1077 3770 aut
1105 3716 1327 3787 cogitari
1357 3718 1573 3786 potest?

431 3806 538 3862 Sed
566 3808 836 3879 agedum;
884 3820 1097 3864 constat
1143 3824 1272 3865 sane
1322 3811 1551 3881 plurima
1599 3813 1758 3867 unius
1810 3812 1958 3882 ejus-

358 3898 593 3969 demque
622 3901 708 3956 dei
745 3902 1031 3959 simulacra
1078 3902 1131 3957 in
1173 3902 1401 3957 diversis
1427 3947 1440 3970 ,
1474 3914 1527 3959 et
1556 3919 1587 3958 a
1628 3919 1687 3960 se
1732 3905 1963 3961 invicem

356 3995 677 4069 longissimo
705 4005 966 4051 terrarum
1000 3996 1285 4052 intervallo
1331 3998 1613 4068 disjunctis
1654 4000 1964 4070 regionibus

356 4090 535 4159 posita
555 4088 828 4145 fuisse.An
847 4092 899 4144 in
925 4090 987 4144 iis
1002 4090 1252 4144 omnibus
1271 4089 1403 4145 deus
1418 4092 1505 4145 ille
1521 4091 1712 4147 adesse
1726 4092 1966 4163 poterat?

362 4183 483 4239 Non
501 4185 707 4239 divisus
735 4185 973 4255 quidem,
1015 4186 1141 4256 quia
1166 4199 1326 4239 verus
1357 4185 1497 4242 Deus
1539 4184 1704 4241 dividi
1756 4189 1959 4257 nequit.

360 4275 480 4331 Non
518 4278 759 4347 integer;
796 4293 915 4331 nam
947 4278 1080 4332 deus
1107 4276 1201 4333 ille
1224 4320 1238 4344 ,
1266 4279 1340 4331 uti
1369 4278 1629 4347 putabant
1673 4294 1968 4349 corporeus

361 4378 482 4423 erat
498 4411 513 4433 ,
544 4384 645 4424 nec
666 4369 893 4439 proinde
918 4377 1096 4440 potest
1116 4370 1169 4423 in
1196 4371 1437 4439 pluribus
1460 4372 1618 4427 simul
1639 4386 1762 4427 esse
1784 4373 1936 4427 locis.

440 4462 682 4532 Denique
731 4462 777 4515 si
829 4460 944 4516 lucc
998 4461 1283 4516 simulacra
1332 4473 1425 4515 aut
1474 4461 1551 4516 dii
1604 4469 1825 4525 essent,
1875 4472 1970 4516 aut

2060 3258 2301 3327 proxime
2357 3263 2652 3317 memorata
2699 3267 2952 3308 anserum
3001 3249 3280 3311 custodia.
3324 3249 3402 3304 sic
3434 3244 3629 3302 eosdem

2056 3349 2337 3420 gentilium
2377 3348 2509 3403 deos
2550 3346 2740 3401 irridet
2765 3355 2821 3400 et
2849 3344 3112 3415 explodit.
3148 3362 3167 3395 ι
3214 3342 3370 3401 Tunc
3418 3349 3522 3395 tota
3568 3352 3638 3401 ro-

2060 3459 2212 3499 mana
2265 3441 2395 3495 urbe
2450 3440 2503 3495 in
2560 3438 2797 3493 hostium
2847 3445 3167 3505 potestatem
3228 3434 3479 3497 redacta,
3514 3429 3639 3484 solus

2060 3534 2217 3589 collis
2246 3532 2580 3604 Capitolinus
2605 3540 2976 3593 remanserat,
3028 3528 3117 3599 qui
3144 3526 3307 3582 etiam
3356 3526 3468 3592 ipse
3500 3534 3642 3589 cape-

2062 3638 2229 3692 retur,
2264 3627 2364 3681 nisi
2408 3626 2599 3679 saltem
2647 3637 2899 3686 anseres,
2936 3621 3038 3675 diis
3068 3618 3503 3678 dormientibus,
3530 3610 3641 3678 vigi-

2064 3722 2261 3776 larent.
2319 3718 2469 3775 Unde
2520 3732 2660 3788 pene
2711 3718 2764 3771 in
2815 3715 3280 3786 superstitionem,
3314 3712 3639 3784 aegyptiorum

2064 3814 2265 3871 bestias
2315 3827 2550 3882 avesque
2597 3811 2922 3871 colentium.
2974 3809 3144 3865 Roma
3185 3807 3493 3869 deciderat,
3537 3814 3641 3857 cum

2067 3902 2246 3956 anseri
2290 3901 2552 3957 solemnia
2610 3899 2975 3954 celebrabant.
3037 3916 3056 3950 ι
3112 3895 3420 3969 (August.,
3479 3892 3560 3947 lib.
3611 3903 3641 3943 ιι

2068 3995 2131 4050 de
2155 3993 2328 4059 Civit.,
2361 4012 2478 4064 cap.
2508 3994 2599 4060 22,
2653 4011 2771 4065 pag.
2805 3994 2924 4063 51.)

2138 4087 2270 4155 Quis
2300 4095 2478 4141 autem
2518 4086 2736 4145 dil'titeri
2768 4097 2949 4156 potest
2995 4100 3063 4142 ex
3117 4084 3203 4141 his
3228 4084 3479 4140 omnibus
3504 4078 3644 4135 ratio-

2071 4180 2228 4235 nibus
2260 4191 2405 4236 recte
2428 4180 2494 4237 ab
2520 4180 2761 4237 Arnobio
2786 4178 2981 4235 conlici
3009 4178 3293 4251 gentilium
3348 4176 3643 4233 simulacra,

2069 4275 2157 4331 vel
2203 4285 2362 4339 ante,
2395 4275 2478 4329 vel
2527 4284 2647 4344 post
2696 4288 2847 4327 suam
2877 4274 3378 4336 consecrationem,
3413 4285 3509 4325 nec
3532 4267 3645 4320 deos

2072 4382 2226 4434 esse,
2259 4381 2359 4421 nec
2388 4367 2486 4420 hos
2510 4366 2561 4419 in
2590 4365 2698 4421 illis
2724 4364 3050 4429 inhabitare,
3086 4365 3254 4419 multo
3277 4365 3453 4418 minus
3473 4359 3533 4413 ad
3561 4372 3644 4420 ea,

2072 4459 2212 4515 cmlo
2257 4459 2479 4522 relicto,
2533 4458 2880 4514 iubabitanda
2930 4473 3090 4529 posse
3142 4457 3440 4528 compelli?
3470 4456 3538 4508 De
3571 4451 3645 4505 illa

365 4572 554 4614 eorum
620 4558 917 4624 habitatio,
976 4574 1157 4613 nonne
1204 4558 1387 4617 divina
1440 4569 1706 4630 potestate
1756 4576 1853 4617 sua
1908 4541 2235 4625 serorrO
2265 4552 2674 4611 simulacrorum
2706 4550 3047 4605 dedicatione
3068 4544 3095 4617 ,'
3115 4550 3244 4605 alibi
3272 4549 3503 4604 diximus
3530 4542 3648 4618 (Dit-

364 4651 513 4721 ipsos
540 4649 801 4707 adversus
830 4653 1100 4722 quoslibet
1127 4667 1285 4707 casus
1309 4656 1470 4708 tutari
1497 4653 1768 4709 debebant
1788 4654 1824 4707 ?.
1859 4656 1967 4711 Cur

365 4755 497 4810 ergo
523 4739 723 4797 ethnici
744 4780 760 4807 ,
792 4743 968 4813 arguit
992 4752 1183 4798 auctor
1206 4754 1391 4799 noster
1421 4743 1611 4816 (Ibid.,
1635 4763 1757 4817 pag.
1783 4746 1964 4818 205.),

365 4831 460 4887 illa
489 4848 555 4887 ne
580 4848 682 4902 qua
710 4833 904 4902 injuria
927 4834 1293 4901 al’licerentur,
1312 4828 1658 4892 validissimis
1691 4840 1966 4906 claustris,

366 4924 642 4997 repagulis
662 4967 676 4991 ,
708 4926 937 4995 pessulis
966 4927 1324 4993 claudebant,
1358 4944 1419 4984 ac
1449 4930 1806 4985 muniebant?
1836 4931 1967 4996 Cur,

368 5036 438 5074 ne
460 5034 490 5071 a
525 5019 729 5075 furibus
755 5018 895 5074 clam
916 5030 1145 5074 uoctuve
1169 5030 1509 5090 raperentur,
1539 5023 1765 5077 tedituis
1787 5024 1964 5078 millet

367 5112 444 5168 ita
464 5112 555 5167 ille
576 5113 834 5182 loquitur,
857 5111 1045 5185 (lbid.)
1073 5132 1090 5163 ι
1106 5114 1491 5184 protegebant;
1516 5125 1677 5186 atque
1691 5116 1971 5171 excubito-

368 5209 521 5262 ribus
543 5206 706 5261 mille.
721 5225 740 5258 ι
761 5204 966 5263 Eodem
990 5210 1149 5263 tnodo
1166 5214 1568 5276 argumentatur
1585 5206 1971 5273 Tertulliauus,

368 5318 433 5357 ac
473 5303 565 5377 qui
599 5304 709 5357 sint
750 5302 828 5357 illi
872 5301 1215 5359 excubitores
1257 5302 1456 5358 clarius
1484 5304 1718 5374 explicat
1752 5320 1765 5356 :
1802 5323 1823 5357 ι
1855 5304 1975 5360 iam

370 5396 554 5469 utique
579 5411 739 5464 suas,
781 5416 801 5448 ι
837 5396 1053 5469 inquit,
1089 5414 1108 5447 ι
1146 5399 1323 5469 primo
1349 5408 1575 5465 statuas,
1601 5408 1658 5452 et
1683 5398 1972 5468 imagines,

372 5500 429 5553 et
453 5490 597 5545 aedes
630 5500 931 5558 tuerentur,
974 5505 1124 5561 quae,
1153 5497 1211 5545 ut
1252 5490 1465 5561 opinor,
1510 5489 1738 5544 Caesaris
1776 5491 1975 5546 milites

373 5583 614 5638 excubiis
639 5587 752 5639 suis
782 5586 929 5640 salva
984 5595 1243 5656 priestant
1270 5601 1289 5635 ι
1318 5582 1338 5656 (
1364 5581 1694 5651 Ter-tullium,
1728 5582 1972 5654 Apolog.,

374 5689 494 5745 cap.
524 5675 627 5742 29,
670 5695 790 5749 pag.
819 5676 935 5750 29).
982 5676 1159 5733 Antea
1204 5690 1331 5733 vero
1377 5686 1567 5732 auctor
1619 5676 1861 5748 epistola:
1906 5677 1975 5732 ad

382 5764 700 5835 Diognetum
746 5770 825 5825 sic
869 5770 1115 5827 ethnicos
1139 5768 1351 5837 atl‘atur,
1383 5777 1440 5825 et
1475 5767 1700 5843 corripit
1740 5786 1754 5824 :
1787 5767 1977 5827 Nonne

2076 4654 2196 4701 seri.
2226 4645 2279 4699 in
2312 4644 2534 4713 Mirum,
2564 4661 2678 4715 cap.
2710 4645 2797 4710 19,
2826 4654 2927 4698 art.
2959 4645 2983 4699 1
3012 4641 3053 4716 ).

2685 4772 2982 4813 ARTICULUS
3009 4773 3067 4810 ν.

2075 4849 2394 4907 Examinatur
2417 4847 2549 4898 aliud
2586 4847 2785 4903 Arnobii
2811 4849 3047 4898 adversus
3080 4847 3291 4899 deorum
3314 4846 3561 4899 simulacra
3580 4854 3649 4892 ar-

2140 4922 2448 4982 gumentum,
2491 4912 2602 4982 inde
2634 4914 2857 4975 petitum,
2876 4911 3143 4982 quodnilla
3178 4911 3240 4982 ab
3265 4912 3473 4961 ethnicis
3496 4908 3648 4982 probro

2142 4966 2195 5025 Et
2215 4966 2449 5023 dedecori
2494 4966 2675 5031 habita,
2703 4988 2760 5021 ac
2783 4966 2990 5035 spoliata
3021 4971 3203 5022 fuerint
3234 4988 3245 5021 :
3275 4988 3451 5035 nempe
3474 4966 3647 5019 simula-

2140 5036 2436 5099 crumrJovis
2459 5038 2520 5086 ab
2544 5036 2783 5099 Antiocho
2822 5036 3057 5099 Cyziceno
3090 5045 3142 5087 et
3183 5035 3417 5097 Dionysio
3449 5044 3644 5099 tyranno,

2141 5098 2401 5163 Esculapi
2428 5102 2488 5147 ab
2510 5099 2684 5163 eodem
2711 5097 2958 5160 Dionysio,
2980 5098 3192 5163 Veneris
3212 5111 3240 5146 a
3266 5097 3581 5163 Pygmalione.
3605 5098 3649 5163 et

2141 5163 2238 5211 alio
2258 5154 2602 5221 adolescente;
2631 5160 2723 5209 alia
2765 5154 2883 5209 vero
2904 5166 2987 5210 aut
3015 5160 3193 5221 diruta,
3223 5154 3554 5219 aut'Eremata,
3576 5154 3647 5203 ubi

2140 5225 2205 5275 de
2229 5226 2364 5275 vario
2388 5223 2610 5287 Capitolii
2632 5223 2878 5275 incendio.

2154 5332 2410 5387 Ultimum
2444 5332 2663 5389 Arnohii
2692 5330 2952 5386 adversus
2988 5330 3212 5386 deorum
3260 5330 3539 5386 simulacra
3570 5340 3647 5381 ar-

2080 5434 2391 5496 gumentum
2423 5439 2487 5479 ex
2519 5424 2584 5479 iis
2634 5424 2868 5485 ducitur,
2899 5440 3020 5494 qua:
3050 5425 3283 5479 maximo
3324 5421 3561 5479 dedecori
3602 5423 3648 5472 et

2084 5518 2281 5587 probro
2319 5517 2519 5581 habita,
2568 5531 2690 5570 cum
2736 5517 3030 5585 opprobrio
3071 5517 3317 5586 spoliata,
3349 5530 3411 5570 ac
3459 5510 3646 5567 tandem

2083 5624 2193 5663 non
2236 5622 2392 5664 secus
2436 5622 2499 5662 ac
2537 5607 2735 5677 templa
2778 5606 3100 5674 deturbata,
3142 5618 3195 5663 et
3246 5607 3453 5678 penitus
3491 5603 3645 5658 diruta

2082 5690 2227 5759 sunt.
2260 5702 2392 5770 Quis
2415 5702 2558 5757 enim
2587 5701 2803 5772 negabit
2831 5699 2980 5755 Jovis
3010 5710 3242 5756 statuam
3272 5715 3394 5755 cum
3425 5696 3645 5753 irrisione

2082 5806 2139 5853 et
2163 5795 2393 5853 ludibrio
2418 5796 2485 5853 ab
2515 5793 2783 5851 Antiocho
2807 5794 3076 5865 Cyziceno
3114 5791 3433 5865 spoliatam?
3461 5807 3481 5841 ι
3513 5787 3643 5843 Hune
