3878 6312
199 229 295 288 629

1352 226 1422 283 IN
1447 225 1810 288 ARNOBIUM
1831 269 1849 294 ,
1889 229 2047 286 CAP.
2090 228 2262 288 XXII.

3381 236 3484 294 650

197 347 378 419 quippe
397 343 716 401 Antiochum
733 342 1060 416 Cyzicenum
1087 343 1299 410 ferunt,
1341 363 1360 397 ι
1393 344 1616 402 Arnobii
1645 360 1772 401 ver-
1800 353 1856 414 Α
1879 344 1969 400 ιιι.
2004 362 2021 400 ι
2075 345 2198 404 Var.
2231 347 2352 406 lu'st.
2384 389 2400 414 ,
2436 347 2465 421 §
2493 349 2572 420 8).
2603 348 2712 409 Cur
2754 365 2885 424 ergo
2905 392 2922 420 ,
2975 353 3140 412 instat
3168 354 3443 412 Arnobius
3465 393 3482 423 ,

193 443 270 500 bis
297 442 509 506 utimur,
545 459 564 494 ι
593 439 898 510 quindecim
922 439 1223 499 cubitorum
1248 439 1439 496 Jovem
1462 456 1526 494 ex
1551 439 1777 496 delubro

195 550 398 592 aureum
428 534 706 592 sustulisse
725 575 740 600 ,
769 543 826 590 et
869 549 934 590 ex
961 550 1070 590 rere
1096 535 1383 590 bracteoiis
1435 533 1776 596 substituisse

193 629 410 686 fucatum
446 647 466 680 ι
500 627 746 698 (Arnob.,
774 628 864 684 lib.
889 645 977 700 vr,
1004 645 1120 702 pag.
1164 627 1318 702 205).
1370 628 1451 684 Ex
1498 627 1777 684 Clemente

193 734 356 778 autem
402 722 766 780 Alexandrino
796 723 928 778 illud
964 722 1317 794 proculdubio
1345 720 1638 776 delibatum
1670 732 1774 776 est.

191 814 349 879 Attdi,
385 831 588 892 quaeso,
631 830 806 886 gra-ca
837 815 955 886 ejus
1001 813 1163 870 verba
1190 855 1204 879 ,
1234 829 1299 868 ac
1327 812 1376 868 id
1426 812 1568 866 haud
1615 812 1779 869 dubie

189 909 424 966 fateberis
473 927 486 964 :
524 907 783 982 Ἀντίοχος
813 909 839 965 ὁ
878 911 1165 974 Κυζικηνὸς,
1196 907 1384 978 inquit,
1427 907 1778 986 ἀπορούμενος

189 1001 478 1079 χρημάτων,
507 1008 596 1057 τοῦ
637 1003 747 1062 Διὸς
787 1005 843 1057 τὸ
875 998 1084 1076 ἄγαλμα
1117 1002 1174 1055 τὸ
1217 1005 1482 1076 χρυσοῦν,
1508 1001 1776 1054 πεντεκαί-

188 1093 299 1148 δεκα
313 1096 526 1164 πηχέων
539 1095 597 1148 τὸ
616 1095 822 1170 μέγεθος
850 1089 923 1158 ὂν,
945 1093 1230 1169 προσέταξε
1253 1097 1542 1166 χωνεῦσαι,
1577 1095 1664 1144 καὶ
1685 1099 1778 1151 τῆς

189 1184 323 1246 ἄλλης
355 1195 448 1246 τῆς
489 1187 796 1264 ἀτιμοτέρας
825 1186 946 1246 ὕλης
972 1181 1180 1260 ἄγαλμα
1213 1186 1574 1262 παραπλήσιον
1605 1185 1778 1256 ἐκείνῳ

187 1279 405 1340 πετάλοις
473 1282 876 1358 κεχρυσωμένον
953 1280 1204 1334 ἀναθεῖναι
1275 1279 1442 1332 πάλιν.
1501 1273 1780 1348 (Clemens

187 1371 492 1440 Alexandr.,
534 1374 798 1429 Atlmom‘t.
828 1371 896 1427 ad
949 1383 1086 1446 gent.
1140 1391 1261 1446 pag.
1305 1369 1443 1444 54.)
1494 1371 1779 1425 Antiochus

189 1466 470 1538 Cyzicenus,
501 1484 618 1521 cum
643 1477 807 1540 egeret
835 1467 1080 1538 pecuniis,
1108 1466 1253 1520 lovis
1273 1483 1482 1519 auream
1531 1473 1776 1534 statuant,

186 1575 284 1630 qua:
307 1567 414 1613 erat
435 1560 808 1632 magnitudinis
828 1561 1114 1626 quindecim
1149 1557 1458 1624 cubitorum,
1483 1555 1632 1628 {undi
1653 1556 1778 1625 jus-

185 1653 260 1716 sit,
286 1660 329 1707 et
349 1668 412 1708 ea:
441 1653 549 1709 alia
575 1653 790 1711 materia
811 1663 1032 1708 statuant
1053 1651 1134 1714 illi
1159 1651 1377 1706 similem
1404 1651 1777 1706 lamin-isinau-

185 1754 333 1798 ratam
365 1761 576 1799 rursum
606 1739 805 1816 reponi.

247 1837 318 1894 Ex
357 1839 551 1894 eodem
604 1839 880 1910 Scriptore
926 1855 1104 1914 graeco
1151 1838 1424 1894 Arnobius
1466 1837 1520 1892 in
1567 1835 1762 1892 librum

185 1946 318 1988 suum
343 1930 458 1986 haec
486 1932 663 1990 adhuc
689 1933 996 1988 transtulit:
1029 1952 1048 1984 ι
1085 1932 1371 2006 Dionysius
1403 1931 1525 1998 ille,
1557 1931 1651 1987 sed
1677 1931 1763 2000 ju-

184 2024 303 2089 nior,
337 2039 456 2079 cum
497 2025 764 2080 velamine
808 2042 972 2081 aureo
1017 2026 1272 2096 spoliaret
1315 2023 1524 2089 Jovem,
1567 2033 1620 2078 et
1667 2039 1767 2096 pro

191 2115 268 2170 ilio
289 2117 510 2172 laneum
546 2119 820 2188 subderet,
847 2119 1174 2189 iocularibus
1221 2118 1381 2173 etiam
1435 2116 1646 2172 facetiis
1685 2118 1766 2171 lu-

187 2205 310 2275 dens,
349 2224 485 2264 cum-
511 2225 633 2266 esse
659 2211 790 2266 illud
817 2211 868 2266 in
897 2211 1164 2281 rigor-ibus
1191 2209 1448 2281 algidam,
1474 2209 1577 2264 hoc
1603 2224 1768 2279 vapo-

185 2315 298 2369 rum,
322 2317 623 2358 onerosum
656 2303 782 2358 illud
820 2305 871 2358 in
899 2305 1174 2360 :estatibus
1197 2303 1419 2370 diceret,
1455 2303 1556 2358 hoc
1577 2319 1767 2359 rursus

179 2394 261 2450 sub
303 2395 598 2450 ardoribus
644 2389 823 2454 ﬂabile
877 2417 895 2449 ›
931 2396 1173 2471 (Arnob.,
1205 2397 1304 2452 loc.
1348 2395 1485 2468 cit.).
1513 2395 1766 2450 Clemens

178 2487 296 2542 enim
326 2489 733 2546 Alexandrinus
770 2489 981 2546 dixerat
1010 2509 1022 2544 :
1053 2493 1314 2552 Διονύσιος
1368 2488 1393 2544 ὁ
1439 2491 1709 2562 τύραννος,
1739 2489 1764 2542 ὁ

176 2587 411 2664 νεώτερος,
432 2585 506 2640 τὸ
529 2585 724 2659 ἱμάτιον
767 2587 825 2642 τὸ
854 2587 1084 2668 χρύσεον
1115 2585 1461 2663 περιελόμενος
1511 2587 1603 2637 τοῦ
1657 2585 1766 2643 Διὸς

176 2678 216 2731 ἐν
252 2681 451 2756 Σικελίᾳ,
489 2681 804 2758 προσέταξεν
837 2683 974 2755 αὐτῷ
1001 2682 1170 2758 ἐρέουν
1197 2683 1524 2758 περιτιθέναι,
1553 2681 1766 2757 χαριέν-

171 2793 257 2832 τως
277 2777 457 2848 φήσας,
500 2779 653 2828 τοῦτο
679 2768 882 2848 ἄμεινον
913 2767 1038 2828 εἶναι
1062 2779 1152 2826 τοῦ
1182 2774 1412 2848 χρυσίου
1429 2814 1443 2834 ,
1476 2775 1566 2826 καὶ
1591 2772 1768 2852 θέρους

173 2863 444 2940 κουφότερον
477 2904 500 2930 ,
555 2867 645 2918 καὶ
709 2865 901 2941 κρύους
960 2863 1290 2940 ἀλεεινότερον
1357 2861 1590 2934 (Clcm.,
1663 2863 1762 2915 lac.

177 2955 287 3024 cit.).
335 2957 629 3026 Dionysius
656 2965 907 3027 tyrannus
946 2956 1120 3026 iunior
1165 2971 1280 3008 cum
1323 2971 1532 3008 auream
1579 2963 1766 3008 uestem

174 3045 271 3101 Ioui
287 3047 475 3104 abstuli
485 3058 584 3103 sset
611 3050 663 3102 in
687 3043 872 3104 Sicilia
893 3091 908 3116 ,
925 3050 1082 3119 jussit
1103 3065 1220 3102 eum
1243 3048 1392 3102 indui
1415 3047 1534 3101 lana
1556 3091 1570 3113 ,
1605 3052 1767 3118 facete

1885 447 2170 508 utrumque
2201 439 2442 514 Dionysii
2497 453 2604 498 tam
2635 443 2806 500 audax
2839 445 3066 513 facinus,
3123 445 3338 520 utrique
3379 448 3482 504 deo

1884 541 1992 586 tam
2036 531 2394 602 probrosum,
2430 534 2573 590 illico
2623 547 2816 592 neuter
2851 537 3178 594 vindicavit?
3217 538 3326 594 Cur
3371 548 3481 596 tam

1885 625 2107 694 patienti
2136 627 2320 682 animo
2345 627 2615 694 toleravit,
2654 640 2710 686 et
2747 631 2884 688 alter
2923 632 3141 702 quidem
3189 633 3480 694 deformari

1885 703 2098 774 vultum
2130 735 2306 787 suum,
2340 720 2478 774 alter
2521 733 2699 778 autem
2727 738 2826 778 suo
2855 733 3173 780 ornamento
3195 725 3329 780 adeo
3368 735 3483 782 tur~

1883 812 2024 880 piter
2059 811 2318 880 spoliari?
2348 812 2456 868 Cur
2480 813 2642 869 ambo
2686 815 2761 869 illi
2792 815 2867 870 dii
2907 817 3097 872 merita
3141 818 3349 874 ultione
3377 833 3482 877 non

1884 907 2327 972 demnstrarunt
2354 923 2414 964 se
2443 909 2494 964 in
2528 909 2830 966 simulacris
2856 911 2988 976 suis,
3018 912 3092 969 uti
3119 913 3348 984 gentiles
3368 911 3484 984 opi-

1883 1001 2152 1059 nabantur
2175 1043 2191 1069 ,
2225 1012 2523 1073 prmsentes
2559 1017 2702 1069 esse,
2758 1013 2918 1072 atque
2967 1004 3182 1060 illorum
3222 1005 3476 1062 custodes

1883 1109 1947 1148 ac
1969 1095 2320 1151 defensores?
2344 1094 2538 1150 Verum
2564 1096 2649 1160 hi,
2686 1114 2702 1146 ι
2741 1097 2810 1150 ita
2837 1097 3068 1153 ludibrio
3094 1099 3256 1154 habiti
3280 1108 3425 1166 sunt,
3457 1117 3477 1151 ι

1881 1187 2058 1256 inquit
2087 1190 2443 1263 Ambrosius,
2489 1201 2546 1243 ut
2587 1206 2762 1260 neque
2807 1189 3016 1259 Jupiter
3071 1203 3276 1248 vestem
3327 1209 3481 1250 suam

1847 1279 2178 1352 ‘defendere
2229 1281 2503 1350 potuerit,
2560 1297 2660 1338 nec
2707 1281 2930 1337 barbam
2963 1273 3337 1354 Escu’lapius,
3383 1301 3485 1341 nec

1883 1373 2082 1443 Apollo
2108 1374 2284 1430 adhuc
2315 1374 2616 1444 pubescere
2642 1375 2868 1444 eruperit
2889 1415 2905 1442 ,
2935 1391 3109 1445 neque
3140 1391 3329 1432 omnes
3353 1418 3366 1442 ,
3393 1378 3484 1448 qui

1885 1467 2139 1524 dicuntur
2161 1468 2235 1524 dii
2258 1469 2538 1524 retrahere
2566 1470 2838 1538 potuerint
2868 1479 3089 1540 patenas
3110 1511 3125 1534 ,
3158 1485 3292 1542 quas
3337 1480 3484 1527 teneo

1884 1562 2048 1628 baut,
2072 1579 2179 1620 non
2207 1573 2312 1618 tam
2348 1563 2472 1618 furti
2519 1574 2725 1620 reatum
2755 1564 3008 1620 timentes
3029 1606 3042 1628 ,
3076 1579 3234 1636 quam
3266 1579 3484 1622 sensum

1883 1673 1993 1716 non
2044 1658 2327 1715 habentes.
2348 1657 2480 1725 Quis
2509 1659 2668 1728 igitur
2698 1673 2794 1714 eos
2817 1659 2991 1726 colat,
3025 1657 3116 1729 qui
3156 1674 3256 1714 nec
3297 1658 3486 1716 delen-

1803 1750 1854 1814 B
1881 1751 2013 1808 dere
2038 1765 2128 1818 se,
2163 1753 2315 1822 quasi
2347 1751 2453 1817 dii,
2489 1765 2588 1808 nec
2626 1749 3000 1814 abscondere,
3045 1751 3196 1821 quasi
3232 1750 3484 1806 homines

1871 1845 2139 1914 possunt?
2170 1863 2189 1896 ι
2225 1843 2246 1914 (
2264 1845 2523 1908 Ambros.,
2547 1842 2638 1903 lib.
2663 1859 2699 1898 ιι
2722 1843 2785 1898 de
2829 1842 3108 1914 Virginib.,
3139 1859 3256 1913 cap.
3285 1842 3340 1912 5,
3370 1840 3399 1914 δ
3429 1843 3485 1909 7,

1870 1955 1996 2009 pag.
2023 1937 2176 2007 172.)

1941 2029 2126 2100 Neque
2155 2037 2239 2086 est
2264 2045 2393 2086 sane
2421 2029 2562 2101 quod
2590 2029 2836 2086 ethnicus
2863 2029 3048 2086 nescio
3073 2028 3193 2100 quis
3221 2044 3344 2085 cum
3371 2028 3486 2084 Va-

1871 2120 2007 2178 lerio
2030 2121 2263 2178 Maximo
2286 2121 2439 2176 nobis
2464 2121 2715 2191 obiiciat,
2743 2121 2953 2177 tametsi
2977 2121 3266 2192 Dionysius
3297 2120 3482 2176 debita

1872 2215 2136 2286 supplicia
2163 2229 2270 2272 non
2322 2215 2644 2280 exsolverit.
2676 2214 2830 2270 ilittm
2865 2225 3044 2270 tamen
3075 2213 3343 2270 dedecore
3385 2211 3485 2274 filii

1871 2321 2060 2378 prunas
2091 2316 2210 2378 post
2236 2317 2464 2362 mortem
2513 2305 2765 2372 dedisse,
2810 2321 2946 2377 quas
2997 2307 3150 2362 vivus
3197 2303 3482 2376 effugerat.

1871 2397 2008 2452 Nam
2041 2397 2132 2452 ille
2159 2397 2370 2451 debitas
2399 2413 2508 2451 non
2542 2407 2780 2466 paternae
2831 2398 2926 2452 sed
2973 2413 3084 2452 suae
3115 2397 3480 2464 crudelitaits,

1874 2491 1952 2544 uti
1983 2506 2046 2544 ex
2076 2489 2341 2546 Alitaeneo
2363 2531 2377 2554 ,
2407 2498 2462 2545 et
2501 2489 2715 2546 Justino
2744 2489 3161 2558 ltistorico,satis
3187 2490 3444 2560 probatur
3465 2539 3477 2555 ,

1871 2597 2064 2652 pmttas
2093 2584 2309 2654 pertulit
2335 2583 2588 2656 (ΑιΙιωιι...
2635 2583 2724 2638 lib.
2761 2598 2841 2638 χιι
2880 2581 3154 2654 Deipnos.,
3190 2599 3308 2654 pag.
3339 2580 3480 2646 5M;

1871 2674 2066 2730 Justiti.
2098 2717 2113 2742 ,
2143 2676 2282 2732 llist.
2317 2678 2404 2732 lib.
2432 2692 2544 2743 χιιι,
2577 2693 2694 2748 cap.
2727 2675 2763 2731 2
2789 2687 2836 2730 et
2859 2675 2952 2748 5);
2995 2675 3137 2731 unde
3157 2673 3379 2730 Ovidius
3413 2673 3482 2730 de

1873 2766 1972 2822 illo
1999 2770 2117 2824 hmc
2147 2769 2377 2826 canebat
2409 2787 2422 2821 :

1965 2879 2057 2931 Ille
2079 2879 2338 2944 Syracosia
2362 2881 2506 2939 modo
2528 2881 2813 2935 formidatus
2829 2884 2880 2934 in
2907 2883 3051 2944 urbe,

2089 2931 2186 2992 vix
2214 2931 2386 2994 ιιιιιιιίῐῖ
2405 2931 2586 2994 durant
2598 2931 2818 3008 reppulit
2830 2931 2947 2994 arte
2965 2931 3162 2995 fantem.

2029 3026 2216 3094 (0vid.,
2240 3028 2322 3080 lib.
2346 3045 2414 3092 tv,
2431 3028 2569 3094 epist.
2593 3043 2656 3082 ea:
2681 3032 2828 3081 Pout.
2853 3028 3015 3094 Epist.
3031 3031 3082 3091 3,
3108 3042 3221 3097 pag.
3247 3029 3384 3096 528.)

175 3140 322 3200 dicens
341 3185 356 3208 ,
383 3159 508 3197 eam
528 3159 636 3196 esse
664 3137 819 3196 aurea
842 3143 1121 3208 meliorem,
1153 3151 1206 3194 ut
1227 3157 1342 3210 quw
1365 3149 1492 3195 esset
1515 3151 1561 3194 et
1587 3147 1762 3195 testate
1791 3140 1836 3202 C
1942 3135 2078 3206 Quid
2101 3153 2234 3193 vero
2251 3179 2265 3205 ,
2297 3137 2439 3210 quod
2467 3137 2656 3194 Cicero
2683 3137 2798 3209 ipse
2817 3179 2832 3202 ,
2861 3137 2960 3194 etsi
2993 3137 3210 3210 gentilis
3233 3181 3246 3204 ,
3275 3136 3469 3194 eodem

177 3231 330 3300 leuior,
360 3244 406 3289 et
430 3235 622 3305 hyeme
641 3233 878 3288 calidior.
929 3233 1004 3288 De
1035 3245 1261 3304 utraque
1301 3233 1388 3287 illa
1421 3232 1569 3288 lovis
1591 3241 1766 3288 statua

174 3327 220 3380 in
235 3328 499 3398 superiori
523 3326 824 3399 Apparatus
846 3327 1012 3381 nostri
1040 3337 1185 3383 tonio
1206 3327 1560 3381 disseruimus
1585 3329 1768 3396 (tom.t

173 3419 424 3491 Apparat.,
450 3420 553 3476 lib.
577 3437 666 3486 ιιι,
695 3421 895 3474 dissert.
925 3437 978 3483 ι,
1008 3438 1121 3490 cap.
1153 3419 1217 3486 8,
1251 3430 1346 3474 art.
1376 3419 1412 3473 ‘2
1442 3430 1487 3474 et
1516 3421 1552 3475 ‘5
1589 3464 1604 3476 .
1641 3437 1762 3494 pag.

171 3501 265 3570 757
294 3527 336 3571 et
354 3518 510 3588 755).
539 3517 612 3571 At
638 3517 690 3571 in
721 3516 1024 3572 simulacris
1054 3517 1165 3570 suis
1187 3558 1201 3578 ,
1235 3514 1408 3586 arguit
1458 3516 1728 3570 Arnobius
1747 3558 1762 3580 ,

181 3609 218 3662 si
241 3608 307 3664 dii
351 3609 721 3678 habitassent,
772 3626 946 3682 neque
992 3609 1289 3665 Antiochus
1316 3618 1372 3664 et
1401 3610 1685 3681 Dionysius
1711 3609 1762 3676 id

181 3703 414 3762 iecissent
463 3709 719 3778 impune;
755 3723 932 3777 neque
953 3707 1158 3776 Jupiter
1187 3715 1294 3759 tam
1323 3705 1584 3776 patienter
1624 3703 1764 3759 ferre

181 3805 428 3870 potuisset
447 3803 587 3857 tales
620 3809 899 3872 tantasque
945 3797 1300 3854 contumelias
1327 3841 1340 3862 ,
1385 3798 1484 3852 sibi
1513 3798 1581 3852 ab
1609 3797 1762 3852 infirv

181 3895 270 3947 mis
293 3895 604 3951 hominibus
633 3909 740 3949 non
769 3895 888 3948 sine
931 3893 1179 3947 irrisione
1228 3892 1424 3946 illatas.
1470 3891 1590 3960 Ipse
1617 3890 1760 3945 enim

183 3984 287 4041 illas
312 4004 417 4043 non
454 3996 803 4058 exspectato,
839 3986 910 4040 ιιιί
942 3986 993 4038 in
1039 3984 1320 4054 superiore
1357 3985 1585 4038 articulo
1619 3983 1761 4037 dixi-

181 4091 300 4146 mus,
331 4081 492 4136 ullius
517 4079 739 4134 alterius
767 4077 988 4160 auxilio,
1021 4076 1200 4133 statim
1233 4076 1378 4160 ultus
1408 4075 1614 4130 fuisset.

241 4171 411 4248 Pergit
433 4184 628 4230 auctor
653 4183 836 4230 noster
861 4152 1022 4245 atque
1063 4152 1308 4227 eumdem
1345 4171 1655 4244 Dionysium
1685 4172 1758 4226 si-

181 4266 360 4322 militer
389 4269 569 4323 adhuc
590 4269 828 4340 jocatum
867 4283 987 4322 esse
1017 4275 1218 4331 narrat,
1242 4281 1361 4320 cum
1392 4265 1757 4334 Aisculapium

181 4358 489 4429 amplissima
516 4361 678 4416 barba
709 4375 868 4414 aurea
897 4361 1156 4436 spoliaret
1183 4377 1195 4412 :
1225 4377 1243 4408 ι
1281 4357 1508 4412 Facinus
1542 4377 1560 4408 ι
1590 4359 1762 4412 euim~

179 4462 327 4515 vero,
365 4470 385 4504 ι
421 4466 543 4506 esse
573 4451 786 4508 dicebat
809 4451 1116 4521 indignum,
1149 4463 1217 4504 ex
1244 4450 1490 4519 Apolline
1513 4464 1760 4518 procrea—

1873 3233 2030 3304 plaue
2062 3233 2222 3288 modo
2283 3249 2390 3304 quo
2433 3243 2620 3288 auctor
2652 3241 2876 3299 noster,
2924 3233 3120 3304 aliique
3169 3232 3478 3287 christiana:

1873 3326 2150 3396 religionis
2181 3324 2498 3380 defensores
2520 3365 2536 3391 ,
2571 3340 2636 3379 ex
2667 3325 2906 3397 Dionysii
2931 3326 3098 3396 patris
3126 3322 3267 3379 facto
3315 3340 3475 3395 argu-

1871 3426 2144 3472 mentatur
2181 3436 2194 3472 :
2235 3437 2252 3469 ι
2295 3417 2444 3472 liunc
2487 3417 2678 3488 igitur,
2718 3437 2736 3470 ι
2772 3417 2972 3486 inquit,
3011 3435 3030 3468 ι
3067 3432 3166 3472 nec
3196 3415 3476 3488 Olympius

1869 3512 2078 3584 Jupiter
2119 3512 2346 3570 fulmine
2397 3512 2684 3586 percussit,
2740 3527 2840 3566 nec
2888 3509 3230 3582 [Escuiapius
3276 3510 3474 3564 misero

1869 3608 2230 3677 diuturnoque
2271 3606 2464 3661 morbo
2494 3607 2918 3661 intabescentem
2949 3604 3258 3668 intcremit',
3311 3612 3474 3674 atque

1867 3701 1923 3756 in
1964 3716 2064 3756 suo
2093 3700 2290 3755 lectulo
2321 3707 2562 3754 mortuus
2583 3741 2596 3764 ,
2624 3699 2676 3752 in
2697 3696 3046 3770 Tympauidis
3077 3711 3266 3768 rogum
3291 3695 3471 3750 illatus

1867 3803 1953 3850 est
1969 3836 1984 3858 ,
2008 3808 2303 3864 eorumque
2325 3801 2643 3864 potestatem
2667 3833 2682 3859 ,
2710 3808 2870 3866 quam
2897 3791 3012 3862 ipse
3034 3807 3130 3863 per
3159 3791 3336 3848 scelus
3356 3801 3472 3846 erat

1868 3895 2090 3953 nactus,
2120 3887 2272 3956 quasi
2298 3885 2499 3956 justam
2531 3893 2585 3938 et
2634 3884 2928 3954 legitimam
2973 3882 3305 3940 ha-reditatis
3350 3884 3470 3938 loco

1867 3979 1980 4037 [ilio
2013 3977 2231 4032 tradidit
2265 3997 2284 4030 ι
2319 3975 2536 4049 (Cicer.,
2565 3977 2665 4030 loc.
2693 3977 2828 4044 cit.).

1937 4069 2048 4125 Nec
2073 4068 2344 4122 ethnicum
2381 4067 2709 4138 respondere
2725 4068 2876 4140 juvat
2902 4067 3052 4138 illas,
3086 4084 3206 4142 quae
3234 4083 3466 4124 uomtnt-

1865 4161 1966 4216 bus
1986 4160 2267 4224 videntur,
2296 4159 2655 4215 contumelias
2679 4201 2695 4229 ,
2743 4175 2914 4232 eaque
2943 4159 3265 4231 approbria,
3295 4174 3323 4212 a
3367 4157 3468 4212 diis

1864 4257 1939 4312 ita
1970 4256 2130 4326 plane
2171 4254 2392 4326 negligi,
2423 4263 2477 4308 et
2499 4253 2683 4310 haberi
2710 4269 2810 4328 pro
2837 4253 3030 4323 nihilo,
3061 4265 3116 4308 ut
3145 4238 3465 4326 supplicium

1864 4347 1935 4404 de
1979 4348 2086 4403 illis
2135 4363 2350 4402 sumere
2395 4362 2502 4401 non
2557 4348 2887 4403 curaverint.
2917 4345 3032 4415 Qua
3062 4347 3207 4402 enim
3254 4345 3467 4408 fronte.

1865 4451 2018 4514 urget
2047 4439 2318 4495 Arnobius
2342 4481 2357 4508 ,
2391 4455 2564 4512 quave
2589 4439 2753 4494 animi
2782 4439 3200 4510 tranquillitate,
3245 4454 3342 4494 seu
3377 4456 3469 4511 po-

182 4546 278 4592 tum
303 4541 403 4596 levi
424 4543 634 4614 giabro,
659 4544 1042 4613 simillimoquc
1065 4540 1351 4610 impuberi,
1385 4541 1454 4594 ita
1477 4539 1757 4596 barbatum
1785 4530 1842 4592 Β
1870 4535 1975 4591 tius
1996 4533 2307 4604 stnpiditate
2337 4531 2409 4587 dii
2442 4533 2674 4588 tolerare
2701 4541 2992 4604 potuerunt
3022 4549 3129 4590 non
3159 4535 3332 4590 solum
3375 4535 3466 4592 illa

181 4630 335 4689 ﬁlium
384 4634 545 4707 fingi;
578 4637 706 4690 utin
734 4637 953 4706 ancipiti
999 4635 1356 4703 relinquatur,
1407 4645 1529 4688 uter
1573 4650 1759 4690 eorum

181 4734 318 4792 pater
342 4727 431 4792 sit,
465 4738 587 4782 nter
633 4729 796 4794 illius,
827 4730 992 4782 immo
1017 4743 1084 4782 an
1109 4729 1215 4782 sint
1245 4728 1458 4800 generis
1486 4735 1540 4781 et
1567 4741 1763 4796 cogna-

181 4818 328 4874 tionis
355 4823 514 4876 unius
546 4839 565 4872 ι
605 4821 844 4894 (Arnob.,
885 4821 972 4874 lib.
1001 4836 1075 4884 vr,
1129 4838 1248 4892 pag.
1296 4817 1448 4889 206).
1493 4819 1762 4890 Numquid

184 4923 208 4960 τι
234 4925 352 4966 vero
390 4915 436 4968 is
467 4914 691 4968 multum
717 4913 1070 4979 abcrraverit,
1103 4915 1195 4982 qui
1222 4913 1361 4968 istud
1387 4929 1452 4968 ex
1484 4915 1566 4968 his
1610 4913 1762 4968 Cice-

181 5003 314 5056 ronis
339 5005 520 5060 verbis
539 5006 852 5078 decerptum
898 5021 1019 5062 esse
1067 5005 1374 5076 opinabitur
1403 5025 1417 5058 :
1451 5025 1469 5057 ι
1506 5005 1760 5076 idemque

185 5091 452 5168 Dionysius
475 5143 490 5166 ,
527 5119 546 5151 ι
584 5101 859 5170 inquiebat
900 5100 1122 5154 Latinus
1163 5095 1375 5164 Orator,
1409 5117 1427 5150 ι
1466 5097 1757 5170 Ᾰζεοιιιξψὶἰ

183 5188 441 5258 Epidaurii
471 5196 689 5251 barbam
737 5211 954 5252 auream
985 5195 1128 5251 demi
1178 5191 1355 5267 jussit.
1383 5193 1568 5266 Neque
1612 5197 1755 5252 enim

187 5289 470 5344 convenire
499 5289 778 5344 barbatum
824 5304 944 5344 esse
996 5289 1196 5357 filium,
1229 5306 1350 5343 cum
1402 5289 1454 5344 in
1509 5289 1759 5344 omnibus

188 5374 312 5431 fanis
335 5389 490 5449 pater
513 5381 772 5436 imberbis
797 5392 939 5437 esset
978 5400 996 5433 ι
1027 5381 1236 5456 (Cicer.,
1267 5381 1355 5436 lib.
1387 5397 1440 5436 ιιι
1470 5383 1532 5436 de
1564 5381 1756 5436 Natur.

189 5466 342 5535 deor.,
368 5487 484 5542 pag.
513 5470 666 5549 252).
702 5471 900 5528 Eadem
929 5473 995 5528 de
1033 5484 1260 5544 utroque
1313 5472 1549 5546 Dionysii
1595 5475 1760 5542 impio

191 5557 411 5620 facinore
451 5565 697 5623 Valerius
754 5567 1048 5634 Maximus,
1096 5568 1434 5634 Lactantius,
1483 5567 1762 5634 lElianus,

193 5662 340 5724 atque
360 5657 785 5714 aiiiiretuieruut
817 5657 964 5734 (Val.
994 5659 1172 5726 Mam,
1205 5660 1292 5714 lib.
1327 5673 1380 5724 ι,
1425 5675 1544 5732 cap.
1567 5659 1672 5733 ‘2,§
1707 5660 1788 5727 '5,‘

195 5760 302 5815 ρας.
332 5747 434 5819 20;
460 5747 714 5820 Lactant.,
749 5753 836 5809 lib.
871 5770 938 5820 ιι,
965 5771 1082 5825 cap,
1109 5753 1164 5822 4,
1190 5769 1310 5828 pag.
1345 5751 1482 5821 l57;
1533 5751 1764 5821 Alliam,

1872 4627 2034 4696 impia
2063 4626 2464 4697 Dionysiorum,
2495 4625 2830 4684 et'Antiochi
2858 4626 3030 4694 facta;
3063 4627 3157 4704 sed
3180 4629 3279 4684 alia
3303 4630 3466 4686 etiam

1869 4719 2172 4774 execranda
2195 4761 2208 4785 ,
2245 4735 2345 4776 nec
2368 4721 2484 4778 sine
2501 4718 2728 4776 horrore
2749 4719 3077 4778 nominanda
3103 4721 3323 4794 ﬂagitia,
3349 4740 3468 4799 qua;

1871 4811 2385 4886 aPhilostephano,
2440 4825 2495 4870 et
2547 4815 2838 4888 Posidippo
2891 4819 3166 4873 memoria:
3213 4819 3468 4876 mandata

1870 4909 2032 4963 sunt?
2064 4907 2276 4965 Primus
2297 4909 2474 4975 enim,
2509 4929 2528 4962 ι
2560 4909 2611 4964 in
2643 4907 2950 4982 Cypriacis,
2984 4931 3003 4963 ι
3032 4914 3107 4966 ait
3133 4923 3320 4968 auctor
3344 4928 3468 4968 nos-

1869 5011 1952 5058 ter
1970 5044 1984 5070 ,
2021 5021 2039 5054 ι
2080 5014 2268 5058 auctor
2293 5010 2376 5058 est
2397 5002 2818 5075 Pygmalionem,
2844 5021 3022 5078 regem
3036 5005 3218 5080 Cypri,
3248 5008 3468 5062 simula-

1865 5113 2020 5154 crum
2047 5097 2292 5163 V'encris,
2325 5097 2469 5167 quod
2502 5100 2800 5156 sanctitatis
2831 5101 2972 5172 apud
3004 5101 3252 5174 Cyprios,
3295 5111 3351 5156 et
3375 5118 3463 5158 re-

1865 5190 2077 5262 ligionis
2096 5191 2657 5266 habebaturantiquae,
2675 5193 2957 5249 adamasse
2973 5193 3366 5250 utfcminam...
3385 5209 3467 5252 so-

1865 5281 2018 5336 litum
2038 5282 2318 5338 sublevalo
2339 5283 2391 5340 in
2417 5283 2676 5342 lectulum
2695 5285 2914 5340 numine
2937 5286 3240 5356 copularier
3255 5287 3462 5358 ample-

1868 5375 2136 5432 xihus.....
2169 5377 2446 5433 Consimili
2475 5379 2688 5434 ratione
2721 5378 3047 5456 Posidippus
3095 5379 3148 5433 in
3197 5393 3264 5436 eo
3285 5380 3460 5450 libro,

1865 5487 2024 5543 quem
2057 5473 2312 5543 scriptum
2340 5488 2504 5542 super
2527 5471 2700 5527 Cuido
2729 5471 2930 5526 indicat
2949 5515 2964 5540 ,
2998 5487 3269 5546 superque
3299 5475 3464 5531 rebus

1866 5565 2016 5635 ejus,
2065 5563 2460 5620 adolescentem
2497 5565 2638 5620 haud
2685 5566 2972 5636 ignobilem
3019 5577 3316 5637 memorat;
3369 5571 3463 5627 sed

1867 5659 2185 5714 vocabulum
2207 5658 2324 5728 ejus
2351 5658 2625 5725 obscurat,
2659 5666 2966 5728 correptum
2993 5661 3267 5718 amoribus
3290 5661 3464 5719 Vene-

1871 5753 1946 5808 ris
1967 5793 1984 5819 ,
2027 5760 2248 5822 propter
2275 5765 2434 5822 quam
2475 5747 2676 5806 Cnidus
2699 5750 2754 5806 in
2785 5751 3004 5810 nomine
3035 5763 3120 5810 est
3139 5795 3154 5821 ,
3179 5756 3466 5813 amatorias
